  <div class='ocr_page' id='page_1' title='image "/cluster/home/n/w/nwhite01/storage/ocr_20150623/132/hvd.32044054759931/194.png"; bbox 0 0 3980 6182; ppageno 0'>
   <div class='ocr_carea' id='block_1_1' title="bbox 157 124 2733 204">
    <p class='ocr_par' dir='ltr' id='par_1_1' title="bbox 157 124 2733 204">
     <span class='ocr_line' id='line_1_1' title="bbox 157 124 2733 204; baseline -0.001 -15"><span class='ocrx_word' id='word_1_1' title='bbox 157 194 168 200; x_wconf 54' lang='grc'><strong><em>,</em></strong></span> <span class='ocrx_word' id='word_1_2' title='bbox 219 138 310 190; x_wconf 84' lang='grc'><strong>377</strong></span> <span class='ocrx_word' id='word_1_3' title='bbox 919 191 922 194; x_wconf 93' lang='lat'><strong><em>_</em></strong></span> <span class='ocrx_word' id='word_1_4' title='bbox 1109 130 1198 184; x_wconf 86' lang='lat' dir='ltr'><strong>DE</strong></span> <span class='ocrx_word' id='word_1_5' title='bbox 1237 129 1520 204; x_wconf 67' lang='lat' dir='ltr'><strong>ECCLES.</strong></span> <span class='ocrx_word' id='word_1_6' title='bbox 1551 127 1842 196; x_wconf 80' lang='lat' dir='ltr'><strong>DlSClPL.</strong></span> <span class='ocrx_word' id='word_1_7' title='bbox 1873 124 2051 180; x_wconf 85' lang='lat' dir='ltr'><strong>LIBRI</strong></span> <span class='ocrx_word' id='word_1_8' title='bbox 2078 125 2242 182; x_wconf 91' lang='lat' dir='ltr'><strong>DUO.</strong></span> <span class='ocrx_word' id='word_1_9' title='bbox 2277 159 2345 167; x_wconf 95' lang='lat'>—</span> <span class='ocrx_word' id='word_1_10' title='bbox 2365 131 2658 186; x_wconf 80' lang='lat' dir='ltr'><strong>APPEND.</strong></span> <span class='ocrx_word' id='word_1_11' title='bbox 2694 134 2733 186; x_wconf 92' lang='lat' dir='ltr'><strong>l.</strong></span> 
     </span>
    </p>
   </div>
   <div class='ocr_carea' id='block_1_2' title="bbox 3519 141 3624 194">
    <p class='ocr_par' dir='ltr' id='par_1_2' title="bbox 3519 141 3624 194">
     <span class='ocr_line' id='line_1_2' title="bbox 3519 141 3624 194; baseline 0 0"><span class='ocrx_word' id='word_1_12' title='bbox 3519 141 3624 194; x_wconf 75' lang='grc'><strong>478</strong></span> 
     </span>
    </p>
   </div>
   <div class='ocr_carea' id='block_1_3' title="bbox 159 225 3624 330">
    <p class='ocr_par' dir='ltr' id='par_1_3' title="bbox 159 225 3624 330">
     <span class='ocr_line' id='line_1_3' title="bbox 159 225 3624 330; baseline 0.001 -20"><span class='ocrx_word' id='word_1_13' title='bbox 159 225 162 230; x_wconf 23' lang='grc' dir='ltr'><strong>Ι</strong></span> <span class='ocrx_word' id='word_1_14' title='bbox 218 253 347 329; x_wconf 89' lang='lat' dir='ltr'><strong>pria</strong></span> <span class='ocrx_word' id='word_1_15' title='bbox 370 251 694 312; x_wconf 76' lang='lat' dir='ltr'><strong>voluntatis</strong></span> <span class='ocrx_word' id='word_1_16' title='bbox 725 251 1038 309; x_wconf 77' lang='lat' dir='ltr'><strong>arbitrium</strong></span> <span class='ocrx_word' id='word_1_17' title='bbox 1071 251 1360 320; x_wconf 81' lang='lat' dir='ltr'><strong>habeant,</strong></span> <span class='ocrx_word' id='word_1_18' title='bbox 1392 251 1499 309; x_wconf 90' lang='lat' dir='ltr'><strong>ubi</strong></span> <span class='ocrx_word' id='word_1_19' title='bbox 1530 267 1596 307; x_wconf 87' lang='lat' dir='ltr'><strong>se</strong></span> <span class='ocrx_word' id='word_1_20' title='bbox 1625 249 1865 307; x_wconf 90' lang='lat' dir='ltr'><strong>clerica-</strong></span> <span class='ocrx_word' id='word_1_21' title='bbox 1897 252 1943 303; x_wconf 79' lang='grc' dir='ltr'><strong>Α</strong></span> <span class='ocrx_word' id='word_1_22' title='bbox 1974 263 2094 302; x_wconf 80' lang='lat' dir='ltr'><strong>xxx</strong></span> <span class='ocrx_word' id='word_1_23' title='bbox 2125 264 2339 323; x_wconf 89' lang='lat' dir='ltr'><strong>annos,</strong></span> <span class='ocrx_word' id='word_1_24' title='bbox 2367 250 2428 308; x_wconf 88' lang='lat' dir='ltr'>id</span> <span class='ocrx_word' id='word_1_25' title='bbox 2453 257 2558 320; x_wconf 89' lang='lat' dir='ltr'><strong>est,</strong></span> <span class='ocrx_word' id='word_1_26' title='bbox 2591 253 2672 310; x_wconf 89' lang='lat' dir='ltr'><strong>ad</strong></span> <span class='ocrx_word' id='word_1_27' title='bbox 2700 252 2810 309; x_wconf 91' lang='lat' dir='ltr'><strong>viri</strong></span> <span class='ocrx_word' id='word_1_28' title='bbox 2839 252 3082 326; x_wconf 82' lang='lat' dir='ltr'><strong>perfecti</strong></span> <span class='ocrx_word' id='word_1_29' title='bbox 3138 258 3374 312; x_wconf 83' lang='lat' dir='ltr'><strong>atatem</strong></span> <span class='ocrx_word' id='word_1_30' title='bbox 3421 275 3624 330; x_wconf 90' lang='lat' dir='ltr'><strong>perve-</strong></span> 
     </span>
    </p>
   </div>
   <div class='ocr_carea' id='block_1_4' title="bbox 218 336 3620 415">
    <p class='ocr_par' dir='ltr' id='par_1_4' title="bbox 218 336 3620 415">
     <span class='ocr_line' id='line_1_4' title="bbox 218 336 3620 415; baseline 0.001 -15"><span class='ocrx_word' id='word_1_31' title='bbox 218 348 301 400; x_wconf 90' lang='lat' dir='ltr'><strong>tus</strong></span> <span class='ocrx_word' id='word_1_32' title='bbox 328 339 524 397; x_wconf 70' lang='lat' dir='ltr'><strong>omcio</strong></span> <span class='ocrx_word' id='word_1_33' title='bbox 552 341 886 414; x_wconf 88' lang='lat' dir='ltr'><strong>mancipari</strong></span> <span class='ocrx_word' id='word_1_34' title='bbox 933 341 1237 412; x_wconf 79' lang='lat' dir='ltr'><strong>elegerint.</strong></span> <span class='ocrx_word' id='word_1_35' title='bbox 1293 344 1367 397; x_wconf 86' lang='lat' dir='ltr'><strong>At</strong></span> <span class='ocrx_word' id='word_1_36' title='bbox 1423 341 1526 397; x_wconf 89' lang='lat' dir='ltr'><strong>ubi</strong></span> <span class='ocrx_word' id='word_1_37' title='bbox 1581 343 1863 396; x_wconf 90' lang='lat' dir='ltr'><strong>octavum</strong></span> <span class='ocrx_word' id='word_1_38' title='bbox 1973 336 2330 404; x_wconf 85' lang='lat' dir='ltr'><strong>niat,nnllus</strong></span> <span class='ocrx_word' id='word_1_39' title='bbox 2352 341 2951 414; x_wconf 79' lang='lat' dir='ltr'><strong>metropolitanorum</strong></span> <span class='ocrx_word' id='word_1_40' title='bbox 2971 341 3620 415; x_wconf 81' lang='lat' dir='ltr'><strong>ordinareprasumat;</strong></span> 
     </span>
    </p>
   </div>
   <div class='ocr_carea' id='block_1_5' title="bbox 220 430 1861 505">
    <p class='ocr_par' dir='ltr' id='par_1_5' title="bbox 220 430 1861 505">
     <span class='ocr_line' id='line_1_5' title="bbox 220 430 1861 505; baseline -0.003 -17"><span class='ocrx_word' id='word_1_41' title='bbox 220 430 504 504; x_wconf 89' lang='lat' dir='ltr'><strong>decimum</strong></span> <span class='ocrx_word' id='word_1_42' title='bbox 530 431 721 486; x_wconf 88' lang='lat' dir='ltr'><strong>atatis</strong></span> <span class='ocrx_word' id='word_1_43' title='bbox 748 447 872 487; x_wconf 86' lang='lat' dir='ltr'><strong>sua</strong></span> <span class='ocrx_word' id='word_1_44' title='bbox 894 447 1125 488; x_wconf 90' lang='lat' dir='ltr'><strong>annum</strong></span> <span class='ocrx_word' id='word_1_45' title='bbox 1158 430 1607 505; x_wconf 89' lang='lat' dir='ltr'><strong>compleverint,</strong></span> <span class='ocrx_word' id='word_1_46' title='bbox 1655 443 1861 486; x_wconf 90' lang='lat' dir='ltr'><strong>coram</strong></span> 
     </span>
    </p>
   </div>
   <div class='ocr_carea' id='block_1_6' title="bbox 219 518 1860 594">
    <p class='ocr_par' dir='ltr' id='par_1_6' title="bbox 219 518 1860 594">
     <span class='ocr_line' id='line_1_6' title="bbox 219 518 1860 594; baseline -0.005 -14"><span class='ocrx_word' id='word_1_47' title='bbox 219 521 378 580; x_wconf 86' lang='lat' dir='ltr'><strong>totius</strong></span> <span class='ocrx_word' id='word_1_48' title='bbox 402 518 542 576; x_wconf 90' lang='lat' dir='ltr'><strong>cleri</strong></span> <span class='ocrx_word' id='word_1_49' title='bbox 592 519 912 594; x_wconf 87' lang='lat' dir='ltr'><strong>plebisque</strong></span> <span class='ocrx_word' id='word_1_50' title='bbox 969 526 1301 594; x_wconf 89' lang='lat' dir='ltr'><strong>conspectu</strong></span> <span class='ocrx_word' id='word_1_51' title='bbox 1322 521 1602 576; x_wconf 78' lang='lat' dir='ltr'><strong>voluntas</strong></span> <span class='ocrx_word' id='word_1_52' title='bbox 1651 533 1860 576; x_wconf 91' lang='lat' dir='ltr'><strong>eorum</strong></span> 
     </span>
    </p>
   </div>
   <div class='ocr_carea' id='block_1_7' title="bbox 219 608 1856 682">
    <p class='ocr_par' dir='ltr' id='par_1_7' title="bbox 219 608 1856 682">
     <span class='ocr_line' id='line_1_7' title="bbox 219 608 1856 682; baseline -0.001 -16"><span class='ocrx_word' id='word_1_53' title='bbox 219 611 282 666; x_wconf 89' lang='lat' dir='ltr'><strong>de</strong></span> <span class='ocrx_word' id='word_1_54' title='bbox 309 608 640 681; x_wconf 87' lang='lat' dir='ltr'><strong>expetendo</strong></span> <span class='ocrx_word' id='word_1_55' title='bbox 672 609 955 680; x_wconf 86' lang='lat' dir='ltr'><strong>conjugio</strong></span> <span class='ocrx_word' id='word_1_56' title='bbox 980 609 1058 665; x_wconf 90' lang='lat' dir='ltr'><strong>ab</strong></span> <span class='ocrx_word' id='word_1_57' title='bbox 1098 610 1384 682; x_wconf 91' lang='lat' dir='ltr'><strong>episcopo</strong></span> <span class='ocrx_word' id='word_1_58' title='bbox 1436 612 1856 682; x_wconf 90' lang='lat' dir='ltr'><strong>perscrutetur.</strong></span> 
     </span>
    </p>
   </div>
   <div class='ocr_carea' id='block_1_8' title="bbox 219 697 1859 771">
    <p class='ocr_par' dir='ltr' id='par_1_8' title="bbox 219 697 1859 771">
     <span class='ocr_line' id='line_1_8' title="bbox 219 697 1859 771; baseline -0.003 -13"><span class='ocrx_word' id='word_1_59' title='bbox 219 698 429 768; x_wconf 82' lang='lat' dir='ltr'><strong>Quibus</strong></span> <span class='ocrx_word' id='word_1_60' title='bbox 459 698 510 755; x_wconf 92' lang='lat' dir='ltr'><strong>si</strong></span> <span class='ocrx_word' id='word_1_61' title='bbox 539 701 734 768; x_wconf 89' lang='lat' dir='ltr'><strong>gratia</strong></span> <span class='ocrx_word' id='word_1_62' title='bbox 753 699 1040 756; x_wconf 84' lang='lat' dir='ltr'><strong>castitatis</strong></span> <span class='ocrx_word' id='word_1_63' title='bbox 1082 702 1198 754; x_wconf 92' lang='lat' dir='ltr'><strong>Deo</strong></span> <span class='ocrx_word' id='word_1_64' title='bbox 1235 698 1563 771; x_wconf 89' lang='lat' dir='ltr'><strong>inspirante</strong></span> <span class='ocrx_word' id='word_1_65' title='bbox 1616 697 1859 771; x_wconf 90' lang='lat' dir='ltr'><strong>placue-</strong></span> 
     </span>
    </p>
   </div>
   <div class='ocr_carea' id='block_1_9' title="bbox 216 787 1862 861">
    <p class='ocr_par' dir='ltr' id='par_1_9' title="bbox 216 787 1862 861">
     <span class='ocr_line' id='line_1_9' title="bbox 216 787 1862 861; baseline -0.001 -16"><span class='ocrx_word' id='word_1_66' title='bbox 216 789 296 858; x_wconf 88' lang='lat' dir='ltr'><strong>rit,</strong></span> <span class='ocrx_word' id='word_1_67' title='bbox 323 791 380 845; x_wconf 91' lang='lat' dir='ltr'><strong>et</strong></span> <span class='ocrx_word' id='word_1_68' title='bbox 405 787 843 861; x_wconf 89' lang='lat' dir='ltr'><strong>professionem</strong></span> <span class='ocrx_word' id='word_1_69' title='bbox 874 788 1241 845; x_wconf 86' lang='lat' dir='ltr'><strong>castimonia</strong></span> <span class='ocrx_word' id='word_1_70' title='bbox 1273 804 1395 843; x_wconf 86' lang='lat' dir='ltr'><strong>sua</strong></span> <span class='ocrx_word' id='word_1_71' title='bbox 1441 787 1672 861; x_wconf 87' lang='lat' dir='ltr'><strong>absque</strong></span> <span class='ocrx_word' id='word_1_72' title='bbox 1723 803 1862 843; x_wconf 89' lang='lat' dir='ltr'><strong>con-</strong></span> 
     </span>
    </p>
   </div>
   <div class='ocr_carea' id='block_1_10' title="bbox 210 875 1855 950">
    <p class='ocr_par' dir='ltr' id='par_1_10' title="bbox 210 875 1855 950">
     <span class='ocr_line' id='line_1_10' title="bbox 210 875 1855 950; baseline 0 -18"><span class='ocrx_word' id='word_1_73' title='bbox 210 875 385 950; x_wconf 87' lang='lat' dir='ltr'><strong>jugali</strong></span> <span class='ocrx_word' id='word_1_74' title='bbox 434 877 783 934; x_wconf 88' lang='lat' dir='ltr'><strong>necessitate</strong></span> <span class='ocrx_word' id='word_1_75' title='bbox 847 877 1280 950; x_wconf 89' lang='lat' dir='ltr'><strong>spoponderint</strong></span> <span class='ocrx_word' id='word_1_76' title='bbox 1346 880 1706 948; x_wconf 77' lang='lat' dir='ltr'><strong>servaturos,</strong></span> <span class='ocrx_word' id='word_1_77' title='bbox 1774 877 1855 945; x_wconf 87' lang='lat' dir='ltr'><strong>hi,</strong></span> 
     </span>
    </p>
   </div>
   <div class='ocr_carea' id='block_1_11' title="bbox 214 955 1858 1039">
    <p class='ocr_par' dir='ltr' id='par_1_11' title="bbox 214 955 1858 1039">
     <span class='ocr_line' id='line_1_11' title="bbox 214 955 1858 1039; baseline -0.002 -15"><span class='ocrx_word' id='word_1_78' title='bbox 214 973 489 1039; x_wconf 84' lang='lat' dir='ltr'><strong>tanquam</strong></span> <span class='ocrx_word' id='word_1_79' title='bbox 534 955 892 1039; x_wconf 86' lang='lat' dir='ltr'><strong>appetitorcs</strong></span> <span class='ocrx_word' id='word_1_80' title='bbox 941 964 1289 1022; x_wconf 88' lang='lat' dir='ltr'><strong>arctissima</strong></span> <span class='ocrx_word' id='word_1_81' title='bbox 1337 965 1492 1036; x_wconf 83' lang='lat' dir='ltr'><strong>vita,</strong></span> <span class='ocrx_word' id='word_1_82' title='bbox 1554 964 1858 1022; x_wconf 89' lang='lat' dir='ltr'><strong>levissimo</strong></span> 
     </span>
    </p>
   </div>
   <div class='ocr_carea' id='block_1_12' title="bbox 215 1053 1860 1131">
    <p class='ocr_par' dir='ltr' id='par_1_12' title="bbox 215 1053 1860 1131">
     <span class='ocr_line' id='line_1_12' title="bbox 215 1053 1860 1131; baseline 0 -20"><span class='ocrx_word' id='word_1_83' title='bbox 215 1054 433 1112; x_wconf 90' lang='lat' dir='ltr'><strong>Domini</strong></span> <span class='ocrx_word' id='word_1_84' title='bbox 459 1055 610 1126; x_wconf 86' lang='lat' dir='ltr'><strong>jugo</strong></span> <span class='ocrx_word' id='word_1_85' title='bbox 637 1054 1010 1122; x_wconf 85' lang='lat' dir='ltr'><strong>subdantur;</strong></span> <span class='ocrx_word' id='word_1_86' title='bbox 1066 1071 1137 1111; x_wconf 88' lang='lat' dir='ltr'><strong>ac</strong></span> <span class='ocrx_word' id='word_1_87' title='bbox 1163 1055 1431 1131; x_wconf 75' lang='lat' dir='ltr'><strong>primum</strong></span> <span class='ocrx_word' id='word_1_88' title='bbox 1462 1053 1860 1111; x_wconf 86' lang='lat' dir='ltr'><strong>subdiacona-</strong></span> 
     </span>
    </p>
   </div>
   <div class='ocr_carea' id='block_1_13' title="bbox 162 1143 1858 1217">
    <p class='ocr_par' dir='ltr' id='par_1_13' title="bbox 162 1143 1858 1217">
     <span class='ocr_line' id='line_1_13' title="bbox 162 1143 1858 1217; baseline -0.001 -16"><span class='ocrx_word' id='word_1_89' title='bbox 162 1214 164 1216; x_wconf 95' lang='lat'><em>_</em></span> <span class='ocrx_word' id='word_1_90' title='bbox 210 1151 295 1201; x_wconf 91' lang='lat' dir='ltr'><strong>tus</strong></span> <span class='ocrx_word' id='word_1_91' title='bbox 313 1143 711 1200; x_wconf 86' lang='lat' dir='ltr'><strong>ministerium</strong></span> <span class='ocrx_word' id='word_1_92' title='bbox 743 1144 1029 1212; x_wconf 89' lang='lat' dir='ltr'><strong>habeant,</strong></span> <span class='ocrx_word' id='word_1_93' title='bbox 1058 1143 1226 1217; x_wconf 88' lang='lat' dir='ltr'><strong>quod</strong></span> <span class='ocrx_word' id='word_1_94' title='bbox 1255 1160 1292 1201; x_wconf 89' lang='lat' dir='ltr'><strong>a</strong></span> <span class='ocrx_word' id='word_1_95' title='bbox 1335 1143 1691 1217; x_wconf 88' lang='lat' dir='ltr'><strong>probatione</strong></span> <span class='ocrx_word' id='word_1_96' title='bbox 1719 1159 1858 1216; x_wconf 87' lang='lat' dir='ltr'><strong>pro-</strong></span> 
     </span>
    </p>
   </div>
   <div class='ocr_carea' id='block_1_14' title="bbox 213 1231 1860 1304">
    <p class='ocr_par' dir='ltr' id='par_1_14' title="bbox 213 1231 1860 1304">
     <span class='ocr_line' id='line_1_14' title="bbox 213 1231 1860 1304; baseline -0.001 -16"><span class='ocrx_word' id='word_1_97' title='bbox 213 1231 477 1288; x_wconf 79' lang='lat' dir='ltr'><strong>fessionis</strong></span> <span class='ocrx_word' id='word_1_98' title='bbox 511 1247 636 1287; x_wconf 88' lang='lat' dir='ltr'><strong>sua</strong></span> <span class='ocrx_word' id='word_1_99' title='bbox 662 1248 698 1288; x_wconf 92' lang='lat' dir='ltr'><strong>a</strong></span> <span class='ocrx_word' id='word_1_100' title='bbox 735 1231 1023 1288; x_wconf 90' lang='lat' dir='ltr'><strong>vicesimo</strong></span> <span class='ocrx_word' id='word_1_101' title='bbox 1077 1247 1238 1288; x_wconf 91' lang='lat' dir='ltr'><strong>anno</strong></span> <span class='ocrx_word' id='word_1_102' title='bbox 1289 1231 1634 1304; x_wconf 89' lang='lat' dir='ltr'><strong>suscipiant.</strong></span> <span class='ocrx_word' id='word_1_103' title='bbox 1688 1231 1860 1297; x_wconf 88' lang='lat' dir='ltr'><strong>Quod</strong></span> 
     </span>
    </p>
   </div>
   <div class='ocr_carea' id='block_1_15' title="bbox 173 1319 1861 1393">
    <p class='ocr_par' dir='ltr' id='par_1_15' title="bbox 173 1319 1861 1393">
     <span class='ocr_line' id='line_1_15' title="bbox 173 1319 1861 1393; baseline -0.001 -17"><span class='ocrx_word' id='word_1_104' title='bbox 173 1380 184 1390; x_wconf 60' lang='grc'><em>,</em></span> <span class='ocrx_word' id='word_1_105' title='bbox 210 1321 253 1376; x_wconf 89' lang='lat' dir='ltr'><strong>si</strong></span> <span class='ocrx_word' id='word_1_106' title='bbox 279 1319 715 1393; x_wconf 89' lang='lat' dir='ltr'><strong>inculpabiliter</strong></span> <span class='ocrx_word' id='word_1_107' title='bbox 743 1336 815 1376; x_wconf 89' lang='lat' dir='ltr'><strong>ac</strong></span> <span class='ocrx_word' id='word_1_108' title='bbox 839 1320 886 1375; x_wconf 90' lang='lat' dir='ltr'><strong>si</strong></span> <span class='ocrx_word' id='word_1_109' title='bbox 913 1319 1203 1376; x_wconf 84' lang='lat' dir='ltr'><strong>inoffense</strong></span> <span class='ocrx_word' id='word_1_110' title='bbox 1229 1320 1579 1376; x_wconf 90' lang='lat' dir='ltr'><strong>vicesimum</strong></span> <span class='ocrx_word' id='word_1_111' title='bbox 1611 1323 1668 1375; x_wconf 90' lang='lat' dir='ltr'><strong>et</strong></span> <span class='ocrx_word' id='word_1_112' title='bbox 1691 1319 1861 1392; x_wconf 90' lang='lat' dir='ltr'><strong>quin-</strong></span> 
     </span>
    </p>
   </div>
   <div class='ocr_carea' id='block_1_16' title="bbox 208 1409 1860 1482">
    <p class='ocr_par' dir='ltr' id='par_1_16' title="bbox 208 1409 1860 1482">
     <span class='ocr_line' id='line_1_16' title="bbox 208 1409 1860 1482; baseline -0.001 -17"><span class='ocrx_word' id='word_1_113' title='bbox 208 1415 325 1465; x_wconf 91' lang='lat' dir='ltr'><strong>tum</strong></span> <span class='ocrx_word' id='word_1_114' title='bbox 352 1409 544 1466; x_wconf 88' lang='lat' dir='ltr'><strong>atatis</strong></span> <span class='ocrx_word' id='word_1_115' title='bbox 571 1426 691 1465; x_wconf 80' lang='lat' dir='ltr'><strong>sua</strong></span> <span class='ocrx_word' id='word_1_116' title='bbox 723 1410 1061 1482; x_wconf 87' lang='lat' dir='ltr'><strong>peregerint</strong></span> <span class='ocrx_word' id='word_1_117' title='bbox 1087 1426 1340 1479; x_wconf 89' lang='lat' dir='ltr'><strong>annum,</strong></span> <span class='ocrx_word' id='word_1_118' title='bbox 1376 1409 1454 1466; x_wconf 90' lang='lat' dir='ltr'><strong>ad</strong></span> <span class='ocrx_word' id='word_1_119' title='bbox 1506 1409 1860 1465; x_wconf 88' lang='lat' dir='ltr'><strong>diaconatus</strong></span> 
     </span>
    </p>
   </div>
   <div class='ocr_carea' id='block_1_17' title="bbox 207 1496 1858 1571">
    <p class='ocr_par' dir='ltr' id='par_1_17' title="bbox 207 1496 1858 1571">
     <span class='ocr_line' id='line_1_17' title="bbox 207 1496 1858 1571; baseline -0.001 -18"><span class='ocrx_word' id='word_1_120' title='bbox 207 1496 484 1567; x_wconf 77' lang='lat' dir='ltr'><strong>cilicium,</strong></span> <span class='ocrx_word' id='word_1_121' title='bbox 531 1497 578 1554; x_wconf 92' lang='lat' dir='ltr'><strong>si</strong></span> <span class='ocrx_word' id='word_1_122' title='bbox 638 1497 888 1554; x_wconf 89' lang='lat' dir='ltr'><strong>scienter</strong></span> <span class='ocrx_word' id='word_1_123' title='bbox 940 1497 1188 1571; x_wconf 88' lang='lat' dir='ltr'><strong>implere</strong></span> <span class='ocrx_word' id='word_1_124' title='bbox 1228 1513 1404 1570; x_wconf 86' lang='lat' dir='ltr'><strong>posse</strong></span> <span class='ocrx_word' id='word_1_125' title='bbox 1435 1497 1514 1552; x_wconf 92' lang='lat' dir='ltr'><strong>ab</strong></span> <span class='ocrx_word' id='word_1_126' title='bbox 1573 1496 1858 1569; x_wconf 91' lang='lat' dir='ltr'><strong>episcopo</strong></span> 
     </span>
    </p>
   </div>
   <div class='ocr_carea' id='block_1_18' title="bbox 207 1585 1355 1659">
    <p class='ocr_par' dir='ltr' id='par_1_18' title="bbox 207 1585 1355 1659">
     <span class='ocr_line' id='line_1_18' title="bbox 207 1585 1355 1659; baseline -0.001 -17"><span class='ocrx_word' id='word_1_127' title='bbox 207 1585 690 1658; x_wconf 84' lang='lat' dir='ltr'><strong>comprobantur,</strong></span> <span class='ocrx_word' id='word_1_128' title='bbox 711 1587 1050 1659; x_wconf 86' lang='lat' dir='ltr'><strong>promoveri</strong></span> <span class='ocrx_word' id='word_1_129' title='bbox 1081 1589 1355 1658; x_wconf 90' lang='lat' dir='ltr'><strong>possunt.</strong></span> 
     </span>
    </p>
   </div>
   <div class='ocr_carea' id='block_1_19' title="bbox 208 1675 1858 1747">
    <p class='ocr_par' dir='ltr' id='par_1_19' title="bbox 208 1675 1858 1747">
     <span class='ocr_line' id='line_1_19' title="bbox 208 1675 1858 1747; baseline -0.001 -15"><span class='ocrx_word' id='word_1_130' title='bbox 208 1675 375 1747; x_wconf 77' lang='lat'><strong>399</strong></span> <span class='ocrx_word' id='word_1_131' title='bbox 413 1676 489 1732; x_wconf 88' lang='lat' dir='ltr'><strong>Ut</strong></span> <span class='ocrx_word' id='word_1_132' title='bbox 515 1676 804 1731; x_wconf 80' lang='lat' dir='ltr'><strong>diaconus</strong></span> <span class='ocrx_word' id='word_1_133' title='bbox 831 1682 971 1731; x_wconf 89' lang='lat' dir='ltr'><strong>ante</strong></span> <span class='ocrx_word' id='word_1_134' title='bbox 999 1692 1116 1730; x_wconf 71' lang='lat' dir='ltr'><strong>xxv</strong></span> <span class='ocrx_word' id='word_1_135' title='bbox 1147 1690 1337 1731; x_wconf 89' lang='lat' dir='ltr'><strong>annos</strong></span> <span class='ocrx_word' id='word_1_136' title='bbox 1366 1680 1420 1730; x_wconf 88' lang='lat' dir='ltr'><strong>et</strong></span> <span class='ocrx_word' id='word_1_137' title='bbox 1450 1675 1728 1730; x_wconf 83' lang='lat' dir='ltr'><strong>sacerdos</strong></span> <span class='ocrx_word' id='word_1_138' title='bbox 1753 1690 1858 1747; x_wconf 48' lang='lat' dir='ltr'><strong>an:</strong></span> 
     </span>
    </p>
   </div>
   <div class='ocr_carea' id='block_1_20' title="bbox 267 1746 1860 1802">
    <p class='ocr_par' dir='ltr' id='par_1_20' title="bbox 267 1746 1860 1802">
     <span class='ocr_line' id='line_1_20' title="bbox 267 1746 1860 1802; baseline -0.001 -1"><span class='ocrx_word' id='word_1_139' title='bbox 267 1746 471 1802; x_wconf 32' lang='lat' dir='ltr'><strong>te’xxx</strong></span> <span class='ocrx_word' id='word_1_140' title='bbox 494 1762 613 1802; x_wconf 88' lang='lat' dir='ltr'><strong>non</strong></span> <span class='ocrx_word' id='word_1_141' title='bbox 667 1747 999 1802; x_wconf 78' lang='lat' dir='ltr'><strong>ordinetur.</strong></span> <span class='ocrx_word' id='word_1_142' title='bbox 1060 1747 1159 1802; x_wconf 77' lang='lat' dir='ltr'><strong>E1:</strong></span> <span class='ocrx_word' id='word_1_143' title='bbox 1206 1747 1458 1802; x_wconf 84' lang='lat' dir='ltr'><strong>concilio</strong></span> <span class='ocrx_word' id='word_1_144' title='bbox 1515 1746 1860 1802; x_wconf 80' lang='lat' dir='ltr'><strong>Arelatensi</strong></span> 
     </span>
    </p>
   </div>
   <div class='ocr_carea' id='block_1_21' title="bbox 266 1818 760 1889">
    <p class='ocr_par' dir='ltr' id='par_1_21' title="bbox 266 1818 760 1889">
     <span class='ocr_line' id='line_1_21' title="bbox 266 1818 760 1889; baseline -0.004 -16"><span class='ocrx_word' id='word_1_145' title='bbox 266 1824 504 1889; x_wconf 85' lang='lat' dir='ltr'><strong>quarto,</strong></span> <span class='ocrx_word' id='word_1_146' title='bbox 539 1833 671 1887; x_wconf 92' lang='lat' dir='ltr'><strong>cap.</strong></span> <span class='ocrx_word' id='word_1_147' title='bbox 713 1818 760 1872; x_wconf 87' lang='grc' dir='ltr'><strong>Ι.</strong></span> 
     </span>
    </p>
   </div>
   <div class='ocr_carea' id='block_1_22' title="bbox 263 1900 1852 1975">
    <p class='ocr_par' dir='ltr' id='par_1_22' title="bbox 263 1900 1852 1975">
     <span class='ocr_line' id='line_1_22' title="bbox 263 1900 1852 1975; baseline -0.001 -18"><span class='ocrx_word' id='word_1_148' title='bbox 263 1904 456 1958; x_wconf 78' lang='lat' dir='ltr'><strong>XXXV.</strong></span> <span class='ocrx_word' id='word_1_149' title='bbox 487 1904 553 1958; x_wconf 86' lang='lat' dir='ltr'><strong>Et</strong></span> <span class='ocrx_word' id='word_1_150' title='bbox 571 1902 716 1975; x_wconf 90' lang='lat' dir='ltr'><strong>quia</strong></span> <span class='ocrx_word' id='word_1_151' title='bbox 746 1902 806 1957; x_wconf 92' lang='lat' dir='ltr'><strong>in</strong></span> <span class='ocrx_word' id='word_1_152' title='bbox 831 1901 1184 1957; x_wconf 85' lang='lat' dir='ltr'><strong>ordinandis</strong></span> <span class='ocrx_word' id='word_1_153' title='bbox 1213 1900 1437 1956; x_wconf 87' lang='lat' dir='ltr'><strong>clericis</strong></span> <span class='ocrx_word' id='word_1_154' title='bbox 1465 1901 1852 1973; x_wconf 85' lang='lat' dir='ltr'><strong>antiquorum</strong></span> 
     </span>
    </p>
   </div>
   <div class='ocr_carea' id='block_1_23' title="bbox 200 1988 1851 2061">
    <p class='ocr_par' dir='ltr' id='par_1_23' title="bbox 200 1988 1851 2061">
     <span class='ocr_line' id='line_1_23' title="bbox 200 1988 1851 2061; baseline 0 -17"><span class='ocrx_word' id='word_1_155' title='bbox 200 1991 432 2045; x_wconf 83' lang='lat' dir='ltr'><strong>Patrum</strong></span> <span class='ocrx_word' id='word_1_156' title='bbox 459 1994 699 2060; x_wconf 89' lang='lat' dir='ltr'><strong>statuta,</strong></span> <span class='ocrx_word' id='word_1_157' title='bbox 731 2006 852 2046; x_wconf 93' lang='lat' dir='ltr'><strong>non</strong></span> <span class='ocrx_word' id='word_1_158' title='bbox 885 1989 962 2046; x_wconf 89' lang='lat' dir='ltr'><strong>ad</strong></span> <span class='ocrx_word' id='word_1_159' title='bbox 1015 1990 1332 2060; x_wconf 84' lang='lat' dir='ltr'><strong>integrum,</strong></span> <span class='ocrx_word' id='word_1_160' title='bbox 1389 1989 1542 2044; x_wconf 90' lang='lat' dir='ltr'><strong>sicut</strong></span> <span class='ocrx_word' id='word_1_161' title='bbox 1591 1988 1851 2061; x_wconf 82' lang='lat' dir='ltr'><strong>expedit,</strong></span> 
     </span>
    </p>
   </div>
   <div class='ocr_carea' id='block_1_24' title="bbox 197 2079 1852 2152">
    <p class='ocr_par' dir='ltr' id='par_1_24' title="bbox 197 2079 1852 2152">
     <span class='ocr_line' id='line_1_24' title="bbox 197 2079 1852 2152; baseline 0 -18"><span class='ocrx_word' id='word_1_162' title='bbox 197 2079 516 2136; x_wconf 87' lang='lat' dir='ltr'><strong>observata</strong></span> <span class='ocrx_word' id='word_1_163' title='bbox 543 2096 671 2136; x_wconf 90' lang='lat' dir='ltr'><strong>esse</strong></span> <span class='ocrx_word' id='word_1_164' title='bbox 699 2080 1102 2151; x_wconf 87' lang='lat' dir='ltr'><strong>cognoscitur,</strong></span> <span class='ocrx_word' id='word_1_165' title='bbox 1136 2095 1212 2135; x_wconf 89' lang='lat' dir='ltr'><strong>ne</strong></span> <span class='ocrx_word' id='word_1_166' title='bbox 1240 2079 1385 2135; x_wconf 90' lang='lat' dir='ltr'><strong>forte</strong></span> <span class='ocrx_word' id='word_1_167' title='bbox 1440 2094 1852 2152; x_wconf 89' lang='lat' dir='ltr'><strong>quorumcun-</strong></span> 
     </span>
    </p>
   </div>
   <div class='ocr_carea' id='block_1_25' title="bbox 196 2167 1854 2241">
    <p class='ocr_par' dir='ltr' id='par_1_25' title="bbox 196 2167 1854 2241">
     <span class='ocr_line' id='line_1_25' title="bbox 196 2167 1854 2241; baseline -0.001 -18"><span class='ocrx_word' id='word_1_168' title='bbox 196 2183 307 2239; x_wconf 88' lang='lat' dir='ltr'><strong>que</strong></span> <span class='ocrx_word' id='word_1_169' title='bbox 330 2167 694 2241; x_wconf 89' lang='lat' dir='ltr'><strong>importunis</strong></span> <span class='ocrx_word' id='word_1_170' title='bbox 723 2173 780 2224; x_wconf 91' lang='lat' dir='ltr'><strong>et</strong></span> <span class='ocrx_word' id='word_1_171' title='bbox 807 2167 1161 2224; x_wconf 86' lang='lat' dir='ltr'><strong>inordinatis</strong></span> <span class='ocrx_word' id='word_1_172' title='bbox 1190 2167 1470 2240; x_wconf 89' lang='lat' dir='ltr'><strong>precibus</strong></span> <span class='ocrx_word' id='word_1_173' title='bbox 1513 2167 1854 2223; x_wconf 85' lang='lat' dir='ltr'><strong>sacerdotes</strong></span> 
     </span>
    </p>
   </div>
   <div class='ocr_carea' id='block_1_26' title="bbox 197 2256 1856 2329">
    <p class='ocr_par' dir='ltr' id='par_1_26' title="bbox 197 2256 1856 2329">
     <span class='ocr_line' id='line_1_26' title="bbox 197 2256 1856 2329; baseline -0.001 -18"><span class='ocrx_word' id='word_1_174' title='bbox 197 2257 425 2312; x_wconf 90' lang='lat' dir='ltr'><strong>Domini</strong></span> <span class='ocrx_word' id='word_1_175' title='bbox 457 2256 796 2328; x_wconf 81' lang='lat' dir='ltr'><strong>fatigentur,</strong></span> <span class='ocrx_word' id='word_1_176' title='bbox 817 2261 874 2312; x_wconf 92' lang='lat' dir='ltr'><strong>et</strong></span> <span class='ocrx_word' id='word_1_177' title='bbox 894 2273 966 2313; x_wconf 93' lang='lat' dir='ltr'><strong>ea</strong></span> <span class='ocrx_word' id='word_1_178' title='bbox 1003 2273 1139 2329; x_wconf 86' lang='lat' dir='ltr'><strong>qua</strong></span> <span class='ocrx_word' id='word_1_179' title='bbox 1160 2256 1330 2312; x_wconf 90' lang='lat' dir='ltr'><strong>toties</strong></span> <span class='ocrx_word' id='word_1_180' title='bbox 1363 2261 1503 2312; x_wconf 91' lang='lat' dir='ltr'><strong>sunt</strong></span> <span class='ocrx_word' id='word_1_181' title='bbox 1553 2260 1856 2328; x_wconf 87' lang='lat' dir='ltr'><strong>pracepta</strong></span> 
     </span>
    </p>
   </div>
   <div class='ocr_carea' id='block_1_27' title="bbox 199 2344 1858 2418">
    <p class='ocr_par' dir='ltr' id='par_1_27' title="bbox 199 2344 1858 2418">
     <span class='ocr_line' id='line_1_27' title="bbox 199 2344 1858 2418; baseline -0.001 -19"><span class='ocrx_word' id='word_1_182' title='bbox 199 2346 538 2416; x_wconf 78' lang='lat' dir='ltr'><strong>transgredi</strong></span> <span class='ocrx_word' id='word_1_183' title='bbox 578 2345 1036 2418; x_wconf 88' lang='lat' dir='ltr'><strong>compellantur,</strong></span> <span class='ocrx_word' id='word_1_184' title='bbox 1069 2345 1185 2400; x_wconf 89' lang='lat' dir='ltr'><strong>hoc</strong></span> <span class='ocrx_word' id='word_1_185' title='bbox 1233 2345 1384 2400; x_wconf 91' lang='lat' dir='ltr'><strong>inter</strong></span> <span class='ocrx_word' id='word_1_186' title='bbox 1423 2361 1486 2400; x_wconf 91' lang='lat' dir='ltr'><strong>se</strong></span> <span class='ocrx_word' id='word_1_187' title='bbox 1536 2344 1858 2400; x_wconf 89' lang='lat' dir='ltr'><strong>observan-</strong></span> 
     </span>
    </p>
   </div>
   <div class='ocr_carea' id='block_1_28' title="bbox 191 2431 1856 2505">
    <p class='ocr_par' dir='ltr' id='par_1_28' title="bbox 191 2431 1856 2505">
     <span class='ocr_line' id='line_1_28' title="bbox 191 2431 1856 2505; baseline 0 -18"><span class='ocrx_word' id='word_1_188' title='bbox 191 2433 339 2490; x_wconf 89' lang='lat' dir='ltr'><strong>dum</strong></span> <span class='ocrx_word' id='word_1_189' title='bbox 366 2449 499 2491; x_wconf 89' lang='lat' dir='ltr'><strong>esse</strong></span> <span class='ocrx_word' id='word_1_190' title='bbox 526 2433 840 2505; x_wconf 80' lang='lat' dir='ltr'><strong>deﬁniunt,</strong></span> <span class='ocrx_word' id='word_1_191' title='bbox 870 2437 936 2489; x_wconf 91' lang='lat' dir='ltr'><strong>ut</strong></span> <span class='ocrx_word' id='word_1_192' title='bbox 952 2433 1155 2489; x_wconf 90' lang='lat' dir='ltr'><strong>nullus</strong></span> <span class='ocrx_word' id='word_1_193' title='bbox 1175 2434 1601 2505; x_wconf 81' lang='lat' dir='ltr'><strong>episcoporum</strong></span> <span class='ocrx_word' id='word_1_194' title='bbox 1652 2431 1856 2487; x_wconf 89' lang='lat' dir='ltr'><strong>diaco-</strong></span> 
     </span>
    </p>
   </div>
   <div class='ocr_carea' id='block_1_29' title="bbox 190 2519 1860 2594">
    <p class='ocr_par' dir='ltr' id='par_1_29' title="bbox 190 2519 1860 2594">
     <span class='ocr_line' id='line_1_29' title="bbox 190 2519 1860 2594; baseline -0.001 -18"><span class='ocrx_word' id='word_1_195' title='bbox 190 2537 340 2578; x_wconf 90' lang='lat' dir='ltr'><strong>num</strong></span> <span class='ocrx_word' id='word_1_196' title='bbox 374 2526 705 2594; x_wconf 87' lang='lat' dir='ltr'><strong>antequam</strong></span> <span class='ocrx_word' id='word_1_197' title='bbox 735 2538 848 2577; x_wconf 78' lang='lat' dir='ltr'><strong>xxv</strong></span> <span class='ocrx_word' id='word_1_198' title='bbox 888 2536 1083 2577; x_wconf 91' lang='lat' dir='ltr'><strong>annos</strong></span> <span class='ocrx_word' id='word_1_199' title='bbox 1111 2520 1360 2592; x_wconf 89' lang='lat' dir='ltr'><strong>impleat</strong></span> <span class='ocrx_word' id='word_1_200' title='bbox 1408 2519 1686 2575; x_wconf 91' lang='lat' dir='ltr'><strong>ordinare</strong></span> <span class='ocrx_word' id='word_1_201' title='bbox 1711 2535 1860 2592; x_wconf 89' lang='lat' dir='ltr'><strong>pra-</strong></span> 
     </span>
    </p>
   </div>
   <div class='ocr_carea' id='block_1_30' title="bbox 185 2608 1860 2683">
    <p class='ocr_par' dir='ltr' id='par_1_30' title="bbox 185 2608 1860 2683">
     <span class='ocr_line' id='line_1_30' title="bbox 185 2608 1860 2683; baseline -0.002 -17"><span class='ocrx_word' id='word_1_202' title='bbox 185 2615 418 2666; x_wconf 88' lang='lat' dir='ltr'><strong>sumat.</strong></span> <span class='ocrx_word' id='word_1_203' title='bbox 453 2611 846 2683; x_wconf 87' lang='lat' dir='ltr'><strong>Episcopatus</strong></span> <span class='ocrx_word' id='word_1_204' title='bbox 871 2626 1012 2666; x_wconf 87' lang='lat' dir='ltr'><strong>vero</strong></span> <span class='ocrx_word' id='word_1_205' title='bbox 1043 2609 1138 2665; x_wconf 87' lang='lat' dir='ltr'><strong>vel</strong></span> <span class='ocrx_word' id='word_1_206' title='bbox 1165 2608 1616 2681; x_wconf 89' lang='lat' dir='ltr'><strong>presbyteratus</strong></span> <span class='ocrx_word' id='word_1_207' title='bbox 1673 2608 1860 2664; x_wconf 56' lang='lat' dir='ltr'><strong>bono.</strong></span> 
     </span>
    </p>
   </div>
   <div class='ocr_carea' id='block_1_31' title="bbox 185 2697 1857 2771">
    <p class='ocr_par' dir='ltr' id='par_1_31' title="bbox 185 2697 1857 2771">
     <span class='ocr_line' id='line_1_31' title="bbox 185 2697 1857 2771; baseline -0.001 -17"><span class='ocrx_word' id='word_1_208' title='bbox 185 2715 317 2755; x_wconf 87' lang='lat' dir='ltr'><strong>rem</strong></span> <span class='ocrx_word' id='word_1_209' title='bbox 346 2698 552 2754; x_wconf 86' lang='lat' dir='ltr'><strong>nullus</strong></span> <span class='ocrx_word' id='word_1_210' title='bbox 575 2698 768 2755; x_wconf 89' lang='lat' dir='ltr'><strong>laicus</strong></span> <span class='ocrx_word' id='word_1_211' title='bbox 795 2703 931 2756; x_wconf 89' lang='lat' dir='ltr'><strong>ante</strong></span> <span class='ocrx_word' id='word_1_212' title='bbox 973 2698 1352 2771; x_wconf 87' lang='lat' dir='ltr'><strong>pramissam</strong></span> <span class='ocrx_word' id='word_1_213' title='bbox 1406 2697 1857 2754; x_wconf 88' lang='lat' dir='ltr'><strong>conversionem</strong></span> 
     </span>
    </p>
   </div>
   <div class='ocr_carea' id='block_1_32' title="bbox 196 2785 1337 2858">
    <p class='ocr_par' dir='ltr' id='par_1_32' title="bbox 196 2785 1337 2858">
     <span class='ocr_line' id='line_1_32' title="bbox 196 2785 1337 2858; baseline -0.001 -16"><span class='ocrx_word' id='word_1_214' title='bbox 196 2787 286 2842; x_wconf 87' lang='lat' dir='ltr'><strong>vel</strong></span> <span class='ocrx_word' id='word_1_215' title='bbox 317 2791 460 2843; x_wconf 81' lang='lat' dir='ltr'><strong>ante</strong></span> <span class='ocrx_word' id='word_1_216' title='bbox 481 2804 601 2842; x_wconf 79' lang='lat' dir='ltr'><strong>xxx</strong></span> <span class='ocrx_word' id='word_1_217' title='bbox 627 2787 812 2843; x_wconf 83' lang='lat' dir='ltr'><strong>aetatis</strong></span> <span class='ocrx_word' id='word_1_218' title='bbox 841 2801 1036 2844; x_wconf 90' lang='lat' dir='ltr'><strong>annos</strong></span> <span class='ocrx_word' id='word_1_219' title='bbox 1065 2785 1337 2858; x_wconf 87' lang='lat' dir='ltr'><strong>accipiat.</strong></span> 
     </span>
    </p>
   </div>
   <div class='ocr_carea' id='block_1_33' title="bbox 293 2874 1760 2946">
    <p class='ocr_par' dir='ltr' id='par_1_33' title="bbox 293 2874 1760 2946">
     <span class='ocr_line' id='line_1_33' title="bbox 293 2874 1760 2946; baseline -0.001 -14"><span class='ocrx_word' id='word_1_220' title='bbox 293 2878 368 2932; x_wconf 92' lang='lat' dir='ltr'><strong>Ut</strong></span> <span class='ocrx_word' id='word_1_221' title='bbox 387 2878 743 2946; x_wconf 73' lang='lat' dir='ltr'><strong>panitentes</strong></span> <span class='ocrx_word' id='word_1_222' title='bbox 770 2881 824 2932; x_wconf 88' lang='lat' dir='ltr'><strong>et</strong></span> <span class='ocrx_word' id='word_1_223' title='bbox 853 2876 1086 2946; x_wconf 78' lang='lat' dir='ltr'><strong>digami</strong></span> <span class='ocrx_word' id='word_1_224' title='bbox 1106 2891 1227 2930; x_wconf 85' lang='lat' dir='ltr'><strong>non</strong></span> <span class='ocrx_word' id='word_1_225' title='bbox 1249 2874 1627 2930; x_wconf 80' lang='lat' dir='ltr'><strong>ordinentur.</strong></span> <span class='ocrx_word' id='word_1_226' title='bbox 1661 2875 1760 2930; x_wconf 69' lang='grc' dir='ltr'><strong>Ετι·</strong></span> 
     </span>
    </p>
   </div>
   <div class='ocr_carea' id='block_1_34' title="bbox 800 2947 1262 3016">
    <p class='ocr_par' dir='ltr' id='par_1_34' title="bbox 800 2947 1262 3016">
     <span class='ocr_line' id='line_1_34' title="bbox 800 2947 1262 3016; baseline -0.002 -14"><span class='ocrx_word' id='word_1_227' title='bbox 800 2947 1021 3014; x_wconf 88' lang='lat' dir='ltr'><strong>eodem,</strong></span> <span class='ocrx_word' id='word_1_228' title='bbox 1046 2962 1180 3016; x_wconf 89' lang='lat' dir='ltr'><strong>cap.</strong></span> <span class='ocrx_word' id='word_1_229' title='bbox 1211 2950 1262 3001; x_wconf 87' lang='lat'><strong>3.</strong></span> 
     </span>
    </p>
   </div>
   <div class='ocr_carea' id='block_1_35' title="bbox 257 3034 1854 3110">
    <p class='ocr_par' dir='ltr' id='par_1_35' title="bbox 257 3034 1854 3110">
     <span class='ocr_line' id='line_1_35' title="bbox 257 3034 1854 3110; baseline -0.003 -18"><span class='ocrx_word' id='word_1_230' title='bbox 257 3037 478 3101; x_wconf 79' lang='lat' dir='ltr'><strong>XXXVI.</strong></span> <span class='ocrx_word' id='word_1_231' title='bbox 517 3035 721 3102; x_wconf 80' lang='lat' dir='ltr'><strong>Nullus</strong></span> <span class='ocrx_word' id='word_1_232' title='bbox 746 3035 1162 3110; x_wconf 82' lang='lat' dir='ltr'><strong>pauitantem,</strong></span> <span class='ocrx_word' id='word_1_233' title='bbox 1190 3034 1390 3090; x_wconf 87' lang='lat' dir='ltr'><strong>nullus</strong></span> <span class='ocrx_word' id='word_1_234' title='bbox 1421 3034 1737 3104; x_wconf 89' lang='lat' dir='ltr'><strong>digamum</strong></span> <span class='ocrx_word' id='word_1_235' title='bbox 1761 3034 1854 3089; x_wconf 90' lang='lat' dir='ltr'><strong>vel</strong></span> 
     </span>
    </p>
   </div>
   <div class='ocr_carea' id='block_1_36' title="bbox 191 3123 1856 3198">
    <p class='ocr_par' dir='ltr' id='par_1_36' title="bbox 191 3123 1856 3198">
     <span class='ocr_line' id='line_1_36' title="bbox 191 3123 1856 3198; baseline -0.001 -19"><span class='ocrx_word' id='word_1_236' title='bbox 191 3124 671 3197; x_wconf 90' lang='lat' dir='ltr'><strong>internuptarum</strong></span> <span class='ocrx_word' id='word_1_237' title='bbox 703 3125 948 3182; x_wconf 89' lang='lat' dir='ltr'><strong>maritos</strong></span> <span class='ocrx_word' id='word_1_238' title='bbox 970 3125 1032 3180; x_wconf 88' lang='lat' dir='ltr'><strong>in</strong></span> <span class='ocrx_word' id='word_1_239' title='bbox 1061 3124 1361 3198; x_wconf 70' lang='lat' dir='ltr'><strong>praedictis</strong></span> <span class='ocrx_word' id='word_1_240' title='bbox 1391 3123 1722 3180; x_wconf 88' lang='lat' dir='ltr'><strong>honoribus</strong></span> <span class='ocrx_word' id='word_1_241' title='bbox 1752 3139 1856 3179; x_wconf 92' lang='lat' dir='ltr'><strong>an-</strong></span> 
     </span>
    </p>
   </div>
   <div class='ocr_carea' id='block_1_37' title="bbox 189 3207 1853 3286">
    <p class='ocr_par' dir='ltr' id='par_1_37' title="bbox 189 3207 1853 3286">
     <span class='ocr_line' id='line_1_37' title="bbox 189 3207 1853 3286; baseline -0.001 -18"><span class='ocrx_word' id='word_1_242' title='bbox 189 3213 322 3270; x_wconf 89' lang='lat' dir='ltr'><strong>deat</strong></span> <span class='ocrx_word' id='word_1_243' title='bbox 348 3213 653 3271; x_wconf 87' lang='lat' dir='ltr'><strong>ordinare.</strong></span> <span class='ocrx_word' id='word_1_244' title='bbox 686 3218 750 3270; x_wconf 89' lang='lat' dir='ltr'><strong>Et</strong></span> <span class='ocrx_word' id='word_1_245' title='bbox 773 3214 908 3270; x_wconf 91' lang='lat' dir='ltr'><strong>licet</strong></span> <span class='ocrx_word' id='word_1_246' title='bbox 945 3215 1075 3270; x_wconf 91' lang='lat' dir='ltr'><strong>hac</strong></span> <span class='ocrx_word' id='word_1_247' title='bbox 1116 3214 1297 3271; x_wconf 85' lang='lat' dir='ltr'><strong>etiam</strong></span> <span class='ocrx_word' id='word_1_248' title='bbox 1345 3207 1536 3286; x_wconf 90' lang='lat' dir='ltr'><strong>prope</strong></span> <span class='ocrx_word' id='word_1_249' title='bbox 1579 3213 1853 3268; x_wconf 87' lang='lat' dir='ltr'><strong>omnium</strong></span> 
     </span>
    </p>
   </div>
   <div class='ocr_carea' id='block_1_38' title="bbox 189 3302 1858 3374">
    <p class='ocr_par' dir='ltr' id='par_1_38' title="bbox 189 3302 1858 3374">
     <span class='ocr_line' id='line_1_38' title="bbox 189 3302 1858 3374; baseline -0.001 -15"><span class='ocrx_word' id='word_1_250' title='bbox 189 3318 493 3360; x_wconf 85' lang='lat' dir='ltr'><strong>canonum</strong></span> <span class='ocrx_word' id='word_1_251' title='bbox 525 3303 791 3360; x_wconf 88' lang='lat' dir='ltr'><strong>instituta</strong></span> <span class='ocrx_word' id='word_1_252' title='bbox 838 3303 1227 3374; x_wconf 87' lang='lat' dir='ltr'><strong>constiterint,</strong></span> <span class='ocrx_word' id='word_1_253' title='bbox 1259 3307 1462 3359; x_wconf 88' lang='lat' dir='ltr'><strong>tamen</strong></span> <span class='ocrx_word' id='word_1_254' title='bbox 1511 3318 1586 3358; x_wconf 90' lang='lat' dir='ltr'><strong>ne</strong></span> <span class='ocrx_word' id='word_1_255' title='bbox 1617 3302 1858 3358; x_wconf 89' lang='lat' dir='ltr'><strong>cuicun-</strong></span> 
     </span>
    </p>
   </div>
   <div class='ocr_carea' id='block_1_39' title="bbox 188 3391 1854 3466">
    <p class='ocr_par' dir='ltr' id='par_1_39' title="bbox 188 3391 1854 3466">
     <span class='ocr_line' id='line_1_39' title="bbox 188 3391 1854 3466; baseline -0.001 -19"><span class='ocrx_word' id='word_1_256' title='bbox 188 3408 298 3464; x_wconf 89' lang='lat' dir='ltr'><strong>que</strong></span> <span class='ocrx_word' id='word_1_257' title='bbox 329 3396 723 3457; x_wconf 86' lang='lat' dir='ltr'><strong>sacerdotum</strong></span> <span class='ocrx_word' id='word_1_258' title='bbox 746 3391 1233 3466; x_wconf 87' lang='lat' dir='ltr'><strong>supplicandum,</strong></span> <span class='ocrx_word' id='word_1_259' title='bbox 1258 3392 1406 3448; x_wconf 88' lang='lat' dir='ltr'><strong>sicut</strong></span> <span class='ocrx_word' id='word_1_260' title='bbox 1422 3392 1552 3463; x_wconf 87' lang='lat' dir='ltr'><strong>jam</strong></span> <span class='ocrx_word' id='word_1_261' title='bbox 1568 3391 1854 3461; x_wconf 78' lang='lat' dir='ltr'><strong>diximus,</strong></span> 
     </span>
    </p>
   </div>
   <div class='ocr_carea' id='block_1_40' title="bbox 186 3479 1855 3552">
    <p class='ocr_par' dir='ltr' id='par_1_40' title="bbox 186 3479 1855 3552">
     <span class='ocr_line' id='line_1_40' title="bbox 186 3479 1855 3552; baseline 0.001 -19"><span class='ocrx_word' id='word_1_262' title='bbox 186 3479 610 3550; x_wconf 87' lang='lat' dir='ltr'><strong>importunitas</strong></span> <span class='ocrx_word' id='word_1_263' title='bbox 639 3481 730 3537; x_wconf 87' lang='lat' dir='ltr'><strong>vel</strong></span> <span class='ocrx_word' id='word_1_264' title='bbox 756 3481 1057 3552; x_wconf 86' lang='lat' dir='ltr'><strong>suggestio</strong></span> <span class='ocrx_word' id='word_1_265' title='bbox 1089 3480 1297 3552; x_wconf 90' lang='lat' dir='ltr'><strong>iniqua</strong></span> <span class='ocrx_word' id='word_1_266' title='bbox 1322 3479 1636 3552; x_wconf 88' lang='lat' dir='ltr'><strong>subripiat,</strong></span> <span class='ocrx_word' id='word_1_267' title='bbox 1655 3495 1855 3535; x_wconf 90' lang='lat' dir='ltr'><strong>neces-</strong></span> 
     </span>
    </p>
   </div>
   <div class='ocr_carea' id='block_1_41' title="bbox 187 3568 1857 3640">
    <p class='ocr_par' dir='ltr' id='par_1_41' title="bbox 187 3568 1857 3640">
     <span class='ocr_line' id='line_1_41' title="bbox 187 3568 1857 3640; baseline 0.001 -17"><span class='ocrx_word' id='word_1_268' title='bbox 187 3585 244 3624; x_wconf 90' lang='lat' dir='ltr'><strong>se</strong></span> <span class='ocrx_word' id='word_1_269' title='bbox 280 3570 386 3627; x_wconf 87' lang='lat' dir='ltr'><strong>fuit</strong></span> <span class='ocrx_word' id='word_1_270' title='bbox 439 3575 512 3626; x_wconf 84' lang='lat' dir='ltr'><strong>ut</strong></span> <span class='ocrx_word' id='word_1_271' title='bbox 562 3587 725 3627; x_wconf 90' lang='lat' dir='ltr'><strong>nunc</strong></span> <span class='ocrx_word' id='word_1_272' title='bbox 758 3570 1121 3627; x_wconf 87' lang='lat' dir='ltr'><strong>severiorem</strong></span> <span class='ocrx_word' id='word_1_273' title='bbox 1177 3569 1450 3640; x_wconf 88' lang='lat' dir='ltr'><strong>regulam</strong></span> <span class='ocrx_word' id='word_1_274' title='bbox 1524 3568 1636 3624; x_wconf 90' lang='lat' dir='ltr'><strong>sibi</strong></span> <span class='ocrx_word' id='word_1_275' title='bbox 1679 3568 1857 3624; x_wconf 86' lang='lat' dir='ltr'><strong>velint</strong></span> 
     </span>
    </p>
   </div>
   <div class='ocr_carea' id='block_1_42' title="bbox 189 3658 1854 3733">
    <p class='ocr_par' dir='ltr' id='par_1_42' title="bbox 189 3658 1854 3733">
     <span class='ocr_line' id='line_1_42' title="bbox 189 3658 1854 3733; baseline 0 -22"><span class='ocrx_word' id='word_1_276' title='bbox 189 3660 414 3716; x_wconf 90' lang='lat' dir='ltr'><strong>Domini</strong></span> <span class='ocrx_word' id='word_1_277' title='bbox 439 3659 793 3715; x_wconf 88' lang='lat' dir='ltr'><strong>sacerdotes</strong></span> <span class='ocrx_word' id='word_1_278' title='bbox 820 3660 1150 3733; x_wconf 90' lang='lat' dir='ltr'><strong>imponere.</strong></span> <span class='ocrx_word' id='word_1_279' title='bbox 1206 3662 1272 3714; x_wconf 88' lang='lat' dir='ltr'><strong>Et</strong></span> <span class='ocrx_word' id='word_1_280' title='bbox 1325 3658 1460 3714; x_wconf 89' lang='lat' dir='ltr'><strong>ideo</strong></span> <span class='ocrx_word' id='word_1_281' title='bbox 1508 3658 1854 3730; x_wconf 89' lang='lat' dir='ltr'><strong>quicunque</strong></span> 
     </span>
    </p>
   </div>
   <div class='ocr_carea' id='block_1_43' title="bbox 185 3747 1854 3822">
    <p class='ocr_par' dir='ltr' id='par_1_43' title="bbox 185 3747 1854 3822">
     <span class='ocr_line' id='line_1_43' title="bbox 185 3747 1854 3822; baseline -0.001 -20"><span class='ocrx_word' id='word_1_282' title='bbox 185 3747 256 3804; x_wconf 92' lang='lat' dir='ltr'><strong>ab</strong></span> <span class='ocrx_word' id='word_1_283' title='bbox 284 3749 395 3807; x_wconf 85' lang='lat' dir='ltr'><strong>hac</strong></span> <span class='ocrx_word' id='word_1_284' title='bbox 426 3750 536 3806; x_wconf 88' lang='lat' dir='ltr'><strong>die</strong></span> <span class='ocrx_word' id='word_1_285' title='bbox 567 3754 774 3805; x_wconf 90' lang='lat' dir='ltr'><strong>contra</strong></span> <span class='ocrx_word' id='word_1_286' title='bbox 797 3766 868 3806; x_wconf 91' lang='lat' dir='ltr'><strong>ea</strong></span> <span class='ocrx_word' id='word_1_287' title='bbox 898 3766 1034 3822; x_wconf 85' lang='lat' dir='ltr'><strong>qua</strong></span> <span class='ocrx_word' id='word_1_288' title='bbox 1060 3749 1337 3821; x_wconf 87' lang='lat' dir='ltr'><strong>superius</strong></span> <span class='ocrx_word' id='word_1_289' title='bbox 1387 3752 1526 3802; x_wconf 91' lang='lat' dir='ltr'><strong>sunt</strong></span> <span class='ocrx_word' id='word_1_290' title='bbox 1579 3763 1854 3818; x_wconf 91' lang='lat' dir='ltr'><strong>compre-</strong></span> 
     </span>
    </p>
   </div>
   <div class='ocr_carea' id='block_1_44' title="bbox 167 3827 1856 3910">
    <p class='ocr_par' dir='ltr' id='par_1_44' title="bbox 167 3827 1856 3910">
     <span class='ocr_line' id='line_1_44' title="bbox 167 3827 1856 3910; baseline -0.001 -19"><span class='ocrx_word' id='word_1_291' title='bbox 167 3827 364 3895; x_wconf 80' lang='lat' dir='ltr'><strong>hensa</strong></span> <span class='ocrx_word' id='word_1_292' title='bbox 393 3838 694 3895; x_wconf 78' lang='lat' dir='ltr'><strong>clericum</strong></span> <span class='ocrx_word' id='word_1_293' title='bbox 725 3838 1006 3894; x_wconf 90' lang='lat' dir='ltr'><strong>ordinare</strong></span> <span class='ocrx_word' id='word_1_294' title='bbox 1033 3836 1508 3910; x_wconf 89' lang='lat' dir='ltr'><strong>prasumpserit,</strong></span> <span class='ocrx_word' id='word_1_295' title='bbox 1538 3835 1616 3890; x_wconf 89' lang='lat' dir='ltr'><strong>ab</strong></span> <span class='ocrx_word' id='word_1_296' title='bbox 1661 3851 1732 3890; x_wconf 89' lang='lat' dir='ltr'><strong>ea</strong></span> <span class='ocrx_word' id='word_1_297' title='bbox 1761 3835 1856 3890; x_wconf 91' lang='lat' dir='ltr'><strong>die</strong></span> 
     </span>
    </p>
   </div>
   <div class='ocr_carea' id='block_1_45' title="bbox 182 3917 1856 4000">
    <p class='ocr_par' dir='ltr' id='par_1_45' title="bbox 182 3917 1856 4000">
     <span class='ocr_line' id='line_1_45' title="bbox 182 3917 1856 4000; baseline -0.004 -17"><span class='ocrx_word' id='word_1_298' title='bbox 182 3917 438 3998; x_wconf 24' lang='lat' dir='ltr'><strong>qua’hoc</strong></span> <span class='ocrx_word' id='word_1_299' title='bbox 470 3927 539 3984; x_wconf 87' lang='lat' dir='ltr'><strong>ei</strong></span> <span class='ocrx_word' id='word_1_300' title='bbox 571 3927 829 4000; x_wconf 90' lang='lat' dir='ltr'><strong>potuerit</strong></span> <span class='ocrx_word' id='word_1_301' title='bbox 867 3926 1213 3999; x_wconf 84' lang='lat' dir='ltr'><strong>approbari,</strong></span> <span class='ocrx_word' id='word_1_302' title='bbox 1247 3941 1408 3981; x_wconf 90' lang='lat' dir='ltr'><strong>anno</strong></span> <span class='ocrx_word' id='word_1_303' title='bbox 1439 3923 1670 3992; x_wconf 88' lang='lat' dir='ltr'><strong>integro</strong></span> <span class='ocrx_word' id='word_1_304' title='bbox 1714 3923 1856 3978; x_wconf 91' lang='lat' dir='ltr'><strong>mis-</strong></span> 
     </span>
    </p>
   </div>
   <div class='ocr_carea' id='block_1_46' title="bbox 187 4012 1855 4089">
    <p class='ocr_par' dir='ltr' id='par_1_46' title="bbox 187 4012 1855 4089">
     <span class='ocr_line' id='line_1_46' title="bbox 187 4012 1855 4089; baseline 0.001 -23"><span class='ocrx_word' id='word_1_305' title='bbox 187 4031 278 4071; x_wconf 82' lang='lat' dir='ltr'><strong>sas</strong></span> <span class='ocrx_word' id='word_1_306' title='bbox 309 4017 622 4074; x_wconf 79' lang='lat' dir='ltr'><strong>celebrare</strong></span> <span class='ocrx_word' id='word_1_307' title='bbox 650 4015 1124 4089; x_wconf 68' lang='lat' dir='ltr'><strong>praesumpserit,</strong></span> <span class='ocrx_word' id='word_1_308' title='bbox 1157 4014 1234 4070; x_wconf 89' lang='lat' dir='ltr'><strong>ab</strong></span> <span class='ocrx_word' id='word_1_309' title='bbox 1272 4013 1546 4068; x_wconf 88' lang='lat' dir='ltr'><strong>omnium</strong></span> <span class='ocrx_word' id='word_1_310' title='bbox 1605 4012 1855 4068; x_wconf 89' lang='lat' dir='ltr'><strong>fratrum</strong></span> 
     </span>
    </p>
   </div>
   <div class='ocr_carea' id='block_1_47' title="bbox 189 4101 1853 4176">
    <p class='ocr_par' dir='ltr' id='par_1_47' title="bbox 189 4101 1853 4176">
     <span class='ocr_line' id='line_1_47' title="bbox 189 4101 1853 4176; baseline -0.002 -18"><span class='ocrx_word' id='word_1_311' title='bbox 189 4104 465 4164; x_wconf 85' lang='lat' dir='ltr'><strong>charitate</strong></span> <span class='ocrx_word' id='word_1_312' title='bbox 496 4105 735 4162; x_wconf 89' lang='lat' dir='ltr'><strong>noverit</strong></span> <span class='ocrx_word' id='word_1_313' title='bbox 764 4120 825 4162; x_wconf 87' lang='lat' dir='ltr'><strong>se</strong></span> <span class='ocrx_word' id='word_1_314' title='bbox 879 4104 1161 4161; x_wconf 90' lang='lat' dir='ltr'><strong>alienum.</strong></span> <span class='ocrx_word' id='word_1_315' title='bbox 1211 4103 1390 4176; x_wconf 65' lang='lat'><strong>400</strong></span> <span class='ocrx_word' id='word_1_316' title='bbox 1420 4103 1572 4168; x_wconf 86' lang='lat' dir='ltr'><strong>Quia</strong></span> <span class='ocrx_word' id='word_1_317' title='bbox 1601 4101 1853 4172; x_wconf 84' lang='lat' dir='ltr'><strong>dignum</strong></span> 
     </span>
    </p>
   </div>
   <div class='ocr_carea' id='block_1_48' title="bbox 187 4190 1859 4266">
    <p class='ocr_par' dir='ltr' id='par_1_48' title="bbox 187 4190 1859 4266">
     <span class='ocr_line' id='line_1_48' title="bbox 187 4190 1859 4266; baseline -0.001 -20"><span class='ocrx_word' id='word_1_318' title='bbox 187 4198 268 4249; x_wconf 86' lang='lat' dir='ltr'><strong>est</strong></span> <span class='ocrx_word' id='word_1_319' title='bbox 297 4199 358 4250; x_wconf 91' lang='lat' dir='ltr'><strong>ut</strong></span> <span class='ocrx_word' id='word_1_320' title='bbox 389 4195 770 4251; x_wconf 88' lang='lat' dir='ltr'><strong>severitatem</strong></span> <span class='ocrx_word' id='word_1_321' title='bbox 821 4193 1151 4266; x_wconf 82' lang='lat' dir='ltr'><strong>disciplina</strong></span> <span class='ocrx_word' id='word_1_322' title='bbox 1201 4190 1610 4248; x_wconf 70' lang='lat' dir='ltr'><strong>ecclesiastica</strong></span> <span class='ocrx_word' id='word_1_323' title='bbox 1646 4190 1859 4244; x_wconf 89' lang='lat' dir='ltr'><strong>sentiat</strong></span> 
     </span>
    </p>
   </div>
   <div class='ocr_carea' id='block_1_49' title="bbox 1973 429 3623 504">
    <p class='ocr_par' dir='ltr' id='par_1_49' title="bbox 1973 429 3623 504">
     <span class='ocr_line' id='line_1_49' title="bbox 1973 429 3623 504; baseline 0.007 -25"><span class='ocrx_word' id='word_1_324' title='bbox 1973 440 2046 480; x_wconf 90' lang='lat' dir='ltr'><strong>ne</strong></span> <span class='ocrx_word' id='word_1_325' title='bbox 2075 441 2183 497; x_wconf 90' lang='lat' dir='ltr'><strong>per</strong></span> <span class='ocrx_word' id='word_1_326' title='bbox 2205 431 2461 496; x_wconf 81' lang='lat' dir='ltr'><strong>atatem,</strong></span> <span class='ocrx_word' id='word_1_327' title='bbox 2495 429 2660 501; x_wconf 88' lang='lat' dir='ltr'><strong>quod</strong></span> <span class='ocrx_word' id='word_1_328' title='bbox 2692 430 3004 503; x_wconf 87' lang='lat' dir='ltr'><strong>aliquoties</strong></span> <span class='ocrx_word' id='word_1_329' title='bbox 3025 430 3240 502; x_wconf 89' lang='lat' dir='ltr'><strong>evenit,</strong></span> <span class='ocrx_word' id='word_1_330' title='bbox 3289 431 3492 504; x_wconf 87' lang='lat' dir='ltr'><strong>aliquo</strong></span> <span class='ocrx_word' id='word_1_331' title='bbox 3538 451 3623 490; x_wconf 90' lang='lat' dir='ltr'><strong>er-</strong></span> 
     </span>
    </p>
   </div>
   <div class='ocr_carea' id='block_1_50' title="bbox 1969 515 2458 590">
    <p class='ocr_par' dir='ltr' id='par_1_50' title="bbox 1969 515 2458 590">
     <span class='ocr_line' id='line_1_50' title="bbox 1969 515 2458 590; baseline 0.006 -20"><span class='ocrx_word' id='word_1_332' title='bbox 1969 530 2102 570; x_wconf 89' lang='lat' dir='ltr'><strong>rore</strong></span> <span class='ocrx_word' id='word_1_333' title='bbox 2126 515 2458 590; x_wconf 88' lang='lat' dir='ltr'><strong>culpentnr.</strong></span> 
     </span>
    </p>
   </div>
   <div class='ocr_carea' id='block_1_51' title="bbox 1972 603 3622 671">
    <p class='ocr_par' dir='ltr' id='par_1_51' title="bbox 1972 603 3622 671">
     <span class='ocr_line' id='line_1_51' title="bbox 1972 603 3622 671; baseline 0.005 -14"><span class='ocrx_word' id='word_1_334' title='bbox 1972 603 2100 671; x_wconf 83' lang='lat' dir='ltr'><strong>Qua</strong></span> <span class='ocrx_word' id='word_1_335' title='bbox 2128 609 2301 661; x_wconf 72' lang='lat' dir='ltr'><strong>atate</strong></span> <span class='ocrx_word' id='word_1_336' title='bbox 2323 606 2654 662; x_wconf 82' lang='lat' dir='ltr'><strong>sacerdotes</strong></span> <span class='ocrx_word' id='word_1_337' title='bbox 2668 607 2948 662; x_wconf 82' lang='lat' dir='ltr'><strong>ordinari</strong></span> <span class='ocrx_word' id='word_1_338' title='bbox 2976 608 3246 664; x_wconf 80' lang='lat' dir='ltr'><strong>debeant.</strong></span> <span class='ocrx_word' id='word_1_339' title='bbox 3262 611 3360 664; x_wconf 79' lang='lat' dir='ltr'><strong>Ea:</strong></span> <span class='ocrx_word' id='word_1_340' title='bbox 3382 610 3622 666; x_wconf 83' lang='lat' dir='ltr'><strong>canoni-</strong></span> 
     </span>
    </p>
   </div>
   <div class='ocr_carea' id='block_1_52' title="bbox 2024 675 3562 752">
    <p class='ocr_par' dir='ltr' id='par_1_52' title="bbox 2024 675 3562 752">
     <span class='ocr_line' id='line_1_52' title="bbox 2024 675 3562 752; baseline 0.004 -24"><span class='ocrx_word' id='word_1_341' title='bbox 2024 675 2128 729; x_wconf 86' lang='lat' dir='ltr'><strong>bus</strong></span> <span class='ocrx_word' id='word_1_342' title='bbox 2161 675 2556 732; x_wconf 83' lang='lat' dir='ltr'><strong>Orientalium</strong></span> <span class='ocrx_word' id='word_1_343' title='bbox 2586 679 2971 748; x_wconf 83' lang='lat' dir='ltr'><strong>antiquorum</strong></span> <span class='ocrx_word' id='word_1_344' title='bbox 3004 679 3281 735; x_wconf 81' lang='lat' dir='ltr'><strong>Patrum.</strong></span> <span class='ocrx_word' id='word_1_345' title='bbox 3311 697 3442 752; x_wconf 88' lang='lat' dir='ltr'><strong>cap.</strong></span> <span class='ocrx_word' id='word_1_346' title='bbox 3475 685 3562 736; x_wconf 73' lang='lat'><strong>20.</strong></span> 
     </span>
    </p>
   </div>
   <div class='ocr_carea' id='block_1_53' title="bbox 2039 765 3624 837">
    <p class='ocr_par' dir='ltr' id='par_1_53' title="bbox 2039 765 3624 837">
     <span class='ocr_line' id='line_1_53' title="bbox 2039 765 3624 837; baseline 0.003 -17"><span class='ocrx_word' id='word_1_347' title='bbox 2039 766 2251 821; x_wconf 81' lang='lat' dir='ltr'><strong>XXXIX.</strong></span> <span class='ocrx_word' id='word_1_348' title='bbox 2282 765 2536 837; x_wconf 88' lang='lat' dir='ltr'><strong>(Concit.</strong></span> <span class='ocrx_word' id='word_1_349' title='bbox 2568 767 2928 835; x_wconf 68' lang='lat' dir='ltr'><strong>Neocasar.,</strong></span> <span class='ocrx_word' id='word_1_350' title='bbox 2961 783 3012 823; x_wconf 92' lang='lat' dir='ltr'><strong>c.</strong></span> <span class='ocrx_word' id='word_1_351' title='bbox 3054 769 3147 836; x_wconf 75' lang='lat' dir='ltr'><strong>ll;</strong></span> <span class='ocrx_word' id='word_1_352' title='bbox 3180 772 3419 826; x_wconf 75' lang='lat' dir='ltr'><strong>MARTIN.</strong></span> <span class='ocrx_word' id='word_1_353' title='bbox 3478 771 3624 825; x_wconf 69' lang='lat' dir='ltr'><strong>BEA-</strong></span> 
     </span>
    </p>
   </div>
   <div class='ocr_carea' id='block_1_54' title="bbox 1968 856 3624 931">
    <p class='ocr_par' dir='ltr' id='par_1_54' title="bbox 1968 856 3624 931">
     <span class='ocr_line' id='line_1_54' title="bbox 1968 856 3624 931; baseline 0.004 -22"><span class='ocrx_word' id='word_1_354' title='bbox 1968 870 2121 922; x_wconf 74' lang='lat' dir='ltr'><strong>CAR.,</strong></span> <span class='ocrx_word' id='word_1_355' title='bbox 2154 871 2204 910; x_wconf 90' lang='lat' dir='ltr'><strong>c.</strong></span> <span class='ocrx_word' id='word_1_356' title='bbox 2239 859 2341 923; x_wconf 78' lang='lat'><strong>20;</strong></span> <span class='ocrx_word' id='word_1_357' title='bbox 2367 857 2701 912; x_wconf 77' lang='lat' dir='ltr'><strong>Bl.‘RCHARD.</strong></span> <span class='ocrx_word' id='word_1_358' title='bbox 2729 856 2831 912; x_wconf 91' lang='lat' dir='ltr'><strong>lib.</strong></span> <span class='ocrx_word' id='word_1_359' title='bbox 2862 873 2918 924; x_wconf 80' lang='grc' dir='ltr'><strong>ιι,</strong></span> <span class='ocrx_word' id='word_1_360' title='bbox 2943 873 2993 911; x_wconf 95' lang='lat' dir='ltr'><strong>c.</strong></span> <span class='ocrx_word' id='word_1_361' title='bbox 3025 858 3136 924; x_wconf 82' lang='grc'><strong>10.)</strong></span> <span class='ocrx_word' id='word_1_362' title='bbox 3170 857 3226 913; x_wconf 92' lang='lat' dir='ltr'><strong>Si</strong></span> <span class='ocrx_word' id='word_1_363' title='bbox 3248 859 3383 931; x_wconf 88' lang='lat' dir='ltr'><strong>quis</strong></span> <span class='ocrx_word' id='word_1_364' title='bbox 3426 860 3624 930; x_wconf 87' lang='lat' dir='ltr'><strong>trigin-</strong></span> 
     </span>
    </p>
   </div>
   <div class='ocr_carea' id='block_1_55' title="bbox 1967 943 3623 1018">
    <p class='ocr_par' dir='ltr' id='par_1_55' title="bbox 1967 943 3623 1018">
     <span class='ocr_line' id='line_1_55' title="bbox 1967 943 3623 1018; baseline 0.003 -20"><span class='ocrx_word' id='word_1_365' title='bbox 1967 945 2028 998; x_wconf 88' lang='lat' dir='ltr'><strong>ta</strong></span> <span class='ocrx_word' id='word_1_366' title='bbox 2058 943 2246 1000; x_wconf 82' lang='lat' dir='ltr'><strong>atatis</strong></span> <span class='ocrx_word' id='word_1_367' title='bbox 2277 959 2402 998; x_wconf 85' lang='lat' dir='ltr'><strong>sua</strong></span> <span class='ocrx_word' id='word_1_368' title='bbox 2429 959 2553 999; x_wconf 92' lang='lat' dir='ltr'><strong>non</strong></span> <span class='ocrx_word' id='word_1_369' title='bbox 2579 944 2750 1017; x_wconf 65' lang='grc'><strong>40],</strong></span> <span class='ocrx_word' id='word_1_370' title='bbox 2812 945 3140 1018; x_wconf 88' lang='lat' dir='ltr'><strong>impleverit</strong></span> <span class='ocrx_word' id='word_1_371' title='bbox 3191 962 3406 1017; x_wconf 89' lang='lat' dir='ltr'><strong>annos,</strong></span> <span class='ocrx_word' id='word_1_372' title='bbox 3457 949 3623 1003; x_wconf 90' lang='lat' dir='ltr'><strong>nullo</strong></span> 
     </span>
    </p>
   </div>
   <div class='ocr_carea' id='block_1_56' title="bbox 1966 1032 3618 1109">
    <p class='ocr_par' dir='ltr' id='par_1_56' title="bbox 1966 1032 3618 1109">
     <span class='ocr_line' id='line_1_56' title="bbox 1966 1032 3618 1109; baseline 0.003 -21"><span class='ocrx_word' id='word_1_373' title='bbox 1966 1032 2152 1088; x_wconf 91' lang='lat' dir='ltr'><strong>modo</strong></span> <span class='ocrx_word' id='word_1_374' title='bbox 2179 1033 2494 1107; x_wconf 82' lang='lat' dir='ltr'><strong>presbyter</strong></span> <span class='ocrx_word' id='word_1_375' title='bbox 2530 1034 2858 1102; x_wconf 87' lang='lat' dir='ltr'><strong>ordinetur,</strong></span> <span class='ocrx_word' id='word_1_376' title='bbox 2893 1035 3002 1091; x_wconf 91' lang='lat' dir='ltr'><strong>etsi</strong></span> <span class='ocrx_word' id='word_1_377' title='bbox 3031 1035 3200 1092; x_wconf 90' lang='lat' dir='ltr'><strong>valde</strong></span> <span class='ocrx_word' id='word_1_378' title='bbox 3255 1037 3327 1093; x_wconf 90' lang='lat' dir='ltr'><strong>sit</strong></span> <span class='ocrx_word' id='word_1_379' title='bbox 3379 1037 3618 1109; x_wconf 85' lang='lat' dir='ltr'><strong>dignus,</strong></span> 
     </span>
    </p>
   </div>
   <div class='ocr_carea' id='block_1_57' title="bbox 1966 1122 3620 1198">
    <p class='ocr_par' dir='ltr' id='par_1_57' title="bbox 1966 1122 3620 1198">
     <span class='ocr_line' id='line_1_57' title="bbox 1966 1122 3620 1198; baseline 0.004 -22"><span class='ocrx_word' id='word_1_380' title='bbox 1966 1122 2263 1195; x_wconf 79' lang='lat' dir='ltr'><strong>quiaipse</strong></span> <span class='ocrx_word' id='word_1_381' title='bbox 2297 1125 2587 1180; x_wconf 91' lang='lat' dir='ltr'><strong>Dominus</strong></span> <span class='ocrx_word' id='word_1_382' title='bbox 2635 1125 2696 1182; x_wconf 93' lang='lat' dir='ltr'><strong>in</strong></span> <span class='ocrx_word' id='word_1_383' title='bbox 2748 1124 3044 1181; x_wconf 88' lang='lat' dir='ltr'><strong>tricesimo</strong></span> <span class='ocrx_word' id='word_1_384' title='bbox 3097 1142 3257 1183; x_wconf 89' lang='lat' dir='ltr'><strong>anno</strong></span> <span class='ocrx_word' id='word_1_385' title='bbox 3283 1126 3620 1198; x_wconf 87' lang='lat' dir='ltr'><strong>baptizatus</strong></span> 
     </span>
    </p>
   </div>
   <div class='ocr_carea' id='block_1_58' title="bbox 1968 1211 3622 1289">
    <p class='ocr_par' dir='ltr' id='par_1_58' title="bbox 1968 1211 3622 1289">
     <span class='ocr_line' id='line_1_58' title="bbox 1968 1211 3622 1289; baseline 0.002 -23"><span class='ocrx_word' id='word_1_386' title='bbox 1968 1214 2078 1276; x_wconf 90' lang='lat' dir='ltr'><strong>est,</strong></span> <span class='ocrx_word' id='word_1_387' title='bbox 2107 1215 2170 1268; x_wconf 89' lang='lat' dir='ltr'><strong>et</strong></span> <span class='ocrx_word' id='word_1_388' title='bbox 2193 1211 2275 1268; x_wconf 91' lang='lat' dir='ltr'><strong>sic</strong></span> <span class='ocrx_word' id='word_1_389' title='bbox 2331 1212 2510 1287; x_wconf 82' lang='lat' dir='ltr'><strong>capit</strong></span> <span class='ocrx_word' id='word_1_390' title='bbox 2559 1213 2794 1270; x_wconf 92' lang='lat' dir='ltr'><strong>docere.</strong></span> <span class='ocrx_word' id='word_1_391' title='bbox 2846 1216 3089 1288; x_wconf 89' lang='lat' dir='ltr'><strong>Oportet</strong></span> <span class='ocrx_word' id='word_1_392' title='bbox 3141 1231 3283 1286; x_wconf 90' lang='lat' dir='ltr'><strong>ergo</strong></span> <span class='ocrx_word' id='word_1_393' title='bbox 3335 1232 3473 1289; x_wconf 87' lang='lat' dir='ltr'><strong>eum</strong></span> <span class='ocrx_word' id='word_1_394' title='bbox 3517 1215 3622 1288; x_wconf 92' lang='lat' dir='ltr'><strong>qui</strong></span> 
     </span>
    </p>
   </div>
   <div class='ocr_carea' id='block_1_59' title="bbox 1968 1300 3620 1377">
    <p class='ocr_par' dir='ltr' id='par_1_59' title="bbox 1968 1300 3620 1377">
     <span class='ocr_line' id='line_1_59' title="bbox 1968 1300 3620 1377; baseline 0.003 -22"><span class='ocrx_word' id='word_1_395' title='bbox 1968 1300 2342 1358; x_wconf 84' lang='lat' dir='ltr'><strong>ordinandus</strong></span> <span class='ocrx_word' id='word_1_396' title='bbox 2392 1307 2483 1359; x_wconf 90' lang='lat' dir='ltr'><strong>est</strong></span> <span class='ocrx_word' id='word_1_397' title='bbox 2540 1320 2732 1377; x_wconf 88' lang='lat' dir='ltr'><strong>usque</strong></span> <span class='ocrx_word' id='word_1_398' title='bbox 2790 1304 2868 1360; x_wconf 91' lang='lat' dir='ltr'><strong>ad</strong></span> <span class='ocrx_word' id='word_1_399' title='bbox 2925 1304 3084 1361; x_wconf 89' lang='lat' dir='ltr'><strong>hanc</strong></span> <span class='ocrx_word' id='word_1_400' title='bbox 3145 1309 3380 1362; x_wconf 90' lang='lat' dir='ltr'><strong>atatem</strong></span> <span class='ocrx_word' id='word_1_401' title='bbox 3433 1305 3620 1375; x_wconf 85' lang='lat' dir='ltr'><strong>legiti-</strong></span> 
     </span>
    </p>
   </div>
   <div class='ocr_carea' id='block_1_60' title="bbox 1969 1405 2584 1446">
    <p class='ocr_par' dir='ltr' id='par_1_60' title="bbox 1969 1405 2584 1446">
     <span class='ocr_line' id='line_1_60' title="bbox 1969 1405 2584 1446; baseline 0.002 -1"><span class='ocrx_word' id='word_1_402' title='bbox 1969 1405 2135 1445; x_wconf 90' lang='lat' dir='ltr'><strong>mam</strong></span> <span class='ocrx_word' id='word_1_403' title='bbox 2160 1406 2523 1446; x_wconf 83' lang='lat' dir='ltr'><strong>conservari.</strong></span> <span class='ocrx_word' id='word_1_404' title='bbox 2573 1406 2584 1411; x_wconf 90' lang='grc'><em>”</em></span> 
     </span>
    </p>
   </div>
   <div class='ocr_carea' id='block_1_61' title="bbox 1967 1478 3622 1607">
    <p class='ocr_par' dir='ltr' id='par_1_61' title="bbox 1967 1478 3622 1607">
     <span class='ocr_line' id='line_1_61' title="bbox 1967 1478 3622 1607; baseline 0.002 -75"><span class='ocrx_word' id='word_1_405' title='bbox 1967 1479 2055 1533; x_wconf 88' lang='lat' dir='ltr'><strong>De</strong></span> <span class='ocrx_word' id='word_1_406' title='bbox 2081 1478 2462 1536; x_wconf 79' lang='lat' dir='ltr'><strong>ordinatione</strong></span> <span class='ocrx_word' id='word_1_407' title='bbox 2492 1482 2769 1606; x_wconf 43' lang='lat' dir='ltr'><strong>episcopi;</strong></span> <span class='ocrx_word' id='word_1_408' title='bbox 2935 1484 3197 1606; x_wconf 55' lang='lat' dir='ltr'><strong>Sfancitio</strong></span> <span class='ocrx_word' id='word_1_409' title='bbox 3233 1485 3513 1539; x_wconf 81' lang='lat' dir='ltr'><strong>Totetano</strong></span> <span class='ocrx_word' id='word_1_410' title='bbox 3544 1499 3622 1550; x_wconf 79' lang='lat' dir='ltr'><strong>iv,</strong></span> 
     </span>
     <span class='ocr_line' id='line_1_62' title="bbox 2602 1567 2988 1607; baseline 0 -1"><span class='ocrx_word' id='word_1_411' title='bbox 2602 1567 2736 1607; x_wconf 84' lang='lat' dir='ltr'><strong>cam</strong></span> <span class='ocrx_word' id='word_1_412' title='bbox 2770 1569 2806 1605; x_wconf 77' lang='grc' dir='ltr'><em>ιι</em></span> <span class='ocrx_word' id='word_1_413' title='bbox 2837 1567 2869 1606; x_wconf 92' lang='grc' dir='ltr'><em>ο</em></span> <span class='ocrx_word' id='word_1_414' title='bbox 2975 1595 2988 1606; x_wconf 95' lang='grc'><strong>.</strong></span> 
     </span>
    </p>
   </div>
   <div class='ocr_carea' id='block_1_62' title="bbox 2602 1567 2988 1620">
    <p class='ocr_par' dir='ltr' id='par_1_62' title="bbox 2602 1567 2988 1620">
     <span class='ocr_line' id='line_1_63' title="bbox 2602 1567 2988 1620; baseline 0 -14"><span class='ocrx_word' id='word_1_415' title='bbox 2602 1567 2869 1620; x_wconf 78' lang='lat' dir='ltr'><strong>capzmto</strong></span> <span class='ocrx_word' id='word_1_416' title='bbox 2903 1567 2988 1607; x_wconf 72' lang='grc' dir='ltr'><strong>τυ.</strong></span> 
     </span>
    </p>
   </div>
   <div class='ocr_carea' id='block_1_63' title="bbox 1895 1604 3624 1713">
    <p class='ocr_par' dir='ltr' id='par_1_63' title="bbox 1895 1604 3624 1713">
     <span class='ocr_line' id='line_1_64' title="bbox 1895 1604 3624 1713; baseline 0.002 -21"><span class='ocrx_word' id='word_1_417' title='bbox 1895 1604 1934 1658; x_wconf 71' lang='grc' dir='ltr'><strong>Β</strong></span> <span class='ocrx_word' id='word_1_418' title='bbox 2039 1640 2142 1694; x_wconf 88' lang='lat' dir='ltr'><strong>XL.</strong></span> <span class='ocrx_word' id='word_1_419' title='bbox 2172 1638 2508 1694; x_wconf 86' lang='lat' dir='ltr'><strong>Perniciosa</strong></span> <span class='ocrx_word' id='word_1_420' title='bbox 2540 1640 2912 1696; x_wconf 90' lang='lat' dir='ltr'><strong>consuetudo</strong></span> <span class='ocrx_word' id='word_1_421' title='bbox 2939 1656 3326 1713; x_wconf 90' lang='lat' dir='ltr'><strong>nequaquam</strong></span> <span class='ocrx_word' id='word_1_422' title='bbox 3381 1641 3624 1696; x_wconf 86' lang='lat' dir='ltr'><strong>reticen-</strong></span> 
     </span>
    </p>
   </div>
   <div class='ocr_carea' id='block_1_64' title="bbox 1965 1726 3620 1802">
    <p class='ocr_par' dir='ltr' id='par_1_64' title="bbox 1965 1726 3620 1802">
     <span class='ocr_line' id='line_1_65' title="bbox 1965 1726 3620 1802; baseline -0.001 -19"><span class='ocrx_word' id='word_1_423' title='bbox 1965 1727 2064 1794; x_wconf 90' lang='lat' dir='ltr'><strong>da,</strong></span> <span class='ocrx_word' id='word_1_424' title='bbox 2097 1744 2230 1800; x_wconf 84' lang='lat' dir='ltr'><strong>qua</strong></span> <span class='ocrx_word' id='word_1_425' title='bbox 2261 1728 2564 1798; x_wconf 89' lang='lat' dir='ltr'><strong>majorum</strong></span> <span class='ocrx_word' id='word_1_426' title='bbox 2596 1726 2813 1784; x_wconf 87' lang='lat' dir='ltr'><strong>statuta</strong></span> <span class='ocrx_word' id='word_1_427' title='bbox 2840 1731 3208 1802; x_wconf 88' lang='lat' dir='ltr'><strong>prateriens,</strong></span> <span class='ocrx_word' id='word_1_428' title='bbox 3240 1744 3482 1784; x_wconf 91' lang='lat' dir='ltr'><strong>omnem</strong></span> <span class='ocrx_word' id='word_1_429' title='bbox 3518 1731 3620 1783; x_wconf 88' lang='lat' dir='ltr'><strong>Ec-</strong></span> 
     </span>
    </p>
   </div>
   <div class='ocr_carea' id='block_1_65' title="bbox 1965 1815 3621 1890">
    <p class='ocr_par' dir='ltr' id='par_1_65' title="bbox 1965 1815 3621 1890">
     <span class='ocr_line' id='line_1_66' title="bbox 1965 1815 3621 1890; baseline 0.001 -19"><span class='ocrx_word' id='word_1_430' title='bbox 1965 1815 2156 1872; x_wconf 91' lang='lat' dir='ltr'><strong>clesia</strong></span> <span class='ocrx_word' id='word_1_431' title='bbox 2205 1817 2478 1873; x_wconf 90' lang='lat' dir='ltr'><strong>ordinem</strong></span> <span class='ocrx_word' id='word_1_432' title='bbox 2529 1817 2919 1890; x_wconf 90' lang='lat' dir='ltr'><strong>perturbavit,</strong></span> <span class='ocrx_word' id='word_1_433' title='bbox 2969 1817 3116 1873; x_wconf 90' lang='lat' dir='ltr'><strong>dum</strong></span> <span class='ocrx_word' id='word_1_434' title='bbox 3157 1817 3254 1874; x_wconf 87' lang='lat' dir='ltr'><strong>alii</strong></span> <span class='ocrx_word' id='word_1_435' title='bbox 3293 1833 3399 1890; x_wconf 89' lang='lat' dir='ltr'><strong>per</strong></span> <span class='ocrx_word' id='word_1_436' title='bbox 3428 1818 3621 1873; x_wconf 89' lang='lat' dir='ltr'><strong>ambi-</strong></span> 
     </span>
    </p>
   </div>
   <div class='ocr_carea' id='block_1_66' title="bbox 1965 1905 3620 1979">
    <p class='ocr_par' dir='ltr' id='par_1_66' title="bbox 1965 1905 3620 1979">
     <span class='ocr_line' id='line_1_67' title="bbox 1965 1905 3620 1979; baseline -0.001 -19"><span class='ocrx_word' id='word_1_437' title='bbox 1965 1910 2092 1961; x_wconf 87' lang='lat' dir='ltr'><strong>tum</strong></span> <span class='ocrx_word' id='word_1_438' title='bbox 2124 1905 2529 1962; x_wconf 89' lang='lat' dir='ltr'><strong>sacerdotium</strong></span> <span class='ocrx_word' id='word_1_439' title='bbox 2549 1910 2860 1979; x_wconf 87' lang='lat' dir='ltr'><strong>appetunt,</strong></span> <span class='ocrx_word' id='word_1_440' title='bbox 2892 1906 2990 1962; x_wconf 91' lang='lat' dir='ltr'><strong>alii</strong></span> <span class='ocrx_word' id='word_1_441' title='bbox 3019 1905 3237 1970; x_wconf 88' lang='lat' dir='ltr'><strong>oblatis</strong></span> <span class='ocrx_word' id='word_1_442' title='bbox 3266 1906 3620 1962; x_wconf 89' lang='lat' dir='ltr'><strong>muneribus</strong></span> 
     </span>
    </p>
   </div>
   <div class='ocr_carea' id='block_1_67' title="bbox 1963 1993 3623 2067">
    <p class='ocr_par' dir='ltr' id='par_1_67' title="bbox 1963 1993 3623 2067">
     <span class='ocr_line' id='line_1_68' title="bbox 1963 1993 3623 2067; baseline 0 -17"><span class='ocrx_word' id='word_1_443' title='bbox 1963 1994 2378 2067; x_wconf 87' lang='lat' dir='ltr'><strong>pontiﬁcatum</strong></span> <span class='ocrx_word' id='word_1_444' title='bbox 2401 2000 2751 2063; x_wconf 87' lang='lat' dir='ltr'><strong>assumunt;</strong></span> <span class='ocrx_word' id='word_1_445' title='bbox 2781 1993 3052 2050; x_wconf 91' lang='lat' dir='ltr'><strong>nonnulli</strong></span> <span class='ocrx_word' id='word_1_446' title='bbox 3081 1995 3260 2050; x_wconf 90' lang='lat' dir='ltr'><strong>etiam</strong></span> <span class='ocrx_word' id='word_1_447' title='bbox 3301 1994 3623 2050; x_wconf 89' lang='lat' dir='ltr'><strong>sceleribus</strong></span> 
     </span>
    </p>
   </div>
   <div class='ocr_carea' id='block_1_68' title="bbox 1963 2082 3623 2156">
    <p class='ocr_par' dir='ltr' id='par_1_68' title="bbox 1963 2082 3623 2156">
     <span class='ocr_line' id='line_1_69' title="bbox 1963 2082 3623 2156; baseline -0.001 -17"><span class='ocrx_word' id='word_1_448' title='bbox 1963 2083 2268 2156; x_wconf 87' lang='lat' dir='ltr'><strong>implicati,</strong></span> <span class='ocrx_word' id='word_1_449' title='bbox 2301 2083 2396 2139; x_wconf 89' lang='lat' dir='ltr'><strong>vel</strong></span> <span class='ocrx_word' id='word_1_450' title='bbox 2426 2084 2696 2140; x_wconf 84' lang='lat' dir='ltr'><strong>sacnlari</strong></span> <span class='ocrx_word' id='word_1_451' title='bbox 2736 2083 2958 2139; x_wconf 90' lang='lat' dir='ltr'><strong>militia</strong></span> <span class='ocrx_word' id='word_1_452' title='bbox 3002 2082 3206 2149; x_wconf 89' lang='lat' dir='ltr'><strong>dediti,</strong></span> <span class='ocrx_word' id='word_1_453' title='bbox 3262 2082 3488 2152; x_wconf 90' lang='lat' dir='ltr'><strong>indigni</strong></span> <span class='ocrx_word' id='word_1_454' title='bbox 3544 2083 3623 2138; x_wconf 90' lang='lat' dir='ltr'><strong>ad</strong></span> 
     </span>
    </p>
   </div>
   <div class='ocr_carea' id='block_1_69' title="bbox 1963 2163 3622 2244">
    <p class='ocr_par' dir='ltr' id='par_1_69' title="bbox 1963 2163 3622 2244">
     <span class='ocr_line' id='line_1_70' title="bbox 1963 2163 3622 2244; baseline -0.001 -17"><span class='ocrx_word' id='word_1_455' title='bbox 1963 2163 2255 2229; x_wconf 88' lang='lat' dir='ltr'><strong>honorem</strong></span> <span class='ocrx_word' id='word_1_456' title='bbox 2307 2172 2533 2228; x_wconf 89' lang='lat' dir='ltr'><strong>summi</strong></span> <span class='ocrx_word' id='word_1_457' title='bbox 2585 2173 2739 2228; x_wconf 89' lang='lat' dir='ltr'><strong>sacri</strong></span> <span class='ocrx_word' id='word_1_458' title='bbox 2793 2172 3020 2228; x_wconf 90' lang='lat' dir='ltr'><strong>ordinis</strong></span> <span class='ocrx_word' id='word_1_459' title='bbox 3066 2175 3486 2244; x_wconf 88' lang='lat' dir='ltr'><strong>pervenerunt.</strong></span> <span class='ocrx_word' id='word_1_460' title='bbox 3544 2173 3622 2226; x_wconf 89' lang='lat' dir='ltr'><strong>De</strong></span> 
     </span>
    </p>
   </div>
   <div class='ocr_carea' id='block_1_70' title="bbox 1963 2259 3623 2332">
    <p class='ocr_par' dir='ltr' id='par_1_70' title="bbox 1963 2259 3623 2332">
     <span class='ocr_line' id='line_1_71' title="bbox 1963 2259 3623 2332; baseline -0.001 -17"><span class='ocrx_word' id='word_1_461' title='bbox 1963 2276 2224 2332; x_wconf 88' lang='lat' dir='ltr'><strong>quorum</strong></span> <span class='ocrx_word' id='word_1_462' title='bbox 2257 2260 2477 2315; x_wconf 89' lang='lat' dir='ltr'><strong>scilicet</strong></span> <span class='ocrx_word' id='word_1_463' title='bbox 2505 2276 2692 2315; x_wconf 90' lang='lat' dir='ltr'><strong>causa</strong></span> <span class='ocrx_word' id='word_1_464' title='bbox 2715 2263 2896 2332; x_wconf 90' lang='lat' dir='ltr'><strong>atque</strong></span> <span class='ocrx_word' id='word_1_465' title='bbox 2927 2259 3255 2314; x_wconf 87' lang='lat' dir='ltr'><strong>remotione</strong></span> <span class='ocrx_word' id='word_1_466' title='bbox 3280 2262 3623 2330; x_wconf 89' lang='lat' dir='ltr'><strong>oportuerat</strong></span> 
     </span>
    </p>
   </div>
   <div class='ocr_carea' id='block_1_71' title="bbox 1964 2346 3625 2420">
    <p class='ocr_par' dir='ltr' id='par_1_71' title="bbox 1964 2346 3625 2420">
     <span class='ocr_line' id='line_1_72' title="bbox 1964 2346 3625 2420; baseline -0.001 -18"><span class='ocrx_word' id='word_1_467' title='bbox 1964 2347 2212 2420; x_wconf 90' lang='lat' dir='ltr'><strong>quidem</strong></span> <span class='ocrx_word' id='word_1_468' title='bbox 2246 2347 2655 2403; x_wconf 88' lang='lat' dir='ltr'><strong>statuendum.</strong></span> <span class='ocrx_word' id='word_1_469' title='bbox 2708 2347 2821 2402; x_wconf 90' lang='lat' dir='ltr'><strong>Sed</strong></span> <span class='ocrx_word' id='word_1_470' title='bbox 2880 2363 2955 2402; x_wconf 92' lang='lat' dir='ltr'><strong>ne</strong></span> <span class='ocrx_word' id='word_1_471' title='bbox 2998 2346 3368 2419; x_wconf 87' lang='lat' dir='ltr'><strong>perturbatio</strong></span> <span class='ocrx_word' id='word_1_472' title='bbox 3413 2362 3625 2418; x_wconf 90' lang='lat' dir='ltr'><strong>qnam-</strong></span> 
     </span>
    </p>
   </div>
   <div class='ocr_carea' id='block_1_72' title="bbox 1967 2434 3620 2509">
    <p class='ocr_par' dir='ltr' id='par_1_72' title="bbox 1967 2434 3620 2509">
     <span class='ocr_line' id='line_1_73' title="bbox 1967 2434 3620 2509; baseline -0.001 -19"><span class='ocrx_word' id='word_1_473' title='bbox 1967 2436 2226 2509; x_wconf 85' lang='lat' dir='ltr'><strong>plurima</strong></span> <span class='ocrx_word' id='word_1_474' title='bbox 2311 2436 2584 2491; x_wconf 87' lang='lat' dir='ltr'><strong>Ecclesia</strong></span> <span class='ocrx_word' id='word_1_475' title='bbox 2657 2436 2928 2504; x_wconf 91' lang='lat' dir='ltr'><strong>oriretur,</strong></span> <span class='ocrx_word' id='word_1_476' title='bbox 2997 2434 3306 2508; x_wconf 89' lang='lat' dir='ltr'><strong>prateritis</strong></span> <span class='ocrx_word' id='word_1_477' title='bbox 3361 2435 3620 2502; x_wconf 89' lang='lat' dir='ltr'><strong>omissis,</strong></span> 
     </span>
    </p>
   </div>
   <div class='ocr_carea' id='block_1_73' title="bbox 1965 2523 3620 2597">
    <p class='ocr_par' dir='ltr' id='par_1_73' title="bbox 1965 2523 3620 2597">
     <span class='ocr_line' id='line_1_74' title="bbox 1965 2523 3620 2597; baseline -0.001 -17"><span class='ocrx_word' id='word_1_478' title='bbox 1965 2524 2250 2596; x_wconf 87' lang='lat' dir='ltr'><strong>deinceps</strong></span> <span class='ocrx_word' id='word_1_479' title='bbox 2275 2524 2379 2596; x_wconf 89' lang='lat' dir='ltr'><strong>qui</strong></span> <span class='ocrx_word' id='word_1_480' title='bbox 2427 2540 2550 2580; x_wconf 92' lang='lat' dir='ltr'><strong>non</strong></span> <span class='ocrx_word' id='word_1_481' title='bbox 2599 2528 3068 2597; x_wconf 89' lang='lat' dir='ltr'><strong>promoveantur</strong></span> <span class='ocrx_word' id='word_1_482' title='bbox 3111 2523 3191 2580; x_wconf 89' lang='lat' dir='ltr'><strong>ad</strong></span> <span class='ocrx_word' id='word_1_483' title='bbox 3222 2523 3620 2580; x_wconf 89' lang='lat' dir='ltr'><strong>sacerdotium</strong></span> 
     </span>
    </p>
   </div>
   <div class='ocr_carea' id='block_1_74' title="bbox 1967 2610 3626 2682">
    <p class='ocr_par' dir='ltr' id='par_1_74' title="bbox 1967 2610 3626 2682">
     <span class='ocr_line' id='line_1_75' title="bbox 1967 2610 3626 2682; baseline -0.001 -15"><span class='ocrx_word' id='word_1_484' title='bbox 1967 2629 2039 2668; x_wconf 81' lang='lat' dir='ltr'><strong>ex</strong></span> <span class='ocrx_word' id='word_1_485' title='bbox 2070 2612 2292 2682; x_wconf 89' lang='lat' dir='ltr'><strong>regulis</strong></span> <span class='ocrx_word' id='word_1_486' title='bbox 2327 2627 2632 2669; x_wconf 89' lang='lat' dir='ltr'><strong>canonum</strong></span> <span class='ocrx_word' id='word_1_487' title='bbox 2663 2612 3002 2668; x_wconf 90' lang='lat' dir='ltr'><strong>necessario</strong></span> <span class='ocrx_word' id='word_1_488' title='bbox 3033 2610 3333 2666; x_wconf 86' lang='lat' dir='ltr'><strong>credimus</strong></span> <span class='ocrx_word' id='word_1_489' title='bbox 3365 2611 3626 2667; x_wconf 89' lang='lat' dir='ltr'><strong>inseren-</strong></span> 
     </span>
    </p>
   </div>
   <div class='ocr_carea' id='block_1_75' title="bbox 1966 2699 3621 2773">
    <p class='ocr_par' dir='ltr' id='par_1_75' title="bbox 1966 2699 3621 2773">
     <span class='ocr_line' id='line_1_76' title="bbox 1966 2699 3621 2773; baseline -0.001 -18"><span class='ocrx_word' id='word_1_490' title='bbox 1966 2699 2136 2762; x_wconf 90' lang='lat' dir='ltr'><strong>dum,</strong></span> <span class='ocrx_word' id='word_1_491' title='bbox 2165 2700 2358 2768; x_wconf 88' lang='lat' dir='ltr'><strong>idest,</strong></span> <span class='ocrx_word' id='word_1_492' title='bbox 2392 2700 2497 2772; x_wconf 91' lang='lat' dir='ltr'><strong>qui</strong></span> <span class='ocrx_word' id='word_1_493' title='bbox 2542 2701 2604 2756; x_wconf 89' lang='lat' dir='ltr'><strong>in</strong></span> <span class='ocrx_word' id='word_1_494' title='bbox 2649 2700 2852 2773; x_wconf 91' lang='lat' dir='ltr'><strong>aliquo</strong></span> <span class='ocrx_word' id='word_1_495' title='bbox 2904 2699 3149 2756; x_wconf 90' lang='lat' dir='ltr'><strong>crimine</strong></span> <span class='ocrx_word' id='word_1_496' title='bbox 3200 2699 3412 2755; x_wconf 91' lang='lat' dir='ltr'><strong>detecti</strong></span> <span class='ocrx_word' id='word_1_497' title='bbox 3465 2702 3621 2765; x_wconf 90' lang='lat' dir='ltr'><strong>sunt,</strong></span> 
     </span>
    </p>
   </div>
   <div class='ocr_carea' id='block_1_76' title="bbox 1965 2787 3624 2862">
    <p class='ocr_par' dir='ltr' id='par_1_76' title="bbox 1965 2787 3624 2862">
     <span class='ocr_line' id='line_1_77' title="bbox 1965 2787 3624 2862; baseline 0.001 -19"><span class='ocrx_word' id='word_1_498' title='bbox 1965 2789 2070 2861; x_wconf 90' lang='lat' dir='ltr'><strong>qui</strong></span> <span class='ocrx_word' id='word_1_499' title='bbox 2091 2788 2352 2845; x_wconf 82' lang='lat' dir='ltr'><strong>infamia</strong></span> <span class='ocrx_word' id='word_1_500' title='bbox 2377 2795 2520 2846; x_wconf 89' lang='lat' dir='ltr'><strong>nota</strong></span> <span class='ocrx_word' id='word_1_501' title='bbox 2564 2789 2792 2862; x_wconf 90' lang='lat' dir='ltr'><strong>aspersi</strong></span> <span class='ocrx_word' id='word_1_502' title='bbox 2823 2794 2978 2856; x_wconf 92' lang='lat' dir='ltr'><strong>sunt,</strong></span> <span class='ocrx_word' id='word_1_503' title='bbox 3012 2789 3116 2862; x_wconf 91' lang='lat' dir='ltr'><strong>qui</strong></span> <span class='ocrx_word' id='word_1_504' title='bbox 3147 2788 3372 2844; x_wconf 91' lang='lat' dir='ltr'><strong>scelera</strong></span> <span class='ocrx_word' id='word_1_505' title='bbox 3419 2787 3624 2860; x_wconf 88' lang='lat' dir='ltr'><strong>aliqua</strong></span> 
     </span>
    </p>
   </div>
   <div class='ocr_carea' id='block_1_77' title="bbox 1964 2876 3621 2951">
    <p class='ocr_par' dir='ltr' id='par_1_77' title="bbox 1964 2876 3621 2951">
     <span class='ocr_line' id='line_1_78' title="bbox 1964 2876 3621 2951; baseline -0.001 -18"><span class='ocrx_word' id='word_1_506' title='bbox 1964 2893 2072 2950; x_wconf 90' lang='lat' dir='ltr'><strong>per</strong></span> <span class='ocrx_word' id='word_1_507' title='bbox 2089 2877 2395 2951; x_wconf 80' lang='lat' dir='ltr'><strong>publicam</strong></span> <span class='ocrx_word' id='word_1_508' title='bbox 2408 2876 2820 2950; x_wconf 78' lang='lat' dir='ltr'><strong>pauitantiam</strong></span> <span class='ocrx_word' id='word_1_509' title='bbox 2838 2877 3154 2934; x_wconf 90' lang='lat' dir='ltr'><strong>admisisse</strong></span> <span class='ocrx_word' id='word_1_510' title='bbox 3185 2877 3442 2933; x_wconf 78' lang='lat' dir='ltr'><strong>confessi</strong></span> <span class='ocrx_word' id='word_1_511' title='bbox 3463 2880 3621 2946; x_wconf 91' lang='lat' dir='ltr'><strong>sunt,</strong></span> 
     </span>
    </p>
   </div>
   <div class='ocr_carea' id='block_1_78' title="bbox 1965 2963 3626 3039">
    <p class='ocr_par' dir='ltr' id='par_1_78' title="bbox 1965 2963 3626 3039">
     <span class='ocr_line' id='line_1_79' title="bbox 1965 2963 3626 3039; baseline 0.001 -19"><span class='ocrx_word' id='word_1_512' title='bbox 1965 2967 2070 3038; x_wconf 90' lang='lat' dir='ltr'><strong>qui</strong></span> <span class='ocrx_word' id='word_1_513' title='bbox 2098 2967 2158 3022; x_wconf 93' lang='lat' dir='ltr'><strong>in</strong></span> <span class='ocrx_word' id='word_1_514' title='bbox 2186 2966 2396 3023; x_wconf 79' lang='lat' dir='ltr'><strong>liaresi</strong></span> <span class='ocrx_word' id='word_1_515' title='bbox 2416 2963 2696 3039; x_wconf 87' lang='lat' dir='ltr'><strong>baptizati</strong></span> <span class='ocrx_word' id='word_1_516' title='bbox 2741 2972 2844 3023; x_wconf 89' lang='lat' dir='ltr'><strong>aut</strong></span> <span class='ocrx_word' id='word_1_517' title='bbox 2870 2966 3219 3039; x_wconf 87' lang='lat' dir='ltr'><strong>rebaptizati</strong></span> <span class='ocrx_word' id='word_1_518' title='bbox 3247 2981 3374 3022; x_wconf 88' lang='lat' dir='ltr'><strong>esse</strong></span> <span class='ocrx_word' id='word_1_519' title='bbox 3417 2969 3626 3021; x_wconf 86' lang='lat' dir='ltr'><strong>notan-</strong></span> 
     </span>
    </p>
   </div>
   <div class='ocr_carea' id='block_1_79' title="bbox 1963 3051 3625 3128">
    <p class='ocr_par' dir='ltr' id='par_1_79' title="bbox 1963 3051 3625 3128">
     <span class='ocr_line' id='line_1_80' title="bbox 1963 3051 3625 3128; baseline -0.001 -18"><span class='ocrx_word' id='word_1_520' title='bbox 1963 3059 2076 3122; x_wconf 89' lang='lat' dir='ltr'><strong>tur,</strong></span> <span class='ocrx_word' id='word_1_521' title='bbox 2131 3055 2238 3127; x_wconf 92' lang='lat' dir='ltr'><strong>qui</strong></span> <span class='ocrx_word' id='word_1_522' title='bbox 2293 3051 2644 3128; x_wconf 78' lang='lat' dir='ltr'><strong>semetipsOs</strong></span> <span class='ocrx_word' id='word_1_523' title='bbox 2689 3055 3092 3123; x_wconf 88' lang='lat' dir='ltr'><strong>absciderunt,</strong></span> <span class='ocrx_word' id='word_1_524' title='bbox 3126 3059 3230 3112; x_wconf 89' lang='lat' dir='ltr'><strong>aut</strong></span> <span class='ocrx_word' id='word_1_525' title='bbox 3279 3053 3625 3110; x_wconf 89' lang='lat' dir='ltr'><strong>naturaliter</strong></span> 
     </span>
    </p>
   </div>
   <div class='ocr_carea' id='block_1_80' title="bbox 1963 3141 3616 3216">
    <p class='ocr_par' dir='ltr' id='par_1_80' title="bbox 1963 3141 3616 3216">
     <span class='ocr_line' id='line_1_81' title="bbox 1963 3141 3616 3216; baseline -0.001 -18"><span class='ocrx_word' id='word_1_526' title='bbox 1963 3143 2374 3199; x_wconf 89' lang='lat' dir='ltr'><strong>membrorum</strong></span> <span class='ocrx_word' id='word_1_527' title='bbox 2402 3141 2636 3200; x_wconf 80' lang='lat' dir='ltr'><strong>defeetu</strong></span> <span class='ocrx_word' id='word_1_528' title='bbox 2667 3143 2759 3200; x_wconf 90' lang='lat' dir='ltr'><strong>vel</strong></span> <span class='ocrx_word' id='word_1_529' title='bbox 2782 3143 3112 3200; x_wconf 85' lang='lat' dir='ltr'><strong>defectione</strong></span> <span class='ocrx_word' id='word_1_530' title='bbox 3145 3143 3370 3216; x_wconf 87' lang='lat' dir='ltr'><strong>aliquid</strong></span> <span class='ocrx_word' id='word_1_531' title='bbox 3412 3143 3616 3198; x_wconf 91' lang='lat' dir='ltr'><strong>minus</strong></span> 
     </span>
    </p>
   </div>
   <div class='ocr_carea' id='block_1_81' title="bbox 1961 3230 3625 3305">
    <p class='ocr_par' dir='ltr' id='par_1_81' title="bbox 1961 3230 3625 3305">
     <span class='ocr_line' id='line_1_82' title="bbox 1961 3230 3625 3305; baseline -0.001 -19"><span class='ocrx_word' id='word_1_532' title='bbox 1961 3231 2184 3288; x_wconf 88' lang='lat' dir='ltr'><strong>habere</strong></span> <span class='ocrx_word' id='word_1_533' title='bbox 2207 3237 2559 3302; x_wconf 89' lang='lat' dir='ltr'><strong>noscuntur,</strong></span> <span class='ocrx_word' id='word_1_534' title='bbox 2591 3232 2697 3305; x_wconf 92' lang='lat' dir='ltr'><strong>qui</strong></span> <span class='ocrx_word' id='word_1_535' title='bbox 2741 3231 3021 3288; x_wconf 85' lang='lat' dir='ltr'><strong>secunda</strong></span> <span class='ocrx_word' id='word_1_536' title='bbox 3079 3231 3282 3287; x_wconf 83' lang='lat' dir='ltr'><strong>uxoris</strong></span> <span class='ocrx_word' id='word_1_537' title='bbox 3339 3230 3625 3300; x_wconf 89' lang='lat' dir='ltr'><strong>conjunc-</strong></span> 
     </span>
    </p>
   </div>
   <div class='ocr_carea' id='block_1_82' title="bbox 1963 3317 3626 3390">
    <p class='ocr_par' dir='ltr' id='par_1_82' title="bbox 1963 3317 3626 3390">
     <span class='ocr_line' id='line_1_83' title="bbox 1963 3317 3626 3390; baseline -0.002 -14"><span class='ocrx_word' id='word_1_538' title='bbox 1963 3320 2185 3376; x_wconf 88' lang='lat' dir='ltr'><strong>tionem</strong></span> <span class='ocrx_word' id='word_1_539' title='bbox 2212 3321 2396 3377; x_wconf 87' lang='lat' dir='ltr'><strong>sortiti</strong></span> <span class='ocrx_word' id='word_1_540' title='bbox 2447 3326 2606 3390; x_wconf 89' lang='lat' dir='ltr'><strong>sunt,</strong></span> <span class='ocrx_word' id='word_1_541' title='bbox 2665 3325 2770 3377; x_wconf 90' lang='lat' dir='ltr'><strong>ant</strong></span> <span class='ocrx_word' id='word_1_542' title='bbox 2816 3335 3141 3377; x_wconf 91' lang='lat' dir='ltr'><strong>numerosa</strong></span> <span class='ocrx_word' id='word_1_543' title='bbox 3185 3319 3475 3390; x_wconf 79' lang='lat' dir='ltr'><strong>cenjugia</strong></span> <span class='ocrx_word' id='word_1_544' title='bbox 3522 3317 3626 3372; x_wconf 88' lang='lat' dir='ltr'><strong>fre-</strong></span> 
     </span>
    </p>
   </div>
   <div class='ocr_carea' id='block_1_83' title="bbox 1961 3407 3625 3484">
    <p class='ocr_par' dir='ltr' id='par_1_83' title="bbox 1961 3407 3625 3484">
     <span class='ocr_line' id='line_1_84' title="bbox 1961 3407 3625 3484; baseline -0.002 -18"><span class='ocrx_word' id='word_1_545' title='bbox 1961 3415 2418 3482; x_wconf 87' lang='lat' dir='ltr'><strong>quentaverunt,</strong></span> <span class='ocrx_word' id='word_1_546' title='bbox 2446 3411 2551 3484; x_wconf 92' lang='lat' dir='ltr'><strong>qui</strong></span> <span class='ocrx_word' id='word_1_547' title='bbox 2576 3411 2826 3467; x_wconf 88' lang='lat' dir='ltr'><strong>viduam</strong></span> <span class='ocrx_word' id='word_1_548' title='bbox 2875 3411 2969 3466; x_wconf 89' lang='lat' dir='ltr'><strong>vel</strong></span> <span class='ocrx_word' id='word_1_549' title='bbox 3021 3427 3058 3466; x_wconf 89' lang='lat' dir='ltr'><strong>a</strong></span> <span class='ocrx_word' id='word_1_550' title='bbox 3104 3409 3320 3465; x_wconf 90' lang='lat' dir='ltr'><strong>marito</strong></span> <span class='ocrx_word' id='word_1_551' title='bbox 3361 3407 3625 3463; x_wconf 79' lang='lat' dir='ltr'><strong>relictam</strong></span> 
     </span>
    </p>
   </div>
   <div class='ocr_carea' id='block_1_84' title="bbox 1971 3496 3625 3571">
    <p class='ocr_par' dir='ltr' id='par_1_84' title="bbox 1971 3496 3625 3571">
     <span class='ocr_line' id='line_1_85' title="bbox 1971 3496 3625 3571; baseline -0.002 -17"><span class='ocrx_word' id='word_1_552' title='bbox 1971 3499 2292 3569; x_wconf 84' lang='lat' dir='ltr'><strong>duxerunt,</strong></span> <span class='ocrx_word' id='word_1_553' title='bbox 2333 3505 2435 3555; x_wconf 89' lang='lat' dir='ltr'><strong>aut</strong></span> <span class='ocrx_word' id='word_1_554' title='bbox 2489 3505 2908 3571; x_wconf 88' lang='lat' dir='ltr'><strong>corruptarum</strong></span> <span class='ocrx_word' id='word_1_555' title='bbox 2964 3499 3159 3554; x_wconf 90' lang='lat' dir='ltr'><strong>mariti</strong></span> <span class='ocrx_word' id='word_1_556' title='bbox 3218 3499 3477 3567; x_wconf 89' lang='lat' dir='ltr'><strong>fuerunt,</strong></span> <span class='ocrx_word' id='word_1_557' title='bbox 3521 3496 3625 3568; x_wconf 89' lang='lat' dir='ltr'><strong>qui</strong></span> 
     </span>
    </p>
   </div>
   <div class='ocr_carea' id='block_1_85' title="bbox 1965 3583 3628 3655">
    <p class='ocr_par' dir='ltr' id='par_1_85' title="bbox 1965 3583 3628 3655">
     <span class='ocr_line' id='line_1_86' title="bbox 1965 3583 3628 3655; baseline -0.004 -13"><span class='ocrx_word' id='word_1_558' title='bbox 1965 3587 2336 3643; x_wconf 89' lang='lat' dir='ltr'><strong>concubinas</strong></span> <span class='ocrx_word' id='word_1_559' title='bbox 2368 3588 2445 3642; x_wconf 92' lang='lat' dir='ltr'><strong>ad</strong></span> <span class='ocrx_word' id='word_1_560' title='bbox 2475 3587 2899 3642; x_wconf 88' lang='lat' dir='ltr'><strong>fornicationes</strong></span> <span class='ocrx_word' id='word_1_561' title='bbox 2930 3585 3294 3650; x_wconf 89' lang='lat' dir='ltr'><strong>habuerunt,</strong></span> <span class='ocrx_word' id='word_1_562' title='bbox 3350 3583 3454 3655; x_wconf 89' lang='lat' dir='ltr'><strong>qui</strong></span> <span class='ocrx_word' id='word_1_563' title='bbox 3512 3599 3628 3637; x_wconf 89' lang='lat' dir='ltr'><strong>ser-</strong></span> 
     </span>
    </p>
   </div>
   <div class='ocr_carea' id='block_1_86' title="bbox 1963 3673 3624 3747">
    <p class='ocr_par' dir='ltr' id='par_1_86' title="bbox 1963 3673 3624 3747">
     <span class='ocr_line' id='line_1_87' title="bbox 1963 3673 3624 3747; baseline -0.002 -17"><span class='ocrx_word' id='word_1_564' title='bbox 1963 3677 2063 3731; x_wconf 86' lang='lat' dir='ltr'><strong>vili</strong></span> <span class='ocrx_word' id='word_1_565' title='bbox 2095 3676 2271 3747; x_wconf 69' lang='grc'><strong>402</strong></span> <span class='ocrx_word' id='word_1_566' title='bbox 2300 3675 2641 3732; x_wconf 89' lang='lat' dir='ltr'><strong>conditione</strong></span> <span class='ocrx_word' id='word_1_567' title='bbox 2667 3675 2912 3730; x_wconf 81' lang='lat' dir='ltr'><strong>obnoxii</strong></span> <span class='ocrx_word' id='word_1_568' title='bbox 2934 3679 3091 3740; x_wconf 90' lang='lat' dir='ltr'><strong>sunt,</strong></span> <span class='ocrx_word' id='word_1_569' title='bbox 3116 3674 3221 3745; x_wconf 91' lang='lat' dir='ltr'><strong>qui</strong></span> <span class='ocrx_word' id='word_1_570' title='bbox 3250 3673 3435 3742; x_wconf 81' lang='lat' dir='ltr'><strong>ignoti</strong></span> <span class='ocrx_word' id='word_1_571' title='bbox 3466 3677 3624 3739; x_wconf 91' lang='lat' dir='ltr'><strong>sunt,</strong></span> 
     </span>
    </p>
   </div>
   <div class='ocr_carea' id='block_1_87' title="bbox 1964 3759 3626 3838">
    <p class='ocr_par' dir='ltr' id='par_1_87' title="bbox 1964 3759 3626 3838">
     <span class='ocr_line' id='line_1_88' title="bbox 1964 3759 3626 3838; baseline -0.004 -17"><span class='ocrx_word' id='word_1_572' title='bbox 1964 3766 2066 3837; x_wconf 91' lang='lat' dir='ltr'><strong>qui</strong></span> <span class='ocrx_word' id='word_1_573' title='bbox 2097 3765 2385 3838; x_wconf 82' lang='lat' dir='ltr'><strong>neaphyti</strong></span> <span class='ocrx_word' id='word_1_574' title='bbox 2407 3764 2500 3820; x_wconf 89' lang='lat' dir='ltr'><strong>vel</strong></span> <span class='ocrx_word' id='word_1_575' title='bbox 2532 3763 2664 3819; x_wconf 90' lang='lat' dir='ltr'><strong>laici</strong></span> <span class='ocrx_word' id='word_1_576' title='bbox 2715 3768 2872 3830; x_wconf 88' lang='lat' dir='ltr'><strong>sunt,</strong></span> <span class='ocrx_word' id='word_1_577' title='bbox 2914 3762 3015 3834; x_wconf 87' lang='lat' dir='ltr'><strong>qui</strong></span> <span class='ocrx_word' id='word_1_578' title='bbox 3072 3761 3346 3817; x_wconf 83' lang='lat' dir='ltr'><strong>saeculari</strong></span> <span class='ocrx_word' id='word_1_579' title='bbox 3405 3759 3626 3815; x_wconf 91' lang='lat' dir='ltr'><strong>militia</strong></span> 
     </span>
    </p>
   </div>
   <div class='ocr_carea' id='block_1_88' title="bbox 1964 3847 3628 3925">
    <p class='ocr_par' dir='ltr' id='par_1_88' title="bbox 1964 3847 3628 3925">
     <span class='ocr_line' id='line_1_89' title="bbox 1964 3847 3628 3925; baseline -0.004 -17"><span class='ocrx_word' id='word_1_580' title='bbox 1964 3853 2146 3909; x_wconf 89' lang='lat' dir='ltr'><strong>dediti</strong></span> <span class='ocrx_word' id='word_1_581' title='bbox 2202 3858 2361 3922; x_wconf 90' lang='lat' dir='ltr'><strong>sunt,</strong></span> <span class='ocrx_word' id='word_1_582' title='bbox 2389 3853 2494 3925; x_wconf 89' lang='lat' dir='ltr'><strong>qui</strong></span> <span class='ocrx_word' id='word_1_583' title='bbox 2521 3852 2699 3907; x_wconf 88' lang='lat' dir='ltr'><strong>curia</strong></span> <span class='ocrx_word' id='word_1_584' title='bbox 2729 3851 2985 3908; x_wconf 78' lang='lat' dir='ltr'><strong>nexibus</strong></span> <span class='ocrx_word' id='word_1_585' title='bbox 3008 3849 3254 3919; x_wconf 78' lang='lat' dir='ltr'><strong>obligati</strong></span> <span class='ocrx_word' id='word_1_586' title='bbox 3305 3853 3463 3922; x_wconf 88' lang='lat' dir='ltr'><strong>sunt,</strong></span> <span class='ocrx_word' id='word_1_587' title='bbox 3523 3847 3628 3920; x_wconf 90' lang='lat' dir='ltr'><strong>qui</strong></span> 
     </span>
    </p>
   </div>
   <div class='ocr_carea' id='block_1_89' title="bbox 1964 3937 3628 4013">
    <p class='ocr_par' dir='ltr' id='par_1_89' title="bbox 1964 3937 3628 4013">
     <span class='ocr_line' id='line_1_90' title="bbox 1964 3937 3628 4013; baseline -0.003 -16"><span class='ocrx_word' id='word_1_588' title='bbox 1964 3942 2130 3997; x_wconf 89' lang='lat' dir='ltr'><strong>inscii</strong></span> <span class='ocrx_word' id='word_1_589' title='bbox 2165 3941 2493 3998; x_wconf 86' lang='lat' dir='ltr'><strong>litterarum</strong></span> <span class='ocrx_word' id='word_1_590' title='bbox 2525 3945 2682 4007; x_wconf 90' lang='lat' dir='ltr'><strong>sunt,</strong></span> <span class='ocrx_word' id='word_1_591' title='bbox 2714 3941 2819 4013; x_wconf 88' lang='lat' dir='ltr'><strong>qui</strong></span> <span class='ocrx_word' id='word_1_592' title='bbox 2840 3939 3114 3996; x_wconf 91' lang='lat' dir='ltr'><strong>nondum</strong></span> <span class='ocrx_word' id='word_1_593' title='bbox 3145 3937 3224 3994; x_wconf 90' lang='lat' dir='ltr'><strong>ad</strong></span> <span class='ocrx_word' id='word_1_594' title='bbox 3249 3937 3486 4008; x_wconf 81' lang='lat' dir='ltr'><strong>triginta</strong></span> <span class='ocrx_word' id='word_1_595' title='bbox 3527 3951 3628 3992; x_wconf 85' lang='lat' dir='ltr'><strong>an-</strong></span> 
     </span>
    </p>
   </div>
   <div class='ocr_carea' id='block_1_90' title="bbox 1964 4025 3626 4104">
    <p class='ocr_par' dir='ltr' id='par_1_90' title="bbox 1964 4025 3626 4104">
     <span class='ocr_line' id='line_1_91' title="bbox 1964 4025 3626 4104; baseline -0.003 -18"><span class='ocrx_word' id='word_1_596' title='bbox 1964 4047 2074 4086; x_wconf 90' lang='lat' dir='ltr'><strong>nos</strong></span> <span class='ocrx_word' id='word_1_597' title='bbox 2118 4034 2538 4104; x_wconf 86' lang='lat' dir='ltr'><strong>pervenernnt,</strong></span> <span class='ocrx_word' id='word_1_598' title='bbox 2596 4030 2698 4102; x_wconf 92' lang='lat' dir='ltr'><strong>qui</strong></span> <span class='ocrx_word' id='word_1_599' title='bbox 2753 4045 2860 4102; x_wconf 90' lang='lat' dir='ltr'><strong>per</strong></span> <span class='ocrx_word' id='word_1_600' title='bbox 2918 4027 3142 4100; x_wconf 87' lang='lat' dir='ltr'><strong>gradus</strong></span> <span class='ocrx_word' id='word_1_601' title='bbox 3195 4025 3626 4084; x_wconf 83' lang='lat' dir='ltr'><strong>ecclesiasticos</strong></span> 
     </span>
    </p>
   </div>
   <div class='ocr_carea' id='block_1_91' title="bbox 1963 4118 3624 4192">
    <p class='ocr_par' dir='ltr' id='par_1_91' title="bbox 1963 4118 3624 4192">
     <span class='ocr_line' id='line_1_92' title="bbox 1963 4118 3624 4192; baseline -0.004 -16"><span class='ocrx_word' id='word_1_602' title='bbox 1963 4136 2086 4176; x_wconf 91' lang='lat' dir='ltr'><strong>non</strong></span> <span class='ocrx_word' id='word_1_603' title='bbox 2120 4123 2527 4187; x_wconf 90' lang='lat' dir='ltr'><strong>accesserunt,</strong></span> <span class='ocrx_word' id='word_1_604' title='bbox 2560 4119 2665 4192; x_wconf 91' lang='lat' dir='ltr'><strong>qui</strong></span> <span class='ocrx_word' id='word_1_605' title='bbox 2710 4118 2940 4175; x_wconf 90' lang='lat' dir='ltr'><strong>ambitu</strong></span> <span class='ocrx_word' id='word_1_606' title='bbox 2993 4118 3284 4174; x_wconf 90' lang='lat' dir='ltr'><strong>honorem</strong></span> <span class='ocrx_word' id='word_1_607' title='bbox 3327 4120 3624 4190; x_wconf 60' lang='lat' dir='ltr'><strong>quaerunt,</strong></span> 
     </span>
    </p>
   </div>
   <div class='ocr_carea' id='block_1_92' title="bbox 1963 4198 3624 4282">
    <p class='ocr_par' dir='ltr' id='par_1_92' title="bbox 1963 4198 3624 4282">
     <span class='ocr_line' id='line_1_93' title="bbox 1963 4198 3624 4282; baseline -0.004 -17"><span class='ocrx_word' id='word_1_608' title='bbox 1963 4210 2068 4282; x_wconf 91' lang='lat' dir='ltr'><strong>qui</strong></span> <span class='ocrx_word' id='word_1_609' title='bbox 2097 4209 2448 4265; x_wconf 88' lang='lat' dir='ltr'><strong>muneribus</strong></span> <span class='ocrx_word' id='word_1_610' title='bbox 2469 4209 2760 4265; x_wconf 85' lang='lat' dir='ltr'><strong>honorem</strong></span> <span class='ocrx_word' id='word_1_611' title='bbox 2792 4208 3058 4265; x_wconf 87' lang='lat' dir='ltr'><strong>obtinere</strong></span> <span class='ocrx_word' id='word_1_612' title='bbox 3097 4198 3560 4278; x_wconf 87' lang='lat' dir='ltr'><strong>moliuntur,qui</strong></span> <span class='ocrx_word' id='word_1_613' title='bbox 3588 4221 3624 4259; x_wconf 88' lang='lat' dir='ltr'><strong>a</strong></span> 
     </span>
    </p>
   </div>
   <div class='ocr_carea' id='block_1_93' title="bbox 188 4281 3626 4367">
    <p class='ocr_par' dir='ltr' id='par_1_93' title="bbox 188 4281 3626 4367">
     <span class='ocr_line' id='line_1_94' title="bbox 188 4281 3626 4367; baseline -0.001 -31"><span class='ocrx_word' id='word_1_614' title='bbox 188 4281 282 4354; x_wconf 88' lang='lat' dir='ltr'><strong>qui</strong></span> <span class='ocrx_word' id='word_1_615' title='bbox 312 4284 637 4340; x_wconf 85' lang='lat' dir='ltr'><strong>salubriter</strong></span> <span class='ocrx_word' id='word_1_616' title='bbox 663 4300 698 4340; x_wconf 87' lang='lat' dir='ltr'><strong>a</strong></span> <span class='ocrx_word' id='word_1_617' title='bbox 719 4283 942 4340; x_wconf 89' lang='lat' dir='ltr'><strong>sanctis</strong></span> <span class='ocrx_word' id='word_1_618' title='bbox 964 4283 1218 4338; x_wconf 90' lang='lat' dir='ltr'><strong>Paribus</strong></span> <span class='ocrx_word' id='word_1_619' title='bbox 1250 4281 1514 4338; x_wconf 89' lang='lat' dir='ltr'><strong>instituta</strong></span> <span class='ocrx_word' id='word_1_620' title='bbox 1531 4281 1854 4336; x_wconf 85' lang='lat' dir='ltr'><strong>observare</strong></span> <span class='ocrx_word' id='word_1_621' title='bbox 1888 4299 1932 4353; x_wconf 75' lang='grc' dir='ltr'><strong>ι)</strong></span> <span class='ocrx_word' id='word_1_622' title='bbox 1964 4281 2381 4354; x_wconf 66' lang='lat' dir='ltr'><strong>decessoribus</strong></span> <span class='ocrx_word' id='word_1_623' title='bbox 2417 4299 2478 4353; x_wconf 68' lang='lat' dir='ltr'><strong>in</strong></span> <span class='ocrx_word' id='word_1_624' title='bbox 2529 4298 2928 4354; x_wconf 62' lang='lat' dir='ltr'><strong>sacerdotium</strong></span> <span class='ocrx_word' id='word_1_625' title='bbox 2993 4296 3312 4367; x_wconf 50' lang='lat' dir='ltr'><strong>eliguntur.</strong></span> <span class='ocrx_word' id='word_1_626' title='bbox 3357 4295 3472 4351; x_wconf 73' lang='lat' dir='ltr'><strong>Sed</strong></span> <span class='ocrx_word' id='word_1_627' title='bbox 3515 4309 3626 4348; x_wconf 75' lang='lat' dir='ltr'><strong>nec</strong></span> 
     </span>
    </p>
   </div>
   <div class='ocr_carea' id='block_1_94' title="bbox 189 4374 722 4443">
    <p class='ocr_par' dir='ltr' id='par_1_94' title="bbox 189 4374 722 4443">
     <span class='ocr_line' id='line_1_95' title="bbox 189 4374 722 4443; baseline 0.009 -21"><span class='ocrx_word' id='word_1_628' title='bbox 189 4374 510 4430; x_wconf 86' lang='lat' dir='ltr'><strong>contemnit</strong></span> <span class='ocrx_word' id='word_1_629' title='bbox 554 4374 722 4443; x_wconf 77' lang='lat'><strong>(330).</strong></span> 
     </span>
    </p>
   </div>
   <div class='ocr_carea' id='block_1_95' title="bbox 287 4479 1744 4548">
    <p class='ocr_par' dir='ltr' id='par_1_95' title="bbox 287 4479 1744 4548">
     <span class='ocr_line' id='line_1_96' title="bbox 287 4479 1744 4548; baseline -0.002 -13"><span class='ocrx_word' id='word_1_630' title='bbox 287 4479 416 4548; x_wconf 81' lang='lat' dir='ltr'><strong>Qua</strong></span> <span class='ocrx_word' id='word_1_631' title='bbox 449 4485 634 4538; x_wconf 70' lang='lat' dir='ltr'><strong>aetate</strong></span> <span class='ocrx_word' id='word_1_632' title='bbox 661 4480 905 4536; x_wconf 86' lang='lat' dir='ltr'><strong>diaconi</strong></span> <span class='ocrx_word' id='word_1_633' title='bbox 925 4479 1308 4535; x_wconf 83' lang='lat' dir='ltr'><strong>ordinentur.</strong></span> <span class='ocrx_word' id='word_1_634' title='bbox 1343 4479 1631 4547; x_wconf 79' lang='lat' dir='ltr'><strong>Capitula</strong></span> <span class='ocrx_word' id='word_1_635' title='bbox 1661 4482 1744 4532; x_wconf 71' lang='lat'><strong>£3.</strong></span> 
     </span>
    </p>
   </div>
   <div class='ocr_carea' id='block_1_96' title="bbox 253 4575 1854 4648">
    <p class='ocr_par' dir='ltr' id='par_1_96' title="bbox 253 4575 1854 4648">
     <span class='ocr_line' id='line_1_97' title="bbox 253 4575 1854 4648; baseline -0.002 -16"><span class='ocrx_word' id='word_1_636' title='bbox 253 4579 491 4634; x_wconf 79' lang='lat' dir='ltr'><strong>XXXVII.</strong></span> <span class='ocrx_word' id='word_1_637' title='bbox 530 4577 747 4646; x_wconf 82' lang='lat' dir='ltr'><strong>(Cone.</strong></span> <span class='ocrx_word' id='word_1_638' title='bbox 779 4576 1031 4646; x_wconf 79' lang='lat' dir='ltr'><strong>Agath.,</strong></span> <span class='ocrx_word' id='word_1_639' title='bbox 1061 4592 1112 4632; x_wconf 91' lang='lat' dir='ltr'><strong>c.</strong></span> <span class='ocrx_word' id='word_1_640' title='bbox 1172 4577 1277 4645; x_wconf 89' lang='lat'><strong>16.)</strong></span> <span class='ocrx_word' id='word_1_641' title='bbox 1332 4575 1660 4648; x_wconf 87' lang='lat' dir='ltr'><strong>Episcopus</strong></span> <span class='ocrx_word' id='word_1_642' title='bbox 1713 4589 1854 4630; x_wconf 86' lang='lat' dir='ltr'><strong>vero</strong></span> 
     </span>
    </p>
   </div>
   <div class='ocr_carea' id='block_1_97' title="bbox 192 4662 1857 4732">
    <p class='ocr_par' dir='ltr' id='par_1_97' title="bbox 192 4662 1857 4732">
     <span class='ocr_line' id='line_1_98' title="bbox 192 4662 1857 4732; baseline 0 -14"><span class='ocrx_word' id='word_1_643' title='bbox 192 4662 670 4724; x_wconf 89' lang='lat' dir='ltr'><strong>benedictionem</strong></span> <span class='ocrx_word' id='word_1_644' title='bbox 699 4665 1054 4721; x_wconf 89' lang='lat' dir='ltr'><strong>diaconatus</strong></span> <span class='ocrx_word' id='word_1_645' title='bbox 1094 4664 1430 4719; x_wconf 88' lang='lat' dir='ltr'><strong>minoribus</strong></span> <span class='ocrx_word' id='word_1_646' title='bbox 1462 4680 1498 4719; x_wconf 89' lang='lat' dir='ltr'><strong>a</strong></span> <span class='ocrx_word' id='word_1_647' title='bbox 1553 4662 1758 4732; x_wconf 84' lang='lat' dir='ltr'><strong>viginti</strong></span> <span class='ocrx_word' id='word_1_648' title='bbox 1801 4669 1857 4718; x_wconf 91' lang='lat' dir='ltr'><strong>et</strong></span> 
     </span>
    </p>
   </div>
   <div class='ocr_carea' id='block_1_98' title="bbox 191 4752 1855 4828">
    <p class='ocr_par' dir='ltr' id='par_1_98' title="bbox 191 4752 1855 4828">
     <span class='ocr_line' id='line_1_99' title="bbox 191 4752 1855 4828; baseline 0 -20"><span class='ocrx_word' id='word_1_649' title='bbox 191 4755 452 4828; x_wconf 85' lang='lat' dir='ltr'><strong>quinque</strong></span> <span class='ocrx_word' id='word_1_650' title='bbox 483 4771 792 4813; x_wconf 88' lang='lat' dir='ltr'><strong>annorum</strong></span> <span class='ocrx_word' id='word_1_651' title='bbox 823 4754 1060 4828; x_wconf 78' lang='lat' dir='ltr'><strong>penitus</strong></span> <span class='ocrx_word' id='word_1_652' title='bbox 1109 4770 1232 4808; x_wconf 90' lang='lat' dir='ltr'><strong>non</strong></span> <span class='ocrx_word' id='word_1_653' title='bbox 1289 4752 1642 4808; x_wconf 88' lang='lat' dir='ltr'><strong>committat.</strong></span> <span class='ocrx_word' id='word_1_654' title='bbox 1702 4754 1855 4808; x_wconf 89' lang='lat' dir='ltr'><strong>Sane</strong></span> 
     </span>
    </p>
   </div>
   <div class='ocr_carea' id='block_1_99' title="bbox 193 4839 1854 4916">
    <p class='ocr_par' dir='ltr' id='par_1_99' title="bbox 193 4839 1854 4916">
     <span class='ocr_line' id='line_1_100' title="bbox 193 4839 1854 4916; baseline 0 -22"><span class='ocrx_word' id='word_1_655' title='bbox 193 4841 234 4896; x_wconf 89' lang='lat' dir='ltr'><strong>si</strong></span> <span class='ocrx_word' id='word_1_656' title='bbox 262 4845 582 4916; x_wconf 88' lang='lat' dir='ltr'><strong>conjugati</strong></span> <span class='ocrx_word' id='word_1_657' title='bbox 603 4845 860 4916; x_wconf 89' lang='lat' dir='ltr'><strong>juvenes</strong></span> <span class='ocrx_word' id='word_1_658' title='bbox 890 4842 1300 4898; x_wconf 91' lang='lat' dir='ltr'><strong>consenserint</strong></span> <span class='ocrx_word' id='word_1_659' title='bbox 1329 4840 1616 4906; x_wconf 89' lang='lat' dir='ltr'><strong>ordinari,</strong></span> <span class='ocrx_word' id='word_1_660' title='bbox 1676 4839 1854 4895; x_wconf 90' lang='lat' dir='ltr'><strong>etiam</strong></span> 
     </span>
    </p>
   </div>
   <div class='ocr_carea' id='block_1_100' title="bbox 193 4930 1856 5004">
    <p class='ocr_par' dir='ltr' id='par_1_100' title="bbox 193 4930 1856 5004">
     <span class='ocr_line' id='line_1_101' title="bbox 193 4930 1856 5004; baseline -0.002 -19"><span class='ocrx_word' id='word_1_661' title='bbox 193 4945 440 4990; x_wconf 77' lang='lat' dir='ltr'><strong>uxorum</strong></span> <span class='ocrx_word' id='word_1_662' title='bbox 471 4933 757 4996; x_wconf 81' lang='lat' dir='ltr'><strong>voluntas</strong></span> <span class='ocrx_word' id='word_1_663' title='bbox 787 4932 872 4990; x_wconf 87' lang='lat' dir='ltr'><strong>ita</strong></span> <span class='ocrx_word' id='word_1_664' title='bbox 925 4930 1288 5004; x_wconf 88' lang='lat' dir='ltr'><strong>requirenda</strong></span> <span class='ocrx_word' id='word_1_665' title='bbox 1347 4934 1440 4986; x_wconf 89' lang='lat' dir='ltr'><strong>est</strong></span> <span class='ocrx_word' id='word_1_666' title='bbox 1493 4934 1559 4985; x_wconf 89' lang='lat' dir='ltr'><strong>ut</strong></span> <span class='ocrx_word' id='word_1_667' title='bbox 1611 4944 1856 5000; x_wconf 88' lang='lat' dir='ltr'><strong>seques-</strong></span> 
     </span>
    </p>
   </div>
   <div class='ocr_carea' id='block_1_101' title="bbox 193 5017 1855 5091">
    <p class='ocr_par' dir='ltr' id='par_1_101' title="bbox 193 5017 1855 5091">
     <span class='ocr_line' id='line_1_102' title="bbox 193 5017 1855 5091; baseline -0.001 -18"><span class='ocrx_word' id='word_1_668' title='bbox 193 5022 333 5076; x_wconf 85' lang='lat' dir='ltr'><strong>trato</strong></span> <span class='ocrx_word' id='word_1_669' title='bbox 362 5021 708 5079; x_wconf 90' lang='lat' dir='ltr'><strong>mansionis</strong></span> <span class='ocrx_word' id='word_1_670' title='bbox 724 5020 1022 5088; x_wconf 89' lang='lat' dir='ltr'><strong>cubiculo,</strong></span> <span class='ocrx_word' id='word_1_671' title='bbox 1053 5019 1337 5091; x_wconf 85' lang='lat' dir='ltr'><strong>religione</strong></span> <span class='ocrx_word' id='word_1_672' title='bbox 1359 5017 1697 5091; x_wconf 78' lang='lat' dir='ltr'><strong>praemissa,</strong></span> <span class='ocrx_word' id='word_1_673' title='bbox 1720 5032 1855 5088; x_wconf 91' lang='lat' dir='ltr'><strong>pos-</strong></span> 
     </span>
    </p>
   </div>
   <div class='ocr_carea' id='block_1_102' title="bbox 191 5107 1692 5192">
    <p class='ocr_par' dir='ltr' id='par_1_102' title="bbox 191 5107 1692 5192">
     <span class='ocr_line' id='line_1_103' title="bbox 191 5107 1692 5192; baseline -0.001 -28"><span class='ocrx_word' id='word_1_674' title='bbox 191 5113 470 5182; x_wconf 87' lang='lat' dir='ltr'><strong>teaquam</strong></span> <span class='ocrx_word' id='word_1_675' title='bbox 502 5112 731 5185; x_wconf 89' lang='lat' dir='ltr'><strong>pariter</strong></span> <span class='ocrx_word' id='word_1_676' title='bbox 751 5109 1026 5167; x_wconf 91' lang='lat' dir='ltr'><strong>conversi</strong></span> <span class='ocrx_word' id='word_1_677' title='bbox 1056 5109 1300 5192; x_wconf 69' lang='lat' dir='ltr'><strong>fuerint,</strong></span> <span class='ocrx_word' id='word_1_678' title='bbox 1323 5107 1692 5164; x_wconf 87' lang='lat' dir='ltr'><strong>ordinentur.</strong></span> 
     </span>
    </p>
   </div>
   <div class='ocr_carea' id='block_1_103' title="bbox 193 5215 1850 5288">
    <p class='ocr_par' dir='ltr' id='par_1_103' title="bbox 193 5215 1850 5288">
     <span class='ocr_line' id='line_1_104' title="bbox 193 5215 1850 5288; baseline -0.002 -16"><span class='ocrx_word' id='word_1_679' title='bbox 193 5215 310 5282; x_wconf 78' lang='lat' dir='ltr'><strong>Qua</strong></span> <span class='ocrx_word' id='word_1_680' title='bbox 362 5224 546 5276; x_wconf 71' lang='lat' dir='ltr'><strong>aetate</strong></span> <span class='ocrx_word' id='word_1_681' title='bbox 573 5219 846 5288; x_wconf 80' lang='lat' dir='ltr'><strong>episcopi</strong></span> <span class='ocrx_word' id='word_1_682' title='bbox 872 5218 968 5274; x_wconf 82' lang='lat' dir='ltr'><strong>vel</strong></span> <span class='ocrx_word' id='word_1_683' title='bbox 1015 5216 1354 5286; x_wconf 84' lang='lat' dir='ltr'><strong>presbyteri</strong></span> <span class='ocrx_word' id='word_1_684' title='bbox 1408 5219 1850 5270; x_wconf 82' lang='lat' dir='ltr'><strong>consecrentur.</strong></span> 
     </span>
    </p>
   </div>
   <div class='ocr_carea' id='block_1_104' title="bbox 703 5288 1338 5359">
    <p class='ocr_par' dir='ltr' id='par_1_104' title="bbox 703 5288 1338 5359">
     <span class='ocr_line' id='line_1_105' title="bbox 703 5288 1338 5359; baseline -0.005 -14"><span class='ocrx_word' id='word_1_685' title='bbox 703 5291 802 5345; x_wconf 69' lang='lat' dir='ltr'><strong>Ex</strong></span> <span class='ocrx_word' id='word_1_686' title='bbox 827 5288 1050 5359; x_wconf 89' lang='lat' dir='ltr'><strong>eodem,</strong></span> <span class='ocrx_word' id='word_1_687' title='bbox 1081 5302 1214 5358; x_wconf 90' lang='lat' dir='ltr'><strong>cap.</strong></span> <span class='ocrx_word' id='word_1_688' title='bbox 1254 5291 1338 5342; x_wconf 82' lang='lat' dir='ltr'><strong>t7.</strong></span> 
     </span>
    </p>
   </div>
   <div class='ocr_carea' id='block_1_105' title="bbox 254 5373 1853 5450">
    <p class='ocr_par' dir='ltr' id='par_1_105' title="bbox 254 5373 1853 5450">
     <span class='ocr_line' id='line_1_106' title="bbox 254 5373 1853 5450; baseline -0.003 -19"><span class='ocrx_word' id='word_1_689' title='bbox 254 5378 542 5442; x_wconf 68' lang='lat' dir='ltr'><strong>XXXVIII.</strong></span> <span class='ocrx_word' id='word_1_690' title='bbox 572 5377 993 5450; x_wconf 85' lang='lat' dir='ltr'><strong>Presbyterum</strong></span> <span class='ocrx_word' id='word_1_691' title='bbox 1021 5391 1166 5432; x_wconf 90' lang='lat' dir='ltr'><strong>vero</strong></span> <span class='ocrx_word' id='word_1_692' title='bbox 1200 5375 1294 5431; x_wconf 91' lang='lat' dir='ltr'><strong>vel</strong></span> <span class='ocrx_word' id='word_1_693' title='bbox 1341 5373 1696 5447; x_wconf 88' lang='lat' dir='ltr'><strong>episcopum</strong></span> <span class='ocrx_word' id='word_1_694' title='bbox 1717 5375 1853 5428; x_wconf 91' lang='lat' dir='ltr'><strong>ante</strong></span> 
     </span>
    </p>
   </div>
   <div class='ocr_carea' id='block_1_106' title="bbox 222 5513 1852 5602">
    <p class='ocr_par' dir='ltr' id='par_1_106' title="bbox 222 5513 1852 5602">
     <span class='ocr_line' id='line_1_107' title="bbox 222 5513 1852 5602; baseline -0.008 -24"><span class='ocrx_word' id='word_1_695' title='bbox 222 5518 399 5602; x_wconf 58' lang='lat' dir='ltr'><strong>_(ll3t_))</strong></span> <span class='ocrx_word' id='word_1_696' title='bbox 435 5522 668 5602; x_wconf 73' lang='lat' dir='ltr'><strong>Desunt</strong></span> <span class='ocrx_word' id='word_1_697' title='bbox 690 5517 919 5602; x_wconf 83' lang='lat' dir='ltr'><strong>aliquot</strong></span> <span class='ocrx_word' id='word_1_698' title='bbox 946 5518 1221 5602; x_wconf 39' lang='lat' dir='ltr'><strong>verbanin</strong></span> <span class='ocrx_word' id='word_1_699' title='bbox 1251 5513 1664 5602; x_wconf 7' lang='lat' dir='ltr'><strong>canoneqisto,</strong></span> <span class='ocrx_word' id='word_1_700' title='bbox 1687 5528 1852 5602; x_wconf 33' lang='lat' dir='ltr'><strong>gqna</strong></span> 
     </span>
    </p>
   </div>
   <div class='ocr_carea' id='block_1_107' title="bbox 191 5589 1853 5660">
    <p class='ocr_par' dir='ltr' id='par_1_107' title="bbox 191 5589 1853 5660">
     <span class='ocr_line' id='line_1_108' title="bbox 191 5589 1853 5660; baseline -0.002 -20"><span class='ocrx_word' id='word_1_701' title='bbox 191 5589 268 5643; x_wconf 87' lang='lat' dir='ltr'><strong>sic</strong></span> <span class='ocrx_word' id='word_1_702' title='bbox 291 5589 711 5660; x_wconf 88' lang='lat' dir='ltr'><strong>interjicienda</strong></span> <span class='ocrx_word' id='word_1_703' title='bbox 742 5589 881 5645; x_wconf 72' lang='lat' dir='ltr'><strong>sunt</strong></span> <span class='ocrx_word' id='word_1_704' title='bbox 910 5606 983 5645; x_wconf 81' lang='lat' dir='ltr'><strong>ex</strong></span> <span class='ocrx_word' id='word_1_705' title='bbox 1021 5589 1278 5645; x_wconf 90' lang='lat' dir='ltr'><strong>editione</strong></span> <span class='ocrx_word' id='word_1_706' title='bbox 1335 5601 1644 5660; x_wconf 85' lang='lat' dir='ltr'><strong>canonum</strong></span> <span class='ocrx_word' id='word_1_707' title='bbox 1686 5589 1853 5638; x_wconf 89' lang='lat' dir='ltr'><strong>istius</strong></span> 
     </span>
    </p>
   </div>
   <div class='ocr_carea' id='block_1_108' title="bbox 187 5658 1854 5731">
    <p class='ocr_par' dir='ltr' id='par_1_108' title="bbox 187 5658 1854 5731">
     <span class='ocr_line' id='line_1_109' title="bbox 187 5658 1854 5731; baseline -0.002 -19"><span class='ocrx_word' id='word_1_708' title='bbox 187 5661 418 5717; x_wconf 79' lang='lat' dir='ltr'><strong>concilii</strong></span> <span class='ocrx_word' id='word_1_709' title='bbox 445 5658 937 5728; x_wconf 52' lang='lat' dir='ltr'><strong>Aurelianensis:</strong></span> <span class='ocrx_word' id='word_1_710' title='bbox 995 5661 1365 5731; x_wconf 70' lang='lat' dir='ltr'><strong>Approbm‘i,</strong></span> <span class='ocrx_word' id='word_1_711' title='bbox 1412 5672 1573 5714; x_wconf 87' lang='lat' dir='ltr'><strong>anno</strong></span> <span class='ocrx_word' id='word_1_712' title='bbox 1621 5658 1854 5725; x_wconf 86' lang='lat' dir='ltr'><strong>integro</strong></span> 
     </span>
    </p>
   </div>
   <div class='ocr_carea' id='block_1_109' title="bbox 1964 4383 3626 4461">
    <p class='ocr_par' dir='ltr' id='par_1_109' title="bbox 1964 4383 3626 4461">
     <span class='ocr_line' id='line_1_110' title="bbox 1964 4383 3626 4461; baseline -0.004 -19"><span class='ocrx_word' id='word_1_713' title='bbox 1964 4386 2058 4442; x_wconf 92' lang='lat' dir='ltr'><strong>ille</strong></span> <span class='ocrx_word' id='word_1_714' title='bbox 2083 4387 2366 4461; x_wconf 90' lang='lat' dir='ltr'><strong>deinceps</strong></span> <span class='ocrx_word' id='word_1_715' title='bbox 2396 4387 2678 4444; x_wconf 89' lang='lat' dir='ltr'><strong>sacerdos</strong></span> <span class='ocrx_word' id='word_1_716' title='bbox 2727 4387 2857 4456; x_wconf 90' lang='lat' dir='ltr'><strong>erit,</strong></span> <span class='ocrx_word' id='word_1_717' title='bbox 2903 4402 3087 4458; x_wconf 90' lang='lat' dir='ltr'><strong>quem</strong></span> <span class='ocrx_word' id='word_1_718' title='bbox 3134 4402 3243 4440; x_wconf 91' lang='lat' dir='ltr'><strong>nec</strong></span> <span class='ocrx_word' id='word_1_719' title='bbox 3295 4383 3487 4438; x_wconf 89' lang='lat' dir='ltr'><strong>clerus</strong></span> <span class='ocrx_word' id='word_1_720' title='bbox 3515 4397 3626 4436; x_wconf 91' lang='lat' dir='ltr'><strong>nec</strong></span> 
     </span>
    </p>
   </div>
   <div class='ocr_carea' id='block_1_110' title="bbox 1966 4470 3624 4550">
    <p class='ocr_par' dir='ltr' id='par_1_110' title="bbox 1966 4470 3624 4550">
     <span class='ocr_line' id='line_1_111' title="bbox 1966 4470 3624 4550; baseline -0.007 -16"><span class='ocrx_word' id='word_1_721' title='bbox 1966 4477 2231 4550; x_wconf 89' lang='lat' dir='ltr'><strong>populus</strong></span> <span class='ocrx_word' id='word_1_722' title='bbox 2284 4477 2542 4550; x_wconf 83' lang='lat' dir='ltr'><strong>propria</strong></span> <span class='ocrx_word' id='word_1_723' title='bbox 2586 4477 2838 4532; x_wconf 89' lang='lat' dir='ltr'><strong>civitatis</strong></span> <span class='ocrx_word' id='word_1_724' title='bbox 2893 4475 3154 4544; x_wconf 89' lang='lat' dir='ltr'><strong>elegerit,</strong></span> <span class='ocrx_word' id='word_1_725' title='bbox 3176 4473 3272 4528; x_wconf 89' lang='lat' dir='ltr'><strong>vel</strong></span> <span class='ocrx_word' id='word_1_726' title='bbox 3301 4470 3624 4527; x_wconf 89' lang='lat' dir='ltr'><strong>auctoritas</strong></span> 
     </span>
    </p>
   </div>
   <div class='ocr_carea' id='block_1_111' title="bbox 1967 4558 3627 4638">
    <p class='ocr_par' dir='ltr' id='par_1_111' title="bbox 1967 4558 3627 4638">
     <span class='ocr_line' id='line_1_112' title="bbox 1967 4558 3627 4638; baseline -0.006 -16"><span class='ocrx_word' id='word_1_727' title='bbox 1967 4567 2406 4638; x_wconf 85' lang='lat' dir='ltr'><strong>metropolitani</strong></span> <span class='ocrx_word' id='word_1_728' title='bbox 2448 4566 2542 4622; x_wconf 85' lang='lat' dir='ltr'><strong>vel</strong></span> <span class='ocrx_word' id='word_1_729' title='bbox 2597 4561 3193 4636; x_wconf 89' lang='lat' dir='ltr'><strong>comprovincialium</strong></span> <span class='ocrx_word' id='word_1_730' title='bbox 3247 4558 3627 4615; x_wconf 88' lang='lat' dir='ltr'><strong>sacerdotum</strong></span> 
     </span>
    </p>
   </div>
   <div class='ocr_carea' id='block_1_112' title="bbox 1968 4647 3628 4728">
    <p class='ocr_par' dir='ltr' id='par_1_112' title="bbox 1968 4647 3628 4728">
     <span class='ocr_line' id='line_1_113' title="bbox 1968 4647 3628 4728; baseline -0.008 -16"><span class='ocrx_word' id='word_1_731' title='bbox 1968 4656 2235 4712; x_wconf 88' lang='lat' dir='ltr'><strong>accessio</strong></span> <span class='ocrx_word' id='word_1_732' title='bbox 2292 4654 2626 4728; x_wconf 76' lang='lat' dir='ltr'><strong>exquisivit.</strong></span> <span class='ocrx_word' id='word_1_733' title='bbox 2696 4651 3049 4723; x_wconf 89' lang='lat' dir='ltr'><strong>Quicunque</strong></span> <span class='ocrx_word' id='word_1_734' title='bbox 3105 4649 3283 4719; x_wconf 89' lang='lat' dir='ltr'><strong>igitur</strong></span> <span class='ocrx_word' id='word_1_735' title='bbox 3346 4647 3628 4718; x_wconf 88' lang='lat' dir='ltr'><strong>deinceps</strong></span> 
     </span>
    </p>
   </div>
   <div class='ocr_carea' id='block_1_113' title="bbox 1966 4735 3627 4812">
    <p class='ocr_par' dir='ltr' id='par_1_113' title="bbox 1966 4735 3627 4812">
     <span class='ocr_line' id='line_1_114' title="bbox 1966 4735 3627 4812; baseline -0.008 -11"><span class='ocrx_word' id='word_1_736' title='bbox 1966 4744 2044 4801; x_wconf 89' lang='lat' dir='ltr'><strong>ad</strong></span> <span class='ocrx_word' id='word_1_737' title='bbox 2074 4744 2347 4800; x_wconf 88' lang='lat' dir='ltr'><strong>ordinem</strong></span> <span class='ocrx_word' id='word_1_738' title='bbox 2375 4741 2692 4799; x_wconf 84' lang='lat' dir='ltr'><strong>sacerdotii</strong></span> <span class='ocrx_word' id='word_1_739' title='bbox 2731 4737 3086 4812; x_wconf 90' lang='lat' dir='ltr'><strong>postulatur,</strong></span> <span class='ocrx_word' id='word_1_740' title='bbox 3143 4741 3200 4792; x_wconf 90' lang='lat' dir='ltr'><strong>et</strong></span> <span class='ocrx_word' id='word_1_741' title='bbox 3246 4737 3306 4791; x_wconf 93' lang='lat' dir='ltr'><strong>in</strong></span> <span class='ocrx_word' id='word_1_742' title='bbox 3348 4735 3442 4791; x_wconf 87' lang='lat' dir='ltr'><strong>his</strong></span> <span class='ocrx_word' id='word_1_743' title='bbox 3491 4750 3627 4806; x_wconf 84' lang='lat' dir='ltr'><strong>qua</strong></span> 
     </span>
    </p>
   </div>
   <div class='ocr_carea' id='block_1_114' title="bbox 1963 4823 3630 4906">
    <p class='ocr_par' dir='ltr' id='par_1_114' title="bbox 1963 4823 3630 4906">
     <span class='ocr_line' id='line_1_115' title="bbox 1963 4823 3630 4906; baseline -0.007 -16"><span class='ocrx_word' id='word_1_744' title='bbox 1963 4833 2250 4906; x_wconf 85' lang='lat' dir='ltr'><strong>pradicta</strong></span> <span class='ocrx_word' id='word_1_745' title='bbox 2279 4837 2421 4889; x_wconf 89' lang='lat' dir='ltr'><strong>sunt</strong></span> <span class='ocrx_word' id='word_1_746' title='bbox 2449 4830 2802 4905; x_wconf 83' lang='lat' dir='ltr'><strong>exquisitus,</strong></span> <span class='ocrx_word' id='word_1_747' title='bbox 2835 4828 2897 4883; x_wconf 92' lang='lat' dir='ltr'><strong>in</strong></span> <span class='ocrx_word' id='word_1_748' title='bbox 2941 4827 3107 4883; x_wconf 87' lang='lat' dir='ltr'><strong>nullo</strong></span> <span class='ocrx_word' id='word_1_749' title='bbox 3146 4826 3367 4882; x_wconf 90' lang='lat' dir='ltr'><strong>horum</strong></span> <span class='ocrx_word' id='word_1_750' title='bbox 3419 4823 3630 4896; x_wconf 90' lang='lat' dir='ltr'><strong>depre-</strong></span> 
     </span>
    </p>
   </div>
   <div class='ocr_carea' id='block_1_115' title="bbox 1964 4914 3629 4989">
    <p class='ocr_par' dir='ltr' id='par_1_115' title="bbox 1964 4914 3629 4989">
     <span class='ocr_line' id='line_1_116' title="bbox 1964 4914 3629 4989; baseline -0.007 -10"><span class='ocrx_word' id='word_1_751' title='bbox 1964 4923 2188 4979; x_wconf 88' lang='lat' dir='ltr'><strong>hensus</strong></span> <span class='ocrx_word' id='word_1_752' title='bbox 2245 4921 2435 4988; x_wconf 80' lang='lat' dir='ltr'><strong>fuerit,</strong></span> <span class='ocrx_word' id='word_1_753' title='bbox 2493 4919 2894 4985; x_wconf 84' lang='lat' dir='ltr'><strong>examinatus,</strong></span> <span class='ocrx_word' id='word_1_754' title='bbox 2941 4915 3240 4989; x_wconf 88' lang='lat' dir='ltr'><strong>probabili</strong></span> <span class='ocrx_word' id='word_1_755' title='bbox 3282 4914 3402 4970; x_wconf 86' lang='lat' dir='ltr'><strong>vita</strong></span> <span class='ocrx_word' id='word_1_756' title='bbox 3449 4917 3629 4985; x_wconf 90' lang='lat' dir='ltr'><strong>atque</strong></span> 
     </span>
    </p>
   </div>
   <div class='ocr_carea' id='block_1_116' title="bbox 1970 5001 3630 5077">
    <p class='ocr_par' dir='ltr' id='par_1_116' title="bbox 1970 5001 3630 5077">
     <span class='ocr_line' id='line_1_117' title="bbox 1970 5001 3630 5077; baseline -0.006 -10"><span class='ocrx_word' id='word_1_757' title='bbox 1970 5010 2245 5066; x_wconf 88' lang='lat' dir='ltr'><strong>doctrina</strong></span> <span class='ocrx_word' id='word_1_758' title='bbox 2273 5009 2576 5077; x_wconf 73' lang='lat' dir='ltr'><strong>exstiterit,</strong></span> <span class='ocrx_word' id='word_1_759' title='bbox 2611 5013 2752 5063; x_wconf 90' lang='lat' dir='ltr'><strong>tunc</strong></span> <span class='ocrx_word' id='word_1_760' title='bbox 2784 5004 3116 5060; x_wconf 89' lang='lat' dir='ltr'><strong>secundum</strong></span> <span class='ocrx_word' id='word_1_761' title='bbox 3175 5001 3492 5076; x_wconf 83' lang='lat' dir='ltr'><strong>synodalia</strong></span> <span class='ocrx_word' id='word_1_762' title='bbox 3538 5002 3630 5058; x_wconf 90' lang='lat' dir='ltr'><strong>vel</strong></span> 
     </span>
    </p>
   </div>
   <div class='ocr_carea' id='block_1_117' title="bbox 1971 5092 3628 5157">
    <p class='ocr_par' dir='ltr' id='par_1_117' title="bbox 1971 5092 3628 5157">
     <span class='ocr_line' id='line_1_118' title="bbox 1971 5092 3628 5157; baseline -0.006 -1"><span class='ocrx_word' id='word_1_763' title='bbox 1971 5099 2291 5157; x_wconf 87' lang='lat' dir='ltr'><strong>decretalia</strong></span> <span class='ocrx_word' id='word_1_764' title='bbox 2320 5099 2644 5154; x_wconf 89' lang='lat' dir='ltr'><strong>constituta</strong></span> <span class='ocrx_word' id='word_1_765' title='bbox 2673 5111 2814 5151; x_wconf 90' lang='lat' dir='ltr'><strong>cum</strong></span> <span class='ocrx_word' id='word_1_766' title='bbox 2841 5093 3114 5150; x_wconf 89' lang='lat' dir='ltr'><strong>omnium</strong></span> <span class='ocrx_word' id='word_1_767' title='bbox 3146 5093 3497 5149; x_wconf 88' lang='lat' dir='ltr'><strong>clericorum</strong></span> <span class='ocrx_word' id='word_1_768' title='bbox 3536 5092 3628 5149; x_wconf 90' lang='lat' dir='ltr'><strong>vel</strong></span> 
     </span>
    </p>
   </div>
   <div class='ocr_carea' id='block_1_118' title="bbox 1965 5180 3630 5257">
    <p class='ocr_par' dir='ltr' id='par_1_118' title="bbox 1965 5180 3630 5257">
     <span class='ocr_line' id='line_1_119' title="bbox 1965 5180 3630 5257; baseline -0.005 -12"><span class='ocrx_word' id='word_1_769' title='bbox 1965 5189 2183 5246; x_wconf 90' lang='lat' dir='ltr'><strong>civium</strong></span> <span class='ocrx_word' id='word_1_770' title='bbox 2214 5189 2516 5244; x_wconf 84' lang='lat' dir='ltr'><strong>voluntate</strong></span> <span class='ocrx_word' id='word_1_771' title='bbox 2555 5186 2633 5242; x_wconf 91' lang='lat' dir='ltr'><strong>ab</strong></span> <span class='ocrx_word' id='word_1_772' title='bbox 2682 5184 2975 5241; x_wconf 89' lang='lat' dir='ltr'><strong>universis</strong></span> <span class='ocrx_word' id='word_1_773' title='bbox 3022 5180 3630 5257; x_wconf 86' lang='lat' dir='ltr'><strong>comprovincialibus</strong></span> 
     </span>
    </p>
   </div>
   <div class='ocr_carea' id='block_1_119' title="bbox 1965 5273 3632 5352">
    <p class='ocr_par' dir='ltr' id='par_1_119' title="bbox 1965 5273 3632 5352">
     <span class='ocr_line' id='line_1_120' title="bbox 1965 5273 3632 5352; baseline -0.004 -17"><span class='ocrx_word' id='word_1_774' title='bbox 1965 5278 2261 5352; x_wconf 77' lang='lat' dir='ltr'><strong>episcopis</strong></span> <span class='ocrx_word' id='word_1_775' title='bbox 2291 5282 2396 5334; x_wconf 89' lang='lat' dir='ltr'><strong>aut</strong></span> <span class='ocrx_word' id='word_1_776' title='bbox 2424 5281 2578 5332; x_wconf 93' lang='lat' dir='ltr'><strong>certe</strong></span> <span class='ocrx_word' id='word_1_777' title='bbox 2601 5293 2637 5332; x_wconf 89' lang='lat' dir='ltr'><strong>a</strong></span> <span class='ocrx_word' id='word_1_778' title='bbox 2667 5275 2856 5331; x_wconf 91' lang='lat' dir='ltr'><strong>tribus</strong></span> <span class='ocrx_word' id='word_1_779' title='bbox 2885 5275 2947 5330; x_wconf 92' lang='lat' dir='ltr'><strong>in</strong></span> <span class='ocrx_word' id='word_1_780' title='bbox 2973 5274 3067 5330; x_wconf 86' lang='lat' dir='ltr'><strong>die</strong></span> <span class='ocrx_word' id='word_1_781' title='bbox 3127 5273 3436 5330; x_wconf 88' lang='lat' dir='ltr'><strong>Dominica</strong></span> <span class='ocrx_word' id='word_1_782' title='bbox 3493 5284 3632 5328; x_wconf 79' lang='lat' dir='ltr'><strong>con‘</strong></span> 
     </span>
    </p>
   </div>
   <div class='ocr_carea' id='block_1_120' title="bbox 1965 5363 3628 5436">
    <p class='ocr_par' dir='ltr' id='par_1_120' title="bbox 1965 5363 3628 5436">
     <span class='ocr_line' id='line_1_121' title="bbox 1965 5363 3628 5436; baseline -0.006 -13"><span class='ocrx_word' id='word_1_783' title='bbox 1965 5367 2317 5436; x_wconf 90' lang='lat' dir='ltr'><strong>secrabitnr,</strong></span> <span class='ocrx_word' id='word_1_784' title='bbox 2348 5365 2810 5422; x_wconf 88' lang='lat' dir='ltr'><strong>conhibentibus</strong></span> <span class='ocrx_word' id='word_1_785' title='bbox 2832 5364 3035 5420; x_wconf 91' lang='lat' dir='ltr'><strong>litteris</strong></span> <span class='ocrx_word' id='word_1_786' title='bbox 3066 5364 3187 5420; x_wconf 90' lang='lat' dir='ltr'><strong>suis</strong></span> <span class='ocrx_word' id='word_1_787' title='bbox 3212 5363 3316 5436; x_wconf 89' lang='lat' dir='ltr'><strong>qui</strong></span> <span class='ocrx_word' id='word_1_788' title='bbox 3347 5363 3628 5418; x_wconf 88' lang='lat' dir='ltr'><strong>absentes</strong></span> 
     </span>
    </p>
   </div>
   <div class='ocr_carea' id='block_1_121' title="bbox 1965 5503 3631 5579">
    <p class='ocr_par' dir='ltr' id='par_1_121' title="bbox 1965 5503 3631 5579">
     <span class='ocr_line' id='line_1_122' title="bbox 1965 5503 3631 5579; baseline -0.007 -14"><span class='ocrx_word' id='word_1_789' title='bbox 1965 5511 2174 5565; x_wconf 63' lang='lat' dir='ltr'><strong>misias</strong></span> <span class='ocrx_word' id='word_1_790' title='bbox 2201 5509 2406 5578; x_wconf 78' lang='lat' dir='ltr'><strong>facere</strong></span> <span class='ocrx_word' id='word_1_791' title='bbox 2431 5522 2549 5563; x_wconf 87' lang='lat' dir='ltr'><strong>non</strong></span> <span class='ocrx_word' id='word_1_792' title='bbox 2575 5514 2950 5577; x_wconf 72' lang='lat' dir='ltr'><strong>praesumat:</strong></span> <span class='ocrx_word' id='word_1_793' title='bbox 2978 5523 3158 5579; x_wconf 84' lang='lat' dir='ltr'><strong>quam</strong></span> <span class='ocrx_word' id='word_1_794' title='bbox 3209 5521 3330 5560; x_wconf 88' lang='lat' dir='ltr'><strong>rem</strong></span> <span class='ocrx_word' id='word_1_795' title='bbox 3381 5503 3447 5579; x_wconf 88' lang='lat' dir='ltr'><strong>_si</strong></span> <span class='ocrx_word' id='word_1_796' title='bbox 3481 5503 3631 5579; x_wconf 0' lang='lat' dir='ltr'><strong>squis</strong></span> 
     </span>
    </p>
   </div>
   <div class='ocr_carea' id='block_1_122' title="bbox 1965 5577 3626 5652">
    <p class='ocr_par' dir='ltr' id='par_1_122' title="bbox 1965 5577 3626 5652">
     <span class='ocr_line' id='line_1_123' title="bbox 1965 5577 3626 5652; baseline -0.005 -17"><span class='ocrx_word' id='word_1_797' title='bbox 1965 5577 2280 5636; x_wconf 82' lang='lat' dir='ltr'><strong>observare</strong></span> <span class='ocrx_word' id='word_1_798' title='bbox 2306 5581 2587 5636; x_wconf 85' lang='lat' dir='ltr'><strong>noluerit.</strong></span> <span class='ocrx_word' id='word_1_799' title='bbox 2614 5585 2668 5635; x_wconf 87' lang='lat' dir='ltr'><strong>et</strong></span> <span class='ocrx_word' id='word_1_800' title='bbox 2695 5585 2906 5634; x_wconf 79' lang='lat' dir='ltr'><strong>contra</strong></span> <span class='ocrx_word' id='word_1_801' title='bbox 2953 5577 3340 5652; x_wconf 34' lang='lat' dir='ltr'><strong>consensmn”</strong></span> <span class='ocrx_word' id='word_1_802' title='bbox 3357 5577 3626 5652; x_wconf 73' lang='lat' dir='ltr'><strong>fratrum</strong></span> 
     </span>
    </p>
   </div>
   <div class='ocr_carea' id='block_1_123' title="bbox 1961 5646 3526 5724">
    <p class='ocr_par' dir='ltr' id='par_1_123' title="bbox 1961 5646 3526 5724">
     <span class='ocr_line' id='line_1_124' title="bbox 1961 5646 3526 5724; baseline -0.01 -14"><span class='ocrx_word' id='word_1_803' title='bbox 1961 5654 2217 5722; x_wconf 78' lang='lat' dir='ltr'><strong>faciens,</strong></span> <span class='ocrx_word' id='word_1_804' title='bbox 2246 5653 2426 5708; x_wconf 87' lang='lat' dir='ltr'><strong>misas</strong></span> <span class='ocrx_word' id='word_1_805' title='bbox 2447 5652 2778 5724; x_wconf 79' lang='lat' dir='ltr'><strong>celebrare,</strong></span> <span class='ocrx_word' id='word_1_806' title='bbox 2807 5656 2917 5707; x_wconf 89' lang='lat' dir='ltr'><strong>etc.</strong></span> <span class='ocrx_word' id='word_1_807' title='bbox 2957 5653 3128 5706; x_wconf 84' lang='lat' dir='ltr'><strong>Error</strong></span> <span class='ocrx_word' id='word_1_808' title='bbox 3152 5649 3262 5702; x_wconf 81' lang='lat' dir='ltr'><strong>fuit</strong></span> <span class='ocrx_word' id='word_1_809' title='bbox 3285 5646 3526 5700; x_wconf 82' lang='lat' dir='ltr'><strong>librarii.</strong></span> 
     </span>
    </p>
   </div>
  </div>
