3980 6182
330 159 432 215 379

1429 153 1804 211 REGINONIS
1843 149 2270 210 PRUMIENSIS
2309 155 2621 212 ABBATIS.
3618 153 3715 210 380

331 285 487 350 sunt,
516 285 574 337 et
597 277 792 350 magis
819 278 1164 335 auctoritate
1191 278 1284 334 vel
1340 278 1656 351 praesentia
1711 277 1842 348 ejus
1874 274 1976 349 qui
2011 273 2058 328 Α
2090 278 2205 334 rint
2231 283 2410 352 atque
2441 279 2518 336 ad
2551 279 2850 336 secundas
2883 279 3123 352 nuptias
3144 277 3459 334 transitum
3472 273 3734 347 fecerint;

330 375 419 428 est
444 371 505 427 in
531 367 844 442 metropoli
865 367 1233 424 constitutus.
1265 367 1592 441 Episcopus
1614 370 1815 424 autem
1843 381 1981 421 cum

332 457 936 534 comprovincialibus
975 457 1421 514 consecrandus
1474 461 1561 513 est
1613 457 1716 512 ubi
1771 461 1984 511 metro-

332 549 632 623 politanus
661 546 932 617 elegerit;
965 546 1459 619 metropolitanus
1514 549 1715 602 autem
1743 543 1982 601 nonnisi

331 638 394 694 in
427 637 655 694 civitate
702 635 1038 710 metropoli,
1095 635 1699 709 comprovincialibus
1759 633 1982 690 ibidem

333 725 839 784 cenvenientibus.
886 725 940 782 Si
999 725 1134 797 quis
1184 728 1384 782 autem
1427 725 1709 797 deinceps
1777 726 1985 780 contra

332 815 617 890 praedicta
646 814 825 871 vetita
874 829 1180 870 canonum
1232 815 1309 870 ad
1359 814 1616 884 gradum
1671 811 1984 870 sacerdotii

331 905 617 977 indignus
650 904 914 977 aspirare
940 903 1326 972 contenderit,
1361 921 1498 960 cum
1543 900 1984 959 ordinatoribus

331 993 454 1050 suis
482 993 684 1066 adepti
703 993 949 1049 honoris
976 993 1239 1065 periculo
1271 993 1622 1066 subjacebit.

336 1083 511 1157 403
541 1084 610 1140 Ut
636 1083 830 1139 viduae
853 1099 970 1157 non
1005 1084 1292 1157 velentur.
1329 1085 1412 1138 De
1452 1083 1833 1155 generalibus
1889 1083 1985 1137 de-

819 1156 995 1210 cretis
1023 1155 1254 1211 Galasii
1268 1169 1462 1225 papae.

406 1245 535 1299 XLI.
568 1245 840 1314 (Decreta
867 1245 1111 1310 Gerasn,
1145 1259 1194 1300 c.
1234 1247 1328 1312 l3;
1354 1242 1497 1299 lib.t
1535 1243 1898 1314 Capitular.,
1933 1257 1982 1297 c.

335 1331 448 1401 59.)
503 1330 725 1387 Viduas
773 1331 970 1388 velare
1017 1333 1370 1405 pontiﬁcum
1425 1329 1628 1388 nullus
1695 1333 1983 1387 attentet:

333 1420 499 1493 quod
530 1436 638 1476 nec
672 1421 990 1478 auctoritas
1020 1422 1225 1478 divina
1256 1423 1513 1493 delegat,
1536 1436 1652 1477 nec
1685 1434 1986 1477 canonum

331 1506 528 1565 forma
557 1509 889 1582 praestituit.
918 1511 1045 1566 Non
1075 1516 1163 1567 est
1208 1527 1350 1582 ergo
1406 1510 1644 1583 penitus
1691 1523 1987 1582 usurpan-

2091 384 2225 441 quas
2257 369 2365 425 etsi
2417 369 2694 426 violentia
2734 369 2994 425 irruente
3048 368 3127 424 ab
3172 368 3376 441 aliquo
3437 374 3738 441 praerepta:

2091 455 2324 525 fuerint,
2359 474 2427 515 ac
2452 463 2663 531 postea
2693 458 3082 515 delectatione
3109 457 3374 514 libidinis
3395 471 3740 530 permanere

2091 544 2150 601 in
2178 547 2528 618 conjugium
2564 549 2789 622 raptori
2831 547 2926 604 vel
2955 547 3210 604 violento
3253 545 3380 602 viro
3428 561 3740 603 consense-

2091 635 2511 710 rint,superius
2542 637 2930 693 damnatione
2961 649 3098 692 cum
3122 639 3411 709 praesente
3437 639 3746 692 teneantur

2092 723 2386 780 obnoxiae.
2442 728 2521 781 De
2568 725 2786 781 talibus
2841 725 2999 782 enim
3047 725 3127 781 ait
3183 724 3538 797 Apostolus:
3598 723 3740 780 Cum

2094 815 2245 869 enim
2271 815 2600 870 luxuriatae
2621 816 2854 885 fuerint
2887 816 2949 871 in
2983 815 3241 880 Christo,
3265 814 3489 870 nubere
3515 814 3740 881 volunt,

2095 903 2376 959 habentes
2405 904 2870 974 damnationem,
2903 905 3044 976 quia
3072 905 3329 973 primam
3358 903 3535 972 ﬁdem

2093 991 2330 1048 irritam
2382 996 2659 1063 fecerunt
2715 994 2769 1063 (Ι
2799 995 2945 1048 Tim.
2977 998 3053 1057 v).
3097 991 3369 1048 Aurelius
3427 991 3743 1070 episeopus

2096 1081 2575 1150 Carthaginensis
2634 1081 2902 1137 Ecclesiae
2955 1080 3302 1155 subscripsi.
3385 1080 3744 1136 Donatianus

2094 1169 2457 1242 Taleptensis
2479 1171 2685 1243 primae
2715 1171 2889 1227 sedis.

2096 1279 2180 1334 De
2211 1279 2402 1350 viduis
2425 1280 2730 1349 professis,
2761 1281 2815 1334 si
2841 1281 3175 1350 nupserint,
3230 1285 3334 1335 aut
3367 1283 3562 1348 rapto?
3622 1279 3749 1350 fue-

2165 1349 2308 1406 rint.
2340 1350 2672 1406 Concilium
2696 1349 3054 1406 Arausicum
3082 1367 3200 1405 xvn
3218 1351 3628 1420 episcoporum
3652 1349 3750 1404 ha-
3769 1384 3790 1404 .

2170 1421 2352 1476 bitum
2375 1437 2498 1477 aera
2523 1424 3054 1489 ceccnxxvuditulo
3077 1423 3294 1491 primo,
3323 1437 3454 1491 cap.
3480 1426 3568 1477 '27.

2168 1529 2340 1585 XLIV.
2373 1531 2625 1596 (Concil.
2655 1531 2935 1587 Arausic.
2964 1546 3001 1587 1.
3031 1547 3082 1588 c.
3112 1535 3178 1586 27
3214 1546 3227 1596 ;
3272 1533 3599 1585 Bracnmn.
3647 1525 3745 1585 lib.

333 1597 502 1665 dum,
531 1599 734 1672 eisque
765 1600 847 1654 sic
887 1598 1287 1656 ecclesiastica
1343 1599 1648 1654 inferenda
1704 1598 1984 1670 praesidia

2121 1635 2212 1681 Ἧι,
2243 1635 2292 1674 c.
2327 1621 2436 1689 43.)
2465 1619 2772 1675 Viduitatis
2817 1618 3124 1676 servandas
3170 1617 3603 1692 professionem
3659 1633 3748 1673 co-

334 1689 398 1740 ut
426 1685 573 1740 nihil
593 1685 996 1742 committatur
1026 1686 1316 1743 illicitum.

340 1774 507 1841 Quod
540 1775 752 1840 viduae,
774 1777 839 1828 ut
868 1790 1053 1845 supra
1078 1775 1300 1831 dictum
1353 1781 1456 1843 est,
1504 1792 1622 1832 non
1692 1775 1981 1831 velentur.

407 1845 527 1900 Sed
545 1846 598 1899 si
623 1845 953 1914 professum
985 1847 1412 1902 continentiam
1434 1847 1737 1917 proposito
1790 1851 1984 1901 muta-

410 1921 467 1970 to
491 1917 881 1985 calcaverint,
908 1918 1051 1986 ipsa!
1074 1932 1185 1986 pro
1210 1931 1270 1973 se
1325 1920 1448 1974 Deo
1499 1920 1791 1974 rationem
1849 1918 1985 1973 red-

406 1987 579 2044 dant.
609 1987 757 2056 Cap.
788 1992 849 2043 21
883 1989 1164 2057 eiusdem.

407 2075 582 2144 (XLII.
615 2075 967 2144 (Bonnam.
993 2076 1098 2133 lib.
1122 2092 1248 2144 VIII,
1271 2092 1325 2133 c.
1353 2078 1463 2148 34.)
1497 2080 1644 2134 Nam
1674 2077 1749 2134 de
1791 2076 1986 2134 viduis

335 2161 449 2216 sub
474 2161 642 2220 nulla
661 2163 1073 2220 benedictione
1099 2164 1369 2222 velandis
1400 2165 1674 2238 superius
1696 2165 1814 2221 late
1833 2163 1987 2220 sufﬁ-

333 2250 673 2324 cienterque
701 2251 1120 2310 disserendum
1151 2253 1436 2310 duximus
1469 2271 1482 2309 τ
1510 2253 1655 2326 quia
1675 2254 1723 2308 si
1742 2252 1985 2325 propria

332 2339 637 2396 voluntate
667 2341 1001 2414 professam
1060 2341 1292 2414 pristini
1342 2343 1605 2414 coniugii
1653 2342 1985 2399 castitatem

333 2429 607 2486 mutabili
630 2435 830 2487 mente
859 2431 1240 2501 calcaverint,
1291 2431 1537 2504 periculi
1595 2433 1728 2502 ejus
1779 2431 1988 2487 intere-

332 2518 467 2586 rint,
491 2519 652 2591 quia,
678 2520 852 2590 juxta
874 2520 1246 2592 Apostolum,
1271 2521 1531 2593 primam
1556 2519 1738 2577 ﬁdem
1760 2520 1987 2577 irritam

334 2607 492 2676 fecit,
546 2608 709 2681 quali
760 2612 946 2666 Deum
999 2609 1216 2667 debeat
1263 2609 1668 2668 satisfactione
1724 2610 1982 2682 placare.

330 2697 491 2756 Sicut
519 2699 699 2766 enim,
733 2698 780 2753 si
831 2711 893 2755 se
921 2697 1174 2755 forsitan
1222 2699 1524 2755 continere
1581 2715 1702 2755 non
1732 2702 1984 2770 poterat,

329 2785 664 2842 secundum
684 2787 1039 2858 Apostolum
1058 2786 1399 2844 nullatenus
1428 2785 1655 2842 nubere
1674 2785 1988 2842 vetabatur

227 2911 229 2913 ι
331 2874 414 2929 sic
435 2873 642 2932 habita
671 2891 875 2932 secum
897 2875 1322 2934 deliberatione
1344 2875 1703 2948 promissam
1734 2877 1852 2930 Deo
1883 2890 1988 2946 pu-

2096 1723 2226 1762 ram
2253 1707 2537 1781 episcopo
2569 1708 2629 1764 in
2662 1708 2977 1764 secretario
3019 1707 3309 1774 habitam,
3362 1707 3646 1780 imposita
3677 1708 3749 1762 ab

2095 1799 2379 1869 episcopo
2410 1801 2569 1854 veste
2597 1796 2843 1868 viduali,
2873 1815 2995 1855 non
3033 1815 3161 1854 esse
3184 1797 3563 1866 violandam;
3625 1798 3750 1868 ejus

2093 1902 2237 1942 vero
2264 1886 2630 1951 robatorem,
2654 1887 2748 1944 vel
2796 1887 2994 1960 ipsam
3039 1887 3172 1944 talis
3219 1886 3612 1960 professionis
3657 1888 3750 1942 de-

2096 1974 2420 2040 sertricem,
2451 1975 2664 2032 merito
2695 1992 2828 2040 esse
2855 1976 3295 2034 damnandam.

2095 2081 2404 2150 Incipiunt
2443 2083 2715 2150 capitula
2758 2097 2880 2152 qua
2920 2083 2983 2139 in
3013 2083 3124 2138 Dei
3147 2083 3385 2138 nomine
3410 2088 3628 2139 sancta
3661 2098 3749 2152 sy-

2317 2152 2506 2208 nodus
2537 2154 2600 2208 in
2630 2155 2977 2210 Toletanam
3008 2153 3231 2221 urbem,
3266 2169 3400 2224 cap.
3437 2153 3520 2210 10.

2167 2260 2314 2314 XLV.
2346 2261 2601 2324 (Concil.
2644 2262 2826 2318 Tolet.
2858 2278 2940 2328 ιιι,
2993 2278 3046 2318 c.
3100 2265 3204 2329 lO;
3264 2264 3594 2317 BUBOHABD.
3653 2260 3751 2317 lib.

2096 2365 2212 2416 vni,
2243 2365 2294 2403 c.
2319 2350 2434 2420 44.)
2465 2351 2584 2404 Prae
2610 2350 2885 2406 consultu
2911 2351 3215 2420 castitatis,
3280 2350 3447 2423 quod
3490 2351 3753 2407 maxime

2093 2437 2473 2494 hortamento
2502 2438 2735 2496 concilii
2764 2438 3054 2511 proﬁcere
3079 2439 3278 2505 debet,
3301 2444 3608 2496 annuente
3639 2439 3756 2510 glo-

2093 2526 2253 2581 rioso
2273 2525 2522 2582 domino
2548 2532 2753 2584 nostro
2776 2529 3074 2585 Reearedo
3105 2545 3265 2600 rege,
3301 2529 3415 2586 hoc
3472 2534 3752 2586 sanctum

2095 2615 2355 2672 afﬁrmat
2385 2617 2724 2684 concilium,
2754 2621 2821 2675 ut
2846 2619 3045 2674 vidum
3069 2618 3294 2692 quibus
3321 2618 3618 2690 placuerit
3673 2623 3752 2676 to-

2093 2720 2236 2761 nere
2265 2706 2617 2772 castitatem,
2642 2706 2812 2763 nulla
2834 2707 2894 2764 vi
2919 2708 2992 2764 ad
3027 2709 3268 2780 nuptias
3324 2707 3639 2764 iterandas
3663 2723 3750 2763 ve-

2099 2795 2220 2849 nire
2246 2796 2557 2864 cogantur.
2616 2795 2790 2860 Quod
2846 2797 2895 2851 si
2951 2795 3309 2869 priusquam
3356 2795 3754 2868 proﬁteantur

2096 2883 2522 2939 continentiam
2553 2883 2779 2940 nubere
2809 2885 3111 2956 elegerint,
3180 2886 3294 2942 illis
3321 2885 3556 2941 nubant
3601 2901 3753 2957 quos

331 2963 546 3019 dicitite
576 2963 761 3020 ﬁdem
801 2963 1009 3021 debuit
1027 2965 1345 3021 custodire.
1374 2967 1490 3020 NOS
1516 2967 1718 3020 autem
1751 2963 1987 3020 nullum
2019 2983 2058 3038 (ζ
2096 2973 2340 3047 propria
2366 2972 2664 3030 voluntate
2687 2974 2978 3030 voluerint
3001 2975 3222 3030 habere
3244 2975 3511 3030 maritos.
3536 2973 3755 3030 Similis

332 3052 552 3108 talibus
595 3052 882 3125 laqueum
925 3052 1220 3110 debemus
1269 3053 1549 3125 injicere;
1610 3052 1717 3108 sed
1789 3053 1985 3109 solum

297 3141 780 3199 adhortationes
804 3141 1036 3214 praemii
1064 3143 1408 3214 sempiterni
1463 3157 1797 3214 poenasque
1846 3158 1982 3214 pro-

332 3243 558 3302 ponere
586 3229 769 3286 divini
791 3229 1022 3300 judicii,
1051 3234 1118 3287 ut
1167 3235 1371 3287 nostra
1399 3230 1474 3287 sit
1521 3229 1800 3287 absoluta
1847 3245 1985 3287 con-

332 3319 600 3382 scientia.
623 3323 680 3376 et
708 3319 946 3376 illarum
976 3335 1085 3392 pro
1138 3335 1199 3377 se
1256 3324 1376 3377 Deo
1425 3320 1718 3377 rationem
1774 3319 1986 3375 reddat

331 3409 600 3466 intentio.
635 3409 985 3466 Cavendum
1013 3414 1101 3466 est
1137 3409 1362 3483 quippe
1415 3409 1580 3482 quod
1645 3409 1721 3466 de
1773 3424 1982 3465 earum

330 3496 602 3552 moribus
621 3497 973 3570 actibusque
1001 3499 1212 3554 beatus
1243 3498 1458 3554 Paulus
1484 3502 1728 3554 testatur
1749 3501 1984 3570 aposto-

329 3586 445 3641 lus.
479 3586 649 3651 Quod
678 3586 917 3659 planius
943 3600 1242 3660 exponere
1271 3587 1668 3660 praeterimus,
1697 3601 1774 3643 ne
1803 3586 1982 3658 404

330 3690 511 3730 sexus
535 3674 826 3732 instabilis
855 3691 977 3733 non
1009 3679 1131 3735 tam
1161 3675 1442 3733 deterreri
1460 3691 1649 3750 quam
1671 3675 1984 3733 admoneri

325 3763 618 3821 videatur.

329 3855 414 3910 De
442 3854 635 3910 viduis
663 3870 797 3925 qua
821 3861 956 3924 post
979 3857 1312 3925 professam
1364 3857 1791 3912 continentiam
1851 3870 1984 3924 pec-

399 3927 688 4009 caverint.
740 3925 1103 4009 ponciliuni
1181 3927 1679 4009 Carthaginensis
1751 3926 1984 3996 Africw

401 4001 685 4066 quartum
732 3995 998 4052 habitum
1039 3997 1114 4052 ab
1169 3995 1455 4066 episcopis
1512 4011 1778 4067 numero,
1833 4011 1979 4065 cmv,

401 4079 453 4121 (Β
457 4080 527 4120 ra
548 4080 858 4120 CCCCXXXV’I
867 4109 878 4120 .

399 4150 593 4207 XLIII.
632 4153 879 4223 (Concil.
915 4155 1207 4225 Carthag.
1241 4171 1318 4225 1v,
1349 4172 1400 4210 c.
1457 4153 1589 4222 104;
1651 4155 1979 4222 Bonna/mn,
2027 4163 2036 4168 ‘

327 4240 430 4296 lib.
464 4257 588 4311 vm,
623 4257 672 4296 c.
704 4241 814 4312 29.)
870 4242 1027 4298 Sicut
1080 4243 1310 4298 bonum
1357 4245 1448 4299 est
1495 4243 1778 4300 castitatis
1833 4259 1982 4317 prae-

2098 3061 2358 3118 conditio
2391 3066 2448 3118 et
2477 3061 2550 3118 de
2576 3063 2910 3133 virginibus
2939 3062 3254 3132 habeatur,
3301 3079 3410 3119 nec
3466 3063 3618 3120 citra
3662 3080 3757 3120 vo-

2096 3150 2387 3206 luntatem
2453 3156 2774 3224 parentum
2820 3153 2915 3208 vel
2956 3169 3129 3209 suam
3160 3157 3452 3223 cogantur
3507 3154 3754 3209 maritos

2097 3240 2387 3312 accipere.
2419 3240 2476 3298 Si
2501 3241 2636 3313 quis
2657 3257 2800 3298 vero
2828 3242 3202 3314 propositum
3237 3241 3526 3298 castitatis
3551 3243 3754 3298 vidua:

2096 3331 2190 3386 vel
2212 3331 2458 3401 virginis
2481 3330 2833 3404 impedierit,
2866 3347 2901 3387 a
2945 3337 3155 3388 sancta
3214 3333 3650 3388 communione
3703 3339 3755 3388 et

2094 3420 2405 3476 liminibus
2433 3420 2698 3478 ecclesias
2722 3423 3018 3480 habeatur
3040 3427 3377 3479 extraneus.

2096 3523 2274 3601 406
2311 3530 2393 3602 De
2414 3530 2557 3602 viris
2588 3546 2660 3585 ac
2679 3531 2922 3600 feminis
2953 3532 3141 3586 sacris
3162 3532 3532 3602 propositum
3558 3535 3754 3584 trans-

2185 3600 2592 3669 gredientibus
2623 3611 2880 3657 sacrum.
2922 3600 3256 3658 Concilium
3277 3600 3670 3658 ‘Toletanum.

2165 3707 2338 3763 XLVI.
2363 3701 2613 3778 (Concil.
2648 3707 2829 3766 Tolet.
2853 3727 2930 3777 v1,
2967 3727 3016 3766 c.
3045 3714 3108 3779 6;
3141 3711 3466 3766 BURCHARD.
3501 3706 3606 3762 lib.
3635 3722 3749 3772 vui,

2095 3814 2145 3852 c.
2184 3794 2293 3864 I4.)
2351 3796 2627 3852 Proclivis
2682 3814 2894 3854 cursus
2925 3803 3013 3855 est
3041 3816 3077 3855 a
3112 3798 3436 3870 voluntate,
3469 3802 3526 3854 et
3555 3797 3751 3853 imita-

2094 3885 2203 3942 trix
2234 3892 2447 3943 natura
2467 3885 2767 3944 vitiorum.
2803 3889 3208 3953 Quamobrem
3264 3887 3540 3962 quisquis
3602 3885 3751 3941 viro-

2093 3992 2228 4031 rum
2261 3976 2354 4033 vel
2378 3971 2698 4032 mulierum
2726 3976 3000 4034 habitum
3046 3977 3346 4034 induerint
3403 3975 3610 4042 semel,
3663 3973 3754 4030 vel

2093 4065 2418 4122 induerunt
2443 4071 2771 4140 spontanee
2801 4067 3167 4137 religiosum,
3201 4073 3304 4125 aut
3337 4066 3386 4122 si
3439 4065 3531 4122 vir
3583 4065 3750 4121 dedi-

2096 4158 2188 4211 tus
2217 4154 2484 4211 Ecclesiae
2511 4155 2713 4223 choro,
2748 4155 2836 4213 vel
2868 4155 3091 4214 femina
3120 4157 3294 4214 fuerit
3316 4159 3419 4213 aut
3443 4155 3552 4211 fuit
3593 4155 3751 4210 dele-

2097 4248 2236 4316 gata
2261 4243 2596 4317 puellarum
2627 4246 3013 4316 monasterio,
3037 4245 3390 4319 inintroque
3419 4261 3569 4301 sexu
3599 4260 3752 4318 prae-

329 4329 539 4396 mium,
574 4329 654 4386 ita
679 4334 735 4386 et
785 4329 999 4402 majori
1051 4329 1432 4388 observantia
1475 4335 1533 4388 et
1584 4332 1980 4406 praeceptione
2018 4336 2058 4390 Ι)
2093 4331 2386 4388 varicator
2406 4331 2484 4388 ad
2514 4334 2893 4406 propositum
2952 4334 3165 4391 invitus
3213 4335 3425 4391 reverti
3478 4339 3749 4404 cogatur,

327 4417 788 4474 custodiendum
812 4422 900 4474 est
921 4422 984 4474 ut
1017 4419 1066 4474 si
1090 4433 1226 4492 quae
1258 4415 1474 4488 viduae,
1512 4419 1844 4492 quamlibet
1873 4420 1978 4477 ad-

325 4507 442 4563 huc
469 4506 529 4562 in
551 4505 887 4563 minoribus
911 4507 1084 4562 annis
1114 4507 1344 4580 positae,
1369 4513 1426 4565 et
1456 4507 1515 4564 in
1544 4514 1782 4566 matura
1811 4513 1979 4566 aetate

325 4611 360 4654 a
389 4597 516 4653 viro
541 4594 777 4668 relictae,
811 4613 873 4653 se
903 4595 1253 4653 devoverint
1284 4600 1422 4667 Deo,
1454 4603 1528 4665 et,
1573 4599 1733 4655 veste
1787 4597 1981 4655 laicali

325 4686 579 4760 abjecta,
615 4685 730 4743 sub
756 4687 1098 4743 testimonio
1142 4687 1408 4760 episcopi
1429 4691 1486 4743 et
1540 4689 1809 4744 Ecclesia.-
1853 4687 1982 4743 reli-

322 4776 489 4848 gioso
520 4775 733 4833 habitu
762 4775 1168 4850 apparuerint,
1195 4780 1405 4849 postea
1439 4793 1580 4833 vero
1611 4776 1686 4834 ad
1739 4776 1980 4851 nuptias

324 4861 637 4922 smeulares
667 4865 1026 4933 transierint,
1077 4863 1412 4922 secundum
1453 4866 1796 4938 apostolum
1829 4868 1978 4922 Pau-

321 4949 449 5008 lum
475 4953 927 5010 damnationem
954 4954 1282 5021 habebunt,
1316 4953 1606 5026 quoniam
1632 4953 1814 5011 ﬁdem
1856 4971 1980 5012 cas-

322 5039 522 5111 titatis,
555 5053 740 5114 quam
775 5046 892 5099 Deo
922 5043 1236 5113 voverunt,
1287 5042 1512 5099 irritam
1566 5043 1758 5100 facere
1815 5059 1977 5100 ausae

325 5131 482 5184 sunt.
513 5127 682 5186 Tales
715 5145 857 5200 ergo
876 5145 1150 5204 personae
1183 5128 1389 5189 aliena:
1427 5135 1568 5187 sunt
1609 5145 1645 5188 a
1700 5131 1976 5190 Christia-

322 5231 541 5273 norum
569 5217 1015 5288 communione,
1070 5235 1207 5294 quin
1259 5235 1370 5277 nec
1406 5222 1465 5277 in
1515 5221 1789 5277 convivio
1838 5237 1975 5277 cum

324 5305 667 5364 Christianis
697 5302 1160 5365 communicent.
1194 5311 1337 5365 Nam
1368 5309 1415 5365 si
1447 5309 1732 5366 adulterae
1763 5310 1975 5380 conju-

324 5401 426 5463 ges
453 5397 621 5449 reatu
651 5398 794 5448 sunt
826 5395 946 5449 suis
967 5395 1104 5450 viris
1151 5396 1447 5464 abnoxite,
1501 5401 1730 5468 quanto
1782 5397 1976 5466 magis

320 5483 536 5552 viduae,
569 5500 705 5556 quae
736 5484 856 5538 Deo
886 5483 1329 5556 religiositatem
1383 5492 1694 5550 voverunt.
1729 5487 1975 5542 crimine

319 5572 596 5630 adulterii
625 5573 1013 5638 notabuntur,
1040 5575 1090 5630 si
1117 5575 1501 5633 devotionem
1526 5593 1714 5648 quam
1735 5581 1976 5650 sponta-

316 5678 446 5720 nese
467 5666 588 5720 Deo
615 5662 962 5724 obtulerunt
984 5663 1308 5722 libidinosa
1336 5665 1641 5737 voluptate
1691 5681 1970 5738 corrupe-

2092 4427 2156 4477 ut
2180 4422 2270 4477 vir
2299 4421 2713 4494 detondeatur,
2747 4428 2804 4479 et
2850 4424 3050 4497 puella
3093 4424 3526 4480 monasterium
3555 4423 3750 4491 ingre-

2091 4511 2306 4567 diatur.
2356 4510 2411 4566 Si
2465 4514 2666 4567 autem
2721 4512 2989 4584 quolibet
3029 4512 3362 4586 patrocinio
3419 4511 3751 4568 desertores

2090 4615 2442 4672 permanere
2463 4600 2780 4660 voluerint.
2806 4599 3159 4659 sacerdotali
3191 4602 3481 4658 sententia
3503 4617 3538 4656 a
3562 4601 3751 4658 Chris-

2089 4689 2388 4744 tianorum
2422 4692 2579 4746 ccetu
2599 4689 2936 4747 habeantur
2965 4694 3245 4757 extorres,
3305 4694 3370 4746 ut
3414 4705 3524 4746 nec
3577 4689 3748 4745 locus

2090 4777 2173 4832 eis
2225 4777 2383 4832 ullus
2437 4779 2512 4833 sit
2562 4779 2922 4835 communis.
2980 4779 3202 4836 Viduas
3228 4795 3477 4852 quoque
3509 4779 3746 4837 univer-

2089 4866 2230 4922 salis
2249 4866 2617 4936 jamdudum
2645 4867 2846 4923 statuit
2881 4868 3153 4939 synodus
3178 4867 3628 4940 professionum
3658 4866 3746 4921 vel

2091 4953 2327 5010 habitus
2358 4955 2446 5010 sui
2479 4954 2826 5011 desertrices
2859 4959 2922 5012 ut
2952 4955 3241 5029 superiori
3286 4955 3579 5012 sententia
3609 4970 3749 5010 con-

2089 5042 2467 5099 damnentur.

2096 5152 2168 5208 Ut
2196 5149 2388 5206 viduae
2417 5152 2509 5206 vel
2541 5151 2801 5221 virgines
2831 5151 3258 5208 continentiam
3286 5151 3577 5222 professae
3625 5166 3747 5206 non

2159 5223 2412 5304 nubant.
2448 5224 2593 5278 Item
2626 5223 2890 5291 ejusdem
2911 5235 3090 5294 papa
3114 5223 3341 5281 Gelasii
3365 5224 3446 5280 ad
3472 5223 3750 5279 Sicilien-

2157 5309 2244 5349 ses
2269 5308 2587 5362 episcopos.

2159 5400 2355 5455 XLVII.
2381 5400 2694 5470 (Svumcn.
2728 5415 2817 5469 ep.
2852 5405 2905 5472 5,
2930 5417 2981 5456 c.
3013 5405 3043 5455 5
3070 5419 3082 5468 ;
3109 5403 3434 5456 BURCBARI).
3480 5399 3584 5456 lib.
3621 5417 3746 5464 vm,

2087 5503 2137 5545 c.
2172 5491 2281 5560 46.)
2316 5493 2512 5562 Neque
2554 5489 2766 5546 viduas
2793 5489 2871 5546 ad
2908 5493 3151 5563 nuptias
3192 5490 3441 5547 transire
3481 5492 3749 5567 patimur

2084 5594 2218 5651 quas
2247 5577 2308 5634 in
2336 5576 2611 5650 religioso
2643 5577 2952 5652 proposito
3009 5577 3291 5636 diuturna
3327 5575 3748 5637 observatione

2085 5667 2537 5740 permanserint.
2547 5667 2820 5728 Similiter
2829 5668 3090 5737 virgines
3108 5668 3335 5726 nubere
3351 5667 3746 5742 prohibemus
