3980 6182
249 154 328 211 381

247 293 377 353 quas
402 273 576 331 annis
601 274 873 348 plurimis
923 276 983 330 in
1016 275 1389 333 monasteriis
1446 277 1680 330 aetatem
1709 280 1872 341 pere-
1913 275 1961 328 A

251 367 378 440 gisse
405 365 746 422 constiterit.

250 481 316 532 De
341 475 423 530 his
450 476 556 546 qui
598 475 825 531 velatas
856 477 973 531 Deo
1005 481 1380 546 consecratas
1411 476 1473 529 in
1531 471 1877 542 conjugium

746 547 1053 602 duxerint.
1089 545 1234 616 Cap.
1263 550 1352 602 23.

307 637 516 692 XLVIII.
561 635 816 703 (Concil.
881 635 1140 705 Tribur.,
1169 653 1222 692 c.
1253 639 1361 703 23;
1399 635 1724 690 Bun’cusan.
1770 629 1874 686 lib.

247 741 344 795 vui,
372 742 419 780 c.
455 725 569 796 38.)
604 723 660 782 Si
690 724 824 796 quis
858 740 1032 780 sacro
1062 723 1355 780 velamine
1381 725 1793 780 consecratam
1819 717 1878 774 in

245 813 575 885 coniugium
600 813 850 878 duxerit,
877 819 933 869 et
962 817 1096 886 post
1120 812 1385 869 dicatum
1403 811 1573 886 407
1601 813 1718 866 Deo
1739 824 1879 882 pro-

241 903 479 979 positum
509 903 733 960 incesta
762 903 986 959 foedera
1024 902 1431 975 sacrilegaque
1459 898 1782 967 miscuerit,
1817 903 1881 954 ut

241 995 292 1049 in
315 993 638 1049 constitutis
669 990 880 1048 Gelasii
910 1008 1106 1064 papae,
1139 1008 1274 1064 cap.
1318 995 1408 1059 20,
1435 991 1668 1060 legitur,
1700 987 1879 1062 proti-

239 1099 337 1138 nus
364 1098 606 1156 aequum
639 1085 726 1137 est
753 1098 788 1137 a
841 1097 1012 1137 sacra
1061 1079 1487 1137 communione
1538 1077 1794 1148 detrudi,
1823 1083 1880 1134 et

236 1171 333 1227 nisi
361 1187 467 1243 per
498 1169 808 1244 publicam
839 1169 1279 1244 probatamque
1312 1168 1723 1242 paenitentiam
1752 1183 1876 1222 om-

231 1260 360 1316 nino
388 1275 513 1315 non
536 1259 738 1333 recipi.
796 1258 850 1315 Si
878 1262 1080 1315 tamen
1132 1258 1492 1332 paenituerit,
1525 1255 1876 1313 transeunti-

232 1349 333 1405 bus
362 1349 429 1404 de
458 1348 680 1404 saeculo
702 1348 982 1404 viaticum
1005 1365 1126 1404 non
1158 1351 1424 1418 negetur.
1457 1352 1518 1403 In
1551 1345 1872 1404 Chalcedo-

228 1439 382 1495 nensi
410 1437 687 1502 concilio,
716 1454 848 1511 cap.
885 1443 969 1509 I6,
1003 1439 1119 1494 hoc
1173 1440 1581 1511 perpetrautes
1633 1452 1872 1492 excom-

228 1528 611 1584 municentur.
645 1527 1074 1584 Confitentibus
1096 1525 1444 1583 auctoritate
1471 1525 1738 1600 episcopi
1766 1526 1872 1581 mi-

223 1616 536 1673 sericordia
572 1616 880 1688 largiatur.
911 1621 972 1673 In
997 1615 1245 1690 epistola
1271 1633 1446 1689 papae
1498 1614 1700 1684 Siricii,
1734 1631 1866 1688 cap.

221 1711 270 1767 ϐ,
299 1705 509 1763 velatae
566 1709 685 1763 Deo
744 1709 1125 1776 consecratae,
1181 1705 1231 1761 si
1281 1705 1514 1778 abjecto
1563 1705 1870 1779 proposito

217 1797 545 1854 sanctitatis
574 1796 913 1854 clanculum
942 1795 1232 1867 sacrilega
1275 1793 1627 1868 contagione
1677 1812 1737 1850 se
1761 1794 1869 1850 mi-

216 1887 492 1954 scuerint,
518 1883 611 1944 vel
641 1885 715 1943 de
743 1887 958 1944 illicitis
989 1885 1404 1960 complexibus
1442 1884 1678 1958 publice
1707 1885 1763 1940 et
1807 1881 1869 1939 1i-

212 1975 348 2032 bere
376 1975 848 2049 procreaverint,
881 1975 991 2032 has
1011 1974 1349 2050 impudicas
1371 1971 1869 2046 detestabilesque

209 2081 500 2138 personas
546 2081 582 2121 a
608 2065 1109 2122 monasteriorum
1160 2069 1316 2120 coetu
1373 2069 1430 2120 et
1485 2062 1870 2119 ecclesiarum

210 2155 604 2212 conventibus
631 2155 1028 2212 eliminandas
1059 2172 1187 2211 esse
1227 2151 1562 2226 judicatum
1591 2155 1696 2222 est,
1719 2170 1868 2226 qua-

203 2249 374 2301 tenus
405 2250 655 2302 retrusae
687 2244 1023 2317 ergastulis,
1052 2249 1283 2300 tantum
1323 2244 1556 2300 facinus
1589 2243 1872 2300 continua

199 2333 632 2391 lamentatione
663 2333 940 2391 deﬂeant.
977 2332 1141 2388 Unde
1199 2332 1384 2388 verbo
1435 2332 1663 2388 Domini
1696 2336 1753 2387 et
1776 2348 1870 2388 ca-

194 2423 420 2478 nonica
444 2421 799 2478 auctoritate
828 2421 888 2476 in
912 2421 1025 2476 hac
1053 2425 1258 2476 sancta
1310 2420 1546 2492 synodo
1603 2419 1869 2492 principi-

193 2527 330 2566 mus
367 2516 438 2566 ut
470 2511 720 2566 omnino
748 2513 1120 2582 separentur,
1137 2511 1193 2565 et
1214 2509 1558 2581 juramento
1584 2508 1867 2578 colligan-

187 2604 282 2654 tur
311 2598 577 2655 ulterius
612 2599 724 2655 sub
754 2614 875 2654 uno
905 2614 1028 2653 non
1058 2598 1400 2654 cohabitare
1431 2602 1603 2668 tecto,
1634 2615 1742 2654 nec
1782 2597 1868 2656 fa-

187 2686 410 2742 miliari
428 2685 550 2742 frui
568 2685 888 2759 colloquio,
912 2691 1158 2759 excepto
1189 2685 1248 2741 in
1263 2686 1511 2742 ecclesia
1527 2692 1583 2742 et
1602 2685 1865 2759 publico,

185 2781 286 2831 aut
319 2775 560 2849 pariter
587 2775 768 2831 ullam
799 2774 1022 2830 habere
1053 2775 1542 2830 communionem
1578 2773 1738 2830 unde
1766 2791 1865 2830 su-

186 2863 375 2938 spicio
408 2864 754 2921 illecebrosi
779 2860 1058 2920 desiderii
1085 2869 1187 2920 aut
1209 2865 1561 2920 scandalum
1588 2863 1863 2920 libidino-

183 2953 227 3009 si
253 2953 399 3010 facti
429 2954 598 3024 juste
628 2953 816 3027 possit
843 2951 1002 3008 oriri.
1039 2952 1096 3008 Si
1123 2969 1256 3025 quae
1289 2951 1468 3008 etiam
1498 2952 1648 3008 inter
1680 2970 1742 3008 se
1773 2951 1862 3008 di-

185 3042 454 3099 videnda
485 3043 629 3113 sint,
657 3042 949 3111 dividant,
977 3046 1032 3098 et
1085 3047 1332 3115 uterque
1363 3059 1472 3097 sua
1529 3041 1862 3114 provideat.

501 3153 598 3207 De
619 3151 814 3206 viduis
845 3152 1076 3206 vetatis.
1107 3151 1334 3206 Gelasii
1355 3165 1552 3219 papae.

244 3244 426 3298 XLIX.
466 3242 737 3309 (Concil.
779 3241 1042 3310 Tribur.,
1065 3244 1234 3307 0.25;
1270 3243 1600 3295 Burnmann.
1623 3239 1726 3303 lib,
1747 3256 1862 3307 vui,

173 3345 222 3384 c.
253 3334 372 3398 36.)
410 3331 653 3388 Viduas
692 3333 893 3386 autem
923 3330 1114 3386 velare
1165 3329 1518 3401 pontiﬁcum
1547 3328 1748 3383 nullus
1778 3333 1865 3385 at-

173 3425 351 3476 tentet
384 3419 1184 3493 (proutconstitutumestin
1197 3418 1450 3474 decretis
1477 3417 1707 3485 Gelasii,
1729 3433 1861 3491 cap.

172 3513 254 3577 t3,
284 3509 465 3582 quod
499 3524 629 3566 nec
651 3509 973 3566 auctoritas
988 3509 1192 3565 divina
1218 3524 1326 3564 nec
1339 3523 1642 3564 canonum
1671 3507 1868 3563 forma

170 3600 524 3670 praestituit.
569 3601 720 3666 Quae
751 3598 932 3670 408
968 3598 1017 3653 si
1054 3598 1298 3671 propria
1353 3597 1654 3652 voluntate
1685 3598 1867 3652 conti-

172 3690 444 3746 nentiam
487 3688 778 3763 professa
805 3691 892 3758 (ut
918 3689 979 3744 in
1010 3686 1278 3758 ejusdem
1339 3685 1550 3741 Gelasii
1607 3701 1740 3757 cap.
1773 3689 1864 3752 21,

168 3775 432 3850 legitur),
470 3779 619 3850 ejus
655 3776 902 3832 intentio
924 3792 1033 3849 pro
1065 3792 1128 3830 se
1150 3775 1364 3830 reddat
1384 3775 1678 3829 rationem
1712 3777 1864 3841 Deo;

167 3865 311 3936 quia
342 3868 535 3937 sicut,
577 3865 924 3922 secundum
963 3863 1338 3938 Apostolum,
1366 3863 1414 3917 si
1474 3878 1536 3916 se
1565 3862 1865 3917 continere

163 3968 283 4009 non
315 3959 599 4028 poterat,
631 3953 976 4009 nullatenus
1004 3952 1232 4008 nubere
1279 3950 1615 4021 vetabatur,
1668 3951 1750 4006 sic
1782 3967 1866 4004 se-

163 4059 297 4100 cum
333 4047 566 4103 habita
596 4045 1030 4102 deliberatione
1061 4042 1427 4116 promissam
1461 4042 1641 4097 ﬁdem
1695 4043 1865 4114 pudi-

161 4133 308 4189 citiae
343 4137 472 4192 Deo
519 4134 719 4191 debet
747 4133 1068 4189 custodire.
1105 4134 1234 4198 Qua
1288 4131 1634 4186 auctoritate
1675 4136 1865 4204 pater-

161 4236 249 4276 na:
283 4223 532 4281 sufl‘ulti
570 4223 914 4293 sententiae,
941 4223 1001 4278 in
1030 4221 1145 4278 hoc
1177 4237 1348 4277 sacro
1399 4225 1691 4276 conventu
1724 4235 1859 4275 san-

157 4313 348 4370 cimus
380 4321 442 4372 et
475 4313 1042 4384 Iiberejudicamus
1064 4311 1228 4384 quod
1261 4311 1308 4366 si
1331 4315 1540 4383 sponte
1563 4307 1858 4377 velamen,
1891 4296 1935 4350 Ῑ)

154 4405 446 4473 quamvis
483 4416 629 4460 non
682 4405 1118 4469 consecratum,
1152 4399 1264 4456 sibi
1293 4399 1663 4472 imposuerit,
1706 4404 1763 4455 et
1802 4400 1861 4456 in

153 4481 408 4552 ecclesia
437 4494 614 4550 inter
653 4491 881 4548 velatas
904 4490 1269 4546 oblationem
1293 4491 1411 4545 Deo
1439 4487 1735 4559 obtulerit,
1768 4505 1864 4545 ve—

151 4577 212 4636 lit
240 4582 416 4651 nolit,
455 4580 902 4639 sanctimoniae
932 4579 1207 4635 habitum
1232 4578 1476 4634 ulterius
1505 4577 1725 4633 habere
1756 4578 1860 4633 de-

150 4669 332 4741 bebit,
365 4673 521 4730 licet
555 4672 952 4728 sacramento
982 4667 1338 4725 conﬁrmare
1375 4667 1515 4722 velit
1543 4681 1615 4722 eo
1660 4672 1861 4724 tenore

153 4762 205 4816 et
225 4763 475 4820 ratione
509 4760 812 4818 velamen
852 4758 966 4815 sibi
1011 4758 1320 4831 imponere
1374 4762 1438 4812 ut
1474 4756 1688 4811 lterum
1737 4771 1860 4819 non

150 4854 342 4921 possit
371 4849 740 4924 deponere.

149 4957 291 5016 Item
324 4961 406 5018 de
439 4959 671 5016 viduis
698 4957 929 5082 vetatist.
949 4955 1330 5083 [fasi-inmitto
1350 4954 1666 5022 Africano,
1691 4954 1854 5021 capi-

927 5044 965 5082 ιι
993 5043 1026 5082 o
1130 5068 1142 5081 .

899 5033 1026 5082 tuto
1053 5033 1142 5082 89.

216 5139 272 5193 L.
308 5138 524 5194 Vidua
573 5133 840 5208 quidem
872 5150 1007 5206 quae
1059 5147 1295 5188 sacrum
1349 5129 1528 5202 capiti
1585 5127 1858 5186 velamen

139 5225 541 5300 Imposuerit,
618 5227 687 5279 et
730 5222 884 5279 inter
918 5226 1164 5279 caeteras
1211 5220 1438 5276 velatas
1494 5219 1748 5275 feminas
1799 5220 1857 5274 in

137 5317 398 5374 ecclesia
427 5313 748 5384 oraverit,
775 5317 832 5369 et
879 5313 1247 5369 oblationem
1281 5327 1421 5366 cum
1479 5308 1593 5364 illis
1633 5309 1858 5365 obtule-

135 5405 225 5470 rit.
254 5409 564 5480 professa
601 5405 707 5458 est
734 5402 796 5457 in
819 5401 1028 5459 eodem
1054 5399 1264 5457 habitu
1284 5414 1658 5472 permanere,
1676 5414 1848 5469 spon~

133 5495 285 5553 deus
315 5507 690 5568 nunquam
718 5491 1020 5562 religionis
1043 5491 1343 5564 deponere
1365 5489 1663 5556 velamen,
1687 5503 1724 5544 a
1766 5503 1854 5543 re-

131 5584 378 5656 ligionis
403 5581 832 5642 observantia
855 5579 1158 5648 discedere
1184 5594 1304 5650 non
1344 5580 1689 5650 praesumat.
1734 5577 1851 5648 0p-

1070 152 1160 206 DE
1200 150 1477 208 ECCLES.
1521 144 1804 204 DISCIPL.
1850 137 2036 196 LIBRI
2084 142 2248 200 DUO.
2293 178 2359 185 —
2399 146 2711 206 APPEND.
2753 153 2792 204 I.

3536 160 3640 213 382

1991 268 2187 324 tamus
2235 269 2609 329 sanctitatem
2653 278 2908 330 vestram
2961 275 3020 331 in
3061 275 3288 332 Christo
3333 276 3486 335 bene
3543 297 3643 338 va-

1985 355 2124 412 lere.

1991 464 2085 548 De.
2103 465 2228 520 viro
2259 469 3094 548 contrapolantatemuxog‘i's
3125 471 3184 548 in
3216 474 3638 548 monasterium

2062 540 2433 612 ingressoLet
2452 540 2584 612 jam
2612 547 2951 596 tonsoratus
2987 543 3198 612 fuerit,
3229 544 3465 600 omnino
3511 546 3641 601 red-

2062 607 2274 682 dendo.
2325 610 2424 665 Ex
2457 607 2612 681 'Reg.
2634 615 2800 680 part.
2838 626 2880 680 ι,
2913 607 3044 682 cap.
3086 607 3202 681 180',
3263 617 3344 670 ad
3383 617 3638 672 Adriani

2063 681 2364 737 notarium
2394 683 2704 738 Panormi.

2064 770 2148 822 LI.
2183 770 2260 839 (S.
2293 771 2547 827 Gnaeos.
2573 771 2678 828 lib.
2709 774 2810 843 ix),
2843 771 3043 828 indict.
3078 776 3131 840 4,
3163 777 3333 844 epist.
3364 780 3469 846 4-4;
3505 780 3644 833 Bun-

1990 872 2190 914 cuann.
2231 859 2334 916 lib.
2368 877 2446 930 ix,
2475 877 2527 916 c.
2565 864 2670 932 i8.)
2700 863 3002 932 Agathosa
3025 863 3198 920 latrix
3253 867 3640 937 praesentium

1987 951 2202 1018 questa
2231 953 2319 1005 est
2335 950 2618 1006 maritum
2639 967 2814 1006 suum
2849 954 3056 1008 contra
3080 952 3448 1010 voluntatem
3466 971 3637 1010 suam

1989 1033 2050 1088 in
2083 1034 2261 1108 400
2296 1040 2660 1095 monasterio
2718 1039 2911 1096 Urbici
2953 1040 3188 1097 abbatis
3233 1057 3363 1098 esse
3401 1057 3639 1098 conver-

1988 1139 2143 1182 sum.
2175 1127 2346 1190 Quod
2377 1128 2519 1200 quia
2546 1130 2624 1186 ad
2645 1129 2915 1201 ejusdem
2946 1131 3182 1188 abbatis
3209 1132 3450 1205 culpam
3483 1138 3540 1190 et
3557 1134 3642 1190 in-

1985 1213 2209 1271 vidiam
2233 1232 2355 1273 non
2383 1222 2472 1274 est
2489 1217 2742 1276 dubium
2775 1221 3086 1293 pertinere,
3119 1222 3494 1294 experientia.-
3522 1228 3638 1279 tua;

1985 1305 2368 1377 praecipimus
2412 1311 2474 1362 ut
2503 1307 2766 1377 diligenti
2815 1308 3197 1382 inquisitione
3235 1309 3538 1380 discutiat,
3564 1327 3638 1367 ne

1986 1391 2131 1446 forte
2163 1409 2300 1448 cum
2333 1395 2462 1466 ejus
2492 1396 2796 1453 voluntate
2823 1413 3148 1453 conversus
3180 1398 3270 1468 sit,
3301 1398 3392 1454 vel
3421 1400 3553 1472 ipsa
3578 1417 3639 1456 se

1983 1485 2213 1536 mutare
2243 1483 2599 1553 promiserit.
2627 1486 2692 1540 Et
2732 1484 2776 1538 si
2808 1485 2920 1540 hoc
2952 1485 3252 1557 repererit,
3279 1492 3335 1542 et
3380 1486 3547 1543 illum
3577 1489 3638 1543 in

1983 1572 2346 1625 monasterio
2389 1587 2741 1644 permanere
2789 1573 3120 1645 provideat,
3153 1579 3208 1628 et
3255 1575 3432 1643 hanc,
3489 1577 3640 1632 sicut

1982 1657 2273 1729 promisit,
2305 1665 2538 1716 mutare
2568 1661 2906 1734 compellat.
2939 1662 2996 1718 Si
3015 1678 3159 1718 vero
3187 1662 3268 1717 nil
3290 1663 3504 1718 horum
3525 1667 3635 1735 est,

1981 1761 2090 1802 nec
2127 1747 2436 1819 quoddam
2471 1749 2875 1806 fornicationis
2901 1750 3146 1820 crimen,
3177 1754 3419 1824 propter
3470 1749 3636 1822 quod

1977 1835 2107 1890 viro
2153 1835 2289 1892 licet
2332 1853 2578 1893 uxorem
2625 1838 2981 1912 relinquere,
3032 1838 3382 1910 praedictam
3429 1837 3635 1894 mulie-

1977 1939 2103 1979 rem
2157 1927 2533 1982 commisisse
2589 1927 2963 1997 cognoveris,
3006 1943 3079 1982 ne
3110 1927 3266 1982 illius
3322 1926 3634 1983 conversio

1977 2013 2150 2068 uxori
2175 2014 2390 2070 relictae
2421 2015 2480 2071 in
2511 2017 2726 2072 saeculo
2781 2016 2904 2071 ﬁeri
2945 2016 3133 2088 possit
3158 2015 3505 2088 perditionis
3541 2031 3638 2072 oo-

1976 2103 2165 2172 casio,
2195 2102 2478 2160 volumus
2507 2108 2572 2160 ut
2592 2105 2876 2160 maritum
2931 2121 3107 2159 suum
3141 2103 3242 2174 illi,
3284 2103 3372 2159 vel
3425 2104 3474 2158 si
3506 2104 3633 2173 jam

1979 2195 2324 2246 tonsuratus
2382 2198 2489 2260 est,
2530 2193 2780 2248 reddere
2836 2193 3084 2248 omnino
3113 2193 3336 2248 debeas
3385 2207 3634 2247 excusa-

1980 2279 2139 2334 tione
2183 2286 2473 2336 cessante.
2521 2282 2670 2347 Quia
2721 2282 2831 2337 etsi
2889 2281 3202 2336 mundana
3229 2280 3323 2335 lex
3369 2280 3637 2353 praecipit

1978 2367 2446 2424 conversationis
2477 2369 2667 2438 gratia
2719 2367 2997 2424 utrolibet
3025 2368 3208 2424 invito
3259 2367 3408 2424 solvi
3455 2384 3634 2440 posse

1980 2457 2354 2526 conjugium,
2399 2457 2604 2513 divina
2654 2457 2748 2513 lex
2778 2456 2905 2512 ﬁeri
2960 2472 3082 2513 non
3138 2457 3438 2530 permittit.
3484 2460 3633 2514 Nam

1976 2549 2226 2618 excepta
2251 2544 2658 2602 fornicationis
2703 2561 2888 2602 causa
2919 2546 3116 2602 virum
3167 2562 3418 2602 uxorem
3461 2546 3635 2602 relin-

1978 2650 2162 2706 quere
2183 2634 2347 2691 nulla
2375 2635 2604 2690 ratione
2655 2635 2946 2691 concedit.
2995 2635 3149 2700 Quia
3192 2640 3520 2708 postquam
3540 2651 3636 2690 co-

1976 2724 2281 2796 pulatione
2320 2725 2582 2795 conjugii
2610 2726 2715 2780 viri
2755 2731 2934 2798 atque
2979 2725 3243 2781 mulieris
3287 2741 3475 2780 unum
3501 2741 3632 2782 cor-

1976 2828 2090 2884 pus
2121 2812 2391 2879 eﬁicitur,
2442 2829 2564 2869 non
2612 2818 2812 2886 potest
2835 2830 2908 2870 ex
2947 2818 3115 2886 parte
3169 2814 3434 2871 converti
3475 2818 3531 2870 et
3560 2830 3632 2870 ex

1903 2932 1946 2985 ο
1976 2906 2144 2974 parte
2167 2902 2226 2956 in
2247 2902 2466 2958 saeculo
2494 2918 2759 2958 manere.

1974 3010 2327 3079 Episcopum
2378 3009 2586 3066 debere
2635 3011 2912 3066 honorem
2956 3011 3249 3080 deponere
3274 3011 3326 3065 si
3353 3011 3629 3066 concubi-

2043 3097 2182 3136 nam
2207 3081 2415 3137 habuit
2445 3097 2509 3137 eo
2542 3088 2802 3150 tempore
2821 3098 2936 3152 quo
2958 3089 3089 3138 erat
3110 3085 3173 3136 in
3207 3096 3378 3138 sacro
3418 3083 3632 3138 ordine

2043 3153 2420 3210 constitutus.
2449 3154 2545 3209 Ea:
2568 3155 2820 3222 epistola
2846 3155 3044 3209 sancti
3067 3154 3358 3222 Gregorii,
3389 3169 3520 3223 cap.
3539 3157 3630 3208 43.

2047 3263 2152 3314 LII.
2181 3261 2260 3330 (S.
2291 3262 2539 3315 Gnaeos.
2567 3259 2670 3316 lib.
2702 3277 2759 3330 u,
2791 3261 2994 3317 indict.
3026 3266 3110 3331 11,
3145 3263 3314 3330 epist.
3349 3265 3415 3317 83
3442 3279 3456 3328 ;
3486 3263 3630 3316 Bun-

1971 3365 2175 3404 cmum.
2201 3349 2304 3405 lib.
2331 3367 2367 3417 I,
2400 3367 2449 3406 c.
2490 3352 2632 3421 I95.)
2673 3349 2922 3406 Andreae
2973 3351 3289 3406 Tarentino
3346 3351 3631 3422 episcopo

1973 3438 2173 3493 scribit
2194 3438 2400 3493 dicens
2429 3457 2440 3492 :
2474 3438 3003 3508 Tribunatjudicis
3029 3439 3226 3493 aeterni
3257 3454 3503 3494 securus
3536 3455 3631 3494 as-

1972 3525 2148 3596 piciet
2171 3526 2445 3596 quisquis
2476 3531 2678 3580 reatus
2710 3527 2800 3580 sui
2815 3527 3091 3581 conscius
3121 3526 3301 3594 digne
3336 3543 3474 3582 eum
3501 3543 3632 3582 mo~

1971 3615 2051 3669 do
2078 3614 2427 3686 pmnitentia
2457 3615 2704 3686 placare
2733 3614 3056 3669 contendit.
3091 3614 3380 3669 Habuisse
3408 3620 3462 3670 te
3488 3629 3632 3669 con-

1971 3702 2257 3757 cubinam
2292 3703 2609 3757 manifesta
2638 3701 2881 3758 veritate
2911 3701 3317 3773 comperimus
3350 3701 3529 3774 410
3559 3702 3634 3757 de

1971 3806 2095 3862 qua
2119 3790 2301 3846 etiam
2324 3790 2624 3846 contraria
2647 3795 2734 3846 est
2757 3789 3127 3862 quibusdam
3176 3794 3318 3846 nata
3348 3791 3631 3864 suspicio.

1974 3880 2086 3935 Sed
2117 3879 2261 3953 quia
2285 3880 2345 3936 in
2374 3880 2554 3935 rebus
2584 3879 2888 3950 ambiguis
2917 3879 3263 3936 absolutum
3293 3896 3417 3936 non
3457 3879 3635 3935 debet

1971 3985 2098 4025 esse
2123 3969 2441 4040 judicium,
2472 3970 2586 4025 hoc
2619 3974 2734 4025 tum
2761 3969 3137 4025 conscientia:
3163 3969 3452 4040 elegimus
3471 3983 3633 4026 com-

1971 4060 2348 4116 mittendum.
2381 4062 2510 4126 Qua
2533 4060 2609 4116 de
2639 4073 2723 4132 re,
2749 4061 2800 4116 si
2839 4061 2899 4116 in
2953 4076 3124 4116 sacro
3155 4060 3363 4116 ordine
3411 4060 3630 4117 consti-

1971 4153 2151 4215 tutus,
2183 4149 2313 4219 ejus
2339 4153 2394 4204 te
2416 4148 2799 4221 permistione
2829 4165 2964 4205 esse
2992 4148 3205 4205 recolis
3235 4149 3627 4216 maculatum,

1970 4239 2282 4295 sacerdotii
2338 4239 2564 4294 honore
2621 4237 2916 4311 deposito,
2957 4238 3036 4295 ad
3087 4237 3632 4295 administrandum

1970 4327 2134 4383 nullo
2165 4327 2348 4383 modo
2371 4342 2707 4400 praesumas
2755 4326 3059 4392 accedere,
3106 4325 3364 4380 sciturus
3419 4327 3479 4379 in
3510 4323 3635 4379 ani-

1970 4431 2084 4470 mae
2110 4420 2225 4470 tua?
2257 4415 2519 4487 periculo
2547 4414 2882 4470 ministrare
2913 4418 2968 4468 et
3004 4416 3121 4468 Deo
3169 4416 3376 4466 nostro
3427 4415 3481 4464 te
3507 4410 3633 4464 sine

1968 4503 2156 4559 dubio
2190 4504 2439 4559 reddere
2504 4503 2822 4572 rationem,
2871 4500 2921 4554 si
2972 4500 3154 4570 hujus
3209 4497 3448 4552 sceleris
3497 4512 3633 4552 con-

1967 4592 2148 4656 scius,
2182 4593 2244 4647 in
2275 4609 2346 4648 eo
2374 4609 2499 4664 quo
2528 4608 2592 4647 es
2623 4590 2853 4660 ordine,
2883 4589 3084 4644 celans
3135 4587 3469 4655 veritatem,
3501 4599 3632 4657 per-

1967 4697 2209 4737 manere
2235 4681 2508 4737 volueris.

1969 4790 2052 4846 De
2083 4787 2426 4859 raptoribus
2459 4787 2762 4856 virginum
2792 4789 2848 4859 et
2878 4783 3222 4859 piduarum.
3257 4782 3402 4859 Item
3431 4781 3504 4859 de
3529 4780 3631 4836 ab-

2039 4853 2213 4916 batiis
2239 4875 2371 4932 qua!
2390 4863 2496 4928 jus
2527 4853 2826 4914 electionis
2871 4854 3088 4911 habent
3117 4869 3220 4910 seu
3273 4854 3348 4909 de
3378 4853 3470 4908 his
3497 4867 3630 4922 qua

2038 4948 2157 4987 non
2189 4932 2428 4989 habent.

2039 5041 2169 5094 LIII.
2201 5043 2374 5092 Anno
2403 5033 2830 5091 incarnationis
2865 5030 3099 5087 Domini
3148 5035 3272 5097 952,
3302 5029 3623 5087 indictione

1963 5133 2018 5196 Θ,
2051 5127 2438 5182 constitutum
2466 5125 2556 5179 est
2583 5123 2645 5177 in
2679 5119 3148 5176 Franoonofurth
3173 5135 3210 5175 ο.
3239 5133 3378 5190 rege
3409 5119 3629 5189 glorio-

1963 5216 2200 5271 sissimo
2231 5217 2458 5273 Ottone.
2481 5225 2642 5267 anno
2665 5209 2822 5264 illius
2867 5215 2952 5279 15,
2983 5209 3491 5266 consentientibus
3505 5209 3629 5280 epi-

1964 5304 2181 5376 scOpis,
2210 5302 2548 5370 comitibus,
2577 5299 2826 5371 aliisque
2852 5298 3130 5354 ﬁdelibus
3187 5297 3621 5370 compluribus,

1963 5408 2266 5448 canonum
2298 5394 2763 5460 sanctorumque
2793 5391 3030 5444 Patrum
3101 5387 3471 5447 auctoritate.
3518 5400 3617 5440 ne-

1961 5497 2121 5540 cnon
2151 5480 2579 5554 Capitularium
2608 5479 3074 5552 praecedentium
3100 5492 3312 5547 regum
3341 5473 3620 5530 institutis

1956 5574 2168 5630 'coram
2183 5570 2409 5644 positis,
2425 5574 2502 5626 'ne
2513 5569 2824 5645 oppressio
2835 5567 3137 5638 virginum
3160 5563 3619 5626 autviduarum,
