4034 6182
366 125 469 180 383

1480 69 1854 168 aestuosis
1892 104 2308 166 PRUMIENSIS
2349 111 2662 166 ABBATIS.

3702 111 3808 164 384

368 245 459 302 vel
483 247 691 317 raptus
711 241 789 298 ab
817 240 948 296 ullis
973 237 1323 296 hominibus
1339 238 1464 306 ﬁat,
1488 240 1545 293 et
1574 239 1637 292 ut
1662 232 1767 307 qui
1789 231 2031 305 rapiunt
2067 232 2114 284 Α
2143 232 2344 302 etiam,
2375 235 2423 290 si
2452 233 2701 307 porrigit
2715 231 2993 288 esurienti
3026 246 3270 306 panem,
3288 231 3363 287 de
3393 231 3811 287 misericordia

370 351 472 391 eas
501 333 615 388 sub
654 331 896 387 nomine
942 320 1117 384 simul
1165 325 1498 394 habitandi,
1539 326 1929 396 cooperantes
1977 323 2034 375 et

371 423 755 479 conniventes
778 417 1140 491 raptoribus,
1169 416 1216 471 si
1245 415 1492 489 quidem
1515 412 1708 470 clerici
1738 414 1895 480 sunt,
1931 409 2033 464 de-

371 511 573 568 cidant
601 526 636 566 a
662 507 905 581 proprio
935 506 1164 578 gradu;
1199 505 1249 561 si
1274 521 1416 560 vero
1469 503 1626 573 laici,
1685 500 2034 557 anathema-

373 602 638 665 tizentur,
665 603 722 654 et
746 601 1016 670 raptores
1047 596 1171 652 sine
1205 610 1308 668 spe
1335 592 1599 665 conjugii
1615 591 2029 665 permaneant.

373 687 545 755 Quod
572 687 618 742 si
649 686 937 760 posthaec
961 686 1215 757 jungere
1245 699 1306 739 se
1359 679 1868 756 praesumpserint,
1897 675 2035 733 utri-

370 792 490 849 que
550 775 1142 832 anathematizentur.
1175 771 1491 829 Tuendum
1530 775 1621 827 est
1673 769 1853 826 etiam
1881 782 2033 840 pree-

373 867 495 923 fato
525 881 663 936 rege
690 869 755 922 ut
782 863 948 920 nulla
976 862 1220 920 abbatia
1248 877 1385 934 qua:
1435 876 1543 934 per
1571 875 1633 916 se
1669 857 2034 915 .electionem

372 955 572 1021 habet,
602 953 680 1010 ad
707 952 1139 1010 monasterium
1184 967 1294 1008 nec
1348 948 1525 1006 alicui
1577 947 1749 1020 41],
1787 946 1848 1002 in
1902 959 2038 1017 pro-

376 1043 573 1116 prium
604 1043 796 1117 possit
837 1041 1070 1098 donari.
1105 1040 1220 1096 Illae
1267 1054 1410 1096 vero
1440 1053 1576 1111 quae
1607 1035 1892 1093 electione
1941 1048 2036 1089 ca-

376 1137 526 1202 rent,
557 1131 712 1200 regis
741 1129 1063 1187 donatione
1086 1133 1142 1186 et
1170 1127 1481 1202 privilegio
1509 1126 1586 1182 ad
1635 1123 1800 1181 aliud
1829 1137 2038 1179 mona-

375 1221 640 1289 sterium,
697 1219 864 1292 quod
916 1218 1030 1274 sub
1081 1219 1211 1288 ejus
1263 1213 1696 1272 mundiburdio
1748 1209 2034 1277 consistit,

376 1307 691 1377 subrogari
719 1307 974 1380 possint.

734 1443 889 1510 Quid
918 1443 991 1497 sit
1027 1441 1374 1496 ministrare
1406 1438 1663 1494 Christo.

2143 321 2507 392 facere,non
2538 321 2612 378 de
2657 321 2963 392 jactantia,
3013 319 3316 376 nesciente
3366 318 3607 376 sinistra
3660 319 3812 392 quid

2143 410 2320 466 faciat
2343 412 2605 478 dextera,
2639 410 2700 466 id
2729 415 2834 476 est,
2876 414 2942 467 ut
2970 409 3259 466 alienetur
3284 408 3532 464 intentio
3581 407 3815 481 cupidi-

2142 500 2276 556 tatis
2307 500 2386 557 ab
2415 516 2594 574 opere
2621 499 2942 556 charitatis.
2977 497 3087 565 Qui
3119 498 3202 553 sic
3230 497 3548 565 ministrat,
3579 497 3815 553 Christo

2141 589 2458 659 ministrat,
2482 594 2758 662 recteque
2781 589 2861 644 illi
2889 588 3159 644 dicetur:
3205 588 3348 642 Cum
3384 589 3495 642 uni
3521 602 3598 643 ea:
3640 587 3820 642 mini-

2140 681 2251 736 mis
2274 681 2415 736 meis
2442 681 2690 751 fecistis,
2718 679 2870 735 mihi
2889 679 3133 749 fecistis.
3169 680 3281 733 Nec
3303 692 3373 733 ea
3404 679 3641 732 tantum
3672 691 3815 748 quae

2143 770 2221 826 ad
2246 769 2722 826 misericordiam
2765 769 3059 842 pertinent
3115 765 3510 840 corporalem,
3546 765 3654 822 sed
3687 781 3819 820 om-

2141 859 2243 916 nia
2266 875 2449 932 opera
2489 859 2654 916 bona
2709 863 2953 932 propter
3010 856 3306 914 Christum
3357 855 3600 911 faciens.
3648 857 3819 910 Tunc

2143 950 2303 1006 enim
2337 953 2508 1006 erunt
2539 950 2724 1015 bona;
2757 948 3049 1023 quoniam
3080 947 3217 1003 finis
3246 946 3394 1017 legis
3428 945 3701 1001 Christus
3739 945 3821 1000 ad

2138 1040 2435 1110 justitiam
2489 1039 2654 1096 omni
2718 1037 2980 1095 credenti
3032 1036 3300 1093 minister
3344 1040 3450 1110 est
3482 1051 3680 1108 usque
3741 1035 3824 1090 ad

2145 1130 2333 1200 [apud
2383 1130 2808 1200 Augustinum,
2857 1127 3021 1183 omni
3071 1125 3352 1181 credenti.
3411 1123 3672 1180 Minister
3731 1129 3823 1179 est

2147 1217 2355 1273 Christi
2377 1233 2569 1290 usque
2599 1217 2696 1287 ad]
2710 1216 2853 1272 illud
2868 1231 3021 1288 opus
3048 1229 3285 1284 magnae
3299 1213 3626 1280 charitatis,
3647 1213 3826 1286 quod

2146 1311 2238 1363 est
2257 1307 2524 1363 animam
2557 1323 2730 1362 suam
2760 1322 2870 1378 pro
2895 1305 3176 1361 fratribus
3189 1319 3430 1377 ponere,
3453 1303 3603 1376 quia
3624 1307 3683 1358 et
3703 1303 3827 1358 hoc

2147 1411 2256 1452 sua
2286 1395 2561 1452 membra
2600 1395 2786 1466 [apud
2830 1395 3256 1465 Augustinum,
3289 1407 3540 1464 ponere.
3579 1394 3705 1448 Hoc
3738 1397 3828 1446 est

2147 1485 2304 1540 enim
2339 1489 2394 1540 et
2422 1500 2532 1557 pro
2557 1485 2784 1540 Christo
2815 1500 3058 1556 ponere,
3090 1482 3232 1555 quia
3263 1486 3320 1537 et
3347 1482 3407 1537 h.
3437 1486 3690 1554 propter
3713 1496 3827 1535 sua

452 1577 579 1630 LIV.
613 1575 694 1644 (S.
729 1579 971 1628 Arausr.
1006 1574 1067 1628 in
1097 1574 1316 1628 Joann.
1350 1574 1520 1626 tract.
1554 1571 1668 1640 51.)
1697 1567 1762 1622 Si
1790 1566 2042 1638 quismi-
2081 1585 2119 1637 Β
2148 1573 2254 1648 m,]
2279 1573 2547 1628 dicturus
2573 1577 2661 1628 est
2691 1592 2702 1628 ε
2739 1575 2884 1629 Cum
2914 1587 3026 1645 pro
3055 1571 3199 1637 istis,
3232 1586 3342 1643 pro
3399 1585 3494 1626 me
3525 1569 3711 1641 413
3749 1568 3828 1623 re-

381 1663 444 1718 hi
468 1665 791 1729 ministrat,
824 1679 915 1718 me
941 1668 1246 1732 sequatur.
1273 1661 1402 1725 Quo
1425 1660 1637 1726 fructu,
1669 1673 1791 1728 qua
1820 1670 2042 1711 merce-

379 1751 474 1816 de,
505 1767 628 1823 quo
652 1750 939 1824 praemio?
969 1751 1044 1805 Et
1100 1749 1202 1804 ubi
1220 1765 1372 1818 sum,
1400 1747 1612 1820 inquit,
1672 1747 1798 1801 illic
1827 1750 1881 1801 et
1936 1744 2040 1798 mi-

383 1841 573 1896 nister
620 1856 782 1896 meus
834 1841 966 1896 erit.
1024 1838 1211 1894 Gratis
1262 1846 1512 1903 ametur,
1547 1841 1610 1892 ut
1661 1834 1858 1906 operis
1916 1849 2040 1904 quo

382 1929 754 1985 ministratur
784 1928 862 1983 illi
890 1927 1146 2001 pretium
1179 1927 1250 1982 sit
1289 1942 1416 1982 esse
1443 1941 1578 1980 cum
1607 1924 1727 1980 illo.
1748 1923 1856 1978 Ubi
1881 1922 2038 1977 enim

364 2020 532 2073 bene
565 2019 671 2074 erit
702 2018 829 2073 sine
860 2018 979 2084 illo,
1016 2023 1118 2073 aut
1161 2016 1407 2089 quando
1438 2015 1592 2071 male
1649 2030 1780 2069 esse
1829 2011 2043 2086 poterit

382 2123 520 2164 cum
557 2108 655 2164 illo
677 2109 704 2163 ?
734 2107 884 2163 Audi
913 2107 1244 2163 evidentius
1275 2124 1286 2161 :
1318 2108 1388 2161 Si
1412 2107 1543 2176 quis
1568 2105 1720 2160 mihi
1745 2104 2042 2158 ministra-

383 2199 557 2268 verit,
591 2197 1009 2266 honoriﬁcabit
1041 2213 1172 2253 eum
1204 2197 1390 2251 Pater
1416 2210 1598 2250 meus.
1632 2195 1761 2259 Quo
1789 2193 2037 2257 honore,

383 2286 496 2342 nisi
525 2291 591 2342 ut
613 2287 686 2342 sit
715 2303 853 2342 cum
896 2286 1035 2342 Filio
1066 2285 1196 2355 ejus
1220 2286 1247 2341 ?
1274 2284 1427 2350 Quid
1455 2283 1615 2339 enim
1629 2281 1902 2356 superius
1917 2281 2041 2337 ait?

389 2375 501 2431 Ubi
529 2391 633 2445 ego
662 2391 815 2446 sum,
847 2377 974 2430 illic
995 2381 1050 2431 et
1077 2375 1347 2430 minister
1371 2388 1530 2428 meus
1559 2373 1690 2428 erit.
1725 2371 1847 2426 Hoc
1878 2368 2042 2425 intel-

384 2464 583 2533 ligitur
610 2465 960 2537 exposuisse
1012 2480 1151 2519 cum
1203 2463 1379 2518 dicit:
1431 2461 1866 2518 Honm‘ificabit
1911 2475 2040 2515 eum

369 2554 570 2610 Pater
597 2570 778 2609 meus.
814 2557 960 2609 Nam
1010 2569 1192 2625 quem
1224 2552 1519 2621 majorem
1571 2551 1863 2606 honorem
1893 2546 2042 2604 acci-

384 2657 526 2714 pere
556 2642 772 2715 poterit
801 2643 1126 2715 adoptatus
1151 2657 1339 2713 quam
1374 2645 1435 2694 ut
1461 2641 1535 2695 sit
1563 2639 1664 2694 ubi
1693 2643 1781 2693 est
1810 2637 2040 2698 unicus,

386 2745 508 2786 non
563 2730 812 2803 aequalis
869 2731 1058 2786 factus
1114 2728 1426 2798 divinitati,
1498 2727 1603 2782 sed
1661 2726 2042 2782 consociatus

386 2819 695 2875 aeternitati
725 2819 752 2873 ?
785 2819 936 2884 Quid
963 2819 1036 2873 sit
1068 2822 1266 2873 autem
1299 2816 1632 2871 ministrare
1669 2814 1917 2880 Christo,
1950 2812 2044 2868 cui

2149 1662 2298 1717 cisti.
2333 1664 2410 1717 De
2467 1661 2561 1717 tali
2619 1662 2846 1734 quippe
2901 1676 3083 1733 opere
3135 1660 3314 1716 etiam
3365 1675 3425 1714 se
3474 1658 3826 1714 ministrum

2150 1751 2342 1806 facere
2375 1754 2428 1805 et
2455 1750 2758 1823 appellare
2784 1750 3067 1820 dignatus
3107 1753 3214 1818 est,
3247 1748 3351 1804 ubi
3392 1748 3473 1803 ait
3505 1764 3516 1802 :
3550 1748 3732 1803 Sicut
3761 1749 3828 1814 ﬁ-

2152 1842 2268 1896 lius
2295 1841 2550 1896 hominis
2583 1856 2700 1895 non
2736 1841 2893 1895 venit
2923 1839 3281 1906 ministrari,
3315 1838 3418 1894 sed
3445 1838 3826 1904 ministrare,

2151 1937 2203 1986 et
2227 1930 2490 1985 animam
2518 1945 2684 1985 suam
2712 1944 2933 1998 ponere
2963 1944 3076 1998 pro
3103 1929 3332 1983 multis.
3381 1926 3530 1981 Hinc
3563 1940 3717 1995 ergo
3745 1931 3831 1980 est

2151 2018 2566 2091 unusquisque
2598 2019 2864 2074 minister
2892 2017 3101 2073 Christi
3141 2016 3303 2072 unde
3334 2021 3420 2072 est
3461 2015 3749 2071 minister
3778 2020 3831 2070 et

2152 2107 2436 2162 Christus.
2475 2107 2565 2162 Sic
2624 2107 3060 2163 ministrantem
3117 2106 3345 2163 Christo
3393 2103 3830 2161 honoriﬁcabit

2151 2200 2318 2253 Pater
2343 2197 2472 2268 ejus
2503 2195 2730 2252 honore
2761 2195 2859 2251 illo
2879 2211 3121 2266 magno,
3150 2198 3217 2250 ut
3246 2194 3470 2250 sitcum
3504 2193 3655 2250 Filio
3677 2193 3828 2264 ejus,

2150 2303 2261 2342 nec
2284 2302 2554 2358 unquam
2585 2285 2822 2341 deﬁciat
2852 2284 3094 2340 felicitas
3152 2285 3301 2354 ejus.
3358 2285 3506 2340 Cum
3537 2299 3691 2353 ergo
3725 2298 3829 2337 au-

2152 2376 2342 2440 distis,
2375 2375 2606 2436 fratres.
2642 2375 2961 2430 Dominum
2992 2374 3286 2429 dicentem
3319 2390 3331 2428 :
3365 2371 3476 2428 Ubi
3513 2388 3626 2442 ego
3675 2387 3828 2438 sum,

2153 2467 2284 2520 illic
2313 2471 2366 2521 et
2412 2466 2684 2520 minister
2709 2479 2869 2520 meus
2890 2465 3027 2533 erit,
3058 2462 3237 2519 nolite
3267 2461 3703 2518 tantummodo
3731 2461 3831 2516 bo-

2153 2570 2264 2610 nos
2295 2554 2613 2627 episcopos
2633 2557 2689 2608 et
2717 2553 2961 2608 clericos
2992 2552 3269 2623 cogitare.
3325 2551 3514 2607 Etiam
3550 2567 3667 2605 vos
3721 2567 3832 2624 pro

2155 2643 2401 2700 modulo
2432 2649 2622 2698 vestro
2667 2643 2994 2698 ministrate
3043 2641 3293 2711 Christo,
3325 2640 3481 2697 bene
3540 2640 3828 2704 vivendo,

2156 2750 2224 2788 ac
2269 2733 2682 2805 eleemosynas
2730 2732 3024 2798 faciendo,
3080 2747 3303 2787 nomen
3353 2730 3831 2803 doctrinamque

2154 2823 2284 2892 ejus
2309 2820 2530 2893 quibus
2553 2820 2858 2892 p‘otueritis
2875 2819 3292 2894 praedicando;
3313 2822 3374 2873 ut
3395 2819 3832 2892 unusquisque

385 2909 550 2980 operi
580 2924 808 2964 merces
839 2912 1002 2963 tanta
1029 2907 1407 2979 promittitur,
1441 2906 1556 2961 hoc
1617 2903 1813 2977 potius
1862 2902 2044 2958 debe-
2084 2934 2124 2986 ο
2155 2909 2331 2966 etiam
2362 2909 2790 2982 paterfamilias
2820 2908 2935 2964 hoc
2966 2908 3210 2964 nomine
3249 2912 3583 2976 cognoscat
3636 2912 3838 2979 pater—

373 3013 523 3052 .mus
589 2996 908 3068 inquirere.
969 2996 1024 3051 Si
1082 2995 1240 3051 enim
1294 2995 1407 3050 hoc
1460 2993 1866 3067 putaverimus
1913 3007 2044 3047 esse

386 3084 619 3142 Christo
644 3085 1000 3151 ministrare,
1035 3101 1107 3140 ea
1136 3101 1272 3157 quas
1304 3089 1444 3138 sunt
1481 3082 1715 3156 corpori
1771 3097 2044 3138 necessa-

389 3175 475 3230 ria
500 3190 862 3248 praeparare,
919 3180 1022 3230 aut
1071 3174 1327 3229 comanti
1386 3173 1588 3228 cibum
1640 3187 1896 3244 coquere
1953 3170 2047 3225 vel

390 3281 713 3337 apponere,
743 3264 833 3319 vel
892 3263 1174 3336 poculum
1207 3263 1372 3333 dare,
1403 3268 1733 3336 potumque
1773 3261 2044 3330 miscere,

389 3354 653 3409 fecerunt
677 3353 789 3408 hoc
819 3353 900 3408 illi
929 3352 1032 3424 qui
1063 3355 1386 3425 potuerunt
1415 3368 1551 3406 eum
1585 3351 1644 3406 in
1676 3366 1923 3422 corpore
1944 3351 2047 3404 ha-

389 3443 528 3498 bere
556 3448 933 3516 prmsentem,
969 3443 1119 3496 sicut
1151 3441 1372 3497 Martha
1401 3446 1457 3497 et
1487 3439 1685 3508 Maria,
1713 3439 1961 3512 quando
1991 3445 2048 3494 et

391 3535 645 3588 Lazarus
675 3547 832 3587 unus
862 3536 988 3587 erat
1015 3547 1087 3585 ex
1116 3530 1624 3586 recumbentibus.
1660 3529 1772 3584 Sed
1805 3545 1875 3584 eo
1916 3544 2044 3583 mo-

388 3621 468 3677 do
497 3622 727 3678 Christo
757 3622 938 3678 etiam
968 3621 1154 3676 Judas
1185 3619 1452 3693 perditus
1482 3619 1854 3675 ministravit.
1899 3622 2043 3674 Nam

389 3715 445 3765 et
468 3709 696 3766 loculos
741 3709 1008 3766 habebat
1055 3709 1202 3782 ipse.
1238 3712 1302 3764 Et
1331 3707 1608 3780 quamvis
1659 3723 1730 3763 ex
1777 3708 1862 3763 eis
1907 3723 2044 3778 quin

389 3798 776 3855 mittebantur
805 3798 1252 3854 sceleratissime
1283 3797 1598 3863 iuraretur,
1633 3813 1740 3868 per
1762 3796 1930 3852 illum
1960 3801 2046 3851 ta-

390 3903 525 3942 men
551 3888 727 3942 etiam
759 3887 1098 3942 necessaria
1130 3885 1306 3957 412
1341 3885 1730 3957 parabantur.
1769 3886 1908 3941 Hinc
1963 3890 2049 3940 est

389 3975 534 4028 illud
555 3974 721 4046 quod
753 3990 891 4028 cum
922 3974 974 4028 ei
1004 3973 1552 4028 diceretDominus:
1589 3973 1757 4039 Quod
1783 3974 2048 4042 facis/“ac

391 4064 688 4129 velociter,
713 4062 979 4118 arbitrati
1001 4066 1143 4118 sunt
1173 4061 1419 4134 quidam
1451 4061 1616 4133 quod
1647 4079 1784 4118 eum
1809 4064 2052 4133 jusserit

390 4155 634 4222 propter
660 4150 821 4206 diem
853 4149 1074 4204 festum
1104 4149 1440 4206 necessaria
1475 4165 1812 4222 praeparare
1846 4151 1936 4206 vel
1966 4151 2050 4206 in-

390 4237 734 4308 digentibus
765 4236 992 4309 aliquid
1021 4237 1185 4293 dare.
1217 4236 1386 4293 Nullo
1406 4237 1590 4294 modo
1631 4238 1810 4308 igitur
1838 4238 1912 4294 de
1943 4239 2052 4294 hu-

385 4328 724 4399 juscemodi
745 4326 1029 4382 ministris
1044 4326 1264 4383 diceret
1287 4327 1574 4384 Dominus
1598 4345 1610 4383 :
1653 4329 1764 4384 Ubi
1772 4345 1876 4399 ego
1895 4345 2047 4399 sum,

390 4419 476 4474 ibi
498 4417 608 4474 erit
643 4423 695 4472 et
725 4417 1000 4472 minister
1026 4430 1210 4472 meus.
1237 4416 1308 4470 Si
1334 4417 1464 4487 quis
1495 4417 1644 4473 mihi
1679 4419 2050 4475 ministrave-

389 4504 493 4571 rit,
521 4505 936 4571 honoriﬁcabit
957 4520 1090 4560 eum
1115 4505 1493 4573 Patermeus,
1516 4505 1805 4578 quoniam
1831 4506 2047 4562 Iudam

388 4591 531 4648 talia
560 4592 995 4649 ministrantem
1047 4593 1435 4665 reprobatum
1467 4594 1663 4666 potius
1709 4611 1896 4666 quam
1944 4596 2049 4650 ho-

388 4686 668 4737 noratum
699 4681 994 4736 videmus.
1030 4684 1098 4737 Ut
1143 4681 1289 4754 quid
1338 4697 1481 4752 ergo
1537 4683 1681 4739 alibi
1723 4684 2049 4755 quaerimus

389 4771 536 4842 quid
567 4771 639 4826 sit
669 4771 1001 4827 ministrare
1022 4770 1274 4839 Christo,
1301 4776 1355 4827 et
1385 4787 1507 4828 non
1561 4773 1759 4844 potius
1807 4773 1868 4829 in
1921 4773 2048 4830 istis

388 4859 535 4931 ipsis
565 4860 761 4916 verbis
785 4861 1214 4929 agnoscimus?
1243 4863 1390 4918 Cum
1419 4861 1576 4917 enim
1607 4862 1753 4918 dixit
1781 4882 1793 4919 :
1823 4863 1889 4920 Si
1917 4866 2048 4934 quis

391 4947 540 5002 mihi
564 4951 889 5014 ministrat,
922 4965 1014 5004 me
1042 4955 1349 5020 sequatur,
1397 4949 1512 5006 hoc
1544 4951 1788 5022 intelligi
1843 4953 2044 5020 voluit,

391 5049 461 5090 ac
492 5034 540 5089 si
561 5035 780 5092 diceret
811 5055 824 5091 :
859 5037 915 5093 Si
945 5036 1081 5108 quis
1110 5053 1205 5092 me
1231 5053 1352 5094 non
1406 5039 1692 5112 sequitur,
1727 5056 1849 5097 non
1902 5042 2048 5097 mihi

390 5121 701 5179 ministrat.
725 5123 1054 5179 Ministrant
1081 5141 1221 5194 ergo
1250 5128 1388 5182 Jesu
1407 5127 1636 5183 Christo
1665 5128 1767 5200 qui
1795 5144 1918 5184 non
1940 5146 2050 5187 sua

390 5215 686 5284 quaerunt,
719 5211 825 5268 sed
855 5227 990 5283 quae
1007 5213 1147 5268 Jesu
1177 5214 1408 5270 Christi.
1440 5218 1558 5272 Hoc
1605 5221 1695 5272 est
1744 5217 1927 5286 enim,
1959 5235 2051 5276 me

389 5306 694 5374 sequatur.
745 5300 880 5356 Vias
935 5301 1268 5374 ambulant,
1322 5320 1445 5360 non
1477 5321 1635 5362 suas.
1696 5305 1855 5363 Sicut
1907 5308 2051 5365 alibi

391 5389 681 5461 scriptum
713 5392 802 5445 est
834 5407 846 5443 :
878 5389 992 5457 Qui
1011 5406 1073 5447 se
1095 5392 1239 5447 dicit
1264 5394 1326 5448 in
1359 5393 1597 5450 Christo
1653 5411 1915 5462 manere,
1956 5397 2054 5453 de-

393 5478 482 5534 bet
508 5479 664 5534 sicut
690 5481 796 5535 ille
823 5481 1157 5538 ambulavit
1211 5488 1265 5538 et
1319 5484 1444 5553 ipse
1491 5484 1824 5542 ambulare.
1869 5486 2053 5543 Debet

461 5568 606 5639 (331)
633 5567 774 5625 Vide
812 5569 1131 5627 concilium
1163 5574 1706 5642 Caesaraugustam,
1745 5591 1879 5647 cap.
1921 5582 1974 5632 6.

2153 3015 2297 3054 num
2335 2999 2614 3054 affectum
2647 3015 2768 3054 suae
2800 2998 3038 3054 familias
3067 3013 3127 3052 se
3154 2996 3371 3052 debere
3420 3013 3535 3069 pro
3597 2997 3837 3053 Christo

2153 3094 2210 3145 et
2239 3105 2349 3161 pro
2374 3088 2492 3144 vita
2547 3092 2768 3144 aeterna
2823 3103 2964 3143 suos
2995 3101 3216 3163 omnes
3260 3089 3528 3154 moneat,
3587 3087 3840 3151 doceat,

2153 3179 2437 3243 hortetur,
2473 3176 2772 3250 corripiat,
2802 3175 3112 3249 impendat
3130 3174 3644 3244 benevolentiam,
3671 3191 3841 3230 exer-

2154 3271 2283 3322 ceat
2307 3265 2707 3338 disciplinam.
2744 3270 2826 3321 lta
2854 3265 2916 3322 in
2955 3265 3139 3321 domo
3197 3251 3308 3321 sua
3350 3264 3841 3320 ecclesiasticum

2155 3362 2209 3413 et
2238 3356 2508 3429 quodam
2547 3356 2731 3412 modo
2762 3355 3102 3428 episcopale
3132 3355 3340 3427 implet
3364 3353 3665 3426 officium,
3726 3355 3841 3410 mi-

2155 3445 2418 3500 nistrans
2447 3445 2700 3510 Christo,
2734 3449 2799 3500 ut
2828 3445 2888 3499 in
2910 3449 3198 3500 aeternum
3228 3443 3303 3498 sit
3332 3459 3473 3498 cum
3494 3442 3656 3516 ipso.
3685 3447 3844 3499 Nam

2156 3539 2213 3590 et
2237 3535 2398 3590 illam
2430 3533 2757 3590 maximam
2791 3533 3090 3606 passionis
3119 3533 3622 3588 ministrationem
3659 3532 3844 3588 multi

2156 3641 2226 3679 ex
2257 3627 2450 3679 vestro
2477 3639 2730 3678 numero
2780 3622 3139 3689 ministrant,
3173 3621 3342 3677 multi
3381 3622 3689 3694 episcopi,
3725 3621 3847 3676 cle-

2155 3713 2281 3780 rici,
2308 3713 2560 3782 juvenes
2591 3716 2646 3767 et
2707 3711 2984 3780 virgines,
3039 3727 3208 3766 senes
3259 3726 3397 3766 cum
3454 3709 3845 3780 junioribus.

2157 3801 2316 3860 Multi
2342 3800 2643 3871 conjugati
2672 3805 2728 3856 et
2758 3801 3115 3871 conjugataa,
3163 3799 3332 3876 multi
3362 3802 3566 3872 patres
3609 3787 3848 3856 matre-

2157 3907 2305 3964 sque
2333 3889 2612 3957 familias,
2643 3889 3045 3944 ministrantes
3074 3888 3321 3954 Christo,
3356 3888 3536 3944 etiam
3588 3888 3853 3944 animas

2157 3995 2298 4036 suas
2324 3979 2385 4033 in
2414 3979 2543 4048 ejus
2581 3977 2868 4050 martyrio
2893 3980 3243 4051 posuerunt,
3275 3981 3333 4033 et
3383 3977 3854 4033 honorificante

2156 4069 2322 4124 Patre
2353 4081 2606 4122 coronas
2637 4065 3097 4133 gloriosissimas
3124 4069 3496 4137 receperunt.

2159 4189 2338 4264 414
2381 4193 2464 4247 De
2520 4191 2749 4264 clericis
2806 4192 2911 4260 qui
2967 4191 3396 4247 monachorum
3441 4193 3852 4260 propositum

2301 4263 2609 4332 appetunt.
2645 4263 2736 4318 Ex
2760 4263 3010 4318 concilio
3058 4263 3360 4330 Toletano,
3397 4277 3531 4332 cap.
3584 4266 3689 4318 50.

2233 4390 2336 4442 LV.
2369 4387 2622 4453 (Concil.
2666 4388 2849 4444 Tolet.
2878 4405 2951 4454 iv,
2985 4404 3035 4444 c.
3066 4393 3172 4457 50;
3203 4390 3535 4444 Buacnmn.
3565 4386 3690 4444 lib.
3719 4405 3860 4454 vm,

2159 4494 2209 4533 c.
2232 4477 2344 4546 2t.)
2373 4475 2576 4531 Clerici
2606 4476 2709 4548 qui
2737 4477 3173 4534 monachorum
3231 4477 3616 4551 propositum
3654 4495 3866 4552 appe-

2161 4569 2310 4634 tunt,
2333 4570 2392 4622 et
2418 4564 2725 4621 meliorem
2763 4566 2948 4623 vitam
2973 4567 3143 4639 sequi
3171 4566 3444 4640 cupiunt,
3471 4566 3721 4624 liberos
3777 4568 3868 4624 ab

2157 4655 2443 4728 episcopo
2472 4655 2533 4710 in
2563 4655 2938 4712 monasteriis
2966 4656 3166 4726 largiri
3194 4659 3426 4729 oportet
3488 4656 3870 4726 ingressus,

2157 4760 2266 4801 nec
2296 4743 2564 4800 interdici
2619 4745 2995 4817 propositum
3021 4761 3238 4813 eorum
3287 4745 3392 4818 qui
3430 4744 3510 4801 ad
3558 4751 3872 4803 contem-

2158 4833 2436 4906 plationis
2465 4833 2830 4889 desiderium
2869 4835 3121 4892 transire
3145 4835 3414 4891 nituntur
3444 4835 3621 4906 (33l).

2160 4967 2578 5042 Decretumpde
2607 4967 2941 5042 viduis._Ef:c
2961 4969 3212 5042 epistola
3239 4969 3397 5042 beati
3424 4967 3745 5042 Gregorii
3753 4986 3877 5042 pa-

2229 5039 2653 5121 pa‘Bonifacio
2702 5040 3147 5121 archiepiscopo
3179 5041 3378 5106 missa,
3412 5041 3473 5094 in
3502 5055 3637 5110 qua
3695 5039 3885 5117 inter

2232 5115 2446 5166 caetera
2476 5111 2562 5166 ita
2594 5111 2817 5180 legitur
2841 5128 2852 5165 :

2234 5222 2366 5278 LVI.
2389 5222 2617 5293 (Addit.
2651 5239 2725 5290 1v,
2753 5239 2804 5280 c.
2833 5223 2924 5294 63)
2950 5243 2964 5293 ;
2991 5226 3316 5279 Buacnaan.
3345 5221 3450 5278 lib.
3481 5241 3628 5287 vni,
3658 5243 3728 5283 c.
3762 5232 3841 5284 45
3871 5248 3886 5293 ;

2165 5316 2285 5380 lvo,
2316 5316 2484 5384 parte
2506 5329 2603 5370 vn.
2619 5329 2670 5368 c.
2695 5314 3043 5386 63.)Viduas
3063 5329 3099 5370 a
3119 5311 3428 5386 proposito
3443 5312 3892 5374 discedentes

2162 5400 2488 5471 viduitatis,
2521 5418 2702 5475 super
2751 5401 2972 5475 quibus
3020 5417 3132 5458 nos
3160 5399 3470 5458 consulere
3502 5401 3738 5462 voluit
3801 5407 3896 5463 di-

2167 5489 2336 5546 lectio
2386 5494 2506 5558 tua,
2554 5491 2730 5548 frater
2783 5492 3150 5560 charissima,
3200 5488 3379 5547 credo
3452 5493 3508 5546 te
3559 5507 3797 5552 nosse
3856 5513 3898 5551 a
