3980 6182
213 190 299 245 385

1050 179 1140 234 nr.
1179 174 1459 234 seems.
1501 144 1789 233 ancieL.
1833 150 2021 228 LIBRI
2064 167 2229 225 nuo.
2272 200 2340 208 —
2379 166 2675 224 APPEND.
2717 168 2759 221 ι.

3512 167 3617 220 386

214 312 395 369 sancto
446 302 628 360 Paulo
679 307 737 360 et
778 319 815 359 a
862 280 1064 359 multis
1118 301 1335 358 sanctis
1386 268 1844 367 Patribus,vnisi
1874 298 1922 351 Α
1957 309 2094 350 cum
2129 291 2351 365 quibus
2377 290 2578 358 etiam,
2599 294 2662 346 ut
2674 290 2805 360 jam
2836 268 3033 343 dictus
3062 285 3344 359 praecepit
3373 289 3620 358 Aposto-

217 398 634 460 convertantur,
675 392 820 449 olim
858 408 986 449 esse
1031 391 1399 459 damnatas;
1450 405 1604 463 quas
1652 392 1709 443 et
1737 401 1848 442 nos
1956 383 2070 451 lus,
2120 380 2267 438 nulli
2315 380 2582 437 ﬁdelium
2614 379 2817 436 cibum
2863 392 3098 432 sumere
3147 374 3515 455 licet.Quod
3565 374 3618 430 si

215 483 521 563 apostolica
568 482 917 539 auctoritate
956 480 1338 538 dar‘nnandas
1389 485 1447 536 et
1500 496 1533 535 a
1584 491 1851 534 commu-

217 577 371 636 nione
394 570 662 629 ﬁdelium
694 575 875 645 atque
897 569 1254 627 aliminibus
1276 567 1538 625 ecclesiae
1560 563 1852 624 arcendas

216 666 325 723 fore
351 677 690 729 censemus,
721 673 1044 732 usquequo
1089 657 1375 714 obediant
1403 654 1699 730 episcopis
1729 651 1853 708 suis

216 759 265 812 et
288 753 358 811 ad
388 751 620 808 bonum
650 750 813 824 quod
832 753 1143 821 coeperunt
1165 746 1359 803 invitae
1389 740 1853 802 autvotuntarite

215 839 587 897 revertantur.
622 838 703 890 De
728 832 1060 904 virginibus
1089 835 1291 887 autem
1320 829 1550 895 velatis,
1583 827 1632 884 si
1657 826 1858 884 devia.

216 926 407 993 verint,
449 941 486 981 a
544 929 764 981 sancta:
821 920 1128 978 memoriae
1174 920 1617 993 praedecessore
1647 920 1857 972 nostro

218 1012 545 1073 Innocentio
569 1012 685 1069 tale
700 1011 1004 1068 decretum
1024 1008 1350 1065 habemus:
1386 1030 1413 1058 «
1434 1010 1532 1063 Hae
1555 1021 1700 1062 vero
1720 1019 1858 1077 quae

213 1104 461 1163 necdum
493 1118 664 1159 sacro
684 1099 983 1158 velamine
1009 1102 1197 1165 tectae,
1230 1103 1431 1154 tamen
1460 1096 1523 1152 in
1551 1093 1860 1169 proposito

214 1191 472 1263 virginali
520 1205 760 1263 semper
788 1205 850 1245 se
883 1186 1295 1244 simulaverint
1321 1182 1697 1260 permanere,
1729 1182 1864 1237 licet

213 1282 407 1339 velatae
434 1296 559 1337 non
590 1278 830 1351 fuerint,
855 1277 903 1333 si
918 1275 1254 1350 nupserint,
1270 1274 1579 1348 aliquanto
1596 1276 1863 1345 tempore

216 1370 302 1428 his
319 1367 553 1441 agenda
581 1364 931 1441 poenitentia
977 1369 1085 1433 est,
1116 1364 1261 1438 quia
1291 1361 1537 1436 sponsio
1585 1376 1795 1417 earum
1826 1373 1863 1413 a

216 1459 457 1517 Domino
509 1456 839 1514 tenebatur.
884 1454 937 1512 Si
987 1454 1149 1511 enim
1202 1453 1354 1508 inter
1401 1451 1678 1508 homines
1717 1448 1865 1504 solet

213 1549 379 1605 bona:
402 1545 548 1603 ﬁdei
573 1548 913 1602 contractus
927 1541 1093 1598 nulla
1106 1540 1335 1598 ratione
1364 1538 1863 1610 dissolvi,quanto

1957 472 2095 546 quis
2127 487 2199 528 ex
2227 471 2322 527 his
2351 469 2689 543 quidquam
2720 472 2946 524 tentare
2991 469 3095 522 aut
3126 469 3416 521 temerare
3463 464 3617 537 pra:-

1961 559 2304 634 sumpserit,
2349 557 2481 632 pari
2508 574 2647 613 cum
2678 556 2762 612 eis
2807 552 3445 611 exeommunieationis
3483 568 3618 610 sen-

1961 649 2145 706 tentia
2175 648 2436 705 feriatur.

1963 742 2049 796 De
2095 738 2279 795 vidua
2327 720 2479 807 quz‘
2510 737 2619 791 sub
2667 735 2910 791 obtentu
2941 732 3250 807 religionis
3265 734 3493 807 _velum
3541 731 3622 788 ad

2276 802 2504 877 teinpus
2534 807 2647 863 sibi
2672 804 3037 875 imposuerit.
3070 802 3218 872 Cap.
3252 802 3309 857 5.

2040 900 2192 953 LVII.
2218 896 2563 966 (BURCHARD.
2591 893 2697 949 lib.
2726 909 2847 961 vni,
2874 908 2927 947 e.
2957 891 3066 959 47).
3100 888 3381 945 Nicolaus
3399 888 3625 961 episco-

1965 1003 2102 1060 pus,
2136 1001 2345 1041 servus
2376 999 2687 1039 servorum
2734 980 2856 1051 Dei,
2887 977 3368 1036 reverentissimo
3405 982 3464 1033 et
3491 993 3624 1034 san-

1969 1075 2232 1131 ctissimo
2278 1072 2559 1130 confratri
2608 1076 2814 1128 nostro
2842 1068 3153 1126 Adalwino
3194 1070 3413 1124 sancta
3450 1069 3625 1123 luva-

1968 1164 2168 1222 vensis
2199 1162 2469 1219 Ecclesiae
2508 1160 2977 1234 archiepiscopo.
3008 1156 3181 1224 Quod
3215 1161 3417 1213 autem
3444 1156 3623 1212 inter-

1969 1252 2225 1322 rogastis
2273 1250 2348 1306 de
2397 1249 2619 1306 femina
2664 1265 2800 1323 quae
2841 1251 2981 1320 post
3008 1245 3240 1302 obitum
3284 1244 3481 1301 mariti
3532 1243 3626 1299 sui

1969 1342 2248 1398 velamen
2289 1355 2531 1396 sacrum
2572 1353 2754 1411 super
2782 1341 2964 1408 caput
3015 1352 3194 1391 suum
3235 1333 3540 1407 impdsuit,
3572 1335 3631 1388 et

1967 1429 2140 1487 ﬁnxit
2168 1445 2230 1485 se
2260 1428 2375 1484 sub
2408 1428 2624 1484 eodem
2661 1425 2958 1483 velamine
3002 1423 3522 1480 sanctimonialem
3552 1421 3631 1478 fe-

1970 1520 2200 1577 minam
2232 1533 2382 1584 csse,
2413 1521 2622 1590 postea
2646 1531 2789 1571 vero
2814 1514 2894 1570 ad
2914 1513 3157 1586 nuptias
3173 1512 3368 1581 rediit,
3396 1512 3629 1568 bonum

210 1600 543 1707 Egisti
573 1600 937 1707 pollicitatio,
967 1647 1153 1705 quam
1179 1645 1319 1686 cum
1346 1627 1457 1701 ἀι
1474 1628 1523 1701 5
1554 1600 1672 1683 ne;
1697 1624 1862 1699 pepi-
1890 1645 1937 1701 Β
1968 1608 2222 1707 videtur,
2243 1606 2400 1707 _qu_ia
2429 1621 2538 1679 per
2560 1602 2935 1707 lgygocrisim
2962 1600 3629 1707 ςοοξῗβίδειξοαωινθειι-

209 1726 305 1799 git,
331 1724 484 1782 solvi
513 1723 639 1780 sine
670 1723 869 1779 vincta
897 1737 1020 1777 non
1046 1719 1279 1794 poterit,
1316 1741 1342 1767 »
1374 1720 1431 1774 et
1458 1721 1688 1773 caetera.
1714 1718 1858 1771 Nam

2045 1713 2092 1754 cn
2123 1694 2481 1753 conturbare
2503 1693 2712 1763 voluit,
2745 1696 2803 1748 et
2828 1706 2952 1747 non
2974 1689 3236 1760 legitime
3264 1688 3324 1744 in
3350 1692 3491 1744 voto
3520 1698 3630 1743 suo

205 1814 251 1870 si
277 1813 538 1883 virgines
576 1810 851 1867 nondum
874 1808 1083 1866 velatae
1127 1806 1323 1864 taliter
1366 1803 1718 1880 pmnitentia
1748 1819 1861 1876 pu-

205 1904 355 1961 blica
385 1902 721 1976 puniuntur
746 1904 804 1956 et
832 1916 868 1956 a
890 1902 1049 1955 coetu
1073 1896 1339 1953 fidelium
1362 1910 1554 1967 usque
1582 1893 1659 1950 ad
1691 1892 1864 1948 satis-

204 1992 529 2049 factionem
561 1988 980 2057 exeluduntur,
1012 1988 1240 2060 quanto
1267 1984 1464 2058 potius
1488 1983 1699 2050 viduae,
1728 1997 1866 2054 qua

201 2078 573 2152 perfectioris
611 2077 795 2135 aetatis
843 2080 899 2133 ct
943 2072 1285 2131 maturioris
1330 2071 1636 2145 sapientiae
1685 2073 1865 2142 atque

207 2168 438 2225 consilii
480 2168 755 2234 existunt,
804 2166 1192 2237 virorumque
1233 2160 1532 2218 consortio
1568 2156 1867 2234 multoties

200 2274 321 2313 usae
348 2261 517 2326 sunt,
533 2260 591 2312 et
611 2254 798 2312 velari
820 2270 882 2309 se
902 2252 1321 2326 permiserunt,
1336 2249 1609 2305 habitum
1633 2244 1868 2317 religio-

196 2346 286 2402 nis
310 2347 801 2419 assumpserimt,
824 2348 881 2398 et
909 2342 1157 2415 demum
1179 2338 1871 2412 apostataverunt,atque

193 2436 271 2492 ad
295 2436 483 2510 prius
510 2432 806 2490 vomitum
836 2435 977 2486 sunt
1000 2443 1325 2497 reverste,a
1355 2425 1531 2482 nobis
1561 2430 1616 2481 et
1638 2424 1717 2481 ab
1747 2439 1873 2479 om-

191 2524 383 2581 nibus
416 2518 705 2577 ﬁdelibus
734 2536 771 2576 a
815 2517 1123 2575 liminibus
1151 2514 1415 2572 ecclesiae
1458 2517 1515 2570 et
1544 2517 1701 2571 coetu
1723 2511 1873 2568 ﬁde-

187 2612 348 2668 lium
412 2623 613 2681 usque
670 2606 748 2663 ad
806 2602 1276 2661 satisfactionem
1318 2604 1457 2657 sunt
1491 2598 1873 2657 eliminandaa

189 2704 246 2757 et
288 2696 651 2756 carceribus
678 2694 1007 2762 tradendae,
1040 2692 1297 2767 qualiter
1318 2691 1492 2765 juxta
1530 2688 1873 2762 apostolum

192 2788 461 2846 Paulum
492 2784 791 2842 tradentes
821 2780 1171 2853 hujusmodi
1197 2778 1507 2855 hominem
1540 2780 1791 2845 Satanae,
1809 2779 1875 2832 ut

195 2878 451 2951 spiritus
482 2874 687 2931 salvus
718 2872 796 2929 sit
835 2871 897 2927 in
927 2870 1025 2926 die
1070 2868 1324 2925 Domini.
1357 2869 1439 2924 De
1465 2864 1682 2923 talibus
1712 2864 1873 2921 enim

192 2973 248 3024 et
276 2965 589 3025 Dominus
615 2979 723 3037 per
750 2964 991 3034 Moysen
1019 2957 1281 3032 loquitur
1309 2974 1322 3013 :
1364 2957 1618 3027 Auferte
1645 2956 1873 3011 malum

193 3059 267 3115 de
294 3056 507 3114 medio
539 3046 742 3111 vestri.
774 3054 854 3108 De
881 3048 1104 3123 quibus
1135 3052 1189 3104 et
1215 3064 1321 3120 per
1360 3046 1714 3120 Prophetam
1745 3042 1827 3100 ait
1858 3060 1871 3098 :

190 3136 552 3215 Laetabitur
590 3145 793 3212 justus
833 3156 967 3196 cum
1010 3138 1224 3194 viderit
1280 3137 1628 3204 vindictam,
1662 3148 1876 3190 manus

191 3254 332 3295 suas
363 3234 609 3293 lavabit
638 3233 703 3288 in
731 3230 1026 3302 sanguine
1044 3229 1376 3299 peccatoris
1398 3226 1586 3300 (Psal.
1610 3226 1766 3297 Lvn).
1797 3225 1877 3279 De

194 3324 421 3383 talibus
452 3337 736 3394 namque
765 3324 823 3376 et
851 3334 1061 3376 earum
1105 3316 1399 3375 similibus
1440 3320 1620 3389 atque
1650 3313 1877 3370 eisdem

192 3411 757 3477 consentientibus,
795 3409 939 3482 quia
967 3424 1090 3464 non
1121 3407 1319 3464 solum
1364 3405 1467 3479 qui
1495 3404 1741 3472 faciunt,
1774 3402 1879 3458 sed

190 3504 375 3561 etiam
408 3502 526 3576 qui
551 3498 954 3565 consentiunt,
978 3496 1062 3552 rei
1092 3493 1555 3563 sunt,Dominus
1586 3509 1692 3567 per
1716 3508 1881 3549 eum-

190 3595 331 3651 dem
362 3592 751 3667 prophetam
804 3586 989 3644 David
1028 3585 1291 3659 loquitur
1338 3584 1544 3639 dicens
1578 3600 1590 3637 :
1635 3581 1882 3638 Videbas

186 3686 416 3759 furem,
464 3680 769 3740 currebas
800 3694 932 3733 cum
970 3692 1057 3742 eo,
1082 3680 1137 3732 et
1172 3691 1305 3731 cum
1334 3673 1630 3730 adulteris
1654 3671 1881 3740 portio-

191 3790 323 3831 nem
354 3780 537 3831 tuam
562 3768 831 3841 ponebas
853 3767 1040 3838 (Psal.
1069 3763 1241 3836 XLIX);
1265 3766 1323 3819 et
1342 3761 1532 3818 multa
1554 3774 1885 3831 eorumque
1932 3792 1935 3796 »

1972 1785 2320 1861 permansit,
2349 1788 2414 1841 ut
2440 1782 2854 1858 paenitentiam
2888 1779 3061 1852 417
3093 1782 3235 1848 agat
3261 1778 3336 1833 de
3355 1777 3630 1833 illusione

1973 1876 2253 1944 nefanda,
2286 1880 2343 1930 et
2379 1878 2708 1930 revertatur
2738 1871 2814 1926 ad
2847 1869 2907 1926 id
2936 1868 3103 1942 quod
3131 1866 3458 1941 spopondit
3484 1870 3542 1923 et
3567 1866 3632 1922 in

1973 1982 2144 2023 sacro
2172 1962 2498 2021 ministerio
2528 1959 2848 2018 inchoavit.
2884 1962 3033 2015 Nam
3073 1956 3120 2012 si
3151 1955 3633 2012 consenserimus

1972 2054 2139 2129 quod
2155 2053 2362 2110 omnia
2382 2053 2760 2108 sacramenta
2769 2045 3166 2104 ecclesiastica
3185 2045 3442 2117 quisque
3456 2044 3634 2115 prout

1974 2142 2103 2199 vult
2136 2142 2350 2210 ﬁngat,
2378 2143 2437 2195 et
2462 2152 2588 2194 non
2616 2152 2755 2192 vere
2791 2134 2913 2201 ﬁat,
2945 2132 3144 2189 omnis
3174 2131 3323 2188 ordo
3353 2130 3634 2186 ecclesia-

1976 2231 2161 2287 sticus
2204 2227 2617 2289 conturbatur,
2660 2240 2775 2280 nec
2813 2220 3119 2279 catholicae
3148 2219 3290 2276 ﬁdei
3328 2219 3469 2291 jura
3496 2235 3635 2275 con-

1979 2319 2214 2384 sistunt,
2240 2331 2352 2371 nec
2401 2329 2666 2371 canones
2696 2310 2848 2367 sacri
2878 2309 2984 2365 rite
3032 2307 3450 2364 observantur.
3483 2306 3636 2373 Quid

1979 2406 2141 2464 enim
2163 2403 2388 2479 profuit
2410 2401 2635 2460 Shoni
2657 2403 2824 2470 Mago
2847 2397 3222 2470 baptismum
3244 2412 3482 2452 sacrum
3504 2395 3638 2452 ﬁcte

1981 2493 2282 2566 suscipere
2310 2496 2368 2548 et
2395 2491 2456 2547 in
2478 2488 2920 2547 Christianitate’
2941 2501 3407 2560 permansurum
3437 2501 3503 2542 se
3530 2485 3639 2541 ﬁn-

1979 2582 2156 2651 xisse,
2184 2597 2325 2638 cum
2348 2596 2456 2654 per
2477 2577 2825 2652 apostolum
2855 2576 3020 2632 fraus
3050 2576 3181 2646 ejus
3210 2573 3461 2642 detecta,
3491 2573 3641 2647 quid

1982 2672 2094 2728 sibi
2147 2672 2416 2728 futurum
2447 2673 2603 2726 esset
2653 2665 3109 2741 pronuntiatum
3155 2667 3264 2721 est.
3308 2663 3402 2720 Ait
3432 2662 3637 2720 enim:

1980 2761 2247 2818 Pecunia
2270 2766 2375 2816 tua
2400 2764 2590 2816 tecum
2608 2759 2684 2813 sit
2710 2758 2774 2812 in
2791 2755 3153 2826 perditione.
3168 2755 3288 2810 Cor
3302 2753 3454 2810 enim
3473 2762 3640 2809 tuum

1982 2868 2103 2908 non
2125 2856 2210 2907 est
2235 2855 2462 2906 rectum
2481 2862 2681 2903 coram
2704 2847 2843 2902 Deo.
2861 2845 3288 2901 Paenitentiam
3317 2844 3521 2915 itaque
3533 2857 3645 2913 age

1982 2941 2058 2998 ab
2088 2942 2202 2997 hac
2231 2939 2497 3011 nequitia
2525 2943 2651 3005 tua,
2681 2941 2751 2992 et
2770 2950 2918 3006 roga
2958 2936 3145 2990 Deum
3177 2938 3242 2988 ut
3271 2932 3435 3002 forte
3447 2933 3645 2988 remit-

1985 3036 2155 3088 tatur
2185 3029 2295 3085 tibi
2322 3029 2448 3084 haec
2495 3026 2777 3098 cogitatio
2817 3024 3013 3081 cordis
3056 3023 3164 3078 tui.
3201 3022 3275 3077 In
3312 3020 3462 3091 felle
3487 3020 3643 3076 enim

1984 3116 2411 3176 amaritudinis
2431 3121 2486 3173 et
2502 3115 2864 3185 obligatione
2878 3112 3216 3184 iniquitatis
3236 3110 3403 3166 video
3427 3113 3485 3165 te
3502 3122 3642 3165 esse.

1988 3209 2140 3281 (Act.
2172 3208 2310 3279 vui).
2346 3206 2485 3262 Ideo
2515 3204 2683 3273 tales,
2714 3202 2830 3259 nisi
2857 3200 3229 3275 resipiscant,
3256 3196 3502 3272 spiritali
3528 3195 3649 3266 gla-

1986 3298 2088 3355 dio
2119 3301 2426 3371 percutere
2452 3308 2789 3351 censemus.
2817 3294 2946 3349 Non
2977 3289 3138 3346 enim
3166 3289 3260 3345 fas
3287 3291 3381 3344 est
3410 3283 3649 3360 Spiritui

1989 3390 2196 3443 sancto
2226 3383 2485 3453 mentiri,
2518 3382 2673 3438 sicut
2712 3379 2999 3437 Ananias'
3023 3383 3081 3434 et
3121 3376 3376 3449 Saphira
3421 3372 3649 3431 mentiti

1991 3478 2148 3544 sunt,
2181 3477 2238 3531 et
2267 3472 2473 3529 statim
2498 3462 2824 3543 perierunt.
2912 3466 2918 3472 ’
3538 3464 3548 3473 ·
3574 3482 3581 3487 ι

1990 3564 2079 3619 De
2100 3557 2523 3622 penitentibus
2544 3556 2689 3612 viris
2713 3569 2786 3611 ac
2802 3553 3018 3622 viduis,
3032 3552 3152 3607 sive
3177 3548 3530 3620 virginibus,
3548 3564 3653 3622 qui

2105 3619 2420 3688 ivertentes
2450 3627 2596 3683 laici
2636 3626 2813 3693 ﬁunt,
2855 3628 2961 3679 aut
3000 3619 3222 3677 vestem
3269 3619 3530 3693 mutant,
3562 3619 3653 3673 vel

2065 3700 2361 3771 conjugiis
2397 3689 2784 3766 copulantur.
2831 3693 3179 3749 Toletanum
3222 3689 3542 3747 concilium
3573 3704 3650 3756 iv,

2066 3788 2199 3847 cap.
2234 3775 2324 3827 55.

2067 3820 2618 3937 litescunt).
2789 3820 2919 3925 vui,
2961 3868 3012 3909 e.
3046 3851 3156 3924 27).
3204 3849 3557 3922 Quicunque
3583 3864 3657 3905 ex

1996 3949 2383 4011 saecularibus
2422 3947 2779 4021 accipientes
2817 3942 3231 4018 pcenitentiam
3270 3938 3658 3998 totonderunt

1997 4061 2081 4114 se,
2104 4046 2161 4100 et
2186 4056 2399 4099 rursus
2426 4036 2907 4112 praevaricantes,
2926 4032 3062 4090 laici
3082 4030 3275 4089 effecti
3304 4033 3463 4099 sunt,
3492 4046 3655 4087 com-

193 3862 433 3919 similia.
471 3840 662 3918 Tales
710 3870 1170 3934 ergopersona:
1218 3850 1670 3917 indubitanter;
1720 3840 1889 3904 adul-

191 3958 327 4009 teree
374 3969 519 4009 esse
588 3946 1101 4011 manifestantur;
1160 3941 1471 4016 quoniam,
1520 3938 1724 3996 relicta
1772 3937 1886 3994 im-

190 4041 437 4098 mortali
468 4053 745 4113 sponso,
794 4034 877 4092 ad
928 4031 1286 4089 anteriorem
1319 4034 1383 4086 ut
1412 4045 1593 4086 canes
1644 4026 1723 4084 ad
1752 4043 1887 4100 pro-

186 4132 393 4204 Ρΐίιιω
433 4142 722 4187 reversa?
750 4127 888 4181 sum
925 4122 1241 4190 vomitum:
1274 4124 1351 4190 9t;
1376 4122 1661 4194 θροείδίεθ
1693 4117 1886 4189 factm:
1995 4129 2282 4205 prehensi
2312 4128 2391 4185 ab
2417 4127 2703 4203 episcopo
2733 4141 2843 4182 suo
2870 4123 2947 4181 ad
2986 4121 3398 4198 paenitentiam
3438 4136 3509 4177 ex
3534 4136 3660 4197 qua

185 4220 391 4278 illicita
418 4236 497 4277 ac
529 4214 845 4286 sacrilega
870 4229 935 4270 se
965 4210 1322 4282 contagione
1358 4208 1713 4283 polluentes,
1745 4206 1856 4263 viri

2045 4222 2367 4276 icesserunt
2389 4213 2941 4281 revocentur.Quod
2959 4212 3007 4269 si
3026 4211 3211 4286 aliqui
3238 4227 3346 4285 per
3375 4209 3659 4284 poeniten-

186 4310 577 4368 mortalibus
638 4321 703 4362 se
754 4296 1228 4374 eonglutiantes;
1282 4315 1419 4373 quae
1464 4296 1666 4368 etiam,
1714 4296 1858 4368 juxta

2045 4326 2141 4367 am
2171 4306 2588 4366 irrevocabiles
2619 4308 2777 4376 sunt,
2794 4320 2906 4361 nec
2936 4300 3228 4360 admoniti
3258 4303 3656 4365 revertuntur,

192 4399 561 4479 apostolum
593 4393 877 4483 Paulum,
898 4408 970 4448 eo
999 4390 1167 4465 quod
1179 4387 1482 4446 viduitatis
1511 4385 1858 4460 propositun

2045 4415 2136 4456 ere
2150 4402 2217 4455 ut
2230 4399 2516 4470 apostatae
2538 4410 2745 4452 coram
2760 4391 3021 4449 Ecclesia
3034 4394 3100 4447 ut
3114 4387 3511 4447 anathematis
3533 4400 3662 4441 sen-
3710 4422 3726 4436 .

189 4472 602 4554 dimiserunt,
638 4486 700 4540 et
728 4482 908 4555 516
943 4479 1129 4536 ﬁdem
1156 4495 1342 4552 quam
1370 4493 1524 4539 cum
1556 4478 1675 4533 Deo
1726 4472 1858 4549 pepi

2045 4488 2182 4545 entia
2219 4485 2715 4543 condemnentur.
2762 4481 2944 4554 618
2984 4482 3112 4535 Non
3154 4477 3323 4534 aliter
3370 4479 3427 4531 et
3453 4474 3517 4547 hi
3546 4472 3661 4546 qui

156 4583 416 4649 egerunt
452 4578 757 4647 frangere
808 4572 1341 4645 praesumpserunt,
1394 4572 1574 4640 atque
1629 4565 1858 4638 priman

2045 4577 2161 4635 insi
2188 4593 2226 4633 a
2255 4574 2605 4650 parentibus
2635 4570 2872 4640 fuerint,
2896 4570 3001 4625 aut
3030 4568 3241 4639 sponte
3266 4579 3399 4634 sua,
3420 4560 3659 4620 amissis

174 4669 377 4727 ﬁdem
388 4662 1133 4744 praevericaverunt,sunt
1151 4657 1515 4716 damnanda:
1538 4672 1575 4712 a
1593 4654 1892 4744 nobisque
1999 4665 2370 4743 parentibus,
2403 4680 2465 4720 se
2490 4663 2655 4737 ipsos
2674 4656 2944 4730 religioni
2963 4656 3356 4723 devoveram,
3378 4656 3435 4709 et
3453 4653 3663 4724 postea

189 4762 248 4814 et
278 4775 322 4816 a
350 4740 548 4815 vbbis
607 4757 797 4825 atque
826 4767 864 4808 a
910 4749 1155 4823 reliquis
1178 4747 1368 4805 nostri
1397 4744 1623 4803 ordinis
1661 4743 1823 4812 viris,
1856 4781 1858 4792 η

2045 4756 2275 4814 abitum
2301 4752 2651 4810 saecularem
2680 4747 3086 4820 sumpserunt,
3115 4745 3172 4799 et
3197 4740 3380 4797 iidem
3401 4755 3438 4797 a
3472 4753 3663 4795 sacer-

190 4847 456 4920 singulis
485 4841 786 4903 videlicet
813 4856 925 4897 sua
952 4839 1013 4896 in
1042 4836 1308 4909 dioecesi,
1334 4852 1371 4893 a
1388 4832 1696 4891 liminibus
1707 4830 1858 4889 eccle

2045 4849 2140 4902 ote
2161 4838 2600 4917 comprehensi,
2632 4837 2712 4895 ad
2741 4835 2969 4893 cultum
2997 4829 3325 4920 religionis,
3343 4833 3477 4886 acta
3494 4827 3663 4902 prius

2001 4932 2370 5009 poenitentia,
2419 4930 2789 4986 revocentur.
2821 4921 2995 4991 Quod
3024 4920 3073 4977 si
3113 4919 3327 4976 reverti
3368 4933 3663 4991 nonpos-

2005 5006 2315 5092 sunt,vere
2334 5024 2402 5076 ut
2424 5019 2712 5092 apostatm
2733 5009 3132 5071 anathematis
3158 5007 3461 5066 sententia:
3484 5006 3667 5078 subji-

2004 5111 2255 5169 ciantur.
2291 5111 2433 5175 Quae
2486 5105 2679 5161 forma
2734 5099 3070 5159 servabitur
3124 5095 3302 5156 etiam
3358 5098 3423 5154 in
3468 5095 3666 5153 viduis

2004 5198 2458 5271 virginibusque
2488 5193 2671 5251 sacris
2700 5208 2770 5249 ac
2807 5188 3234 5265 paenitentibus
3261 5186 3499 5244 feminis
3528 5201 3665 5258 quae

2008 5284 2507 5346 sanctimonalem
2537 5282 2808 5340 habitum
2835 5280 3180 5348 induerunt,
3214 5283 3271 5335 et
3307 5279 3521 5351 postea
3564 5276 3669 5330 aut

2005 5382 2228 5436 vestem
2256 5377 2639 5432 mutaverunt
2666 5376 2771 5430 aut
2796 5370 2876 5428 ad
2904 5369 3143 5444 nuptias
3176 5368 3557 5433 transierunt.

2006 5470 2095 5526 De
2123 5467 2474 5525 discretione
2500 5464 2881 5523 saecularium
2911 5467 2965 5520 et
3001 5458 3548 5518 sanctimonialium
3580 5454 3666 5511 vi-

2312 5538 2593 5595 duarum.
2621 5537 2768 5594 Item
2799 5533 3084 5606 eiusdem,
3116 5546 3248 5602 cap.
3282 5532 3370 5587 56.

1989 5648 1995 5655 '
2082 5633 2210 5688 LIX.
2245 5631 2373 5686 Duo
2421 5629 2559 5685 sunt
2591 5640 2811 5699 genera
2856 5622 3197 5692 viduarum,
3248 5606 3565 5676 saeculares
3610 5617 3673 5670 et

192 4936 291 4993 sia:
321 4942 385 4994 et
416 4954 459 4994 a
491 4937 677 4994 coetu
703 4930 973 4987 ﬁdelium
1002 4944 1195 5001 usque
1219 4926 1300 4983 ad
1329 4922 1818 4994 satisfactionem,
1830 4923 1896 4977 ut

178 5026 579 5101 praedictum
627 5024 740 5085 est,
774 5023 915 5076 sunt
938 5015 1340 5075 eliminandaa.
1373 5015 1422 5068 Α
1453 5012 1660 5071 talium
1692 5014 1896 5101 autem

190 5096 517 5173 consortio
554 5113 624 5168 et
656 5107 937 5167 societate
988 5121 1202 5164 omnes
1233 5103 1440 5161 fideles
1494 5104 1556 5158 in
1608 5099 1895 5157 omnibus

188 5204 513 5263 abstinere
544 5197 951 5275 mandamus.
988 5198 1178 5268 Super
1206 5193 1428 5266 quibus
1449 5191 1630 5249 etiam
1649 5188 1893 5264 placuit,

188 5310 538 5368 quousque
573 5290 649 5347 in
693 5287 827 5361 ipso
865 5283 1219 5343 detestanda
1265 5287 1322 5339 et
1367 5281 1567 5338 illicito
1597 5282 1775 5353 atque
1806 5294 1897 5368 sa-

187 5367 687 5456 crilegoearnis
716 5373 1110 5433 contubernio
1151 5375 1553 5447 perseverant,
1604 5373 1671 5427 ut
1697 5367 1899 5425 nullus

188 5473 737 5533 Christianorum,
783 5463 899 5523 nisi
945 5462 1169 5537 quibus
1218 5460 1499 5536 proprius
1547 5457 1743 5516 studio
1773 5472 1901 5513 eor-

185 5562 439 5637 rigendi
496 5556 773 5634 jusserit
821 5555 1163 5630 episcopus,
1193 5569 1332 5610 cum
1360 5552 1445 5609 eis
1474 5550 1535 5607 in
1586 5562 1899 5624 quoquam

184 5633 668 5717 communicet,
699 5649 801 5702 aut
824 5642 904 5702 ad
932 5642 1188 5700 domum
1216 5641 1279 5698 in
1307 5655 1431 5714 qua
1460 5636 1599 5696 'sunt
1626 5633 1899 5704 accedat;
