3980 6182
359 197 461 253 387

1481 197 1856 256 REGINONIS
1893 182 2306 273 PBUHIENSIS
2346 191 2664 253 ABBATIS.
3663 201 3757 256 338

359 319 863 376 sanctimoniales.
911 321 1233 378 Saeculares
1263 322 1459 379 viduae
1486 326 1626 379 sunt
1648 338 1785 394 quae
1812 319 2010 377 adhuc
2043 315 2092 370 Α
2120 313 2280 383 gistri
2312 315 2550 386 militiae,
2583 333 2718 390 quae
2738 316 3015 390 projectis
3041 332 3195 390 quas
3219 321 3429 390 sponte
3451 320 3764 392 assumpsit

356 407 742 479 disponentes
770 409 1016 479 nubere,
1055 409 1326 468 laicalem
1355 411 1627 468 habitum
1679 426 1800 467 non
1829 409 2011 484 depo-

358 500 1121 557 suerunt.Sanctimoniales
1144 507 1285 560 sunt
1323 504 1610 574 qme,jam
1643 505 1870 557 mutato
1901 499 2006 555 ha-

355 584 484 643 bitu
510 585 790 653 saeculari,
829 587 944 644 sub
974 589 1250 660 religioso
1273 590 1432 646 cultu
1462 591 1521 646 in
1553 593 1876 662 conspectu
1922 603 2012 643 sa-

253 699 258 705 π
356 673 609 728 cerdotis
635 674 726 729 vel
756 675 1030 731 Ecclesiae
1061 678 1574 750 apparuerintﬂze
1598 677 1645 732 si
1675 675 2010 750 adlnuptias

354 761 713 834 transierint,
741 763 913 835 juxta
937 765 1288 838 Apostolum
1313 783 1434 822 non
1467 767 1592 823 sine
1619 764 2008 824 damnatione

353 855 525 906 erunt
553 870 565 920 ;
598 853 700 924 qui
726 869 788 908 se
811 854 1078 926 primum
1112 859 1228 912 Deo
1259 861 1566 926 voventes,
1598 861 1807 929 postea
1833 853 2009 910 casti-

352 939 486 996 tatis
510 942 890 1013 propositum
931 944 1297 1015 abjeeerunt.

352 1047 451 1101 Ad
480 1048 747 1122 habitum
786 1051 983 1108 redire
1010 1059 1262 1122 regatur
1291 1060 1345 1109 et
1398 1054 1753 1110 recludatur
1799 1054 1863 1108 in
1892 1068 2010 1107 mo-

423 1121 686 1194 nasterio
714 1137 846 1192 quae
875 1121 1215 1194 religiosam
1257 1132 1468 1181 vestem
1506 1126 1744 1194 abjecit.
1785 1125 1877 1180 Eae
1909 1126 2012 1180 Re-

421 1197 584 1260 gesto
609 1193 900 1262 Gregorii,
932 1195 1231 1252 Vitatiano
1261 1198 1532 1266 episcopo
1555 1193 1896 1266 Sepontino.

423 1297 525 1350 LX.
555 1297 638 1362 (S.
692 1313 877 1368 esse,
908 1298 1010 1354 lib.
1045 1317 1151 1370 vn,
1184 1301 1386 1358 indict.
1424 1307 1472 1369 l,
1529 1303 1698 1372 epist.
1732 1306 1803 1370 9;
1863 1303 2006 1356 Bun-

349 1399 550 1438 cmnn.
583 1384 686 1441 lib.
719 1403 837 1456 γιιι,
888 1404 939 1443 c.
992 1390 1104 1459 49).
1140 1390 1197 1446 Si
1228 1395 1430 1447 custos
1460 1385 1718 1460 religioﬁ
1763 1391 2004 1447 habitus

349 1475 452 1528 aut
479 1489 610 1530 esse
639 1490 850 1531 nosses
876 1476 1221 1551 cpiscopus,
1253 1480 1441 1536 ﬁliam
1484 1480 1756 1549 gloriosae
1785 1495 2009 1536 memo-

347 1561 449 1618 rim
486 1562 736 1620 Tulliani
774 1566 1044 1635 magistri
1074 1568 1315 1636 militiae,
1376 1573 1433 1625 te
1462 1569 1600 1625 illuc
1628 1569 1848 1641 posito,
1895 1584 2007 1624 nec

346 1651 628 1723 projectis
654 1652 944 1723 religiosis
973 1655 1239 1712 vestibus
1293 1657 1372 1714 ad
1402 1657 1750 1714 surcularem
1794 1657 2006 1712 reverti
2037 1667 2078 1738 β
2181 1655 2331 1738 pri}?
2358 1651 2830 1738 πιαιάιυϐνὶηξηξῖ

352 1739 531 1812 419
558 1741 833 1799 habitum
857 1759 967 1801 nec
993 1744 1073 1800 ad
1102 1761 1214 1801 nos
1238 1745 1608 1820 licuissetper
1622 1762 1859 1803 versam
1889 1745 2008 1818 epis

348 1829 564 1886 stolam
586 1830 908 1888 destinare.
927 1833 1040 1891 Sed
1051 1834 1196 1906 quia
1219 1834 1405 1891 nimia
1421 1836 1651 1892 desidia
1673 1852 1742 1892 ac
1771 1841 2005 1908 torpore

346 1918 719 1991 deprimeris,
755 1921 814 1976 in
841 1926 944 1976 tuo
975 1921 1270 1978 dedecore
1299 1941 1394 1979 res
1419 1925 1497 1980 ad
1526 1941 1791 1996 praesens
1807 1923 2006 1980 illicita

346 2007 594 2080 impune
625 2011 952 2066 commissa
981 2016 1090 2067 est.
1120 2016 1292 2079 Nam,
1326 2014 1476 2070 sicut
1516 2015 1748 2087 praefati
1769 2031 2004 2082 sumus,

347 2097 395 2152 si
442 2097 726 2154 sollicitus
771 2115 901 2154 esse
955 2100 1340 2173 [exstitisses],
1375 2103 1542 2175 prius
1591 2104 1671 2159 ad
1715 2120 1826 2158 nos
1859 2102 2006 2158 ultio

345 2183 610 2240 mulieris
639 2186 1007 2258 pravissimee
1027 2205 1214 2260 quam
1245 2190 1424 2263 culpa
1440 2191 1648 2248 debuit
1670 2190 2001 2264 pervenire.

346 2272 496 2338 Quia
524 2289 667 2344 ergo
695 2278 928 2331 tantum
972 2277 1156 2333 hebes
1200 2282 1555 2351 tantumque
1602 2295 1665 2335 es
1695 2279 2004 2350 negligens

345 2366 410 2418 ut
438 2363 554 2418 nisi
592 2365 949 2422 canonicam
978 2366 1038 2422 in
1067 2371 1119 2423 te
1150 2367 1329 2424 fueris
1353 2368 1770 2425 coercitionem
1799 2386 2006 2442 exper-

344 2455 461 2520 tus,
492 2451 554 2507 in
591 2452 723 2509 aliis
769 2454 1206 2512 districtionem
1249 2461 1307 2512 et
1343 2456 1726 2530 disciplinam
1772 2458 2004 2514 nescias

344 2540 660 2609 custodire,
701 2543 957 2616 qualiter
984 2544 1210 2602 debeas
1239 2561 1370 2601 esse
1399 2545 1708 2602 solliicitus
1735 2561 2005 2617 congruo

344 2629 468 2699 tibi,
499 2631 549 2687 si
580 2631 833 2689 Domino
860 2649 902 2706 p
929 2633 1174 2703 acuerit,
1206 2638 1474 2706 tempore
1513 2635 2003 2692 demonstramus

344 2720 958 2792 [demonstrabimus].
1012 2722 1324 2778 Praesentia
1350 2722 1531 2792 igitur
1575 2723 1796 2796 scripta
1821 2724 2004 2779 susci-

343 2807 516 2880 piens
545 2809 780 2879 evigila,
821 2814 880 2865 et
908 2812 1198 2866 excitatus
1227 2811 1439 2866 saltem
1483 2827 1809 2884 exsequere
1837 2812 2001 2884 quod

343 2913 591 2969 pressus
636 2914 798 2954 nunc
842 2914 1036 2970 usque
1083 2898 1324 2969 ignavia
1367 2898 1667 2956 distulisti.
1703 2901 2002 2958 instantia

343 2996 488 3053 ergo
528 2990 646 3039 tuae
669 2984 742 3038 sit
769 2984 1118 3056 praedictam
1139 2985 1451 3042 mulierem
1482 3003 1604 3043 una
1632 3003 1772 3043 cum
1800 2989 2003 3059 Sergio
2031 3019 2072 3078 ς
2178 2984 2384 3050 ⁰“⁶’⁶¹ἣ“¹
2424 2984 2506 3006 ""’
2526 2984 2736 3019 ‘”‘“""
2803 3051 2814 3064 .
3544 3049 3556 3059 _
3669 3049 3680 3060 ι

345 3071 660 3123 defensam
686 3072 1214 3123 comprehendere-
1249 3079 1308 3123 et
1334 3075 1528 3123 statim
1556 3091 1676 3123 non
1711 3077 1905 3123 solum
1923 3078 1999 3123 ad
2179 3047 2358 3108 ΙιΧΠῘ.
2393 3052 2735 3120 (Βυιιωιλυιυ.
2776 3049 2880 3109 11b.
2925 3069 3008 3122 ιιι,
3041 3068 3092 3108 c.
3138 3051 3279 3123 127).
3339 3047 3777 3106 Ecclesxashca—

345 3071 660 3128 defensam
686 3072 1214 3145 comprehendere,
1249 3079 1308 3131 et
1334 3075 1532 3132 statim
1556 3091 1678 3132 non
1711 3077 1908 3134 solum
1923 3078 2004 3134 ad

345 3159 504 3216 male
529 3165 940 3234 contemptum
956 3162 1229 3220 habitum
1253 3163 1379 3221 sine
1395 3165 1781 3221 excusatione
1799 3166 2004 3240 aliqua

343 3263 644 3320 revocare,
697 3251 805 3307 sed
848 3251 1028 3308 etiam
1058 3252 1120 3306 in
1163 3253 1548 3322 monasterio,
1598 3255 1702 3310 ubi
1751 3256 2001 3313 omnino

343 3338 605 3395 districte
632 3342 831 3396 valeat
861 3339 1165 3408 custodiri,
1197 3341 1512 3398 detrudere
1547 3348 1602 3399 et
1623 3344 1705 3400 ita
1755 3361 1999 3401 omnem

341 3427 498 3484 circa
513 3428 675 3486 illam
707 3428 1165 3486 sollicitudinem
1191 3430 1563 3494 exhiberemt
1586 3448 1776 3505 quam
1795 3433 2002 3502 sitne-

342 3517 554 3574 farium
608 3517 774 3591 quod
806 3517 1106 3574 commisit
1156 3533 1228 3574 ex
1277 3524 1380 3577 tua
1409 3521 1598 3593 possit
1637 3521 2000 3579 districtione

341 3620 719 3677 cognoscere.
755 3607 928 3673 Quod
961 3606 1010 3662 si
1035 3607 1174 3680 quis
1201 3609 1344 3681 {qua
1371 3609 1433 3664 in
1461 3625 1524 3665 re
1550 3609 1602 3665 si
1625 3611 1802 3683 quis),
1831 3611 2000 3683 quod

339 3711 463 3751 non
493 3695 816 3766 credimus,
849 3695 1138 3753 laicorum
1166 3695 1369 3771 aliquo
1417 3698 1521 3754 tibi
1549 3699 1790 3770 ingenio
1815 3704 1999 3756 tenta-

338 3785 483 3840 verit
512 3783 952 3852 obsistendum,
1001 3800 1037 3840 a
1088 3785 1484 3843 sanctissimae
1535 3788 1998 3859 [secretissimae]

339 3890 479 3931 eum
505 3873 948 3930 communionis
995 3875 1448 3947 participatione
1497 3877 1844 3950 suspende;
1895 3894 2000 3934 no-

338 3962 552 4035 bisque
595 3962 939 4018 renuntiare
977 3961 1194 4018 festina
1229 3981 1242 4030 ;
1277 3969 1340 4019 ut
1385 3967 1682 4036 quantum
1731 3966 1806 4022 sit
1835 3983 1998 4022 exse-

340 4049 561 4105 crabile
606 4049 771 4121 quod
799 4049 1125 4122 praesumit,
1165 4055 1491 4123 postquam
1522 4051 1998 4110 consideratione

339 4137 585 4212 propria
603 4154 726 4194 non
753 4137 1005 4194 advertit
1021 4137 1457 4197 emendationis
1473 4141 1758 4214 qualitate
1781 4158 1998 4214 cogno-

341 4231 484 4284 scat.
515 4230 579 4284 In
605 4225 698 4282 his
726 4229 925 4283 autem
956 4226 1239 4283 omnibus
1268 4228 1348 4286 ita
1377 4233 1431 4286 te
1455 4234 1698 4287 cautum
1729 4249 1798 4288 ac
1825 4231 1996 4290 stude

338 4315 683 4388 vigilantem
695 4315 1006 4373 ostendere
1022 4320 1084 4373 ut
1102 4317 1342 4390 culpam
1365 4323 1530 4378 tuam
1553 4337 1674 4378 non
1691 4322 1995 4394 geminare

2118 403 2404 475 religiosis
2436 397 2718 476 vestibus,
2745 408 3112 465 indumentis
3144 424 3205 466 se
3228 407 3393 465 laicis
3415 408 3762 482 deturpavit,

2121 511 2239 550 una
2270 513 2408 552 cum
2433 497 2608 554 fratre
2663 503 2719 554 et
2748 498 3103 571 coepiscopo
3152 503 3355 555 nostro
3381 497 3668 557 Vitaliano
3694 497 3762 556 fe-

2119 584 2274 641 stina
2301 587 2809 659 comprehendere
2860 592 3038 660 atque
3069 586 3150 642 ad
3192 586 3534 657 religiosum
3566 604 3761 644 rursus

2115 673 2389 731 habitum
2432 692 2735 748 revocare,
2761 693 2830 734 ac
2872 676 2934 732 in
2981 675 3348 733 monasterio
3388 676 3636 747 mittere,
3671 674 3766 735 ubi

2119 762 2376 820 districts
2408 765 2655 822 omnino
2701 765 2896 822 valeat
2924 765 3227 834 custodiri,
3270 781 3379 822 nec
3423 766 3553 837 ejus
3580 771 3768 823 custo-

2117 851 2280 908 diam
2342 852 2719 926 aliquatenus
2790 853 3034 910 relevari
3087 854 3401 927 permittas
3451 872 3766 930 quousque

2115 947 2320 998 nostra
2349 942 2549 1000 denuo
2581 945 2803 1018 scripta
2848 943 3198 1017 susceperis.
3232 947 3381 1000 Nam
3412 945 3461 1000 si
3507 945 3769 1018 quolibet

2117 1031 2298 1087 modo
2329 1031 2390 1089 in
2421 1033 2535 1090 hac
2573 1050 2635 1089 re
2665 1031 2974 1104 negligens
3004 1032 3098 1087 vel
3125 1031 3317 1090 lentus
3348 1033 3662 1102 exstiteris,
3694 1036 3768 1092 ita

2115 1119 2176 1180 in
2208 1123 2260 1175 te
2289 1121 2724 1180 districtissime
2755 1121 2992 1180 noveris
3038 1121 3470 1178 vindicandum
3514 1128 3579 1178 ut
3609 1124 3768 1196 quod

2116 1223 2188 1264 ex
2220 1214 2272 1264 te
2301 1211 2518 1282 nescis,
2568 1228 2752 1286 poena
2779 1211 2974 1284 possis
3026 1215 3328 1268 reserante
3358 1227 3723 1283 cognoscere
3753 1233 3764 1269 :

2115 1297 2277 1370 quia,
2301 1300 2454 1356 sicut
2481 1301 2764 1367 diximus,
2783 1300 2833 1356 si
2862 1300 3228 1356 intellectum
3252 1300 3513 1358 hominis
3533 1302 3769 1359 habuis-

2114 1404 2228 1457 ses,
2256 1389 2384 1445 htec
2413 1407 2549 1463 quae
2573 1391 2768 1449 facere
2795 1390 2978 1446 modo
3008 1389 3374 1464 praeciperis,
3401 1395 3540 1448 ante
3555 1391 3770 1450 debue-

2112 1494 2209 1536 ras
2239 1478 2418 1535 etiam
2449 1496 2588 1536 cum
2617 1479 2841 1536 ultione
2871 1496 2908 1537 a
2931 1483 2988 1538 te
3009 1479 3166 1536 facta
3190 1495 3574 1550 cognoscere.

2112 1583 2200 1637 De
2224 1583 2466 1650 feminis
2495 1599 2626 1653 quae
2657 1584 2963 1653 religionis
3003 1589 3220 1640 vestem
3249 1583 3312 1640 in
3340 1583 3614 1639 domibus
3641 1601 3770 1655 pro-

2279 1655 2331 1708 iis
2358 1655 2744 1736 mutaverint,
2777 1655 2830 1708 si
2839 1659 3058 1782 [ws-tea
3082 1655 3429 1737 eonjugiym
3459 1656 3768 1726 elegerint,

2279 1725 2328 1779 id
2339 1740 2486 1782 aaen
2495 1726 2635 1781 dum
2650 1731 2744 1780 sit.
2756 1723 2834 1780 To
2863 1730 3105 1782 etanum
3120 1726 3437 1781 consilium
3453 1732 3766 1782 1v.cav.57.

2183 1725 2328 1796 quid
2339 1726 2635 1796 agendum
2650 1723 2744 1780 sit.
2756 1723 3105 1782 Toletanum
3120 1723 3437 1781 concilium
3453 1723 3746 1798 1v,cap.57
3755 1771 3766 1782 .

2187 1832 2334 1885 LXII.
2367 1830 2516 1901 (Lib.
2542 1847 2627 1887 vn
2661 1831 3028 1900 Capitular.,
3062 1847 3112 1886 c.
3140 1835 3240 1886 257
3265 1849 3278 1900 ;
3307 1831 3640 1887 Buacasnn.
3670 1829 3768 1886 lib.

2115 1935 2229 1986 Vlll,
2263 1936 2314 1974 c.
2347 1921 2456 1990 48).
2493 1923 2570 1976 De
2592 1920 2788 1977 viduis
2811 1926 2868 1977 et
2888 1920 3100 1994 puellis
3121 1937 3257 1993 quae
3286 1919 3560 1977 habitum
3592 1917 3764 1992 421

2112 2009 2413 2078 religionis
2460 2009 2520 2065 in
2565 2010 2850 2066 domibus
2878 2010 3136 2083 propriis
3175 2015 3298 2066 tam
3339 2026 3374 2065 a
3417 2009 3771 2082 parentibus

2112 2114 2295 2170 quam
2322 2115 2430 2170 per
2458 2115 2520 2154 se
2551 2104 2953 2172 mutaverunt,
2986 2102 3042 2156 et
3071 2099 3119 2154 si
3147 2103 3356 2172 postea
3384 2103 3595 2155 contra
3617 2099 3773 2155 insti-

2113 2190 2240 2243 tuta
2271 2189 2508 2244 Patrum
2541 2187 2634 2243 vel
2661 2191 2959 2260 praecepta
2991 2203 3298 2244 canonum
3340 2187 3630 2258 conjugis.
3651 2203 3770 2243 cre-

2112 2274 2370 2332 diderint
2419 2276 2784 2349 copulanda,
2817 2276 3029 2332 tandiu
3086 2276 3316 2350 utrique
3345 2275 3693 2333 habeantur
3740 2294 3774 2333 a

2111 2364 2536 2422 communione
2569 2365 2846 2438 suspensi
2875 2381 3190 2438 quousque
3225 2365 3393 2439 quod
3417 2364 3616 2421 illicite
3650 2382 3773 2438 per-

2111 2457 2494 2526 petraverunt
2539 2453 2879 2511 emendent.
2931 2454 3102 2520 Quod
3135 2455 3185 2510 si
3213 2453 3536 2511 emendare
3576 2455 3773 2527 negle-

2110 2542 2322 2614 xerint,
2349 2561 2388 2601 a
2416 2543 2843 2600 communione
2874 2543 2964 2600 vel
2993 2543 3268 2600 omnium
3297 2543 3771 2602 Christianorum

2111 2632 2383 2692 convivio
2407 2633 2468 2688 in
2498 2637 2787 2706 perpetuo
2819 2633 2934 2689 sint
2965 2631 3317 2706 sequestrati
3346 2631 3515 2702 (332).

2111 2735 2279 2802 Quod
2335 2736 2695 2792 consuetudo
2729 2736 3126 2793 ecclesiastica
3171 2749 3287 2806 pro
3339 2735 3464 2804 tege
3510 2733 3773 2790 tenenda

2180 2812 2283 2864 est.
2315 2809 2527 2864 Sancti
2549 2807 2756 2876 Patris
2784 2809 2979 2863 nostri
3013 2807 3232 2863 Basilii
3280 2807 3476 2876 capite
3504 2809 3600 2874 '27,
3655 2819 3770 2860 ser-

2178 2893 2418 2934 monum
2471 2877 2553 2937 ad
2604 2871 2837 2934 beatum
2884 2871 3374 2949 Amphilochium
3404 2877 3477 2932 de
3534 2871 3772 2944 Spiritu

2178 2954 2384 3005 sancto
2424 2951 2736 3019 scriptum.

2109 3157 2242 3201 rum
2292 3140 2730 3197 institutionum
2761 3139 3061 3214 quasdam
3117 3139 3440 3216 scripturis,
3467 3134 3774 3212 quasdam

2107 3245 2248 3285 vero
2287 3227 2614 3302 apostolica
2646 3229 2959 3286 traditione
2989 3245 3099 3302 per
3129 3227 3538 3286 successiones
3577 3228 3642 3283 in
3675 3228 3776 3283 mi-

2107 3319 2348 3376 nisterio
2378 3317 2766 3376 conﬁrmatas
2789 3316 3165 3392 accepimus;
3192 3316 3416 3392 quibus
3443 3330 3561 3390 par
3586 3317 3776 3374 virtus

2107 3411 2164 3464 et
2214 3404 2376 3463 idem
2423 3407 2692 3480 utrisque
2723 3406 2957 3480 pietatis
2990 3406 3236 3463 effectus
3279 3405 3426 3479 quin
3469 3405 3566 3474 sit,
3622 3419 3774 3479 quo-

2107 3495 2460 3571 tusquisque
2491 3495 2580 3551 vel
2632 3491 3073 3568 aliquantulum
3130 3508 3435 3552 sacrarum
3487 3499 3776 3567 expertus

2106 3585 2547 3659 Scripturarum
2575 3583 2948 3642 haesitaverit.
3008 3585 3065 3643 Si
3090 3584 3250 3642 enim
3282 3587 3778 3640 attentavc-rimns

2105 3675 2572 3732 consuetudines
2602 3674 2874 3731 Ecclesiae
2927 3689 3050 3731 non
3076 3689 3184 3748 per
3239 3674 3566 3747 scripturas
3593 3689 3636 3730 a
3673 3674 3773 3729 Pa-

2106 3763 2292 3820 tribus
2341 3762 2588 3820 traditas
2639 3761 2807 3820 nihili
2853 3764 3168 3834 aestimare,
3216 3765 3515 3838 quantum
3564 3760 3776 3834 religio

2103 3850 2438 3909 detrimenti
2456 3850 2649 3908 latura
2673 3851 2764 3922 sit,
2785 3851 3253 3925 despicientibus
3271 3848 3501 3924 liquido
3528 3855 3771 3907 consta-

2102 3935 2206 3998 bit.
2241 3941 2380 4008 Quse
2411 3941 2592 4011 enim,
2617 3944 2684 3997 ut
2708 3939 2846 3998 inde
2889 3941 3219 4009 ordiamur,
3253 3940 3547 4013 scriptura
3569 3939 3772 3996 saluti-

2051 4069 2062 4080 .
2103 4031 2240 4088 ferae
2274 4031 2464 4087 crucis
2491 4029 2803 4102 signaculo
2834 4030 3038 4087 ﬁdeles
3065 4029 3267 4088 docuit
3293 4029 3602 4102 insigniri?
3633 4032 3774 4097 Quae

2102 4121 2488 4178 multifariam
2517 4121 2748 4192 digesta
2770 4137 2950 4195 super
2969 4137 3188 4196 panem
3221 4125 3278 4177 et
3307 4119 3558 4177 calicem
3577 4119 3774 4194 proli:

2102 4215 2158 4268 et
2187 4210 2473 4268 orationis
2504 4214 2561 4267 et
2588 4209 3050 4267 consecrationis
3074 4209 3260 4267 verba
3290 4207 3777 4266 commendavit?

2101 4299 2251 4357 Nam
2275 4317 2397 4356 non
2424 4299 2608 4356 modo
2637 4298 2803 4374 quod
2851 4299 2911 4355 in
2941 4298 3261 4370 Evangelio
3311 4298 3654 4355 continetur
3683 4296 3775 4352 vel

335 4375 664 4478 neglectus,
699 4405 806 4465 sed
836 4375 1267 4481 aliquantisper
1306 4375 1498 4467 valeat
1529 4375 2067 4469 militiis—031:”
2102 4389 2386 4481 ΑΡΡεθῨοίο
2429 4387 2490 4443 in
2519 4388 2758 4445 secretis
2784 4387 3064 4481 ἀίθίηῖαδν
3099 4387 3204 4444 sed
3231 4391 3287 4444 et
3329 4387 3448 4443 alia
3482 4385 3778 4481 ΡθΓΡῘΠΞδ

333 4512 538 4553 nuere.

336 4590 516 4668 4'20
557 4595 645 4652 De
682 4595 886 4652 eadem
926 4609 1010 4651 re.
1055 4593 1388 4722 ⁷ξῗζῖςρίέιονίιιε
1434 4598 1643 4669 Sergio
1693 4599 1997 4668 defensori

1191 4684 1278 4723 ro.

405 4757 534 4813 LXI.
567 4755 648 4827 (S.
705 4756 876 4813 Gneo.
909 4754 1012 4811 lib.
1053 4773 1157 4825 vn,
1219 4756 1422 4813 indict.
1459 4762 1509 4825 1,
1563 4759 1731 4828 epist.
1799 4760 1902 4831 lO).
1935 4759 1995 4817 Si

332 4847 516 4903 homo
555 4861 741 4917 esses,
768 4849 871 4902 aut
898 4844 1329 4902 districtionem
1357 4845 1624 4921 aliquam
1651 4848 1992 4920 habuisses,

333 4935 412 4990 ita
438 4934 726 5004 regularis
757 4931 1088 5006 disciplinae
1117 4931 1376 4990 debuisti
1407 4939 1606 4991 custOs
1627 4937 1895 5006 existere,
1930 4941 1995 4994 ut

333 5037 406 5078 ea
456 5038 591 5094 quae
640 5022 756 5078 illic
811 5022 1004 5077 illicite
1053 5023 1506 5080 committuntur
1554 5029 1692 5081 ante
1729 5025 1994 5082 vindicta

331 5109 656 5179 corrigeres
697 5125 884 5183 quam
929 5111 1007 5166 ad
1037 5127 1147 5167 nos
1177 5128 1384 5168 eorum
1427 5114 1670 5169 nuntius
1718 5115 1991 5186 perveni-

330 5202 436 5254 ret.
473 5193 587 5254 Sed
616 5198 761 5255 dum
793 5199 979 5254 nimia
1028 5199 1272 5256 stultitia
1301 5205 1357 5256 te
1402 5202 1536 5257 fecit
1564 5202 1988 5273 negligentem,

331 5303 454 5343 non
487 5285 685 5342 solum
711 5286 785 5344 de
815 5286 926 5343 illis
972 5285 1353 5358 oﬁendimur,
1388 5291 1492 5347 sed
1531 5291 1708 5349 etiam
1738 5292 1815 5349 ad
1847 5293 1988 5350 ulci-

330 5375 619 5434 scendam
669 5377 964 5434 desidiam
1023 5383 1188 5434 tuam
1253 5380 1642 5438 nihilominus
1694 5399 1986 5458 provoca-

329 5483 484 5524 mur.
519 5467 692 5524 Omni
741 5483 883 5538 ergo
934 5466 1216 5526 dilatione
1268 5472 1552 5546 omnique
1600 5475 1982 5532 exeusatione

327 5558 659 5634 postposita
706 5557 893 5617 ﬁliam
923 5557 1196 5632 gloriosae
1225 5561 1529 5621 memoriae
1571 5561 1829 5622 Tulliani
1857 5582 1983 5623 ma-

2101 4477 2419 4548 adjicimus
2461 4490 2755 4548 magnum
2802 4475 2976 4549 quasi
3027 4489 3218 4532 unum
3263 4473 3774 4532 consummandis

2101 4565 2627 4623 accommodantia
2673 4565 2989 4637 mysteriis.
3051 4567 3192 4631 Quae
3226 4563 3522 4621 orientem
3553 4579 3776 4620 versus

2101 4656 2277 4730 422
2310 4672 2421 4712 nos
2450 4670 2622 4712 orare
2669 4653 3000 4710 litterarum
3036 4654 3230 4712 forma
3257 4654 3573 4727 praestituit
3600 4653 3632 4710 ?
3671 4653 3779 4708 Be-

2098 4744 2433 4801 nedicimus
2481 4742 2706 4800 fontem
2745 4741 3152 4816 baptismatis,
3197 4742 3396 4799 oleum
3439 4741 3774 4799 unctionis.

2099 4837 2222 4890 Huc
2253 4833 2480 4890 accedit
2521 4831 2685 4906 quod
2730 4835 2816 4887 ter
2843 4831 3263 4902 immergimus
3306 4846 3462 4905 quos
3501 4829 3778 4906 baptiza-

2097 4939 2257 4989 mus,
2281 4922 2413 4978 oleo
2434 4921 2744 4992 ungimus,
2766 4919 2964 4976 verbis
2995 4919 3420 4976 abrenuntiare
3444 4921 3687 4976 Satane
3719 4923 3780 4974 et

2098 5011 2326 5082 angelis
2359 5013 2488 5082 ejus
2520 5010 2941 5066 informamus.
2963 5009 3128 5065 Unde
3149 5009 3280 5064 haec
3295 5013 3352 5064 et
3379 5008 3496 5065 aiia
3515 5008 3581 5064 in
3604 5009 3779 5065 hunc

2098 5101 2350 5157 modum
2400 5115 2524 5156 non
2553 5115 2752 5172 pauca
2798 5098 2912 5154 nisi
2948 5100 3129 5154 tacita
3183 5113 3254 5153 ac
3284 5097 3541 5170 mystica
3589 5096 3785 5154 tradi—

2098 5191 2253 5247 tione
2293 5205 2329 5245 a
2381 5189 2651 5245 Patribus
2703 5187 3107 5243 ecclesiastico
3161 5203 3328 5241 more
3378 5187 3784 5243 reverentiori

2094 5280 2398 5350 diligentia
2418 5279 2480 5335 in
2511 5277 2810 5352 mysteriis
2838 5276 3161 5334 observata
3193 5275 3427 5333 silentio
3450 5291 3646 5350 quam
3668 5293 3788 5350 pu-

2093 5370 2317 5429 blicata
2345 5370 2566 5444 scripto
2590 5372 2619 5422 ν
3289 5389 3292 5392 ·

2699 5469 2867 5536 Item,
2888 5476 3025 5539 cap.
3060 5465 3148 5527 29.

2164 5566 2333 5622 LXIV.
2369 5561 2652 5636 (BASILIUS
2679 5577 2743 5617 ιη
2774 5558 2964 5629 ep.ad
2979 5557 3448 5630 Amphitoch.,c.
3478 5558 3548 5613 27
3575 5561 3635 5613 et
3651 5557 3736 5613 29
3767 5596 3780 5608 .

397 5659 548 5730 (332)
573 5661 704 5717 Non
731 5661 890 5716 extat
921 5658 1076 5714 inter
1105 5667 1368 5717 canones
1411 5661 1802 5720 conciliorum
1831 5663 2274 5724 Toletsnorum.
2400 5701 2432 5719 -_
2735 5713 2742 5718 .
3088 5691 3092 5708 λ
