3980 6182
362 226 456 279 391
566 226 570 231 ’

434 347 492 403 Si
520 346 624 420 qui
654 362 795 400 vero
832 360 903 400 ex
952 340 1178 397 familia
1225 339 1624 397 ecclesiastica
1670 336 2009 395 sacerdotes

368 435 456 491 vel
479 433 613 491 laici
639 431 886 504 [levitas],
912 428 1007 484 vel
1032 428 1338 497 monachi,
1368 428 1462 484 vel
1492 426 1706 495 clerici,
1739 425 1833 481 vel
1875 423 2008 497 qui-

361 523 505 580 libet
531 522 628 578 alii
655 518 807 592 lapsi
827 517 1065 589 fuerint,
1095 517 1229 574 dari
1252 535 1356 575 eos
1383 518 1445 574 in
1467 515 1883 591 paenitentiam
1912 530 2013 569 vo-

361 612 582 675 lumus,
626 607 745 664 sed-
785 623 881 664 res
924 622 1137 664 eorum
1166 612 1232 663 ut
1259 604 1674 663 ecclesiasticae
1728 618 1853 660 non
1875 601 2013 658 sub-

361 697 513 754 trahi
556 694 977 767 [ecclesiastico
995 695 1115 765 juri
1143 711 1266 751 non
1306 696 1403 767 s.].
1454 693 1544 750 Ad
1571 708 1750 749 usum
1808 695 2011 748 tamen

359 801 538 842 suum
566 783 866 858 accipiant
892 784 1053 840 unde
1083 783 1161 840 ad
1185 782 1601 856 pmnitendum
1643 780 2007 847 subsistant;

356 891 434 932 ne
454 874 503 931 si
554 873 878 943 nudentur,
904 872 1051 930 locis
1077 872 1140 929 in
1166 872 1389 947 quibus
1407 872 1533 930 dati
1552 870 1772 928 fuerint
1797 885 2011 927 onero-

358 965 406 1019 si
437 964 571 1020 sint.
606 963 662 1022 Si
692 963 796 1036 qui
820 967 1098 1035 parentes
1120 963 1183 1018 in
1211 961 1594 1036 possessione
1622 960 1867 1024 habent,
1925 958 2012 1031 ip-

360 1054 441 1110 sis
462 1071 558 1111 res
587 1069 797 1111 eorum
818 1052 1297 1119 tradendse'sunt,
1325 1056 1387 1107 ut
1425 1051 1486 1107 in
1542 1050 1686 1124 ipsis
1738 1042 2011 1105 Ecclesiae

360 1143 497 1214 [juri
528 1142 705 1213 Eccl.]
731 1146 1177 1198 conserventur.

390 1222 395 1225 Α
429 1230 639 1301 (Idem,
660 1229 763 1285 lib.
795 1229 1073 1285 ivindict.
1100 1230 1184 1293 13,
1217 1230 1386 1299 epist.
1425 1228 1540 1299 31.)
1596 1226 2011 1286 Sacerdotibus

355 1322 557 1376 autem
585 1321 830 1374 externa
875 1321 1167 1389 potestate
1212 1317 1413 1373 nullus
1458 1316 1742 1373 dominus
1794 1315 2010 1372 violen-

355 1410 499 1466 tiam
526 1407 740 1465 inferat
771 1425 784 1476 ;
814 1407 920 1464 sed
944 1407 1251 1464 excellenti
1292 1407 1789 1477 consideratione,
1832 1421 2009 1479 prop-

355 1503 441 1555 ter
455 1514 595 1554 eum
620 1498 792 1569 cujus
814 1495 966 1553 servi
994 1501 1152 1563 sunt,
1181 1497 1264 1552 eis
1287 1496 1365 1552 ita
1381 1495 1722 1561 dominetur
1744 1500 1806 1551 ut
1831 1495 2010 1551 etiam

355 1585 620 1642 debitam
675 1584 1065 1641 reverentiam
1112 1583 1446 1656 impendat.
1507 1587 1654 1640 Nam
1708 1582 1766 1639 in
1796 1580 2009 1638 divinis

354 1675 607 1748 eloquiis
637 1673 976 1731 sacerdotes
998 1672 1324 1746 aliquando
1363 1673 1464 1741 dii,
1525 1672 1852 1745 aliquando
1900 1688 2008 1727 an-

355 1766 470 1837 geli
488 1768 799 1822 vocantur.
836 1767 899 1820 Et
925 1780 1030 1837 per
1060 1767 1297 1835 Moysen
1338 1763 1412 1819 de
1462 1779 1533 1820 eo
1586 1762 1691 1836 qui
1740 1762 1818 1819 ad
1847 1762 2009 1833 jura-

353 1858 623 1910 mentum
649 1852 1042 1909 deducendus
1082 1856 1171 1908 est
1215 1850 1473 1907 dicitur:
1531 1852 1791 1921 Applica
1833 1851 2009 1907 illum

354 1944 436 2000 ad
463 1942 620 2009 deos,
650 1939 923 1997 videlicet
952 1940 1029 1997 ad
1057 1940 1416 1997 sacerdotes.
1448 1943 1515 1996 Et
1561 1955 1804 1995 rursum
1840 1956 1852 1995 :
1890 1940 2008 1996 Diis

352 2048 472 2089 non
493 2032 769 2089 detrahes
798 2030 1015 2102 (Exod.
1071 2030 1236 2103 xxu),
1289 2028 1513 2086 scilicet
1570 2027 2003 2085 sacerdotibus.

352 2125 419 2178 Et
444 2120 738 2194 propheta
758 2118 840 2176 ait
867 2136 880 2175 :
903 2119 1092 2175 Labia
1112 2118 1437 2176 sacerdotis
1455 2118 1804 2175 custodiunt
1827 2119 2011 2176 scien-

354 2212 521 2279 tiam,
555 2215 618 2265 ut
653 2211 837 2279 legem
859 2208 1173 2280 requirant
1204 2223 1280 2264 ex
1318 2223 1419 2265 ore
1443 2210 1594 2277 ejus,
1649 2208 1791 2280 quia
1834 2221 2011 2279 ange-

356 2302 447 2356 lus
473 2298 713 2354 Domini
730 2297 1099 2354 exercituum
1130 2302 1213 2353 est
1243 2296 1532 2368 (Malach.
1564 2296 1644 2367 ιι).
1680 2294 1833 2361 Quid
1863 2310 2008 2366 ergo

353 2386 577 2443 mirum
603 2384 652 2440 si
680 2384 811 2440 illos
867 2388 1065 2441 vestra
1119 2383 1310 2457 pietas
1361 2383 1641 2455 dignetur
1687 2382 2004 2452 honorare,

353 2474 577 2549 quibus
606 2473 668 2530 in
695 2489 805 2529 suo
818 2467 1072 2546 ‘eloquio
1101 2472 1394 2529 honorem
1436 2471 1724 2540 tribuens,
1764 2488 1867 2529 eos
1905 2477 2009 2529 aut

353 2562 570 2634 angelo
599 2566 705 2618 aut
731 2561 878 2618 deos
904 2560 1034 2635 ipse
1064 2559 1242 2618 etiam
1269 2559 1533 2633 appellat
1559 2561 1716 2616 Deus
1744 2562 1772 2618 ‘I
1814 2560 2007 2617 Eccle-

352 2651 590 2708 siastica
612 2654 861 2707 testatur
887 2640 1134 2706 historia
1170 2649 1337 2723 quod
1356 2664 1496 2706 eum
1541 2648 1654 2723 piae
1702 2649 2007 2706 memoriae

353 2740 741 2797 Constantino
778 2737 1034 2813 principi
1086 2737 1303 2794 oblatae
1340 2737 1755 2795 accusationes
1799 2742 2007 2795 contra

350 2830 667 2903 episcopos
687 2826 963 2897 fuissent,
979 2826 1213 2882 libellos
1230 2825 1476 2899 quidem
1489 2825 1890 2883 accusationis
1912 2840 2006 2883 ac-

350 2916 589 2989 cepit,et
606 2914 857 2972 eosdem
877 2913 1020 2986 quia
1048 2914 1312 2970 accusati
1325 2913 1562 2972 fuerant
1583 2914 1763 2988 5.28
1777 2914 2006 2988 episco-

350 3021 463 3080 pos
489 3017 853 3068 convocans,
876 3002 937 3058 in
966 3018 1177 3059 eorum
1209 3007 1534 3076 conspectu
1568 3002 1799 3059 libellos
1850 3018 2006 3077 quos

351 3095 663 3166 acceperat
689 3090 970 3160 incendit,
1005 3090 1209 3148 dicens
1238 3109 1250 3147 :
1294 3113 1321 3141 «
1348 3092 1470 3148 Vos
1499 3091 1584 3148 dii
1610 3091 1772 3163 estis,
1804 3108 1840 3149 a
1865 3108 2006 3149 vero

351 3185 473 3239 Deo
503 3179 827 3238 constituti.
862 3183 961 3250 Ite,
993 3184 1051 3237 et
1077 3181 1229 3237 inter
1245 3195 1358 3237 vos
1387 3196 1605 3238 causas
1627 3185 1851 3238 vestras
1880 3170 2005 3237 dis-

348 3271 573 3346 ponite,
603 3271 748 3345 quia
778 3270 1032 3340 dignum
1056 3285 1178 3326 non
1245 3273 1334 3326 est
1389 3274 1455 3327 ut
1498 3287 1613 3328 nos
1662 3270 2006 3343 judicemus

347 3362 551 3419 deos.»
572 3359 914 3434 Antiquitus
950 3359 1012 3415 in
1050 3349 1363 3432 republica.
1394 3359 1696 3433 principes
1744 3359 2005 3431 fuerunt,

346 3450 474 3525 qui,
503 3465 710 3507 verum
739 3451 925 3506 Deum
951 3448 1304 3519 nescientes,
1334 3448 1481 3506 deos
1508 3448 1740 3520 ligneos
1768 3453 1825 3507 et
1859 3449 2004 3524 lapi-

344 3539 491 3596 deos
523 3537 820 3609 colebant,
848 3542 904 3595 et
947 3540 1149 3595 tamen
1208 3552 1418 3594 eorum
1450 3538 1861 3596 sacerdotibus
1902 3539 2006 3596 ho-

342 3644 555 3685 norem
575 3626 914 3684 maximum
938 3625 1293 3683 tribuerunt.

413 3719 559 3775 Hinc
577 3721 668 3775 est
690 3732 833 3788 ergo
864 3715 1049 3790 quod,
1092 3716 1354 3790 exceptis
1398 3716 1770 3787 criminibus,
1817 3719 2002 3776 nemi-

341 3824 482 3865 nem
497 3806 879 3864 sacerdotum
935 3805 1254 3877 Gregorius
1305 3805 1667 3879 deponebat,
1718 3809 1842 3865 imo
1889 3824 1999 3881 pro

341 3892 732 3964 qualitatibus
782 3892 1135 3949 delictorum
1186 3893 1495 3951 venialiter
1571 3894 1998 3953 communione

342 3979 635 4052 privabat.

417 4070 474 4127 Si
497 4069 746 4143 quando
774 4069 955 4141 igitur
981 4086 1162 4144 super
1217 4071 1598 4129 sacerdotum
1649 4072 1999 4132 criminibus

341 4163 469 4217 erat
491 4158 719 4232 aliquid
754 4158 1189 4229 ventilandum,
1218 4175 1357 4217 cum
1399 4176 1642 4219 summa
1685 4161 1998 4220 districtio-

340 4264 416 4306 ne
462 4246 799 4321 grandique
854 4246 1087 4305 cautela
1153 4249 1468 4321 Gregorius
1524 4250 1997 4327 uniuscujusque

340 4338 582 4415 capituli
604 4337 888 4396 modulos
907 4353 1203 4412 quaerens,
1237 4340 1590 4399 sententiam
1607 4358 1783 4400 suam
1803 4343 1997 4417 magis

338 4428 655 4488 difﬁculter
698 4445 885 4502 quam
938 4427 1188 4486 faciliter
1237 4429 1682 4503 promulgabat,
1741 4432 1946 4491 dicens
1978 4450 1992 4490 :

339 4523 494 4577 Dum
521 4522 740 4576 cuncta
776 4517 1018 4590 negotia
1044 4517 1408 4590 indagandae
1431 4519 1823 4580 sollicitudine
1841 4522 1994 4580 veri-

338 4609 471 4667 tatis
499 4608 830 4681 indigeant,
864 4612 993 4665 tum
1019 4624 1156 4682 quin
1183 4608 1262 4666 ad
1288 4608 1685 4682 dejectionem
1723 4612 1998 4670 sacerdo-

337 4698 547 4756 talium
594 4697 896 4769 graduum
944 4700 1084 4754 sunt
1137 4695 1458 4755 districtius
1510 4699 1879 4772 trutinanda,
1933 4701 1996 4758 in

337 4787 560 4861 quibus
589 4802 716 4844 non
740 4790 866 4845 tam
910 4785 987 4844 de
1041 4786 1377 4844 humilibus
1424 4788 1758 4846 constitutis
1808 4806 1996 4864 quam

337 4875 413 4931 de
442 4875 658 4932 divinae
668 4875 1129 4950 quodammodo
1149 4875 1584 4934 benedictionis
1599 4877 1996 4950 refragatione

340 4967 620 5024 tentatur.
651 4970 802 5023 Nam
829 4981 1011 5038 grave
1037 4966 1179 5025 satis
1200 4969 1291 5025 est
1312 4969 1374 5024 et
1399 4966 1683 5025 indecens
1721 4973 1788 5026 ut
1817 4969 1881 5026 in
1931 4986 1995 5028 re

338 5050 527 5109 dubia
546 5057 707 5110 certa
734 5054 967 5112 dicatur
993 5054 1306 5113 sententia.

338 5141 429 5199 Ne
437 5141 770 5218 sacerdotes
776 5140 1195 5218 Domini,sicut
1216 5145 1432 5218 vulgus
1446 5160 1509 5202 so
1516 5145 1595 5202 let
1597 5147 1687 5218 ,ju
1694 5160 1833 5204 rare
1846 5163 1995 5205 com-

383 5213 721 5283 pellantur.
730 5213 1033 5272 Cornelius
1040 5231 1208 5288 papa
1220 5213 1380 5287 Rufo
1394 5213 1693 5275 Orientali
1702 5220 1991 5290 episcopo.

408 5301 621 5360 XXXIV
651 5301 917 5374 (Cosam.
947 5319 1133 5379 papa,
1161 5306 1328 5376 epist.
1352 5310 1385 5363 2
1410 5325 1424 5376 ;
1453 5307 1781 5365 Buacnsnn.
1813 5307 1917 5366 lib.
1951 5326 1990 5377 1,

337 5409 390 5449 c.
430 5390 570 5464 193).
603 5392 1057 5448 Sacramentum
1093 5392 1384 5451 hactenus
1414 5410 1453 5453 a
1481 5396 1736 5454 summis
1794 5413 1993 5456 sacer-

337 5478 582 5539 dotibus
594 5477 688 5537 vel
699 5477 944 5553 reliquis
955 5478 1113 5551 exigi
1140 5494 1251 5554 pro
1262 5480 1383 5538 ﬁde
1395 5487 1558 5541 recta
1571 5486 1990 5557 cognovimus,

335 5588 445 5631 nec
476 5573 688 5648 sponte
738 5585 841 5628 eos
892 5570 1128 5643 jurasse
1183 5570 1533 5644 reperimus.
1596 5576 1991 5651 Summopere

406 5674 554 5750 (334)
585 5672 729 5733 Vide
759 5689 946 5749 supra
979 5672 1084 5732 lib.
1113 5690 1175 5745 ιι,
1197 5689 1332 5749 cap.
1367 5677 1456 5732 59.

1486 212 1859 273 REGINONIS
1897 211 2306 271 PRUMIENSIS
2345 196 2664 274 ABBATIS.

3678 207 3771 272 39f

2043 342 2086 392 Δ
2120 354 2264 408 ergo
2275 344 2518 397 sanctus
2530 331 2719 397 Jacob
2736 338 3047 412 apostolus
3060 338 3241 411 429
3252 338 3581 411 prohibens
3591 355 3778 395 sacra-

2120 430 2391 484 mentum
2414 428 2698 502 loquitur,
2720 427 2925 484 dicens
2956 445 2968 483 :
3001 427 3160 486 Ante
3186 428 3387 485 omnia
3413 434 3632 495 autem,
3651 429 3776 498 fra-

2121 521 2238 574 tres
2266 519 2444 575 mei...
2468 520 2656 576 nolite
2667 520 2890 590 jurare
2927 517 3076 587 (Jac.
3108 521 3193 584 v).
3223 519 3374 584 Haec,
3409 516 3618 574 fratres
3646 517 3779 574 cha—

2121 604 2329 677 risimi,
2350 606 2479 680 ipse
2508 607 2794 664 Dominus
2815 604 3120 679 prohibet,
3148 605 3210 661 id
3261 609 3353 662 est
3387 621 3511 662 non
3562 605 3776 663 debere

2113 693 2339 765 jurare,
2371 700 2752 753 sacramenta
2775 711 2898 752 non
2924 694 3078 766 exigi
3111 694 3229 751 nisi
3268 710 3381 768 pro
3426 694 3546 750 ﬁde
3595 700 3773 751 recta.

2122 786 2254 839 Haec
2280 784 2535 857 apostoli
2562 785 2829 842 maxime
2848 799 3084 851 omnes,
3116 784 3246 840 haec
3271 784 3461 841 sancti
3486 783 3601 840 viri
3626 799 3774 857 prse-

2119 871 2465 929 decessores
2488 871 2700 938 nostri,
2728 872 2836 946 qui
2891 871 3032 928 huic
3085 861 3307 928 sanctas
3356 871 3675 928 universali
3723 875 3781 928 et

2119 959 2461 1033 apostolicae
2493 960 2765 1017 Ecclesiae
2794 960 3163 1033 praefuerunt
3185 964 3323 1017 ante
3340 976 3473 1029 nos,
3494 960 3623 1017 haec
3641 974 3779 1033 pro-

2119 1050 2313 1122 phetis
2328 1051 2605 1124 etreliqui
2620 1050 2813 1107 sancti
2832 1050 3108 1108 doctores
3124 1066 3231 1123 per
3242 1045 3590 1108 universum
3609 1066 3781 1107 mun-

2117 1138 2267 1195 dum
2295 1138 2552 1212 dispersi
2572 1138 2651 1196 ad
2683 1138 3142 1212 praedicandum
3173 1139 3518 1210 juramenta
3552 1142 3775 1195 vetant.

2357 1229 2445 1284 De
2476 1228 2875 1285 ecclesiastica
2904 1227 3310 1284 controversia
3343 1232 3533 1284 testes.

2192 1317 2413 1374 XXXV.
2448 1315 2655 1374 Omnis
2685 1316 3085 1373 controversia
3111 1331 3247 1389 quas
3289 1315 3365 1373 de
3421 1315 3777 1373 ecclesiasti-

2119 1405 2203 1461 cis
2234 1405 2414 1461 rebus
2443 1405 2529 1476 ﬂt,
2557 1405 2893 1463 secundum
2922 1404 3192 1462 divinam
3218 1405 3415 1476 legem
3466 1405 3581 1461 sub
3635 1406 3783 1461 duo-

2118 1494 2234 1550 bus
2264 1494 2356 1551 vel
2379 1494 2569 1552 tribus
2600 1494 2966 1565 terminetur,
3006 1494 3241 1551 dicente
3290 1494 3544 1551 Domino
3576 1513 3590 1550 :
3642 1495 3782 1550 Non

2121 1599 2275 1639 unus
2303 1589 2415 1640 stet
2444 1588 2660 1640 contra
2690 1584 2899 1651 alium,
2950 1582 3054 1640 sed
3099 1583 3164 1639 in
3222 1598 3323 1640 ore
3373 1584 3629 1639 duorum
3690 1584 3784 1639 vel

2045 1692 2088 1745 3
2119 1672 2301 1728 trium
2335 1674 2571 1729 testium
2592 1678 2705 1729 stet
2736 1688 2908 1730 omne
2940 1673 3181 1729 verbum
3215 1672 3451 1744 (Matth.
3486 1673 3666 1744 xvm).
3700 1671 3785 1728 Si-

2118 1760 2332 1818 militer
2368 1767 2428 1818 et
2453 1761 2528 1818 de
2584 1762 2962 1835 separatione
3014 1762 3504 1835 coniugatorum,
3558 1767 3624 1818 ut
3664 1766 3783 1818 tres

2116 1867 2355 1909 veraces
2379 1852 2656 1909 homines
2681 1851 2797 1908 hoc
2820 1850 3224 1921 testiﬁcantur,
3255 1851 3305 1908 si
3355 1856 3584 1924 septem
3624 1851 3782 1908 inve-

2116 1939 2232 1997 niri
2251 1956 2376 1998 non
2405 1940 2667 1997 valeant.

2536 2031 2623 2086 De
2650 2030 2877 2087 medico
2906 2030 3066 2087 male
3088 2036 3359 2086 curante.

2188 2120 2416 2178 XXXVI.
2449 2121 2705 2179 Medicus
2727 2120 3018 2178 infantem
3045 2120 3343 2179 incautius
3367 2120 3778 2189 curans,claw

2116 2207 2417 2265 dicantem
2445 2208 2655 2265 effecit.
2691 2205 3014 2273 Quaesitum
3030 2215 3119 2266 est
3142 2224 3221 2265 an
3244 2208 3501 2279 gradum
3528 2208 3591 2265 in
3621 2209 3781 2287 clerp

2118 2297 2248 2354 talis
2275 2298 2487 2355 mereri
2512 2298 2719 2373 possit.
2744 2300 2813 2354 Et
2837 2297 3035 2354 visum
3065 2302 3154 2356 est
3208 2298 3374 2372 quod
3420 2298 3522 2370 huj
3533 2299 3780 2356 usmodi

2115 2385 2413 2457 debilitas,
2444 2385 2492 2442 si
2520 2386 2670 2444 alios
2688 2385 2884 2444 bonos
2908 2386 3210 2459 profectus
3235 2385 3580 2458 ostenderit,
3637 2392 3780 2444 eum

2115 2490 2154 2532 a
2180 2474 2374 2547 gradu
2402 2491 2527 2532 non
2556 2474 2779 2532 debeat
2804 2474 3146 2548 prohibere.

2565 2566 2652 2622 De
2675 2565 3031 2621 clericomm
3057 2568 3326 2621 tonsura.

2188 2653 2443 2709 XXXVII.
2476 2652 2730 2723 (Concil.
2773 2652 3038 2722 Tribur.,
3061 2668 3114 2707 c.
3146 2654 3254 2719 '27;
3289 2652 3637 2724 (Bome.
3672 2652 3775 2709 lib.

2114 2755 2236 2809 vm,
2269 2756 2321 2796 c.
2353 2740 2465 2813 97.)
2506 2739 2766 2796 Clericus
2822 2739 2868 2796 si
2928 2744 3243 2796 tonsuram
3283 2738 3534 2797 dimissa
3594 2755 3781 2799 uxore

2117 2828 2430 2902 acceperit,
2460 2828 2566 2902 qui
2589 2828 2839 2902 quidem
2870 2828 2944 2886 sit
2972 2828 3099 2885 sine
3129 2826 3347 2900 gradu,
3391 2828 3467 2885 ne
3522 2828 3605 2886 ad
3647 2845 3779 2909 ωοτ

2114 2917 2439 2975 nasterium
2467 2917 2779 2991 quodlibet
2808 2933 2845 2974 a
2872 2915 3225 2991 parentibus
3277 2913 3549 2987 traditis,
3595 2916 3780 2992 επ

2114 3006 2164 3062 si
2188 3020 2437 3062 uxorem
2463 3005 2687 3062 habere
2724 3005 3101 3079 permittitur,
3118 3005 3582 3064 iterumtonderi
3600 2996 3780 3078 coga-

2115 3099 2228 3168 tur,
2255 3111 2364 3152 nec
2385 3095 2447 3152 in
2475 3094 2599 3152 vita
2629 3111 2744 3153 sua
2802 3100 3113 3153 tonsuram
3174 3094 3476 3167 negligere
3531 3097 3777 3155 audeat.

2115 3186 2304 3250 Quem
2330 3189 2533 3241 autem
2563 3185 2973 3259 progenitores
2992 3184 3381 3256 tradidertmt,
3413 3189 3471 3242 et
3495 3185 3561 3241 in
3587 3184 3783 3242 Eccle-

2115 3273 2203 3331 sia
2228 3274 2390 3345 legit,
2419 3290 2530 3331 nec
2559 3290 2810 3333 uxorem
2839 3275 3057 3333 ducere
3086 3291 3197 3332 nec
3226 3274 3668 3332 monasterium
3683 3274 3760 3331 de

2115 3378 2310 3419 serere
2335 3362 2572 3435 poterit.
2609 3363 2724 3421 Sed
2756 3366 2805 3420 si
2821 3362 3182 3432 discesserit,
3214 3362 3629 3421 reducatur.Si
3655 3368 3785 3420 ton-

2113 3468 2317 3509 suram
2370 3451 2680 3525 dimiserit,
2743 3469 2951 3510 rursus
3026 3452 3363 3510 tondeatur.
3409 3452 3681 3510 Uxorem
3726 3451 3775 3508 si

2112 3539 2509 3614 usurpaverit,
2535 3540 2830 3599 dimittere
2855 3540 3269 3615 compellatur.

2465 3650 2553 3705 De
2579 3649 2799 3719 puellis
2820 3649 3181 3706 monialibus
3201 3648 3410 3718 factis.

2180 3755 2477 3812 XXXVIII.
2512 3755 2754 3828 (Concil.
2787 3756 3051 3827 Tribur.,
3084 3771 3136 3812 c.
3160 3757 3268 3825 24;
3302 3757 3639 3812 Buncusno.
3670 3753 3784 3812 lib.

2107 3859 2235 3915 VIII,
2257 3860 2309 3902 c.
2343 3844 2453 3917 98.)
2485 3844 2685 3902 Puella
2711 3844 2760 3901 si
2788 3849 2925 3903 ante
2968 3844 3291 3903 duodecim
3345 3859 3544 3902 annos
3587 3844 3785 3901 astatis

2107 3936 2320 4007 sponte
2348 3950 2461 3991 sua
2491 3949 2735 3991 sacrum
2766 3933 2881 3991 sibi
2911 3932 3191 3991 velamen
3208 3932 3479 4003 assumit,
3509 3937 3784 4007 possunt

2107 4022 2309 4080 statim
2337 4026 2616 4096 parentes
2644 4022 2741 4080 vel
2768 4026 2991 4081 tutores
3016 4023 3146 4096 ejus
3174 4021 3238 4079 id
3274 4022 3503 4079 factum
3541 4022 3786 4080 irritum

2105 4109 2320 4182 facere,
2353 4111 2402 4168 si
2439 4111 2661 4170 volunt.
2693 4116 2766 4169 At
2796 4111 2845 4168 si
2874 4127 3106 4170 annum
3153 4114 3210 4169 et
3265 4110 3427 4168 diem
3483 4109 3785 4169 dissimu-

2105 4198 2288 4258 lando
2318 4199 2752 4273 contenderim,
2785 4200 3031 4258 ulterius
3061 4215 3172 4257 nec
3201 4198 3284 4256 illi
3306 4214 3419 4257 nec
3446 4198 3586 4273 ipsa
3644 4216 3789 4257 mu-

2105 4291 2234 4346 tare
2251 4289 2368 4347 hoc
2391 4293 2693 4363 poterunt.
2716 4292 2895 4347 Porro
2921 4289 2970 4346 si
2994 4288 3057 4346 in
3084 4287 3310 4346 fortiori
3337 4291 3510 4346 estate
3534 4287 3788 4348 adoles-

2026 4402 2072 4457 ι)
2105 4379 2343 4438 centula
2367 4379 2464 4437 vel
2492 4380 2843 4439 adolescens
2872 4380 3090 4438 servire
3125 4380 3248 4438 Deo
3277 4377 3589 4453 elegerint,-
3643 4394 3783 4438 non

2104 4473 2193 4528 est
2215 4473 2478 4543 potestas
2506 4470 2858 4544 parentibus
2885 4471 3001 4528 hoc
3027 4468 3407 4545 prohibendi.
3648 4463 3653 4466 ’

2102 4578 2190 4635 De
2228 4577 2397 4635 laicis
2426 4579 2806 4636 morientium
2842 4579 3337 4650 presbyterorum
3365 4577 3795 4636 substantiam

2708 4668 3152 4740 diripientibus.
3552 4708 3559 4713 ι

2174 4774 2401 4832 XXXIX.
2437 4775 2580 4848 (334)
2612 4774 2912 4833 Perlatum
2940 4780 3029 4832 est
3072 4790 3319 4849 quoque
3360 4773 3442 4831 ad
3494 4776 3795 4833 sanctam

2103 4861 2407 4934 synodum
2432 4862 2600 4937 quod
2617 4864 2871 4938 quidam
2894 4863 3032 4922 laici
3049 4862 3325 4938 improbe
3346 4866 3538 4934 agant
3560 4868 3799 4922 contra

2100 4950 2489 5024 presbyteros
2511 4967 2677 5026 suos,
2705 4952 2791 5010 ita
2803 4956 2868 5010 ut
2887 4952 2964 5010 de
2981 4950 3366 5010 morientium
3386 4951 3799 5026 presbytero-

2101 5053 2240 5095 rum
2264 5038 2601 5097 substantia
2629 5044 2829 5115 partes
2859 5040 2976 5099 sibi
3000 5040 3308 5099 vindicent
3335 5039 3514 5097 sicuti
3540 5039 3622 5097 de
3636 5041 3821 5108 sub,

2104 5125 2322 5185 stantia
2343 5127 2704 5187 rusticorum
2733 5146 3002 5189 suorum.
3033 5129 3450 5188 lnterdicimus
3469 5128 3805 5203 itaqueita

2102 5218 2218 5275 hoc
2243 5217 2486 5276 ulterius
2517 5220 2623 5277 ﬁat
2652 5239 2667 5289 ;
2692 5221 2796 5278 sed
2809 5222 2962 5279 sicut
2973 5220 3146 5279 liberi
3161 5220 3301 5279 facti
3326 5222 3470 5276 sunt
3485 5219 3570 5277 ad
3588 5220 3804 5280 susci~

2102 5305 2392 5381 piendum
2414 5307 2673 5381 gradum
2694 5314 2750 5367 et
2771 5308 3076 5382 agendum
3102 5309 3378 5367 divinum
3393 5305 3808 5379 omeiumﬁta

2050 5386 2057 5393 ’
2103 5396 2183 5454 ab
2211 5396 2296 5455 eis
2315 5397 2464 5457 nihil
2483 5397 2758 5470 exigatur
2776 5403 2990 5474 praeter
3012 5399 3114 5458 Dei
3135 5398 3514 5457 ofﬁcium.De
3534 5400 3809 5473 peculio

2101 5501 2243 5543 vero
2255 5488 2639 5546 sacerdotum
2651 5488 2800 5547 nihil
2812 5489 2928 5546 sibi
2953 5493 3248 5563 usurpent
3267 5507 3282 5558 ;
3315 5486 3423 5545 sed
3432 5501 3508 5544 ex
3528 5485 3811 5548 duabus

2102 5575 2374 5649 partibus
2394 5576 2617 5635 faciant
2640 5577 2973 5653 presbyteri
2996 5578 3164 5656 quod
3190 5576 3306 5637 sibi
3320 5576 3813 5651 placueﬁLTer—
