3980 6182
180 202 265 255 393

915 196 919 201 ’
1012 197 1102 251 DE
1146 197 1424 254 ECCLES.
1468 194 1753 253 DISCIPL.
1798 196 1999 251 LIBRO
2042 194 2203 251 DUO.
2246 227 2313 235 —-
2357 197 2604 252 APPEN.
2648 198 2717 251 ll.

3476 205 3580 257 394

183 320 319 383 tiam,
369 316 697 371 secundum
757 335 1061 374 canonum
1120 320 1308 390 jussu,
1359 319 1533 393 43],
1587 318 1809 392 quibus
1840 319 1886 371 Α
1918 335 2104 390 quam
2132 335 2241 391 per
2270 337 2331 376 se
2358 318 2718 376 mutaverint
2749 320 2913 391 (337),
2954 321 3008 375 et
3039 317 3088 373 si
3129 323 3343 392 postea
3372 327 3581 380 contra

185 407 412 463 serviunt
440 405 780 476 relinquant
811 407 1095 463 ccclesiis.

628 497 715 549 De
740 512 948 552 mansa
979 502 1032 553 et
1064 498 1325 553 decimis.

244 578 342 638 XL.
372 582 609 649 (Concil.
654 585 940 639 ll’ormat.
979 601 1029 640 c.
1072 590 1179 648 230;
1232 584 1334 639 lib.
1392 602 1405 639 ι
1466 585 1807 655 Capitular.

183 666 294 730 c.9f
325 692 336 739 ;
367 674 697 729 ltunmunn.
730 673 830 727 lil».
868 691 947 741 Ill,
973 691 1024 729 c.
1059 676 1169 741 52).
1228 678 1371 729 Item
1403 674 1696 730 sancitum
1726 679 1814 730 cst

179 764 228 819 in
257 759 557 833 Capitulari
591 777 664 815 nc
699 761 771 816 (lc
807 778 1017 817 manso
1047 761 1335 831 ccclesize,
1385 779 1579 834 neque
1610 763 1685 818 de
1714 762 1804 817 de-

179 852 341 919 cimis,
368 867 561 922 neque
592 851 666 906 dc
696 851 1123 918 oblationibus,
1154 868 1263 907 nec
1295 852 1369 907 de
1400 851 1683 909 domibus
1718 852 1811 908 vel

176 939 333 997 atriis.
362 938 530 1007 juxta
561 939 874 995 ecclesiam
925 941 1152 1012 positis,
1201 940 1446 1013 aliquod
1501 928 1810 996 servitium

176 1030 367 1087 faciant
387 1035 602 1100 printer
632 1029 1123 1086 ecclesiasticum.
1160 1029 1218 1087 Si
1248 1029 1477 1102 aliquid
1514 1047 1657 1086 vero
1688 1046 1813 1086 am-

173 1120 305 1192 plius
330 1116 665 1186 habuerint,
700 1118 837 1175 inde
870 1119 1090 1175 faciant
1118 1118 1429 1176 servitium
1474 1119 1810 1176 senioribus

175 1209 300 1264 suis.

92 1350 98 1359 ,
168 1300 245 1354 Ne
255 1298 376 1370 quis
388 1298 461 1353 de
476 1298 686 1354 servili
699 1299 1035 1354 conditione
1046 1305 1473 1368 promoveatur
1487 1298 1569 1355 ad
1583 1299 1810 1355 clerum

233 1390 349 1443 XLI.
380 1389 531 1457 (335)
574 1387 722 1444 Nulli
752 1388 827 1444 de
856 1388 1050 1444 servili
1096 1388 1434 1445 conditione
1482 1389 1561 1445 ad
1610 1405 1813 1445 sacros

167 1475 372 1544 gradus
392 1476 1010 1550 promoveantur,nisi
1025 1476 1191 1550 prius
1214 1494 1250 1533 a
1270 1477 1531 1533 dominis
1554 1476 1812 1550 propriis

164 1564 471 1634 legitimam
502 1564 838 1621 libertatem
872 1566 1173 1621 consecuti
1218 1564 1435 1622 iuerint
1465 1585 1478 1634 ;
1538 1566 1710 1638 cujus
1753 1564 1815 1621 li-

160 1653 385 1709 bertatis
412 1653 623 1710 charta
652 1659 789 1711 ante
819 1646 1226 1711 ordinandum
1284 1655 1346 1711 in
1398 1655 1659 1711 ambone
1706 1672 1814 1729 pu-
1839 1670 1883 1724 Β

160 1742 297 1798 blice
324 1743 587 1813 legatur;
622 1748 677 1800 et
710 1744 758 1799 si
790 1744 991 1800 nullus
1034 1744 1475 1815 contradixerit,
1528 1745 1633 1802 rite
1673 1762 1812 1801 con-

161 1830 498 1888 secrabitur.
532 1833 715 1888 Porro
746 1833 794 1888 si
838 1837 1050 1906 postea
1096 1832 1170 1889 de
1215 1834 1407 1904 gradu
1455 1833 1805 1897 deciderint.

158 1921 275 1990 ejus
305 1920 421 1976 sint
449 1921 813 1978 conditionis
852 1922 1025 1994 cujus
1056 1922 1291 1979 fuerant
1342 1928 1478 1980 ante
1527 1922 1804 1994 gradum.

234 2012 317 2067 De
345 2012 513 2067 bonis
533 2013 965 2069 ecclesiasticis.
998 2014 1099 2069 Ea:
1123 2014 1374 2083 epistola
1403 2014 1714 2070 canonica.

220 2101 381 2156 XLII.
416 2100 626 2157 Nullus
666 2101 1109 2177 episcoporum,
1156 2103 1669 2177 presbyterorum,
1701 2120 1809 2160 seu

154 2189 560 2260 diaconorum,
602 2190 694 2247 vel
723 2191 904 2248 etiam
935 2176 1308 2263 cleFiccrum,
1358 2192 1585 2266 praedia
1622 2193 1807 2249 eccle-

152 2279 244 2333 site
272 2277 333 2335 in
364 2284 659 2352 potestate
706 2280 926 2337 habeat
976 2281 1339 2347 venundare,
1396 2282 1503 2337 sed
1551 2298 1661 2337 nec
1691 2282 1811 2337 cui-

151 2382 322 2438 quam
350 2372 674 2440 parentum
708 2384 957 2423 suorum
988 2367 1215 2424 donare
1245 2388 1258 2438 ;
1310 2374 1368 2425 et
1406 2368 1511 2442 qui
1538 2369 1653 2425 hoc
1680 2385 1812 2439 ege-

147 2454 228 2523 rit,
262 2455 382 2512 sub
438 2455 606 2511 omni
638 2455 954 2524 celeritate,
1005 2455 1236 2513 reddito
1280 2457 1491 2529 pretio,
1547 2456 1624 2512 ad
1678 2456 1812 2513 loca

146 2560 309 2601 sacra
332 2544 399 2600 in
430 2561 572 2616 quae
602 2549 951 2617 competunt
968 2548 1317 2602 revertatur.
1349 2545 1407 2602 Si
1436 2550 1660 2614 autem,
1697 2545 1813 2602 hac

144 2632 567 2690 observatione
592 2637 960 2707 contempta,
992 2633 1207 2707 aliquis
1250 2635 1366 2693 hoc
1412 2642 1812 2710 praesumpse-

146 2722 225 2788 rit,
256 2738 357 2778 res
390 2722 674 2796 prOprias
701 2721 763 2779 in
790 2722 927 2796 ipsa
950 2721 1201 2779 ecclesia
1232 2723 1548 2797 relinquat,
1590 2728 1648 2781 et
1682 2724 1810 2797 ipse

142 2808 281 2868 foris
304 2811 610 2882 ejiciatur,
640 2828 712 2867 eo
750 2810 916 2885 quod
947 2811 1149 2869 divina
1179 2818 1474 2884 congruat
1492 2813 1720 2871 ratione
1747 2819 1814 2871 ut

147 2897 312 2972 532
361 2898 477 2973 qui
531 2899 811 2957 ecclesias
859 2900 1160 2974 accipiunt
1182 2900 1261 2957 ad
1290 2901 1645 2973 regendum,
1686 2917 1809 2957 non

144 2986 729 3078 addispergendum
757 2987 1072 3078 accipiant.
1125 2987 1310 3046 Simili
1349 2989 1534 3078 modo
1577 2988 1807 3078 nullam
1843 3023 1884 3078 Β

144 3076 399 3133 habeant
458 3080 820 3150 potestatem
857 3077 1127 3151 quolibet
1178 3078 1361 3135 modo
1418 3077 1809 3135 alienandum

143 3180 329 3239 neque
354 3166 867 3236 venundandum,
901 3166 1010 3224 sed
1040 3183 1151 3224 nec
1181 3169 1307 3225 sine
1335 3167 1641 3225 voluntate
1661 3184 1812 3243 pon-

144 3255 304 3312 tiﬁcis
351 3256 448 3313 sui
509 3255 767 3313 vicarios
810 3256 1106 3326 dandum,
1152 3260 1256 3315 aut
1283 3258 1486 3316 liberis
1516 3258 1814 3315 dimitten-

141 3342 298 3402 dum.
328 3346 443 3412 Qui
469 3345 595 3402 hoc
625 3346 1096 3421 praesumpserit,
1145 3352 1211 3404 ut
1259 3346 1536 3422 superius
1582 3347 1814 3406 censui-

141 3449 289 3503 mus,
366 3436 418 3493 si
477 3435 673 3492 habet
732 3436 1156 3510 proprietatem
1207 3453 1403 3505 suam,
1461 3436 1625 3494 aliud
1680 3441 1812 3494 tan-

142 3526 258 3579 tum
280 3525 589 3583 restituat.
624 3524 681 3582 Si
709 3541 834 3582 non
860 3525 1159 3595 habuerit,
1207 3525 1575 3600 exspoliatus
1624 3526 1815 3583 omni-

138 3609 242 3668 bus
270 3612 435 3671 foras
464 3612 765 3686 ejiciatur.
796 3614 942 3688 Ipsae
970 3620 1173 3672 tamen
1203 3632 1301 3672 res
1352 3615 1433 3673 ad
1475 3614 1811 3682 ecclesiam,

141 3701 302 3773 cujus
328 3720 424 3761 res
457 3707 631 3768 sunt.
660 3707 1050 3760 revertantur.

139 3791 216 3848 De
243 3794 642 3862 patrimonio
666 3794 1041 3850 clericorum.
1093 3792 1189 3850 Ea
1214 3794 1471 3850 concilio
1499 3793 1814 3863 Metdensi,

856 3897 990 3952 cap.
1024 3886 1083 3938 2t
1101 3924 1114 3936 .

199 3969 386 4029 XLIII.
450 3972 616 4045 (336)
668 3970 1160 4042 Investigandum
1186 3985 1265 4027 an
1295 3969 1445 4027 nihil
1472 3969 1818 4043 patrimonii

134 4056 351 4117 habens
376 4060 718 4134 presbyter
755 4058 1005 4133 quando
1029 4062 1349 4134 provectus
1378 4064 1471 4115 est
1531 4058 1611 4116 ad
1664 4057 1821 4115 ordi-

132 4164 261 4206 nem
298 4150 820 4221 ecclesiasticum,
847 4154 1057 4225 postea
1092 4148 1303 4207 emerit
1341 4148 1591 4223 praedia,
1648 4149 1822 4221 cujus

131 4237 267 4306 juris
297 4241 439 4312 sint,
474 4255 708 4299 anznon
737 4238 1003 4315 ecclesiae
1028 4255 1157 4296 esse
1200 4238 1443 4296 debent.
1497 4237 1823 4312 Unusquis-

134 4343 242 4400 que
270 4331 437 4389 enim
465 4329 811 4407 presbyter
832 4329 1108 4403 proprias
1131 4345 1246 4397 res,
1280 4345 1435 4405 quas
1480 4332 1618 4402 post
1660 4327 1822 4384 diem

142 4422 621 4479 consecrationis
657 4418 1062 4492 acquisiverit,
1091 4417 1354 4475 ecclesiae
1396 4417 1715 4486 relinquat.
1765 4411 1823 4474 Si

142 4513 331 4566 autem
359 4510 574 4569 alieno
596 4508 849 4567 nomine
876 4523 973 4564 res
997 4506 1525 4581 comparaverit,et
1554 4506 1637 4562 ibi
1669 4510 1824 4563 stru-

144 4601 332 4657 cturas
359 4601 604 4669 fecerit,
635 4597 729 4655 vel
756 4614 890 4672 quae
920 4597 999 4655 ad
1027 4597 1343 4655 ecclesiam
1373 4596 1455 4653 ibi
1488 4597 1609 4652 Deo
1648 4595 1826 4652 collo-

143 4688 374 4759 caverit,
409 4694 643 4747 contra
671 4687 911 4744 decreta
948 4703 1251 4744 canonum
1276 4687 1392 4743 hoc
1431 4685 1663 4742 malum
1701 4683 1825 4754 agi-

147 4778 250 4843 tur,
297 4779 449 4852 quia
499 4776 896 4848 sacrilegium
932 4780 1043 4846 est,
1089 4780 1148 4832 et
1193 4791 1304 4849 par
1351 4774 1646 4830 crimen...
1679 4772 1826 4829 furis

146 4879 262 4924 esse
291 4868 693 4942 dignoscitur
720 4865 823 4940 qui
857 4882 1062 4922 sacras
1110 4863 1445 4922 oblationes
1492 4862 1822 4920 furabatur.

148 4953 225 5015 De
247 4958 501 5025 feminis
534 4971 680 5028 quae
700 4955 1008 5025 religionis
1034 4960 1249 5012 vestem
1271 4953 1542 5009 domibus
1557 4951 1827 5022 propriis

202 5048 616 5115 mutaverint,
648 5046 701 5100 si
725 5049 931 5115 postea
954 5043 1332 5101 concubitum
1353 5042 1662 5112 elegerint,
1681 5040 1830 5113 quid

208 5138 519 5205 agendum
551 5135 658 5192 sit.

209 5222 400 5282 XLIV.
436 5225 605 5299 (Lib.
643 5239 722 5278 vn
767 5222 1109 5293 Capitular.
1156 5238 1209 5277 c.
1246 5224 1350 5277 257
1414 5238 1426 5275 :
1485 5222 1824 5277 BURCHARD.

144 5310 240 5367 lib.
268 5331 395 5383 VIII,
429 5331 487 5372 c.
518 5314 645 5384 48).
678 5313 759 5368 De
785 5310 985 5368 viduis
1030 5314 1087 5366 et
1116 5308 1330 5384 puellis
1371 5325 1506 5381 qua
1554 5307 1829 5364 habitum

141 5401 444 5474 religionis
475 5404 546 5460 in
579 5399 871 5475 domibus
914 5399 1173 5475 propriis
1218 5404 1341 5456 tam
1393 5415 1430 5454 a
1477 5397 1829 5470 parentibus

207 5604 359 5670 (335)
404 5601 562 5659 Vide
592 5614 783 5671 supra
946 5616 988 5666 ι,
1019 5614 1071 5653 c.
1107 5601 1234 5655 407.

207 5668 359 5745 (336)
408 5672 569 5729 Vide
598 5668 788 5742 supra
813 5668 918 5725 lib.
947 5686 989 5738 ι,
1023 5684 1074 5724 c.
1108 5671 1232 5724 2I9.

491 5763 759 5817 Punon
804 5757 1076 5816 CXXXII

1917 407 2187 464 instituta
2241 411 2482 464 Patrum
2536 407 2627 464 vel
2675 411 2976 481 praecepta
3030 422 3334 463 canonum
3398 409 3575 482 ‘33

1918 496 2201 567 conjugia
2256 496 2613 553 crediderint
2662 496 3024 569 copulanda,
3080 496 3287 553 tandiu
3344 497 3578 571 utrique

1918 586 2250 642 habeantur
2275 604 2311 643 a
2331 585 2757 642 communione
2780 585 3054 658 suspensi
3077 602 3392 659 quousque
3413 587 3579 660 quod

1918 671 2111 728 illicite
2143 679 2634 749 perpetraverunt
2654 674 3174 741 emendent.Quod
3195 674 3240 730 si
3258 676 3578 733 emendare

1918 761 2303 833 neglexerint,
2337 780 2373 820 a
2404 764 2830 820 communione
2854 763 2945 819 vel
2987 763 3263 819 omnium
3302 763 3577 822 Christia-

1918 865 2135 905 norum
2165 851 2440 907 convivio
2462 851 2523 908 in
2551 855 2839 925 perpetuo
2864 852 2981 907 sint
3008 851 3378 923 sequestrati.

1916 957 2004 1012 De
2032 957 2247 1013 viduis.
2276 959 2548 1028 Epistola
2578 959 2736 1014 bcali
2763 958 3040 1029 Gregorii
3054 972 3233 1027 papae
3258 957 3577 1027 Bonifacio

1988 1045 2436 1116 archiepiscopo
2462 1047 2663 1117 missa,
2696 1048 2757 1103 in
2789 1062 2908 1120 qua
2934 1048 3092 1103 inter
3122 1050 3339 1102 caetera
3384 1048 3469 1102 ita
3500 1048 3578 1102 le-

1986 1134 2156 1203 gitur
2179 1133 2510 1191 decretum.

1990 1236 2161 1293 XLV.
2192 1239 2549 1309 (Buncnsnn.
2577 1240 2679 1296 lib.
2712 1257 2839 1310 vui,
2868 1258 2921 1296 c.
2948 1240 3059 1311 45).
3091 1238 3311 1295 Viduas
3355 1254 3393 1295 a
3438 1255 3580 1312 pro-

1917 1326 2113 1398 posito
2169 1328 2543 1385 discedentes
2597 1330 2915 1398 viduitatis,
2974 1345 3154 1402 super
3196 1328 3418 1401 quibus
3469 1344 3581 1385 nos

1857 1456 1869 1465 .
1920 1414 2230 1471 consulere
2278 1417 2463 1474 voluit
2513 1418 2751 1475 dilectio
2805 1423 2927 1487 tua,
2987 1417 3167 1474 frater
3211 1416 3580 1486 charissime,

1920 1503 2098 1559 credo
2132 1509 2185 1560 te
2216 1521 2391 1562 nosse
2422 1522 2458 1562 a
2486 1511 2694 1563 sancto
2733 1507 2915 1563 Paulo
2944 1511 3001 1562 et
3042 1522 3078 1562 a
3108 1504 3311 1562 multis
3360 1506 3580 1563 sanctis

1919 1592 2210 1662 Patribus,
2244 1593 2358 1657 nisi
2384 1599 2823 1661 convertentur,
2870 1594 3014 1650 olim
3049 1610 3179 1650 esse
3216 1593 3537 1650 damnatas
3566 1613 3579 1661 ;

1918 1698 2070 1755 quas
2090 1687 2147 1739 et
2175 1698 2286 1740 nos
2316 1683 2646 1756 apostolica
2676 1683 3025 1741 auctoritate
3054 1682 3437 1740 damnandas
3466 1686 3522 1738 et
3546 1699 3583 1739 a

1918 1772 2344 1829 communione
2369 1772 2637 1829 ﬁdelium
2663 1777 2843 1846 atque
2877 1788 2914 1829 a
2956 1771 3265 1837 liminibus
3317 1770 3581 1828 ecclesiae

1917 1862 2210 1918 arcendas
2239 1861 2363 1918 fore
2391 1878 2712 1920 censemus
2761 1878 3079 1936 usquequo
3120 1860 3409 1919 obediant
3455 1861 3580 1934 epi-

1916 1951 2114 2024 scopis
2145 1951 2269 2008 suis
2289 1955 2345 2008 et
2372 1952 2452 2008 ad
2477 1952 2749 2009 bannum
2782 1952 3054 2023 [bonum]
3076 1951 3243 2025 quod
3271 1956 3585 2022 cmperunt

1915 2039 2094 2097 invite
2125 2044 2230 2097 aut
2255 2040 2588 2099 voluntarie
2616 2044 2990 2098 revertantur
3020 2039 3190 2112 (338).

2326 2159 2412 2213 De
2441 2156 2775 2227 virginibus
2800 2171 2920 2212 non
2941 2155 3174 2212 velatis.

1987 2279 2177 2335 XLVI.
2212 2278 2578 2346 (Βυιειιλιω.
2607 2279 2711 2335 lib.
2746 2296 2865 2349 vm,
2899 2296 2951 2333 c.
2983 2279 3093 2351 45).
3138 2281 3184 2333 Λ
3216 2281 3436 2333 sanctae
3464 2294 3585 2334 me.

1918 2367 2124 2424 morite
2154 2368 2593 2442 praedecessore
2620 2371 2824 2424 nostro
2870 2366 3212 2424 Innocentio
3256 2366 3447 2423 taliter
3483 2366 3584 2424 de-

1919 2460 2148 2513 cretum
2171 2457 2470 2514 habemus
2506 2475 2518 2512 :
2553 2481 2579 2506 ‹‹
2614 2460 2711 2513 lite
2762 2473 2901 2513 vero
2944 2473 3079 2529 quae
3111 2455 3370 2514 necdum
3413 2472 3584 2513 sacro

1917 2545 2212 2602 velamine
2242 2550 2428 2615 tectae,
2461 2551 2664 2603 tamen
2684 2545 2744 2602 in
2774 2540 3083 2620 proposito
3109 2545 3386 2615 virginali
3436 2562 3585 2601 sem-

1918 2651 2025 2708 per
2054 2652 2115 2691 se
2142 2634 2574 2692 simulaverunt
2598 2651 2973 2708 permanere,
3018 2634 3154 2691 licet
3197 2634 3406 2691 velatae
3461 2649 3584 2690 non

1917 2724 2154 2792 fuerint,
2184 2724 2231 2779 si
2279 2724 2608 2797 nupserint,
2659 2724 2753 2780 his
2807 2723 3044 2795 agenda
3088 2723 3436 2796 paenitentia
3474 2726 3583 2793 est,

1916 2813 2062 2887 quia
2093 2813 2340 2887 sponsio
2376 2829 2584 2869 earum
2609 2829 2645 2870 a
2675 2812 2930 2870 Domino
2961 2812 3293 2869 tenebatur.
3337 2811 3393 2867 Si
3423 2811 3584 2868 enim

1916 2902 2069 2959 inter
2122 2901 2401 2959 homines
2456 2902 2604 2960 solet
2654 2902 2830 2960 bonae
2871 2902 3010 2958 fidei
3050 2905 3391 2958 contractus
3420 2900 3588 2958 nulla

1916 2990 2145 3047 ratione
2195 2990 2464 3057 dissolvi,
2524 2996 2753 3065 quanto
2808 2990 3002 3061 magis
3049 2990 3162 3047 ista
3214 2989 3582 3065 pollicitatio,

1920 3096 2105 3154 quam
2142 3097 2280 3136 cum
2311 3083 2431 3137 Deo
2478 3081 2725 3155 pepigit,
2785 3080 2935 3138 solvi
2988 3079 3113 3137 sine
3162 3079 3425 3137 vindicta
3461 3080 3584 3136 nan

1918 3168 2151 3242 poterit.
2186 3192 2215 3219 ››
2244 3170 2312 3225 Et
2340 3173 2548 3226 contra
2575 3169 2851 3242 [caetera].
2884 3170 3037 3225 Nam
3064 3168 3112 3225 si
3137 3168 3397 3238 virgines
3438 3183 3588 3225 non-

1918 3257 2068 3313 dum
2096 3256 2299 3315 velatae
2332 3256 2520 3314 taliter
2563 3257 2912 3330 paenitentia
2956 3256 3201 3331 publica
3252 3256 3586 3330 puniuntur
3666 3266 3669 3269 '

1919 3350 1976 3402 et
2004 3363 2041 3402 a
2071 3351 2226 3403 coetu
2252 3346 2521 3403 fidelium
2553 3346 2733 3420 434
2778 3363 2973 3421 usque
3005 3346 3084 3403 ad
3114 3344 3584 3403 satisfactionem

1920 3435 2337 3507 excluduntur,
2363 3441 2592 3509 quanto
2622 3436 2820 3508 potius
2849 3435 3067 3506 viduae,
3098 3451 3236 3509 quae
3272 3434 3581 3509 perfectio-

1919 3525 2001 3581 ris
2057 3525 2246 3582 aitatis
2296 3529 2353 3581 et
2406 3523 2748 3581 maturioris
2799 3524 3104 3596 sapientia;
3142 3526 3323 3595 atque
3354 3521 3586 3579 consilii

1922 3614 2199 3680 existunt,
2255 3613 2644 3685 virorumque
2701 3611 3000 3668 consortio
3077 3610 3375 3667 multoties
3459 3626 3586 3666 usa:

1924 3707 2085 3771 sunt,
2134 3707 2190 3759 et
2244 3702 2427 3757 velari
2480 3718 2542 3757 se
2593 3700 3015 3774 permiserunt,
3061 3699 3454 3771 habitumque
3500 3713 3587 3753 re-

1922 3790 2161 3863 ligionis
2190 3794 2666 3863 assumpserunt,
2720 3792 2775 3845 et
2824 3792 3025 3845 tamen
3075 3790 3585 3861 apostataverunt,

1925 3886 2105 3954 atque
2136 3880 2213 3937 ad
2238 3880 2413 3954 pejus
2443 3883 2650 3936 votum
2678 3878 2961 3952 [priorem
2990 3875 3303 3949 vomitum]
3335 3880 3474 3931 sunt
3502 3891 3590 3930 re-

1925 3985 2131 4037 versae,
2165 3986 2201 4025 a
2230 3968 2407 4025 nobis
2438 3967 2600 4026 etab
2625 3966 2910 4024 omnibus
2959 3965 3238 4022 fidelibus
3284 3980 3322 4021 a
3376 3962 3591 4020 limini-

1925 4058 2040 4115 bus
2066 4057 2332 4115 ecclesiae
2358 4061 2415 4114 et
2441 4061 2595 4113 ccetu
2625 4056 2783 4113 ﬁdeli
2794 4073 2894 4112 um
2924 4071 3114 4128 usque
3146 4054 3224 4112 ad
3247 4053 3591 4111 satisfactio.

1927 4163 2064 4203 nem
2116 4151 2256 4203 sunt
2307 4145 2690 4202 eliminandae
2746 4149 2802 4202 et
2857 4143 3199 4202 carceribus
3260 4142 3588 4212 tradendae,

1927 4235 2200 4310 qualiter,
2222 4236 2397 4308 juxta
2424 4234 2671 4292 beatum
2702 4234 3043 4307 apostolum
3074 4232 3325 4289 Paulum
3356 4231 3592 4289 traden-

1928 4328 2015 4382 tes
2038 4323 2389 4397 hujusmodi
2414 4323 2723 4380 hominem
2756 4326 3013 4395 Satanae,
3026 4325 3093 4377 ut
3120 4321 3360 4394 spiritus
3389 4319 3593 4376 salvus

1930 4416 2005 4473 sit
2032 4415 2093 4471 in
2123 4414 2220 4471 die
2241 4413 2497 4471 Domini.
2528 4416 2607 4471 De
2636 4413 2855 4471 talibus
2886 4412 3049 4469 enim
3082 4415 3139 4466 et
3168 4409 3457 4466 Dominus
3485 4422 3593 4479 per

1930 4508 2171 4578 Moysen
2200 4502 2465 4576 loquitur
2493 4502 2699 4559 dicens
2733 4519 2745 4557 :
2779 4502 3032 4571 Auferte
3062 4499 3288 4554 malum
3311 4496 3385 4551 de
3404 4494 3594 4550 medio

1932 4595 2132 4651 vestri.
2165 4596 2253 4649 De.
2268 4591 2489 4666 quibus
2516 4595 2573 4648 et
2596 4607 2703 4664 per
2732 4588 3095 4662 Prophetam
3125 4586 3239 4642 ait:
3266 4583 3599 4640 Laetabitur

1922 4687 2126 4755 justus
2157 4699 2291 4739 cum
2332 4682 2544 4738 viderit
2577 4678 2925 4746 vindictam,
2964 4692 3177 4733 manus
3207 4689 3346 4729 suas
3369 4670 3595 4728 lavabit

1932 4775 1997 4829 in
2049 4773 2342 4844 sanguine
2386 4770 2723 4841 peccatoris
2782 4768 2968 4838 (Psal.
3030 4765 3188 4833 Lvn).
3251 4765 3327 4817 Dc
3381 4759 3599 4816 talibus

1934 4877 2199 4933 namque
2230 4863 2288 4916 et
2314 4874 2524 4915 eorum
2556 4854 2852 4913 similibus
2883 4857 3063 4926 atque
3092 4850 3318 4907 eisdem
3352 4864 3598 4905 consen-

1936 4948 2215 5007 tientibus
2242 4947 2404 5022 (quia
2432 4961 2553 5003 non
2605 4944 2801 5001 solum
2853 4941 2957 5016 qui
2998 4940 3242 5006 faciunt,
3286 4938 3391 4995 sed
3419 4938 3601 4994 etiam

1934 5040 2040 5114 qui
2093 5037 2444 5095 facientibus
2514 5033 2932 5099 consentiunt,
3015 5032 3098 5088 rei
3157 5032 3297 5086 sunt
3368 5027 3602 5099 (Domi-

1934 5146 2051 5185 nus
2107 5143 2214 5201 per
2280 5125 2564 5185 eumdem
2636 5122 2997 5196 prophetam
3083 5118 3270 5175 David
3338 5117 3605 5189 loquitur

1935 5220 2142 5275 dicens
2189 5237 2201 5273 :
2292 5214 2540 5275 Videbas
2590 5213 2814 5283 furem,
2874 5209 3158 5267 currebas
3217 5225 3349 5263 cum
3404 5222 3490 5275 eo,
3548 5212 3600 5262 et

1938 5325 2071 5365 cum
2120 5306 2413 5362 adulteris
2473 5304 2809 5373 portionem
2876 5307 3038 5358 tuam
3099 5298 3364 5370 ponebas
3410 5297 3602 5363 (Psal.

1938 5399 2118 5461 xux).
2154 5397 2216 5450 Et
2246 5392 2434 5450 multa
2462 5391 2578 5448 alia
2605 5407 2935 5459 eorumque
2967 5389 3203 5448 similia.
3256 5386 3434 5443 Tales
3461 5401 3604 5453 ergo

2008 5592 2161 5661 (337)
2199 5588 2347 5663 Vide
2378 5604 2564 5661 supra
2593 5588 2653 5663 in
2685 5607 2704 5663 ι
2732 5586 3030 5663 Appeal,
3063 5603 3113 5639 c.
3141 5588 3237 5663 fil.
3428 5662 3433 5663 γ

2014 5654 2162 5729 (338)
2203 5657 2350 5716 Vide
2381 5654 2564 5733 supra
2591 5660 2652 5715 in
2682 5654 3023 5732 Appendicc
3064 5655 3296 5794 prima},
3336 5662 3466 5718 cap.
3522 5654 3611 5696 δεῖ.

2470 5760 2477 5763 ’
3236 5744 3255 5794 1
