3980 6182
413 226 441 273 3
463 224 529 274 95

1552 207 1924 263 ΗΕΗΙΝΟΝΙΞ
1963 203 2378 260 PRUMIENSIS
2416 205 2725 259 ABBATIS.

3730 211 3830 261 396

412 332 1404 415 personieincluliitaiitei‘adulterae
1433 348 1563 388 esse
1587 329 2060 395 manifestantur,
2106 328 2151 380 A
2186 327 2568 398 professionis
2598 328 2976 383 desertricem
3028 328 3235 383 merito
3283 328 3700 384 damnandam
3739 329 3829 384 de-

413 448 552 486 cum
580 430 760 502 [quia]
787 425 986 481 relicto
1018 423 1336 478 immortali
1356 440 1602 496 sponso,
1619 420 1694 476 ad
1711 418 2065 502 anteriorem

413 528 475 576 ut
522 499 699 576 canes
747 515 824 571 ad
855 514 1166 588 proprium
1224 529 1471 568 reversae
1505 517 1643 566 sunt
1675 510 1981 575 vomitum,
2015 499 2071 562 et

411 612 694 680 apostatze
724 604 896 659 factae
927 603 1128 658 illicita
1161 619 1231 658 ac
1264 602 1550 669 sacrilega
1607 616 1665 654 se
1715 596 2069 665 contagione

409 695 760 768 polluentes,
823 692 961 748 viris
1022 691 1376 748 mortalibus
1435 707 1494 745 se
1564 687 2064 756 conglutinantes.

406 788 548 851 Quae
578 785 778 851 etiam,
803 784 973 855 juxta
1003 782 1284 838 eumdem
1316 780 1654 853 apostolum
1688 775 1962 840 Paulum,
1999 790 2068 829 eo

405 875 637 948 quod...
677 873 975 929 viduitatis
1003 872 1377 944 propositum
1413 869 1789 936 dimiserunt,
1815 865 2066 922 etﬁdcm

405 979 592 1038 quam
623 974 760 1018 cum
796 967 910 1018 Deo
951 963 1304 1034 pepigerunt
1354 961 1624 1027 frangere
1676 971 2068 1030 prtesumpse'

406 1057 762 1124 runt,atque
788 1052 1047 1124 primam
1079 1051 1259 1105 ﬁdem
1293 1049 1851 1121 przevaricaverunt,
1887 1045 2063 1116 435

409 1149 545 1198 sunt
575 1143 935 1197 damnandae
967 1159 1002 1196 a
1032 1141 1228 1195 nobis.
1266 1143 1404 1205 Quae
1439 1144 1493 1192 et.
1521 1156 1552 1192 a
1587 1137 1756 1192 vobis
1789 1140 1843 1191 et
1871 1152 1904 1189 a
1933 1134 2064 1189 reli-

404 1232 538 1302 quis
567 1230 751 1284 nostri
774 1230 1001 1285 ordinis
1027 1229 1185 1297 viris,
1218 1245 1252 1283 a
1285 1228 1530 1295 singulis
1563 1225 1835 1281 videlicet
1863 1239 1973 1279 sua
2005 1224 2062 1278 in

403 1319 666 1384 (iitheSi,
729 1335 764 1374 a
821 1318 1128 1373 liminibus
1177 1317 1438 1373 ecclesiae
1494 1321 1548 1370 et
1600 1321 1756 1370 eretu
1795 1313 2062 1369 fidelium

404 1420 594 1479 usque
618 1408 694 1462 ad
723 1407 1205 1473 satisfactionem,
1247 1412 1311 1461 ut
1349 1405 1698 1478 praedictum
1756 1408 1861 1473 est,
1923 1408 2061 1457 sunt

403 1495 784 1551 eliminandee
806 1496 976 1564 (339‘).

405 1587 490 1641 Ne
517 1586 723 1641 clerici
753 1586 1073 1639 viduarum
1101 1584 1521 1652 familiaritati
1551 1583 1936 1638 associentnr.
1971 1582 2062 1637 Ea;

676 1675 929 1730 concilio
963 1674 1448 1741 Carthaginensi,
1491 1686 1622 1740 cap.
1662 1675 1780 1727 102.

476 1765 696 1818 XLVII.
739 1764 990 1832 (Concil.
1029 1763 1318 1832 Cari/mg.
1355 1779 1388 1822 l,
1425 1780 1475 1829 c,
1510 1766 1607 1816 t‘ZO
1644 1779 1654 1825 ;
1719 1765 2054 1818 BURCHARD.

402 1855 501 1909 lib.
539 1869 659 1919 VIII,
695 1869 743 1908 c.
771 1853 879 1921 55).
935 1851 1023 1906 Ad
1056 1856 1286 1905 reatum
1330 1851 1596 1923 episcopi
1652 1851 1921 1922 pertinet,
1966 1851 2058 1906 vel

404 1941 732 2015 presbyteri
758 1942 861 2013 qui
891 1940 1192 2012 parochias
1221 1946 1458 2010 praeest,
1485 1939 1530 1994 si
1553 1941 1956 1995 sustentandae
1983 1941 2061 1994 vi-

403 2039 472 2088 tae
496 2031 804 2104 praesentis
831 2045 1018 2085 causa
1045 2029 1540 2084 adolescentiores
1575 2029 1770 2084 viduis
1806 2030 1900 2084 vel
1924 2046 2058 2085 san-

402 2121 770 2178 etimonalies
799 2120 1150 2176 clericorum
1171 2119 1555 2176 familiaritati
1575 2120 1984 2189 subjiciantur.

402 2215 486 2268 De
545 2212 739 2267 viduis
800 2225 934 2280 quos
965 2210 1221 2265 ecclesia:
1267 2209 1575 2288 stipendiis
1623 2214 2055 2265 sustentantur.

1075 2299 1222 2367 Cap.
1257 2302 1374 2352 103.

473 2389 702 2445 XLVIII.
760 2389 933 2459 (Ibid.
997 2405 1046 2442 c.
1113 2387 1252 2449 103).
1317 2386 1514 2440 Vidure
1571 2403 1705 2458 quae
1762 2387 2057 2459 stipendio

400 2477 664 2534 ecclesiae
711 2481 1136 2544 sustentantur,
1195 2476 1433 2532 assidue
1481 2476 1539 2530 in
1586 2493 1762 2548 opere
1800 2477 1895 2532 Dei
1927 2494 2058 2532 esse

399 2565 639 2634 debent,
673 2573 734 2623 ut
764 2571 820 2625 et
849 2566 1072 2622 meritis
1098 2570 1154 2621 et
1183 2564 1552 2621 orationibus
1594 2567 1714 2621 suis
1745 2563 2057 2622 ecclesiam

399 2658 474 2715 ad
476 2659 496 2728 j
507 2661 704 2713 uvent.

399 2749 482 2801 Dc
513 2746 705 2802 viduis
732 2760 862 2815 quae
882 2747 1155 2814 professa
1173 2744 1537 2798 continentia
1546 2745 2052 2812 prwvaricantur.

1076 2833 1223 2901 Cap.
1275 2833 1392 2887 IOt.

464 2912 672 2978 XLIX.
719 2919 892 2992 (Ibid.
920 2937 970 2975 c.
1008 2923 1148 2991 itit).
1186 2921 1344 2976 Sicut
1388 2920 1616 2974 bonum
1661 2927 1748 2976 est
1777 2923 2056 2978 castitatis

401 3011 738 3084 praemium,
772 3009 851 3063 ita
880 3008 1095 3078 majori
1125 3009 1506 3064 observantia
1555 3014 1611 3064 et
1662 3011 2055 3083 przeeeptione

403 3097 860 3155 custodiendum
882 3102 972 3151 est
1004 3102 1065 3153 ut
1087 3098 1134 3151 si
1161 3114 1291 3169 quae
1320 3097 1824 3170 vi«,luaa,quamvis
1859 3099 2056 3155 adhuc

402 3189 460 3244 in
493 3187 824 3243 minoribus
853 3186 1028 3240 annis
1062 3186 1288 3258 positae,
1329 3192 1382 3241 et
1418 3186 1476 3240 in
1526 3192 1762 3242 matura
1813 3193 1981 3244 astate
2023 3207 2057 3245 a

401 3279 529 3333 viro
559 3275 791 3340 relictae,
823 3293 883 3330 se
909 3275 1260 3330 devoverint
1291 3279 1424 3342 DeO,
1478 3281 1532 3331 et
1581 3280 1770 3331 vestes
1820 3277 2058 3333 laicales

403 3364 726 3439 abjecerint
747 3364 861 3419 sub
889 3364 1224 3420 testimonio
1256 3365 1538 3438 episcopi,
1573 3371 1628 3420 et
1668 3372 1801 3439 post
1831 3369 1908 3422 ad
1958 3387 2059 3423 sae-

403 3454 605 3512 culum
632 3453 930 3522 redierint,
954 3453 1335 3524 damnentur,
1370 3454 1510 3525 quia
1541 3453 1720 3510 ﬁdem
1755 3456 2055 3523 castitatis,

402 3562 586 3618 quam
617 3547 732 3600 Deo
765 3547 1068 3610 voverunt,
1098 3535 1320 3598 irritam
1352 3543 1543 3599 facere
1577 3561 1736 3599 ausze
1768 3551 1924 3600 sunt.
1958 3549 2061 3601 Ta-

320 3670 322 3672 τ
401 3636 484 3692 les
514 3650 654 3706 ergo
694 3649 966 3706 persona)
1016 3631 1131 3686 sint
1175 3650 1209 3687 a
1269 3632 1739 3696 (ﬁlii-istianoriun
1794 3651 2059 3690 commu-

400 3725 579 3780 nione
607 3722 835 3794 alienae,
880 3737 1011 3793 quae
1055 3721 1229 3776 etiam
1290 3739 1399 3776 nec
1455 3720 1515 3776 in
1564 3723 1834 3778 convivio
1881 3719 2058 3796 436

403 3830 540 3868 cum
572 3811 913 3866 Christianis
955 3811 1418 3865 communicent.
1467 3813 1613 3865 Nam
1673 3811 1718 3865 si
1777 3811 2060 3868 adulterce

402 3903 689 3972 conjugcs
746 3905 912 3954 reatu
970 3904 1110 3953 sunt
1157 3899 1278 3953 suis
1326 3899 1466 3953 viris
1495 3899 1791 3968 olmoxiae,
1832 3907 2060 3973 quanto

403 3989 598 4058 magis
629 3987 845 4053 viduae,
888 4004 1020 4058 quae
1083 3990 1198 4042 Deo
1254 3987 1694 4055 religiositatem
1747 3996 2058 4062 voverunt,

404 4076 647 4133 crimine
681 4075 949 4131 adulterii
982 4076 1368 4143 notabuntur,
1386 4077 1432 4130 si
1459 4076 2060 4151 devotionem,quam

405 4171 612 4240 sponte
642 4169 760 4221 Deo
792 4165 1152 4234 obtulerunt,
1180 4166 1502 4221 libidinosa
1533 4167 1832 4223 voluntate
1863 4185 2060 4226 eorru-

402 4256 614 4329 perint,
657 4261 833 4326 atque
865 4254 942 4309 ad
974 4253 1268 4310 secundas
1299 4256 1538 4326 nuptias
1560 4257 1872 4312 transitum
1913 4259 2059 4316 iece-

402 4345 518 4400 rint
546 4363 557 4412 ;
593 4360 722 4416 quae
753 4343 858 4398 etsi
888 4341 1164 4398 violentia
1194 4344 1448 4400 irruente
1480 4344 1557 4400 ab
1597 4345 1798 4418 aliquo
1849 4363 2056 4420 prsere-
2097 4381 2140 4434 Β

401 4440 517 4508 pta:
551 4431 786 4500 fuerint,
819 4449 887 4488 ac
919 4436 1127 4505 postea
1169 4433 1556 4489 delectatione
1613 4431 1875 4491 libidinis
1931 4454 2058 4510 per-

401 4539 644 4579 manere
700 4521 758 4576 in
819 4522 1099 4593 conjugio
1158 4523 1414 4595 raptoris
1477 4522 1566 4578 vel
1625 4523 1880 4580 violento
1932 4526 2056 4582 viro

401 4612 826 4678 consenserint,
872 4612 1259 4668 damnatione
1295 4611 1568 4684 superius
1624 4615 2059 4686 comprehensa

403 4706 712 4756 teneantur
741 4701 1036 4756 obnoxiae.
1067 4704 1143 4755 De
1177 4701 1394 4756 talibus
1425 4701 1586 4755 enim
1625 4701 1765 4755 dicit
1813 4707 2058 4774 Aposto-

400 4790 493 4844 lus
528 4793 671 4846 Cum
710 4793 1029 4847 luxuriata?
1056 4792 1310 4860 fuerint,
1344 4791 1565 4845 nubere
1598 4793 2058 4860 volunt,haben-

402 4887 482 4936 tes
514 4882 977 4951 danmalionem,
1007 4896 1146 4950 quia
1175 4880 1435 4948 primam
1482 4879 1658 4946 ﬁdem
1697 4881 1936 4937 irritam
1974 4883 2058 4951 fe-

400 4977 605 5024 cerunt
661 4971 752 5040 (II
782 4971 925 5023 Tim.
965 4969 1039 5036 v).

405 5057 486 5112 De
538 5060 729 5113 viduis
769 5073 902 5128 qtae
959 5057 1301 5112 viduitatem
1348 5058 1636 5126 pro/essm
1676 5065 1814 5112 sunt
1857 5075 2051 5115 coram

543 5149 831 5216 epis-capo.
865 5147 958 5200 EJ.‘
996 5147 1267 5200 ctmciliio
1297 5147 1696 5215 Arausicano,
1725 5163 1838 5216 cap
1859 5154 1908 5202 9.

474 5236 528 5288 L.
563 5235 806 5304 (θυρίδα.
836 5236 1108 5289 Arausic.
1142 5253 1180 5300 ι,
1217 5253 1265 5288 c.
1292 5235 1756 5302 ‘27;BURCHARD.
1796 5236 1895 5292 lib.
1933 5255 2050 5307 vm,

399 5340 449 5378 e.
480 5324 586 5394 43).
637 5323 960 5378 Vit-lunatis
1001 5323 1307 5380 servandae
1357 5325 1792 5397 professionem
1849 5344 2054 5384 coram

397 5411 681 5483 episcopo
705 5411 1041 5466 faciendam
1065 5417 1120 5467 et
1144 5411 1416 5467 habitum
1437 5413 1786 5486 impositum
1810 5417 2053 5472 minime

394 5501 744 5556 violandum
775 5520 784 5562 :
821 5502 951 5571 ejus
983 5517 1120 5557 vero
1150 5506 1470 5573 raptorem,
1522 5504 1610 5557 vel
1667 5505 1860 5575 ipsam
1918 5505 2051 5559 talis

430 5684 580 5753 (339)
599 5683 626 5732 \
646 5681 741 5738 ide
765 5699 946 5755 supra
963 5682 1022 5738 in
1045 5682 1386 5754 Appeudice
1408 5687 1813 5754 prima,capp.
1840 5687 1928 5749 fit",
1963 5687 2049 5737 liti.

2180 432 2500 470 CBl‘IllleS.

2179 505 2264 558 De
2304 506 2633 573 virginibus
2687 520 2817 576 quze
2864 506 3027 573 infra
3082 521 3201 559 xxv
3259 522 3446 560 annos
3492 508 3831 561 necessitate

2251 600 2490 663 cogente
2523 596 2820 649 velantur.
2857 594 2952 648 ΕΙ
2974 597 3224 649 concilio
3245 594 3633 664 Carthaginis
3664 597 3828 663 Afri-

2249 697 2346 749 cae,
2373 698 2506 751 cap.
2529 685 2617 736 26.

2252 773 2334 826 LI.
2369 773 2614 842 (Concil.
2649 774 2898 828 Milevit.
2931 791 2988 840 ι),
3024 791 3074 829 e.
3110 775 3216 839 26;
3274 775 3485 829 concil.
3537 774 3828 843 Carthag.

2179 873 2278 928 vn,
2311 867 2364 926 7',
2395 878 2445 915 c.
2481 863 2590 932 93).
2627 861 2847 916 Placuit
2887 867 2948 917 ut
2989 862 3355 934 quicumque
3410 861 3832 933 episcoporum

2177 948 2524 1004 necessitate
2555 948 2935 1021 periclitantis
2967 949 3265 1021 pudicitia:
3298 951 3586 1019 virginem
3611 951 3834 1005 velave-

2176 1040 2255 1092 rit
2284 1037 2632 1108 (virginalis,
2663 1040 2844 1108 cum],
2899 1055 3036 1092 cum
3095 1037 3183 1093 vel
3240 1039 3451 1109 petitur
3493 1038 3586 1092 vel
3631 1044 3833 1109 raptor

2177 1127 2552 1194 formidatur,
2585 1127 2679 1182 vel
2710 1128 2756 1182 si
2785 1128 2965 1183 etiam
3003 1128 3205 1200 aliquo
3245 1128 3305 1182 in
3333 1128 3539 1183 mortis
3569 1127 3835 1200 periculo

2176 1217 2455 1290 scrupulo
2475 1223 2835 1290 eompuncta
2858 1217 3030 1272 fuerit
3056 1234 3129 1272 ne
3153 1233 3274 1272 non
3297 1218 3492 1273 velata
3519 1218 3830 1283 moriatur,

2173 1312 2276 1361 aut
2305 1305 2678 1374 exigentibus
2709 1305 3059 1378 parentibus
3087 1305 3334 1362 ecclesia
3355 1310 3458 1361 aut
3489 1304 3546 1361 hi
3575 1304 3656 1360 ad
3682 1322 3833 1378 quos

2172 1411 2315 1451 cura
2344 1396 2616 1468 pertinet,
2647 1395 2969 1451 velaverint
2995 1395 3285 1464 virginem
3317 1395 3489 1468 437
3529 1395 3686 1450 infra
3719 1411 3831 1451 xxv

2171 1499 2363 1539 annos
2395 1484 2598 1551 aetatis,
2633 1483 2685 1539 ei
2713 1499 2831 1538 non
2863 1483 3019 1538 obsit
3046 1483 3363 1538 concilium
3395 1481 3560 1555 quod
3594 1483 3670 1538 de
3701 1483 3832 1554 ipso

2170 1588 2421 1628 numero
2453 1588 2749 1628 annorum
2783 1573 3170 1627 constitutum
3201 1577 3309 1627 est.

2259 1677 2391 1730 Non
2422 1677 2595 1731 liceat
2629 1677 2870 1731 mulieri
2897 1681 3167 1731 sanctum
3206 1676 3396 1730 velum
3431 1681 3746 1744 acceptum

2840 1767 3154 1821 dimittere.

2243 1853 2352 1910 LII.
2383 1855 2528 1925 (Lib.
2564 1844 2600 1908 v
2629 1856 2970 1924 Capitular.
3001 1873 3052 1910 c.
3088 1856 3228 1925 H3).
3265 1855 3682 1928 Qualicunque
3715 1872 3832 1910 mo-

2171 1944 2249 1998 do
2279 1943 2510 2014 mulier,
2544 1943 2915 2016 permittente
2947 1943 3233 1998 canonice
3264 1942 3385 1998 viro
3432 1960 3567 2008 suo,
3629 1949 3736 1999 aut
3768 1960 3832 1998 eo

2170 2031 2470 2099 defuncto,
2508 2037 2700 2087 votum
2731 2036 3007 2087 sanctum
3035 2032 3326 2105 acceperit
3365 2033 3424 2087 in
3476 2038 3684 2104 caput,
3739 2039 3834 2086 aut

2172 2125 2382 2192 sponte
2413 2126 2514 2176 aut
2545 2121 2745 2188 invite,
2775 2137 2844 2176 eo
2874 2125 3226 2195 permaneat
3270 2121 3538 2186 omnino,
3595 2138 3706 2176 nec
3748 2121 3832 2176 di-

2173 2210 2385 2265 mittat.

2649 2302 2731 2354 De
2758 2300 3350 2354 connnunicantibus.

2243 2388 2372 2444 LIII.
2401 2389 2748 2458 Quicunque
2776 2389 3231 2444 manducaverit
3259 2404 3472 2458 panem
3500 2389 3596 2443 vel
3623 2388 3831 2444 biberit

2171 2478 2413 2533 calicem
2443 2478 2686 2531 Domini
2714 2477 2976 2546 indigne,
3010 2477 3104 2532 vel
3124 2477 3528 2546 immodeiate,
3563 2478 3659 2533 vel
3684 2479 3836 2531 inur-

2167 2565 2391 2631 dinate,
2440 2579 2574 2620 reus
2627 2566 2737 2621 erit
2798 2567 3063 2634 cameris
3109 2572 3162 2620 et
3209 2567 3519 2636 sanguinis
3571 2566 3832 2620 Domini.

2167 2650 2340 2721 Reus,
2371 2653 2433 2708 id
2460 2658 2566 2723 est,
2598 2653 2818 2723 dignus
2851 2658 2916 2709 ut
2945 2654 3263 2709 damnetur
3310 2653 3387 2708 ab
3430 2653 3564 2726 ipso
3615 2654 3836 2708 sacriﬁ-

2167 2743 2278 2813 cio,
2312 2743 2412 2814 qui
2447 2746 2677 2798 tantum
2709 2743 3055 2815 mysterium
3088 2747 3152 2797 ut
3172 2741 3285 2797 vile
3313 2742 3672 2814 despexerit.
3694 2744 3838 2799 Seri-

2166 2837 2338 2905 ptum
2371 2836 2459 2886 est
2491 2849 2502 2886 :
2539 2832 2739 2887 Omnis
2770 2833 3026 2887 mundus
3054 2833 3441 2887 manducabit
3477 2847 3565 2887 ea.
3611 2835 3836 2888 Anima

2169 2937 2302 2992 quw
2328 2922 2686 2991 peccaverit,
2738 2927 2802 2976 ut
2856 2921 3163 2975 immunda
3210 2921 3712 2976 exterminabitur
3765 2921 3839 2975 de

2101 3029 2141 3083 ρ
2167 3011 2390 3081 populo
2420 3026 2544 3065 suo.
2576 3007 2829 3080 Indigne
2851 3023 2872 3078 ,'
2900 3014 2961 3065 ut
2991 3009 3277 3064 Dominus
3312 3009 3392 3064 ait
3417 3027 3429 3063 :
3462 3009 3526 3064 Si
3565 3015 3707 3065 ante
3750 3012 3840 3066 at-

2173 3105 2302 3154 tare
2344 3100 2592 3165 steteris,
2647 3105 2701 3153 et
2746 3099 2829 3153 ibi
2875 3099 3220 3153 recordatus
3261 3100 3475 3168 fueris,
3510 3103 3622 3153 etc.
3670 3099 3841 3154 Prius

2170 3185 2598 3259 perscrutanda
2629 3191 2717 3242 est
2745 3187 3126 3257 conscientia,
3152 3187 3200 3242 si
3243 3187 3302 3242 in
3357 3187 3520 3243 nullo
3583 3205 3693 3244 nos
3746 3205 3842 3244 re-

2169 3274 2512 3348 prehendit;
2547 3279 2759 3348 etpost
2817 3272 3029 3332 ot‘t‘erre
3081 3282 3184 3331 aut
3232 3277 3682 3332 communicare
3734 3277 3839 3333 de-

2167 3364 2382 3419 bemus
2414 3383 2424 3418 :
2460 3363 2710 3427 Quidam
2747 3363 2952 3420 dicunt
2985 3382 2996 3418 :
3028 3366 3313 3420 Dominus
3343 3381 3464 3421 non
3487 3365 3838 3437 indignum,

2171 3452 2277 3509 sed
2307 3453 2549 3523 indigne
2581 3455 2990 3526 accipientem,
3023 3461 3261 3510 revocat
3291 3470 3326 3510 a
3357 3460 3584 3510 sancto.
3637 3457 3768 3511 Sed
3793 3458 3838 3511 si

2169 3541 2388 3612 dignus
2420 3542 2666 3612 indigne
2698 3543 2990 3599 accedens
3021 3544 3355 3608 retrahitur,
3379 3551 3608 3616 quanto
3644 3547 3839 3610 magis

2170 3631 2273 3703 qui
2305 3646 2421 3685 non
2455 3636 2644 3704 potest
2676 3631 2943 3703 accipere
2968 3631 3166 3700 digne.
3223 3630 3384 3687 l'nde
3433 3637 3673 3704 oportet
3719 3651 3840 3688 ees-

2171 3736 2361 3775 sarea
2392 3720 2567 3786 vitiis,
2630 3725 2692 3776 ut
2745 3726 3018 3777 sanctum
3081 3719 3315 3776 Domini
3362 3737 3582 3793 corpus
3633 3729 3840 3778 sancte

2169 3809 2482 3881 percipias.
2513 3810 2731 3865 Probet
2761 3817 2980 3880 autem,
3009 3805 3066 3864 id
3099 3815 3203 3876 est,
3250 3814 3479 3881 quierat
3508 3823 3588 3865 an
3616 3811 3843 3881 dignus

2171 3898 2259 3954 sit.
2295 3898 2404 3964 Qui
2433 3899 2591 3954 enim
2638 3899 2981 3968 manducat,
3042 3899 3356 3972 dupliciter
3404 3915 3544 3955 reus
3589 3901 3842 3956 effectus

2170 3991 2280 4054 est,
2327 3988 2811 4059 praesumptionis
2856 3974 3075 4043 scilicet
3123 3985 3349 4059 peccati
3384 4004 3395 4040 :
3430 3988 3563 4042 Non
3616 3990 3844 4058 dijudi-

2169 4092 2334 4145 cans,
2368 4076 2424 4130 id
2459 4081 2564 4145 est,
2593 4092 2715 4154 non
2744 4075 2922 4148 438
2971 4076 3314 4132 discernens
3341 4092 3376 4132 a
3406 4077 3636 4132 caeteris
3670 4077 3841 4133 cibis.

2169 4166 2363 4239 (Apud
2397 4165 2610 4220 ΚΛΜΝ.
2647 4165 2707 4220 in
2730 4166 2846 4220 fine
2878 4165 3008 4220 libri
3032 4166 3207 4238 primi
3233 4166 3308 4221 de
3334 4166 3631 4221 ministris
3660 4169 3847 4222 eccle-

2169 4257 2310 4322 size).
2346 4257 2498 4323 Ergo
2531 4269 2668 4309 cum
2710 4256 2873 4310 tanta
2923 4254 2995 4309 sit
3036 4253 3214 4326 plaga
3257 4255 3481 4327 peccati
3513 4259 3702 4328 atque
3734 4257 3848 4311 im-

2168 4349 2340 4418 petus
2371 4344 2565 4400 morbi
2587 4343 3107 4400 utmedieamenta
3134 4344 3399 4416 corporis
3435 4350 3486 4399 et
3521 4346 3851 4414 sanguinis

2171 4433 2402 4489 Domini
2433 4431 2763 4489 differenda
2794 4433 2928 4505 sint,
2962 4433 3309 4488 auctoritate
3333 4433 3610 4489 antistitis
3660 4435 3855 4492 debet

2167 4523 2425 4595 quisque
2459 4522 2534 4577 ab
2571 4521 2738 4578 altari
2765 4521 3055 4577 removeri
3080 4521 3158 4577 ad
3187 4521 3487 4590 agendam
3540 4524 3855 4596 pmniten-

2167 4612 2332 4680 tiam,
2366 4617 2422 4668 et
2459 4611 2671 4668 eadem
2725 4605 3070 4668 auctoritate
3127 4611 3514 4668 reconciliari.
3575 4615 3701 4669 Hoc
3763 4621 3855 4669 est

2166 4702 2326 4756 enim
2351 4701 2595 4771 indigne
2626 4702 2892 4774 accipere
2937 4717 3155 4774 corpus
3207 4707 3260 4756 et
3315 4702 3682 4770 sanguinem
3742 4708 3859 4760 Do-

2167 4792 2333 4861 mini,
2365 4791 2408 4846 si
2442 4793 2572 4863 quis
2598 4808 2668 4848 eo
2699 4796 2968 4864 tempore
3001 4791 3255 4863 accipiat
3284 4806 3406 4863 quo
3435 4789 3614 4847 debet
3658 4809 3856 4863 agere

2163 4881 2594 4954 paenitentiam.
2631 4882 2827 4938 Sancti
2869 4897 3131 4954 namque
3190 4896 3259 4936 ac
3312 4880 3573 4951 religiosi
3625 4887 3688 4938 et
3727 4886 3860 4941 Deo

2164 4971 2560 5044 acceptabiles
2581 4971 2867 5027 antistites
2899 4987 3030 5027 eum
3057 4970 3169 5026 sub
3199 4974 3417 5027 tectum
3450 4971 3553 5027 Dei
3581 4971 3858 5040 iuuant,

2163 5058 2385 5114 ibidem
2443 5060 2731 5116 Dominus
2787 5075 2893 5132 per
2949 5076 3050 5116 eos
3117 5059 3464 5130 ingreditur,
3535 5065 3862 5135 tanquam

2163 5150 2347 5204 Deum
2382 5149 2727 5220 suscipiant.
2759 5152 2823 5205 Et
2852 5149 3100 5222 quando
3130 5165 3285 5222 pane
3336 5149 3466 5205 vitte
3514 5154 3569 5206 et
3610 5155 3864 5223 poculo

2164 5238 2395 5308 frueris,
2425 5238 2672 5312 quando
2704 5239 3036 5294 manducas
3068 5252 3283 5308 corpus
3311 5243 3367 5294 et
3398 5239 3555 5294 bibis
3583 5244 3864 5312 sangui-

2161 5341 2300 5382 nem
2327 5327 2581 5394 Domini,
2616 5332 2753 5384 tunc
2787 5328 3072 5384 Dominus
3102 5327 3216 5382 sub
3264 5331 3484 5384 tectum
3533 5333 3730 5386 tuum
3775 5334 3866 5387 in-

2163 5415 2443 5484 greditur.
2481 5415 2585 5472 Ubi
2616 5429 2758 5471 vero
2785 5415 3028 5486 indigne
3058 5415 3408 5485 ingreditur,
3439 5415 3523 5471 ibi
3550 5416 3637 5472 ad
3677 5419 3866 5490 judi-

2162 5505 2319 5560 cium
2351 5505 2680 5574 ingreditur
2707 5505 2784 5560 illi
2813 5505 3145 5577 accipienti.
