3980 6182
180 197 260 252 ηπ
919 147 924 151 ’
1037 188 1129 242 ns
1168 184 1451 242 ECCLES.
1492 176 1779 237 DISCIPL.
1819 169 2002 233 LIBRI
2043 175 2205 232 nuo.
2248 207 2315 214 -
2355 176 2597 230 APPEN.
2634 174 2700 230 11.

940 308 1091 380 quid
1120 308 1193 366 de
1242 262 1442 380 rebus
1464 306 1593 375 eius
1630 300 1820 358 obser-
1852 296 1902 350 Α
1931 298 2281 356 auctoritate
2306 297 2713 356 cohibendum
2766 299 2988 357 statuit.
3040 302 3203 362 Unde
3250 315 3589 373 congruam

188 315 313 371 Cum
336 309 607 367 sacerdos
629 310 910 377 moritur,

513 386 705 442 vatur.
734 381 835 439 Ea:
862 378 1117 439 concilio
1145 378 1460 439 Ilerdem'i.

247 472 360 527 LIV.
393 469 644 539 (Concil.
681 468 943 536 Ilerd.,c.
979 468 1089 541 l6.)
1120 467 1276 525 Licet
1321 465 1397 525 de
1426 480 1489 523 re
1544 461 1821 534 hujusce-

188 559 347 629 modi,
376 574 566 632 quam
593 557 948 617 constituere
978 556 1209 617 salubri
1234 553 1608 615 ordinatione
1623 549 1822 609 decer-

185 650 378 716 nimus,
405 645 607 721 prisca
639 645 966 705 auctoritas
996 661 1302 707 canonum
1327 655 1717 714 nequaquam
1747 636 1822 694 si-

186 736 348 805 luerit,
380 735 489 792 sed
539 734 801 795 evidenti
831 734 1140 795 sanctione
1187 730 1534 809 prmeeperit
1564 733 1628 787 ut
1657 726 1823 797 cuju-

187 841 429 898 scunque
458 824 733 885 Ecclesiae
754 823 1034 898 pontiﬁce
1090 823 1393 890 defuncto,
1423 835 1547 879 non
1592 816 1823 893 passim

184 931 277 990 pro
296 913 463 975 libitu
485 931 599 973 suo
623 913 685 971 in
715 929 927 975 earum
976 928 1179 971 rerum
1225 909 1642 983 direptionem,
1669 920 1825 981 quas

160 1005 366 1067 ,obisns
392 1003 733 1075 dereliquit,
762 1002 1039 1076 quisquis
1058 1001 1264 1069 irruat,
1283 1000 1656 1073 domumque
1684 993 1823 1055 sub-

182 1098 363 1162 vertet,
418 1092 525 1151 sed
582 1091 866 1153 sacerdos
918 1092 1023 1165 qui
1069 1089 1497 1164 exsequiarum
1554 1091 1822 1160 tempore

179 1183 331 1243 adest
356 1180 565 1242 oninia
592 1197 731 1254 quae
762 1180 842 1241 ad
872 1178 1187 1241 utilitatem
1225 1183 1283 1235 et
1309 1175 1825 1237 conservationem

176 1272 477 1345 pertinent,
508 1270 689 1331 debet
716 1269 986 1340 diligenti
1020 1266 1555 1341 circumspectione
1568 1263 1823 1329 munire;

175 1344 361 1426 tamen
382 1360 531 1433 quia
557 1359 689 1416 hac
716 1359 857 1431 ipsa
905 1359 1157 1427 sanctio,
1196 1356 1375 1430 .quod
1431 1355 1605 1429 pejus
1635 1357 1740 1420 est,
1789 1367 1828 1407 a
1859 1344 1865 1353 ’

170 1450 360 1509 multis
398 1448 634 1509 clericis
680 1448 1064 1519 cognoscitur
1091 1446 1320 1516 violari,
1349 1444 1433 1503 ita
1460 1448 1527 1501 ut
1581 1458 1824 1503 occum-

169 1539 336 1599 bentc
386 1538 726 1607 sacerdote,
774 1541 1119 1611 exspectato
1185 1536 1509 1608 [despecto]
1585 1532 1823 1599 affectu,

3482 182 3588 239 398

1931 385 2234 445 devotioni
2290 387 2419 460 ejus
2470 386 2826 447 sententiam
2900 388 3304 460 decernentes,
3362 390 3480 451 hoc
3528 390 3590 446 in

1931 488 2255 533 commune
2284 472 2680 542 decrevimus,
2721 476 2787 529 ut
2821 473 3023 533 nullus
3051 474 3335 551 deinceps
3379 492 3450 534 ex
3479 491 3589 550 pa-

1929 559 2098 619 latini
2118 561 2345 621 ordinis
2377 561 2570 632 gradu
2595 560 2689 617 vel
2708 560 3011 633 religionis
3040 567 3261 623 sanctae
3293 569 3592 623 conventu

1928 648 2109 720 regias
2140 650 2477 708 subtilitatis
2519 650 2758 719 astutia,
2810 650 2901 707 vel
2958 650 3230 725 profante
3280 653 3590 727 potestatis

1929 736 2236 807 instinctu,
2279 739 2403 795 sive
2453 737 2860 811 quorumlibet
2907 738 3227 797 hominum
3282 740 3592 801 malitiosis

1931 825 2254 884 voluntatis
2299 826 2539 895 obnisu,
2599 827 2746 887 citra
2795 826 3183 887 manifestum
3236 832 3293 886 et
3344 828 3591 886 evidens

1933 914 2123 988 culpae
2163 932 2287 972 suae
2328 914 2637 984 indicium,
2681 915 2761 974 ab
2784 916 3013 974 honore
3068 915 3160 973 sui
3215 916 3443 975 ordinis
3498 917 3592 975 vel

1933 1005 2172 1071 servitio
2199 1005 2421 1063 domus
2473 1006 2650 1076 regiae
2680 1010 2973 1076 arceatur,
3024 1021 3151 1063 non
3210 1005 3591 1063 vinculorum

1933 1094 2189 1153 nexibus
2210 1094 2503 1166 alligetur,
2534 1111 2657 1153 non
2681 1095 3003 1171 quaestioni
3018 1098 3273 1169 aptetur,
3304 1110 3428 1151 non
3456 1094 3589 1169 qui-

1931 1182 2194 1241 buslibet
2222 1187 2657 1241 tormentorum
2709 1183 2803 1241 vel
2854 1182 3233 1253 ﬂagellorum
3273 1183 3590 1253 generibus

1933 1277 2288 1341 macerctur;
2320 1288 2445 1330 non
2471 1272 2651 1331 rebus
2681 1273 2965 1347 privetur,
2997 1288 3121 1331 non
3173 1272 3352 1331 etiam
3396 1288 3592 1333 carce-

1934 1361 2160 1423 ralibus
2188 1361 2476 1420 custodiis
2506 1362 2902 1435 mancipatur,
2927 1376 3123 1433 neque
3147 1360 3429 1420 adhibitis
3453 1359 3593 1417 hinc

1933 1449 2072 1506 inde
2103 1450 2337 1521 injustis
2360 1450 2781 1507 occasionibus
2807 1450 3136 1519 abdicetur,
3167 1465 3278 1522 per
3304 1448 3473 1523 quod
3511 1448 3594 1505 illi

1934 1538 2197 1599 violenta
2221 1544 2326 1596 aut
2348 1540 2583 1597 occulta
2612 1538 2707 1603 vel
2733 1537 3118 1595 fraudulenta
3147 1536 3321 1611 44],
3361 1536 3591 1612 profes—

168 1632 398 1702 totaque
467 1626 651 1700 639
698 1626 1026 1700 discme
1093 1625 1402 1682 Severitate
1458 1619 1820 1698 Posthabitai
1854 1645 1895 1699 Β
1935 1629 2024 1687 sio
2054 1629 2418 1686 extrahatur.
2456 1629 2569 1686 Sed
2598 1629 2649 1685 is
2679 1628 2785 1702 qui
2835 1632 3153 1685 accusatur
3195 1626 3453 1697 gradum
3501 1625 3594 1681 sui

168 1716 506 1777 immaniter
531 1732 672 1789 quas
712 1715 772 1773 in
824 1714 1010 1771 domo
1066 1712 1393 1788 pontiﬁcali
1448 1710 1825 1785 reperiuntur

161 1805 451 1865 invadant
479 1810 540 1863 et
568 1804 944 1875 abstrahunt,
970 1803 1034 1861 id
1063 1819 1226 1860 nunc
1255 1817 1435 1861 omne
1462 1802 1648 1874 hujus
1693 1797 1823 1872 pla-

162 1895 253 1955 citi
278 1895 374 1953 vel
391 1895 705 1955 constituti
731 1894 884 1953 inter
906 1909 1018 1951 nos
1044 1908 1303 1953 censura
1350 1890 1574 1967 placuit
1622 1892 1823 1949 custo-

159 1984 298 2055 dire,
330 1990 396 2045 ut
431 1984 721 2044 defuncto
748 1983 1026 2051 antistite,
1056 1982 1142 2039 vel
1175 1982 1357 2041 etiam
1386 1981 1585 2041 adhuc
1619 1979 1681 2037 in
1721 1995 1821 2035 su-

159 2076 378 2147 premis
406 2078 653 2145 agente,
684 2074 884 2131 nullus
913 2072 1265 2131 clericorum
1295 2070 1617 2144 cujuslibet
1669 2068 1825 2125 ordi-

157 2164 264 2232 nis,
299 2162 510 2233 otﬁcii,
541 2168 646 2221 aut
668 2163 914 2235 gradus,
941 2162 1278 2236 quidquam
1308 2160 1382 2216 de
1393 2161 1579 2217 domo
1591 2158 1823 2215 auferre

154 2256 512 2324 praesumat,
552 2251 648 2307 vel
699 2251 773 2307 de
829 2252 1097 2319 utilitate,
1146 2266 1284 2322 quae
1360 2249 1823 2304 instrumentum

151 2341 584 2412 [instrumenti]
595 2340 817 2397 domus
845 2355 974 2395 esse
999 2337 1476 2408 dignoscitur,de
1496 2333 1823 2391 mobilibus

146 2434 197 2486 et
220 2429 661 2486 immobilibus
690 2428 775 2484 rei
798 2426 1212 2483 ecclesiasticae
1244 2430 1491 2481 conetur
1519 2422 1823 2488 invadere,

143 2518 283 2575 nihil
316 2519 520 2583 furto,
552 2516 702 2572 nihil
730 2516 809 2586 vi,
839 2515 987 2571 nihil
1033 2514 1172 2571 dolo
1230 2514 1633 2587 supprimens,
1667 2510 1829 2569 aufe-

139 2625 299 2678 rens,
339 2611 542 2679 atque
595 2604 998 2662 abscondens.
1035 2604 1148 2661 Sed
1175 2603 1227 2659 is
1257 2604 1353 2659 cui
1406 2602 1625 2658 domus
1668 2616 1826 2655 com-

142 2698 330 2753 missa
347 2699 472 2763 est,
501 2694 633 2765 subj
645 2693 834 2749 unctis
848 2692 960 2749 sibi
975 2709 1115 2750 cum
1131 2691 1382 2750 consilio
1403 2690 1616 2749 clerico
1642 2687 1829 2760 [cieri]

142 2803 258 2842 uno
289 2783 389 2840 vel
423 2782 678 2838 duobus
706 2781 1088 2850 ﬁdelissimis,
1120 2780 1325 2837 omnia
1349 2794 1542 2852 usque
1569 2777 1646 2833 ad
1675 2782 1824 2833 tem-

145 2890 254 2946 pus
286 2871 613 2946 pontiﬁcis
625 2870 1025 2927 substituendi
1043 2869 1221 2926 debet
1239 2884 1617 2937 conservare,
1647 2872 1704 2923 et
1729 2867 1825 2922 his

1931 1718 2162 1781 ordinis
2187 1722 2414 1786 tenens,
2440 1721 2498 1775 et
2526 1717 2674 1775 nihil
2700 1718 2779 1775 de
2796 1715 3282 1792 supradictorum
3307 1713 3593 1790 capitulo-

1932 1824 2068 1867 rum
2095 1807 2461 1866 nocibilitate
2488 1806 2845 1878 [nobilitate]
2866 1802 3328 1878 persentiens,in
3349 1802 3593 1876 publica

1931 1898 2312 1957 sacerdotum
2326 1897 2755 1970 seniorumque
2772 1898 2951 1968 atque
2963 1894 3144 1951 etiam
3155 1892 3590 1965 gardingorum

1931 1987 2301 2047 discussione
2347 1986 2665 2057 deductus,
2724 1989 2782 2042 et
2823 1983 3157 2056 iustissime
3207 1980 3591 2055 perquisitus,

1932 2078 2036 2132 aut
2059 2075 2359 2133 obnoxius
2383 2075 2574 2133 reatui
2599 2073 2844 2133 defectae
2878 2071 3072 2146 culpae
3123 2070 3327 2143 legum
3379 2085 3593 2143 poenas

1932 2163 2207 2236 excipiat,
2229 2167 2335 2219 aut
2360 2163 2660 2221 obnoxius
2684 2160 2913 2233 judicio
2944 2158 3218 2219 omnium
3239 2157 3594 2231 comproba-

1936 2258 2029 2309 tus
2060 2258 2367 2326 appareat.
2400 2253 2535 2309 Illos
2558 2255 2762 2307 tamen
2787 2265 2942 2322 quos
2957 2248 3018 2303 in
3048 2247 3195 2303 locis
3225 2246 3442 2302 talibus
3465 2263 3591 2303 ma-

1935 2355 2077 2396 nere
2105 2337 2431 2398 constiterit
2452 2337 2613 2394 unde
2641 2336 2915 2394 nocibilis
2941 2335 3196 2410 perfugii
3225 2335 3485 2409 suspicio
3497 2336 3590 2406 sit,

1936 2435 2041 2486 aut
2063 2445 2167 2485 eos
2199 2445 2354 2501 quos
2381 2443 2494 2500 pro
2518 2426 2973 2483 conturbatione
3032 2430 3200 2482 terrae
3254 2424 3593 2495 diligentius

1936 2524 2169 2592 oportet
2199 2517 2521 2585 custodire,
2552 2518 2664 2574 hos
2692 2517 2817 2574 sine
2849 2515 3051 2588 aliquo
3103 2514 3479 2575 vinculorum
3510 2519 3591 2571 ,σει

1936 2609 2017 2680 inj
2028 2609 2169 2664 urire
2192 2609 2420 2664 damno
2446 2606 2560 2662 sub
2579 2605 2767 2662 libera
2787 2604 3059 2661 custodia
3078 2603 3398 2660 consistere
3414 2620 3591 2676 opor-

1938 2698 2098 2756 tebit.
2133 2698 2233 2759 iis
2266 2703 2488 2765 tuum,
2546 2693 2788 2768 repulso
2813 2692 2980 2750 omni
3033 2696 3277 2762 terrore,
3328 2691 3441 2747 sub
3490 2691 3596 2747 cir-

1937 2790 2284 2860 cumspecta
2309 2791 2369 2842 et
2396 2782 2665 2854 diligenti
2683 2781 2963 2839 custodia
2991 2780 3332 2837 habeantur
3360 2785 3424 2836 ut
3448 2784 3594 2836 tem-

1936 2893 2051 2951 pus
2107 2893 2231 2949 quo
2281 2873 2539 2947 judicari
2576 2889 2681 2929 eos
2735 2874 2986 2945 oportet,
3044 2868 3211 2925 nullo
3246 2869 3432 2925 modo
3482 2868 3596 2925 sub

142 2962 327 3055 quiin
351 2961 559 3055 domo
571 2958 959 3055 inveniuntur
988 2957 1213 3055 clericis
1230 2961 1517 3013 consueta
1544 2955 1831 3055 alimenta
1855 2993 1900 3055 ϐ
1936 2964 2337 3025 ᾐ-αυάωεηιίθ,
2361 2963 2660 3032 dilatetur,
2683 2976 2805 3033 quo
2832 2958 2911 3015 ab
2932 2957 3220 3015 uxoribus
3240 2958 3336 3015 vel
3355 2957 3596 3031 propin-

144 3050 608 3107 administrare.
636 3048 920 3107 Subditus
943 3047 1336 3119 [substitutus]
1359 3051 1559 3102 autem
1576 3044 1831 3102 antistes
1864 3044 1900 3055 “’
1934 3055 2072 3128 quis
2099 3059 2279 3127 atque
2328 3053 2508 3110 etiam
2565 3050 2746 3108 rebus
2778 3048 2902 3105 suis
2932 3047 3268 3105 diutissime
3313 3046 3593 3120 separati,

141 3145 433 3214 ⁵³⁸089ιᾶ
466 3156 569 3208 ea.
599 3144 777 3211 Pl‘out
804 3138 1106 3194 (11508590?
1144 3136 1465 3209 [decessor]
1493 3152 1637 3191 811118
1666 3133 1825 3191 ordi-
1936 3144 2371 3219 professionem
2403 3157 2580 3198 suam
2623 3139 2939 3195 videantur
2963 3136 3203 3193 dedisse
3232 3136 3431 3205 inviti;
3459 3152 3596 3208 quae

140 3230 326 3300 navit,
351 3228 455 3285 vel
482 3228 805 3285 huiclleus
818 3226 1218 3300 inspiraverit,
1247 3224 1438 3285 utihis
1468 3223 1646 3283 debet
1673 3240 1712 3296 q

2025 3232 2255 3293 nenetsi
2286 3231 2429 3293 data
2456 3229 2652 3300 fuerit,
2708 3226 2907 3289 modis
2932 3224 3217 3286 omnibus
3266 3241 3387 3282 non
3441 3225 3597 3280 vale-

139 3318 505 3389 cognoverit
518 3316 860 3390 disciplima
871 3319 929 3371 et
947 3313 1220 3374 charitati
1238 3311 1679 3373 decessorissui
1694 3310 1833 3367 tide-
1940 3323 2059 3390 bit;
2087 3320 2215 3389 sed,
2235 3321 2410 3393 juxta
2433 3317 2805 3393 superiorem
2825 3315 3123 3384 ordinem,
3148 3312 3296 3371 illud
3322 3327 3432 3385 pro
3460 3325 3599 3365 vero

138 3405 264 3462 liter
283 3406 610 3480 paruisse.
637 3405 809 3471 Quod
830 3403 1216 3477 siquisquam
1232 3403 1504 3475 posthaec
1516 3399 1710 3471 cujusl

2026 3413 2267 3485 cipietur
2283 3410 2452 3483 quod
2472 3425 2545 3465 ex
2569 3424 2671 3464 ore
2696 3408 2826 3478 ejus
2847 3406 3122 3475 agnitum
3182 3400 3443 3473 generali
3472 3399 3598 3454 fue-

140 3494 394 3566 ονάίηίδν
431 3499 511 3552 ιιι
538 3494 823 3567 superius
843 3493 1067 3550 ἀίοίυω
1082 3491 1833 3563 θεί›οῙθΓίοηε(ἰυθουῐιίῖιιθ
1942 3502 2018 3560 rit
2039 3500 2266 3573 judicio
2318 3497 2800 3568 comprobatum.
2834 3497 2983 3548 Nam
3011 3497 3069 3548 et
3124 3491 3200 3546 de
3252 3493 3603 3545 cieterorum

141 3585 472 3641 occasione
506 3583 599 3640 de
629 3582 814 3638 domo
835 3581 1097 3638 ecclesiae
1116 3580 1213 3636 vel
1250 3580 1323 3636 de
1345 3579 1513 3636 omni
1559 3577 1835 3634 facultate
1945 3592 2348 3660 ingenuorum
2404 3584 2700 3658 personis,
2744 3581 2850 3654 qui
2895 3579 3174 3653 palatinis
3226 3576 3437 3633 Oﬁciis
3480 3589 3604 3629 non

138 3673 465 3749 (Hippiam
485 3667 1317 3746 probatusfueritabstulisse
1332 3667 1426 3727 vel
1437 3667 1710 3728 forsitam

2033 3678 2261 3734 aferunt
2282 3674 2650 3747 [haeserunt],
2678 3675 2738 3728 et
2761 3675 2964 3727 tamen
2994 3668 3271 3743 ingenuae
3298 3663 3605 3733 dignitatis

137 3762 342 3836 aliquo
370 3759 837 3837 suppressisse,
866 3775 1007 3819 reus
1026 3756 1318 3831 sacrilegii
1340 3754 1649 3831 prolixiori
1690 3770 1709 3809 ε

2037 3766 2186 3829 dum
2212 3767 2518 3838 reportare
2547 3760 2845 3830 videntur,
2879 3756 3090 3817 similis
3149 3753 3297 3813 ordo
3355 3750 3609 3809 servabi-

138 3850 401 3911 themnte
437 3848 922 3917 condemnetur,
955 3846 1127 3909 utvix
1151 3843 1467 3921 peregrina
1488 3844 1547 3901 ei
1571 3857 1845 3901 commu-

131 3940 689 4001 nioconcedatur.
723 3938 872 4005 Quia
895 3935 1313 4006 durumestut
1340 3932 1582 4007 hiquos
1611 3946 1703 3995 cor

2035 3944 2325 4018 gallorum
2348 3942 2566 4000 ictibus
2618 3957 2655 3997 a
2707 3938 2975 4013 principe
3023 3934 3425 4000 verberentur,
3485 3945 3607 3987 non

133 4028 193 4086 in
213 4030 471 4091 servitio
502 4024 770 4087 Domini
793 4041 935 4085 cum
953 4024 1169 4100 Prima
1197 4021 1358 4081 sedis
1384 4020 1641 4080 δηιίείίῑε
1666 4019 1844 4077 ἀθειι·
1951 4039 2154 4093 tamen
2178 4049 2252 4090 ex
2280 4031 2394 4088 hoc
2426 4034 2529 4087 aut
2555 4026 2963 4085 testimonium
2993 4022 3273 4083 amissuri
3297 4025 3456 4088 sunt,
3508 4023 3614 4075 aut

132 4119 336 4193 dum.
362 4119 647 4177 illorum
675 4114 784 4189 qui
809 4129 1061 4175 suarum
1098 4128 1303 4170 rerum
1329 4109 1712 4169 incubatores
1754 4106 1846 4165 vel
1951 4123 2135 4181 rebus
2164 4120 2277 4180 sibi
2305 4119 2521 4178 debitis
2538 4116 2956 4193 privabuntur.
2986 4112 3159 4181 Quod
3188 4112 3238 4168 si
3266 4109 3340 4169 de
3366 4107 3616 4165 inﬁdeli-

538 4200 1567 4277 scrviantezatquacantesfuisse
1587 4214 1845 4257 ηοεουη·
1956 4212 2095 4270 tatis
2123 4209 2369 4269 crimine
2397 4207 2735 4282 quidquam
2760 4205 2845 4262 eis
2873 4203 3168 4277 obiicitur,
3203 4199 3401 4270 simili,
3427 4202 3495 4255 ut
3519 4212 3616 4252 su-

137 4302 228 4357 tur
250 4298 682 4375 despectibus
720 4293 1101 4368 aliquatenus
1129 4291 1485 4350 crucientur.

2045 4301 2162 4357 rius
2186 4297 2570 4373 praemissum
2580 4300 2688 4366 est,
2711 4293 2920 4353 ordine
2935 4289 3250 4364 judicandi
3268 4292 3429 4347 sunt.
3446 4284 3617 4352 Quod

2139 4389 2155 4402 «ι
2201 4388 2216 4402 ε.
2331 4387 2347 4402 1
2495 4391 2505 4402 .
2683 4383 2713 4402 ι
2745 4382 2843 4402 ,Α
2886 4380 3075 4402 λικε..-
3134 4382 3198 4402 --ι
3237 4373 3593 4402 “Amittit-“na

132 4405 320 4481 ιω
346 4373 449 4466 be
836 4400 1597 4481 magnanimam
1614 4397 1851 4481 Wi-
1876 4373 1927 4402 "
1958 4373 2255 4466 Eynodaie
2308 4387 2643 4481 decretum,
2669 4382 2846 4481 442
2876 4380 3102 4481 divino,
3134 4373 3615 4481 ut‘conﬁdimus:

200 4463 777 4549 minima,
800 4478 979 4546 atque
990 4463 1329 4545 cardina'is.
1351 4471 1453 4529 Ea:
1470 4485 1637 4529 conc.
1661 4463 1772 4527 Τᾰις

2051 4480 2184 4539 irim
2212 4476 2687 4553 promulgatum,
2722 4472 2773 4529 si
2795 4470 2932 4545 quis
2959 4483 3171 4539 regum
3197 4463 3481 4555 deinceps
3518 4463 3623 4518 aut

202 4588 314 4644 LV.
344 4585 646 4658 (Caecil.
686 4582 871 4638 I‘olet.
896 4595 1104 4647 mi,-c.
1136 4580 1213 4650 Ω.)
1248 4578 1363 4635 Sed
1408 4583 1469 4634 et
1515 4574 1851 4637 collationis
1962 4552 2320 4629 temeranter
2345 4564 2642 4658 custodire
2662 4560 3005 4658 neglexerit,
3028 4560 3134 4658 aut
3160 4552 3453 4658 malitiose
3477 4565 3626 4658 prie-

132 4638 380 4747 MT
264 4638 277 4644 ν
299 4638 314 4641 —
344 4638 788 4733 Vries—nostro
815 4668 994 4729 coetui
1007 4638 1409 4741 iacrymanda
1429 4665 1853 4737 occurring
1964 4663 2135 4719 terire
2156 4655 2541 4733 praemiserit,
2576 4668 2704 4747 fluo
2732 4649 2992 4747 qnisflue
3007 4645 3083 4747 δέ
3113 4641 3386 4747 Ρθνδῗωίε
3413 4638 3624 4747 “Dialis

134 4733 545 4835 “magis
568 4764 679 4819 est
692 4756 1009 4831 synodalia
1023 4733 1512 4829 pondere
1528 4733 1852 4824 abigende,
1965 4750 2134 4809 aliter
2159 4762 2349 4822 quam
2378 4743 2765 4835 praemissum
2792 4743 2884 4795 est
2909 4735 3375 4835 prae-damnetur,
3406 4733 3510 4785 aut
3554 4744 3628 4835 ex

128 4821 1293 4927 shagemvpopulis
1324 4842 1498 4901 ὠή
1798 4846 1860 4899 et
1966 4838 2225 4899 factione
2246 4836 2533 4927 conjecta:
2560 4832 2797 4927 incum
2848 4823 3086 4927 malitiae
3117 4824 3283 4927 [astu
3331 4821 3626 4927 congestae

138 4905 1008 5005 mastigia
1026 4905 1187 4993 retro
1204 4905 1580 5007 temporibus
1596 4930 1857 4989 vidimus
1967 4926 2139 5000 mal.]
2168 4905 2519 5001 perimatur,
2544 4918 2640 4979 vel
2676 4916 2940 5007 dejectus
2972 4911 3066 4969 sui
3360 4908 3495 4969 loco
3516 4905 3634 4981 pri-

137 5000 452 5093 et
480 5000 801 5091 ﬂevimus
824 5039 904 5082 ex
922 5022 1173 5096 palatini
1188 5000 1420 5083 ordinis
1465 5018 1666 5078 ofﬁcio
1711 5019 1861 5077 ceci-
1972 5021 2160 5084 vatur,
2190 5018 2251 5071 et
2275 5000 2415 5070 cum
2449 5008 2732 5069 omnibus
2887 5003 2953 5096 ei
2976 5019 3049 5096 es
3069 5000 3462 5096 delectatione
3498 5013 3635 5095 con-

554 5120 629 5179 et
660 5086 1241 5186 violentam-deuio
1267 5110 1349 5169 ab
1375 5112 1605 5171 honore
1618 5109 1855 5183 deiecit,
1974 5104 2304 5194 senserint,
2422 5099 2752 5194 conspectu
2770 5091 3043 5194 altissimi
3073 5091 3174 5194 Dei
3196 5088 3383 5148 Patris
3413 5091 3469 5187 (ξι
3512 5086 3640 5142 Uni‘

134 5178 192 5265 et
491 5218 747 5277 regam
770 5178 1033 5263 foedo-ne
1054 5199 1412 5273 [sanctione]
1754 5201 1863 5255 aut
1976 5194 2163 5268 geniti
2188 5192 2312 5250 Filii
2326 5192 2458 5263 ejus
2484 5192 2668 5277 atque
2683 5183 2947 5277 [Spiritus
2976 5180 3172 5277 sancti
3195 5178 3466 5277 perenni“
3500 5192 3643 5277 ana-

868 5265 1170 5364 perpetuus
1191 5265 1557 5362 subiugavit.
1569 5286 1864 5353 Quodim-
1979 5265 2244 5343 {hamata
2292 5280 2474 5346 ultus,
2531 5280 2589 5333 et
2635 5273 2851 5330 divinis
2901 5272 2998 5329 vel
3048 5269 3278 5328 aeternis
3330 5265 3640 5367 abdicetur

473 5357 1144 5453 malimaimpietatis
1171 5357 1406 5436 facinus
1418 5376 1865 5434 exhortandum
1984 5369 2337 5461 [addicetur]
2393 5364 2713 5461 nidoribus
2736 5361 3240 5461 concremandus.
3284 5361 3357 5461 ivit
3398 5357 3646 5461 insuper

436 5468 773 5545 principis
786 5447 975 5527 nostri
995 5466 1237 5524 animus
1251 5465 1492 5525 abolere
1525 5463 1865 5533 intendens,
1985 5457 2283 5535 quidquid
2311 5459 2520 5514 contra
2556 5455 2713 5511 hanc
2762 5452 3033 5549 regulam
3067 5447 3373 5549 sententias
3429 5447 3645 5549 nostris

134 5528 409 5640 ’μήκεαῄῆ
432 5528 766 5625 gini—litim
788 5555 1398 5630 pontiﬁcumarbitrio
1415 5528 1867 5613 retractandum
1988 5528 2095 5608 aut
2122 5528 2183 5605 in
2218 5561 2479 5620 persona
2535 5544 2896 5618 cujusquam
2943 5539 3129 5639 tuerit.
3175 5542 3399 5640 a‘ctufni
3433 5537 3537 5589 aut
3572 5528 3648 5640 ξξθ

132 5616 774 5729 οξιῄιῖλωώ
788 5616 1123 5721 ιδγιλοὼιιὶε
1160 5643 1521 5719 paenitentiae
1550 5643 1873 5717 [pomuqu
1990 5640 2173 5698 rebus
2202 5616 2785 5711 accusatmpersonee
2805 5628 3091 5689 exstiterit
3110 5616 3650 5699 judicetum,nullo

1949 3862 2078 3923 tur;
2107 3855 2216 3929 qui
2238 3852 2476 3912 etiamsi
2525 3866 2637 3924 pro
2676 3848 2866 3923 culpis
2921 3845 3212 3913 minimis,
3247 3848 3310 3900 ut
3366 3840 3604 3910 assolet,
