3980 6182
449 226 552 281 399

1851 206 2192 267 STEPHANI
2229 208 2516 266 BALUZII.
2556 253 2560 257 .

3759 221 3858 276 400

446 344 652 416 vigore
679 345 978 411 subsistat,
1009 358 1131 414 quo
1158 355 1417 412 persona
1437 339 1571 412 ipsa
1595 338 1763 395 aliter
1793 352 1980 410 quam
1999 336 2098 391 de—
2133 335 2182 389 Α
2209 350 2330 405 gna
2359 337 2438 393 ad
2468 338 2881 395 accusandum
2911 354 3172 411 persona
3199 338 3595 407 inveniantur,
3626 340 3708 396 ad
3736 340 3859 411 ejus

447 436 746 491 cernimus
780 432 1048 504 judicata
1093 433 1196 486 aut
1225 427 1543 485 testimonii
1600 426 1692 482 sui
1746 425 2096 495 dignitatem

446 523 693 585 amittat,
717 525 822 578 aut
846 523 1066 594 questu
1092 518 1175 575 rei
1201 517 1457 592 propria:
1484 520 1698 573 careat.
1735 518 1847 571 Nec
1894 518 2097 569 tamen

442 628 550 684 per
583 611 714 666 hinc
739 614 799 667 et
819 608 1170 682 hujusmodi
1212 612 1429 664 statuta
1470 604 1842 679 principibus
1888 602 2096 659 dome-

442 698 599 754 sticae
657 696 1049 772 correptionis
1103 696 1283 767 [enim
1311 696 1438 751 haec
1499 696 1556 749 et
1592 692 1708 749 alia
1753 695 2097 764 prementes

438 786 630 860 princ.
661 788 721 844 d.
755 787 1022 858 correct.]
1051 788 1315 859 potestas
1342 782 1643 840 adimitur.
1676 785 1822 838 Nam
1872 779 2096 852 specia-

438 876 569 933 liter
584 876 659 933 de
670 877 836 934 laicis
858 876 969 932 illis
995 892 1150 948 quos
1171 889 1294 930 non
1307 873 1483 946 culpa
1507 870 1869 928 inﬁdelitatis
1889 869 2098 925 astrin-

441 966 545 1037 git,
569 966 676 1023 sed
703 970 807 1023 aut
826 965 1044 1022 servitii
1066 964 1161 1020 sui
1190 962 1385 1020 oﬂicio
1405 965 1706 1034 torpentes
1733 964 1836 1016 aut
1860 959 1921 1014 in
1937 974 2097 1014 com-

440 1054 638 1110 missis
667 1054 780 1111 sibi
808 1055 1038 1111 actibus
1065 1052 1441 1126 reperiuntur
1469 1066 1600 1107 esse
1656 1049 1969 1105 mordaces
2000 1046 2095 1103 vel

438 1144 636 1215 potius
661 1143 1048 1215 negligentes,
1071 1142 1179 1198 erit
1204 1141 1457 1215 principi
1481 1140 1707 1196 licitum
1741 1135 2094 1209 hujusmodi

436 1247 725 1303 personas
778 1231 1011 1303 absque
1060 1229 1263 1302 aliqua
1315 1245 1525 1285 eorum
1575 1226 1824 1283 infamia
1868 1224 1964 1281 vel
2009 1224 2093 1280 rei

334 1307 340 1311 ’
436 1319 693 1391 propria:
722 1319 948 1375 damno
974 1323 1031 1375 et
1060 1316 1276 1374 servitii
1304 1317 1634 1373 mutatione
1692 1314 2006 1384 corrigere,
2036 1316 2094 1369 et

433 1407 492 1462 in
522 1407 726 1464 locum
742 1407 950 1464 talium
980 1406 1362 1478 [commissos
1394 1405 1621 1476 talium]
1653 1404 1800 1460 alios
1829 1403 1933 1477 qui
1962 1403 2090 1475 pla-

435 1502 607 1554 ceant
634 1502 1054 1555 transmutare.

435 1587 521 1642 Ne
540 1588 671 1658 quis
695 1588 822 1644 sine
849 1593 1051 1644 actore
1068 1586 1508 1642 condemnetur.
1543 1585 1643 1641 Ex
1658 1585 1909 1640 concilio
1938 1585 2092 1640 Tole-

1006 1680 1149 1731 tano
1185 1690 1264 1737 v1,
1297 1675 1385 1730 tit.
1428 1677 1516 1729 40.

508 1765 640 1818 LVI.
670 1763 924 1834 (Concil.
960 1764 1142 1820 Tolet.
1170 1778 1251 1831 vi,
1275 1779 1326 1819 c.
1354 1763 1463 1833 lt.)
1494 1761 1746 1833 Dignum
1770 1768 1855 1818 est
1885 1767 1951 1818 ut
1970 1763 2091 1819 vita

431 1852 821 1909 innocentum
846 1868 967 1908 non
988 1850 1323 1908 maculetur
1347 1851 1606 1925 pernicie
1655 1851 2085 1920 accusantium,

433 1942 585 1998 adeo
608 1946 674 1997 ut
702 1940 879 2014 443
911 1941 1186 2014 quisquis
1219 1958 1255 1997 a
1276 1940 1545 2013 quolibet
1573 1940 1941 2010 criminatur,
1967 1957 2086 1996 non

429 2035 565 2087 ante
590 2035 906 2087 accusatus
938 2029 1231 2103 supplicio
1271 2029 1578 2086 dedicetur
1606 2047 1793 2103 quam
1842 2046 2088 2087 accusa-

428 2126 519 2177 tor
543 2124 954 2194 praesentetur,
978 2125 1156 2193 atque
1176 2120 1381 2191 legum
1413 2126 1469 2176 ct
1494 2136 1797 2177 canonum
1857 2125 2088 2176 sentcn-

427 2210 519 2266 tize
542 2209 933 2284 exquirantur
988 2210 1302 2281 [sententia
1331 2210 1731 2284 exquiratur];
1762 2215 1825 2266 ut
1854 2210 1901 2265 si
1931 2210 2084 2266 indi-

2207 427 2648 484 accusationem
2691 444 2813 483 non
2838 428 3159 499 judicetur,
3204 428 3321 484 nisi
3354 427 3453 484 ubi
3503 446 3613 502 pro
3671 431 3857 504 capite

2206 516 2383 586 regia:
2408 518 2735 589 majestatis
2756 535 2945 575 causa
2967 522 3250 574 versatur.
3690 594 3693 595 ν

2278 606 2422 677 (340)
2450 606 2709 663 Remotis
2746 607 2925 678 igitur
2953 606 3032 663 ab
3060 606 3404 677 inimicitiis,
3436 607 3516 664 ab
3542 608 3794 678 insidiis,
3826 626 3860 665 a

2204 695 2558 766 mendaciis,
2589 697 2832 753 remotis
2880 696 2959 753 ab
3012 696 3176 753 omni
3225 712 3441 768 genere
3494 697 3859 767 ﬂagitiorum

2205 783 2327 840 sive
2352 785 2707 855 facinorum,
2734 785 2879 858 ipsis
2908 784 3127 841 scilicet
3152 785 3516 858 presbyteris
3547 786 3654 859 qui
3683 802 3859 843 accu-

2205 872 2314 928 sati
2344 872 2578 944 fuerint,
2600 873 2910 946 quomodo
2939 873 3388 947 convincantur,
3419 879 3523 930 aut
3548 875 3862 947 quomodo

2203 962 2618 1018 defendantur.
2670 962 2990 1035 Apostolus
3018 962 3179 1018 enim
3230 963 3310 1019 ad
3352 963 3729 1019 Timotheum
3782 964 3862 1020 lo-

2203 1057 2404 1124 quitur
2432 1051 2673 1107 dicens:
2717 1052 3020 1108 Adversus
3074 1052 3490 1123 presbyterum
3524 1055 3861 1110 accusatio-

2203 1156 2334 1197 nem
2360 1142 2488 1196 noli
2511 1143 2792 1211 recipere,
2822 1141 2938 1197 nisi
2964 1141 3072 1196 sub
3101 1141 3330 1197 duobus
3361 1148 3465 1198 aut
3490 1142 3686 1198 tribus
3707 1144 3863 1198 (esti-

2206 1229 2329 1284 bus.
2363 1230 2712 1286 Peccantem
2744 1245 2947 1286 coram
2981 1229 3251 1286 omnibus
3303 1246 3510 1302 argue,
3543 1236 3610 1285 ut
3660 1232 3863 1287 caeteri

2204 1318 2469 1374 timorem
2495 1319 2756 1376 habeant
2788 1320 2844 1390 ([
2873 1319 3018 1375 Tim.
3053 1320 3133 1389 v).
3164 1320 3451 1375 Dominus
3503 1319 3563 1374 in
3596 1322 3861 1390 Evange-

2200 1405 2279 1462 lio
2303 1407 2521 1463 Iudaeis
2546 1408 2687 1464 dicit
2715 1426 2727 1463 :
2761 1410 2835 1465 In
2868 1410 2993 1479 lege
3018 1416 3214 1465 vestra
3268 1409 3556 1479 scriptum
3602 1415 3691 1465 est
3720 1411 3859 1480 quia

2202 1497 2456 1553 duorum
2509 1497 2814 1554 hominum
2858 1500 3256 1555 testimonium
3287 1514 3490 1554 verum
3520 1504 3606 1554 cst
3659 1498 3857 1568 (Joan.

2202 1584 2300 1658 in).
2336 1589 2414 1642 De
2434 1585 2886 1642 accusatoribus
2915 1603 3056 1643 vero
3068 1585 3420 1642 clericorum
3439 1585 3501 1641 in
3523 1586 3860 1642 canonibus

2128 1682 2171 1734 Β
2202 1675 2343 1730 satis
2362 1674 2679 1744 invenitur,
2711 1678 2769 1729 et
2806 1673 3068 1730 maxime
3094 1674 3153 1729 in
3183 1673 3639 1744 Carthaginensi
3667 1674 3859 1729 conci-

2199 1765 2279 1820 lio
2305 1769 2369 1819 ut
2399 1763 2760 1820 accusatoris
2788 1769 3091 1836 quaeratur
3117 1762 3267 1819 ﬁdes
3293 1767 3350 1819 et
3373 1762 3773 1819 conversatio.
3807 1763 3859 1818 Si

2199 1857 2399 1910 autem
2438 1852 2774 1926 presbyteri
2802 1857 2859 1909 et
2881 1852 3119 1909 diaconi
3148 1852 3366 1908 fuerint
3411 1869 3460 1908 a-
3484 1852 3700 1921 cusati,
3753 1852 3857 1907 al-

2193 1944 2402 2014 jnncto
2432 1941 2545 1998 sibi
2573 1958 2647 1997 ex
2676 1941 2884 1998 vicinis
2912 1942 3059 1998 locis
3086 1941 3353 2011 legitimo
3401 1957 3658 1997 numero
3689 1942 3861 1998 colle

2196 2047 2432 2103 garum,
2463 2046 2618 2102 quos
2638 2029 2717 2086 ab
2747 2030 3029 2104 episcopo
3077 2029 3340 2086 accusati
3391 2030 3688 2102 petierint,
3740 2047 3859 2086 una

2196 2135 2400 2175 secum
2436 2119 2492 2174 in
2525 2118 2878 2190 presbyterii
2902 2118 3144 2175 nomine
3175 2136 3299 2184 sex,
3332 2118 3389 2174 in
3436 2119 3685 2175 nomine
3736 2120 3859 2175 dia-

2195 2208 2349 2265 conii
2378 2214 2513 2278 tres,
2553 2208 2822 2281 ipsorum
2855 2224 3073 2265 causas
3101 2208 3440 2265 discutiant.

496 2388 640 2461 (310)
663 2388 800 2444 Haac
823 2403 947 2443 non
977 2386 1274 2460 pertinent
1301 2386 1381 2443 ad
1409 2388 1570 2443 hunc
1600 2403 1894 2444 canonem
1928 2386 2306 2443 Toletanum.

1281 2744 2201 2863 ΞΤΕΡΗΑΝῙ
2261 2743 2991 2861 ΒΑιυΖιι

1921 3005 2352 3126 NOTAE

743 3296 868 3412 All
943 3296 1283 3412 LlllltﬂS
1339 3296 1844 3477 lll‘ZGthlNlS
1913 3298 2032 3413 lli}

2243 3295 2832 3412 'liESlASTIt‘lS
2911 3296 3504 3412 IllSt'll’LlNlS.

1937 3581 2350 3593 _—_————.——-

669 3724 1055 3800 444-523
1106 3729 1193 3782 DE
1236 3727 1391 3783 VITA
1431 3728 1822 3782 REGINONIS.

488 3816 813 3887 Hegionem
838 3815 1033 3888 patria
1054 3816 1416 3871 Germanum
1438 3815 1620 3871 fuisse
1642 3814 1843 3871 scribit
1857 3814 2074 3871 Trithe-

417 3904 596 3972 mins,
616 3920 690 3959 ex
719 3904 1083 3974 conjectura,
1112 3908 1175 3959 ut
1202 3903 1435 3976 opinor.
1469 3904 1717 3959 Videbat
1743 3904 1904 3959 enim
1934 3920 2073 3959 eum

418 3993 784 4048 monachum
815 3997 872 4049 et
893 3993 1173 4049 abbatem
1196 3991 1375 4048 fuisse
1399 3992 1759 4049 Prumiensis
1780 3997 2075 4049 monaste-

418 4080 486 4135 rii
511 4081 572 4137 in
602 4080 849 4141 dioecesi
876 4080 1226 4151 Trevirensi,
1255 4081 1421 4154 quod
1451 4097 1582 4137 cum
1611 4082 1882 4137 omnibus
1911 4082 2071 4137 villis

417 4169 793 4225 dominicatis
818 4174 873 4226 et
898 4171 1296 4226 vassallorum
1326 4168 1599 4226 additum
1627 4186 1816 4241 regno
1837 4173 2073 4228 Germa-

416 4255 530 4312 niae
555 4256 748 4312 fuerat
775 4272 848 4312 ex
878 4256 1068 4330 pactis
1094 4256 1271 4327 initis,
1296 4250 1456 4314 anno
1478 4257 1767 4330 870,intcr
1793 4257 2071 4316 Carolum

416 4344 669 4401 Calvum
699 4344 958 4402 Francia:
987 4345 1369 4402 occidentalis
1400 4364 1603 4418 regem
1625 4352 1681 4405 et
1702 4347 2072 4405 Ludovicum.

412 4450 617 4506 regem
650 4434 909 4493 Francia;
938 4434 1260 4503 orientalis,
1288 4434 1349 4491 id
1376 4441 1463 4492 est
1491 4437 1838 4507 Germaniae,
1871 4440 1936 4492 ut
1958 4452 2067 4510 pa-

411 4529 492 4580 tet
515 4540 589 4580 ex
618 4523 786 4580 titulo
827 4527 893 4581 37
924 4522 1333 4596 Capitulorum
1388 4525 1658 4595 ejusdem
1700 4525 1911 4582 Caroli.
1961 4528 2070 4582 Per

411 4631 481 4670 ea
508 4619 780 4688 tempora
808 4613 1157 4684 Normanni,
1186 4613 1385 4670 Galliae
1406 4615 1854 4688 Germaniaeque
1874 4620 2068 4672 vasta—

409 4708 852 4774 tores,regnum
883 4706 998 4758 Arn
1007 4702 1194 4774 ulphi,
1216 4700 1321 4776 qui
1334 4703 1770 4760 Carolomanno
1790 4704 2066 4761 Ludovici

406 4792 549 4861 ﬁlio,
574 4792 728 4865 patri
772 4796 973 4849 autem
1014 4809 1143 4861 suo,
1174 4797 1558 4859 successerat,
1608 4794 1861 4864 ingressi
1903 4811 2064 4851 anno

407 4880 903 4951 octingentesimo
932 4881 1329 4951 nonagesimo
1355 4882 1641 4949 secundo,
1669 4884 1745 4940 ad
1764 4889 2063 4941 monaste-

405 4968 563 5024 rium
587 4970 931 5027 Prumiense
961 4970 1205 5027 tandem
1230 4975 1645 5044 pervenerunt.
1679 4972 1742 5027 Ei
1769 4976 1910 5029 tunc
1922 4989 2066 5047 prae-

2116 3731 2155 3783 C
2184 3724 2616 3781 transmarinas
2633 3728 2909 3797 repetunt
2922 3724 3219 3794 regiones,
3238 3724 3295 3781 id
3308 3730 3396 3782 est
3414 3727 3733 3783 Franciam
3745 3743 3842 3783 oc-

2183 3813 2558 3870 cidentalem;
2591 3817 2847 3886 Accepta
2874 3830 2947 3869 ea
2982 3813 3317 3871 calamitate
3345 3813 3729 3883 Farabertus,
3760 3816 3843 3871 vi-

2182 3908 2313 3959 ctus
2334 3908 2651 3976 propterea
2667 3902 2841 3958 taedio
2861 3917 3061 3959 rerum
3094 3902 3522 3971 humanarum,
3557 3903 3843 3979 abdicare

2182 4008 2244 4047 se
2271 3991 2625 4062 magistratu
2671 3990 2989 4048 constituit.
3034 3994 3184 4048 Tum
3213 3992 3499 4065 temporis
3534 3992 3703 4050 istud
3723 4009 3844 4050 non

2179 4079 2517 4137 licebatnisi
2533 4096 2672 4136 cum
2688 4079 3035 4137 auctoritate
3047 4080 3405 4154 principum,
3443 4081 3615 4154 quod
3632 4083 3839 4139 omnia

2185 4169 2540 4226 monasteria
2560 4169 2620 4225 in
2643 4185 2853 4226 eorum
2885 4173 3175 4242 potestate
3196 4173 3409 4239 essent,
3449 4170 3536 4227 uti
3574 4171 3840 4230 diximus

2179 4258 2258 4314 ad
2278 4257 2592 4332 epistolam
2629 4262 2697 4314 29
2740 4258 2885 4333 Lupi
2930 4260 3332 4316 Ferrariensis.
3363 4263 3569 4334 Itaque
3602 4262 3842 4335 quoties

2179 4346 2528 4402 monasterii
2544 4346 2637 4418 cuj
2647 4346 2885 4421 uspiam
2905 4346 3097 4404 abbas
3117 4352 3449 4405 excesserat
3472 4364 3504 4404 e
3530 4348 3709 4418 vivis,
3737 4354 3845 4405 aut

2179 4435 2257 4492 ab
2280 4435 2796 4493 administratione
2814 4436 3154 4507 recedebat,
3179 4453 3285 4494 rex
3310 4437 3373 4494 in
3406 4437 3581 4509 cujus
3606 4437 3841 4496 ditione

2176 4525 2564 4582 constitutum
2585 4530 2711 4582 erat
2729 4526 3181 4594 monasterium,
3210 4542 3440 4584 novum
3455 4526 3747 4584 abbatem
3776 4527 3845 4583 in

2174 4616 2377 4674 locum
2406 4619 2537 4691 ejus
2562 4617 2977 4676 substituebat.
3013 4619 3189 4675 Aliud
3232 4618 3613 4677 obtinebatsi
3650 4619 3847 4691 regali

2175 4706 2545 4781 auctoritate,
2586 4707 2649 4763 id
2676 4712 2763 4764 est
2781 4708 3111 4782 diplomate
3140 4725 3210 4766 ac
3247 4708 3578 4783 privilegio,
3614 4710 3849 4767 tributa

2174 4802 2299 4854 erat
2315 4796 2679 4855 monasterio
2708 4797 2961 4855 facultas
2980 4797 3237 4870 eligendi
3265 4796 3571 4856 abbatem.
3590 4802 3743 4857 Nam
3762 4816 3845 4856 eo

2174 4904 2323 4944 casu
2349 4886 2629 4945 monachi
2658 4890 2935 4960 poterant
2981 4887 3197 4958 eligere
3247 4887 3533 4946 abbatem
3563 4908 3577 4956 ;
3634 4905 3845 4963 neque

2171 4976 2433 5034 dabatur
2451 4994 2483 5033 e
2497 4975 2741 5050 palatio.
2770 4976 3124 5034 Farabertus
3142 4977 3322 5049 igitur
3357 4977 3609 5035 accessit
3633 4979 3717 5035 ad
3740 4994 3845 5035 rc-

404 5058 893 5115 eratFarabertus
909 5058 1239 5117 abbas.Hic
1252 5060 1609 5134 ergoaliqua
1622 5062 2061 5120 monachorum
2093 5084 2138 5136 ι)
2172 5081 2310 5138 gem
2335 5065 2742 5139 Arnulphum;
2766 5070 2981 5123 etcum
3001 5067 3380 5140 impetrasset
3417 5067 3497 5124 ab
3534 5083 3608 5124 eo
3642 5069 3722 5124 de
3740 5083 3845 5125 rc-

404 5160 652 5201 suorum
674 5153 840 5219 parte
863 5149 1201 5221 comitatus,
1233 5149 1454 5207 cedens
1500 5151 1775 5224 tempori,
1797 5168 1860 5208 se
1885 5152 1944 5209 in
1975 5153 2062 5210 fu-

402 5247 541 5303 gam
563 5234 827 5290 contulit.
840 5226 947 5301 'Qui
965 5236 1021 5291 in
1046 5238 1416 5294 monasterio
1428 5239 1787 5312 deprehensi
1800 5239 2057 5310 fuerunt,

399 5336 612 5376 omnes
644 5321 733 5377 vel
779 5322 1052 5378 trucidati
1092 5325 1185 5380 vel
1218 5327 1280 5380 in
1318 5328 1719 5400 captivitatem
1751 5329 1992 5386 abducti
2023 5346 2060 5387 a

396 5409 672 5467 barbaris
721 5414 876 5467 sunt.
902 5410 942 5466 li
968 5410 1183 5468 deinde
1232 5421 1575 5488 expugnato
1604 5418 1955 5493 direptoque
1982 5420 2057 5476 vi-

398 5497 533 5555 cino
554 5498 823 5572 quodam
848 5501 1067 5568 castro,
1085 5515 1222 5557 cum
1246 5502 1471 5573 ingenti
1486 5505 1694 5578 praeda
1710 5506 1790 5563 ad
1804 5507 2057 5565 classem

393 5586 931 5660 regressi,cneratis
944 5587 2055 5672 navibus,cumomnibusﬁzﬁcopiis,

394 5681 459 5734 ut
488 5679 711 5749 Regino
742 5677 944 5735 scribit
994 5677 1056 5734 in
1093 5678 1246 5736 libro
1299 5680 1565 5737 secundo
1602 5684 2053 5755 Chronicorum,

2169 5153 2498 5227 linquendo
2525 5154 2814 5225 regimine
2836 5156 3180 5212 monasterii
3203 5155 3585 5223 Prumiensis,
3619 5163 3846 5230 sponte

2170 5244 2434 5300 deseruit
2457 5259 2666 5301 curam
2678 5245 3599 5318 pastoralem.Habebantautem
3623 5263 3847 5304 mena-

2169 5330 2264 5386 chi
2283 5331 2677 5401 Prumienses,
2697 5336 2763 5389 ut
2792 5349 2863 5388 ex
2886 5333 3187 5404 Reginone
3232 5333 3542 5403 discimus,
3564 5337 3845 5407 negatam

2166 5421 2606 5490 auctoritatem,
2628 5420 2689 5477 id
2713 5426 2803 5477 est
2829 5421 3099 5495 diploma
3118 5423 3371 5494 regium,
3403 5439 3529 5496 quo
3550 5423 3669 5480 illis
3689 5440 3849 5482 con-

2166 5525 2406 5566 cessum
2422 5514 2547 5567 erat
2562 5511 2645 5567 uti
2671 5527 2743 5568 ex
2754 5526 2816 5567 se
2831 5511 3047 5583 eligere
3066 5518 3314 5588 possent
3341 5512 3659 5571 abbatem.
3685 5514 3814 5569 Coa
3826 5546 3849 5555 -

2166 5602 2261 5656 cto
2271 5599 2471 5674 itaque
2495 5605 2815 5670 conventu,
2834 5603 3273 5660 monachorum
3298 5601 3589 5675 suffragia
3623 5617 3850 5662 voces-

2164 5705 2282 5762 que
2293 5688 2354 5746 in
2377 5690 2742 5761 Reginonem
2773 5698 3201 5761 convenerunt,
3216 5694 3429 5761 virum,
3448 5696 3514 5749 ut
3525 5692 3847 5766 colligitur
