3980 6182
195 146 279 199 401

1194 142 1396 198 NOTAE
1435 143 1528 196 AD
1569 142 1813 198 LIBROS
1853 142 1943 198 DE
1983 147 2260 205 ECCLES.
2307 148 2599 204 DlStZlPL

3494 152 3598 204 402

208 283 270 322 ex
290 261 450 319 libris
503 262 634 332 ejus
671 261 746 318 de
769 262 1100 336 Disciplinis
1119 265 1838 335 ecclesiasticis,dignissi-
1864 267 1911 319 A
1947 266 2310 342 clesiasticis,
2341 271 2503 327 illam
2550 270 2914 328 descendere
2967 269 3190 325 faciens
3232 285 3306 326 ex
3333 271 3601 344 impulsu

210 369 354 410 mum
367 367 435 407 ea
448 367 592 406 cura
602 351 1050 422 ,dignissimum
1063 370 1134 410 ea
1145 355 1451 424 dignitate.
1461 358 1673 411 Verum
1693 357 1838 428 quia

207 443 332 501 nihil
359 444 522 497 tanto
553 457 623 495 ac
668 446 790 497 tam
840 443 1094 500 miriﬁco
1141 461 1441 501 consensu
1471 445 1666 514 agitur
1689 447 1840 503 inter

207 531 462 590 mortales
484 531 632 603 quin
655 531 889 604 aliquos
920 550 1156 607 semper
1184 535 1405 591 habeat
1430 541 1837 608 repugnantes

207 629 255 679 et
279 621 836 694 obtrectantes,post
857 623 1084 695 aliquot
1113 624 1328 681 exinde
1355 641 1570 696 annos,
1598 627 1839 682 remulo-

203 729 321 770 rum
364 727 612 766 suorum
661 711 908 779 artibus,
945 717 1006 770 ut
1051 714 1178 786 ipse
1209 714 1403 782 tradit,
1435 715 1701 786 dejectus
1726 720 1836 786 est,
1869 711 1874 714 ’

206 818 344 860 anno
374 800 660 856 nimirum
703 801 1198 871 octingentesimo
1228 804 1622 874 nonagesimo
1651 821 1834 861 nono.

203 889 439 949 Omnino
487 893 690 944 autem
742 905 854 962 par
898 895 986 947 est
1031 891 1369 948 existimare
1417 893 1642 949 factum
1681 881 1839 950 istﬁd

202 995 312 1035 esse
357 977 707 1034 auctoritate
759 979 1063 1052 principis.
1097 979 1357 1037 Abbates
1400 980 1559 1036 enim
1605 985 1734 1038 tum
1783 987 1839 1039 et

199 1070 288 1125 diu
307 1072 439 1140 post
466 1067 926 1139 deponebantur
953 1085 989 1124 a
1011 1068 1383 1142 principibus
1412 1069 1645 1142 absque
1663 1087 1839 1143 syno-

198 1155 302 1211 dali
315 1156 610 1226 jussione,
635 1157 764 1213 sola
783 1158 1054 1231 ipsorum
1082 1160 1449 1228 auctoritate,
1474 1164 1539 1215 ut
1560 1160 1836 1232 pluribus

195 1245 419 1319 probari
450 1250 672 1318 posset.
707 1248 999 1317 Agrcssus
1028 1253 1154 1304 erat
1182 1249 1407 1319 Regino
1432 1249 1834 1306 narrationem

192 1333 344 1389 istius
372 1351 496 1389 suae
530 1334 884 1392 calamitatis
926 1337 987 1392 in
1021 1337 1173 1393 libro
1223 1339 1490 1393 secundo
1519 1339 1836 1395 Chronico-

192 1439 332 1478 rum.
361 1425 490 1488 Quo
522 1439 666 1478 casu
698 1423 920 1480 factum
971 1426 1042 1481 sit
1089 1430 1155 1481 ut
1202 1425 1301 1481 illa
1349 1442 1466 1481 non
1502 1428 1834 1498 pervenerit

193 1526 364 1581 usque
411 1510 489 1564 ad
540 1511 666 1566 haec
719 1511 927 1567 ultima
962 1517 1248 1585 tempora,
1284 1513 1597 1586 perieritne
1629 1531 1833 1570 mona-

1945 357 2190 416 diaboli.
2226 363 2357 417 Haec
2388 364 2526 416 sunt
2550 360 2600 431 ej
2613 377 2681 414 us
2696 359 2882 416 verba
2895 357 3195 432 loquentis
3217 358 3291 414 de
3317 359 3595 416 Rabano:

1948 470 1975 496 «
2000 449 2264 505 Tandem
2295 448 2562 505 offensus
2590 447 2969 520 improbitate
2999 447 3437 503 monachorum
3468 464 3601 502 suo-

1947 553 2102 605 rum,
2135 537 2238 610 qui
2285 554 2424 593 eum
2455 535 2736 591 dicebant
2788 536 3043 592 nimium
3073 535 3375 608 scripturis
3424 535 3598 608 526

1945 626 2240 682 intentum
2291 625 2642 698 temporalia
2689 624 3010 694 negligere,
3043 628 3254 694 agente
3300 624 3362 679 id
3409 624 3469 680 in
3513 625 3598 679 eis

1946 714 2208 782 diabolo,
2265 714 2700 788 displicentiam
2756 717 2962 768 contra
3029 728 3166 767 eum
3223 716 3599 785 acceperunt,

1949 803 2334 860 scandalizati
2354 805 2498 860 ineo
2520 820 2642 876 quo
2664 802 2923 858 maxime
2951 801 3284 857 debuerant
3299 802 3596 858 aediﬁcari.

1945 895 2102 950 Dans
2124 895 2302 966 igitur
2321 894 2519 949 locum
2543 894 2664 963 iraa,
2682 909 2791 949 nec
2813 908 2950 948 cum
2972 891 3215 962 ingratis
3236 891 3452 946 ovibus
3473 892 3602 947 diu-

1946 983 2062 1038 tius
2095 999 2334 1039 manere
2365 982 2762 1051 consentiens,
2792 979 3222 1036 monasterium
3249 983 3305 1034 et
3333 979 3462 1048 ejus
3489 980 3598 1034 ha-

1944 1071 2228 1128 bitatores
2255 1071 2582 1127 deseruit.»
2618 1070 2728 1126 Sed
2758 1069 2836 1126 ad
2863 1068 3246 1138 Reginonem.
3273 1066 3372 1121 His
3397 1067 3599 1140 itaque

1935 1161 2274 1230 nugatoriis
2321 1159 2806 1216 accusationibus
2855 1157 3219 1227 Reginonem
3247 1156 3598 1229 impetentes

1944 1250 2225 1305 monachi
2252 1249 2646 1314 Prumienses,
2679 1264 2818 1304 eum
2849 1247 2959 1302 sibi
2998 1245 3182 1302 adimi
3224 1245 3602 1317 postularunt

1942 1337 2020 1393 ab
2051 1338 2381 1410 Arnulpho.
2416 1337 2716 1393 Postulata
2755 1352 2962 1392 eorum
2989 1335 3270 1405 juverunt
3299 1332 3601 1388 turbulen-

1943 1425 2172 1482 tissima
2217 1426 2555 1499 reipublicae
2588 1431 2879 1498 tempora.
2911 1429 3059 1480 Nam
3085 1423 3229 1495 quia
3254 1421 3599 1495 Arnulphus

1940 1515 2196 1570 assiduis
2225 1515 2394 1570 bellis
2421 1515 2835 1580 distinebatur,
2866 1514 3139 1584 adeoque
3172 1515 3415 1584 propter
3441 1511 3600 1565 hanc

187 1599 426 1654 chorum
464 1600 894 1655 Prumiensium
929 1606 1052 1658 arte
1092 1606 1149 1657 et
1193 1602 1507 1672 industria,
1537 1619 1632 1669 ne,
1664 1603 1830 1676 quie-
1861 1618 1902 1671 Β
1941 1619 2186 1659 causam
2231 1605 2424 1672 magis
2455 1603 2762 1673 indigebat
2788 1600 3178 1657 bellatoribus
3223 1615 3410 1670 quam
3455 1597 3598 1652 viris

187 1691 368 1741 scente
386 1687 522 1757 jam
546 1687 952 1761 exstinctaque
970 1689 1211 1756 invidia,
1234 1696 1410 1746 tanta;
1431 1691 1692 1747 infamiae
1709 1709 1831 1748 me-

187 1776 361 1830 moria
391 1780 752 1847 superesset,
784 1793 862 1831 an
907 1778 1048 1849 quia
1095 1778 1316 1846 Regino
1370 1779 1664 1836 destinata
1708 1797 1828 1836 non

184 1863 528 1935 composuit,
562 1880 667 1919 seu
697 1865 840 1937 quia
866 1881 936 1920 ea
961 1867 1224 1922 narratio
1251 1867 1422 1938 periit
1443 1867 1660 1938 injuria
1689 1874 1831 1924 tem-

189 1969 408 2024 porum,
439 1953 678 2008 diﬂicilc
729 1954 890 2010 dictu
939 1961 1046 2012 est.
1086 1959 1278 2012 Unum
1329 1957 1628 2014 affirmare
1672 1959 1827 2028 licet,

188 2043 348 2115 525
377 2043 661 2100 lacunam
687 2045 748 2100 in
775 2046 888 2101 hoc
920 2045 1052 2101 loco
1082 2063 1208 2101 esse
1243 2048 1405 2120 apud
1440 2049 1825 2118 Reginonem.

184 2131 494 2203 Inquirenti
527 2137 727 2188 autem
754 2133 898 2189 mihi
923 2134 981 2188 in
1015 2151 1228 2190 ca'isas
1258 2136 1608 2206 dejectionis
1640 2137 1830 2192 homi-

183 2219 263 2274 nis
291 2225 411 2276 tam
443 2221 779 2277 excellentis
806 2222 951 2278 nihil
972 2223 1346 2296 probabilius
1368 2225 1624 2280 occurrit
1643 2242 1830 2297 quam

182 2324 340 2364 amor
370 2310 582 2366 veteris
607 2311 955 2384 disciplinae,
989 2312 1365 2368 fastidiosum
1391 2313 1561 2369 illum
1587 2330 1655 2370 ac
1700 2330 1831 2384 gra-

180 2415 303 2454 vem
347 2401 666 2456 monachis
697 2401 820 2456 suis
849 2400 1029 2456 fuisse
1071 2402 1149 2456 ob
1179 2403 1431 2458 nimiam
1462 2404 1832 2461 mentionem

181 2492 438 2543 veterum
469 2488 836 2560 regularum,
857 2489 1130 2562 adeoque
1157 2507 1364 2546 eorum
1389 2492 1529 2548 odia
1549 2491 1834 2563 promeri-

178 2581 290 2630 tum
325 2593 467 2631 esse
488 2577 820 2647 justissima
852 2579 926 2633 de
959 2595 1163 2634 causa.
1200 2580 1350 2645 Quid
1383 2581 1544 2636 enim
1571 2580 1833 2652 iniquius

177 2668 267 2719 aut
299 2665 633 2734 indignius,
668 2667 812 2737 quid
840 2667 1143 2735 insulsius,
1169 2685 1355 2740 quam
1384 2673 1447 2725 ut
1472 2685 1543 2725 eo
1568 2674 1832 2742 tempore

175 2769 286 2824 quo
315 2753 527 2808 miseri
575 2755 850 2810 homines
895 2756 1063 2812 bellis
1116 2756 1459 2813 domesticis
1490 2763 1547 2813 et
1575 2759 1832 2814 externis

177 2840 368 2896 afﬂicti
395 2846 587 2911 erant,
611 2859 821 2899 eorum
841 2844 1012 2915 quies
1038 2851 1174 2918 post
1198 2850 1281 2901 tot
1313 2845 1471 2902 mala
1493 2847 1832 2902 turbaretur

178 2931 342 2986 etiam
367 2931 890 3004 importunissima
920 2951 1122 2990 rarum
1143 2951 1438 2991 vanarum
1466 2953 1832 2992 commemo—

177 3021 414 3086 ratione,
449 3020 510 3075 in
543 3021 774 3077 nullum
808 3022 886 3078 rei
914 3023 1169 3096 publicae
1201 3029 1304 3080 aut
1331 3025 1577 3098 privata:
1604 3042 1782 3082 usum
1802 3028 1830 3082 ?

179 3109 404 3165 Causati
435 3125 582 3178 ergo
610 3111 776 3182 apud
807 3112 1160 3184 principem,
1194 3113 1298 3186 qui
1325 3119 1451 3169 tum
1480 3114 1679 3170 adhuc
1703 3119 1831 3171 erat

179 3197 539 3272 Arnulphus,
574 3199 856 3255 abbatem
907 3201 1273 3271 Reginonem
1323 3203 1690 3260 monasterio
1720 3219 1830 3259 suo

177 3287 432 3362 inutilem
464 3305 537 3345 ac
566 3289 934 3346 damnosum
959 3308 1112 3360 esse,
1130 3297 1193 3348 ut
1217 3293 1394 3348 nimis
1420 3294 1689 3350 deditum
1711 3298 1831 3350 stu-

177 3374 277 3429 diis
304 3375 659 3447 litterarum,
689 3376 916 3433 bonum
952 3381 1338 3447 monachum,
1359 3385 1425 3436 ut
1443 3381 1518 3436 de
1542 3381 1830 3437 Balduino

179 3465 582 3521 Cantuariensi
613 3467 1068 3540 archiepiscopo
1099 3469 1337 3525 dicebat
1364 3470 1508 3525 olim
1548 3471 1830 3526 Girardus

177 3553 570 3625 Cambrensis,
593 3554 698 3610 sed
727 3555 956 3611 malum
982 3557 1285 3624 abbatem,
1308 3559 1411 3630 qui
1432 3575 1542 3614 nec
1571 3576 1831 3632 praeesse

178 3641 308 3696 sciat
348 3658 457 3698 nec
490 3643 804 3715 prodesse,
842 3643 1008 3698 illum
1043 3645 1180 3699 hinc
1221 3647 1512 3701 removeri
1560 3652 1617 3702 et
1645 3647 1830 3703 alium

178 3728 227 3784 in
265 3730 392 3787 loco
441 3733 584 3804 ejus
630 3733 1012 3804 postularunt
1058 3733 1354 3790 substitui.
1390 3738 1470 3790 Ne
1509 3735 1645 3807 quis
1688 3751 1830 3791 vero

177 3819 449 3878 existimet
501 3837 608 3878 me
660 3821 720 3876 in
770 3823 884 3878 hac
926 3823 1269 3893 conjectura
1295 3823 1598 3890 oberrare,
1631 3839 1828 3895 neque

177 3920 294 3962 eam
326 3911 604 3980 potuisse
633 3926 762 3966 esse
793 3910 1234 3966 monachorum
1261 3911 1698 3966 Prumiensium
1724 3911 1828 3966 de-

176 3997 442 4054 mentiam
469 4015 548 4055 ac
570 3999 832 4055 furorem
855 4004 917 4054 ut
943 3999 1225 4056 abbatem
1248 4016 1428 4055 suum
1448 4000 1528 4056 ob
1549 4001 1663 4056 hoc
1685 4000 1830 4056 odo-

176 4083 277 4140 rint
301 4087 440 4158 quia
465 4087 806 4144 litterarum
835 4087 1046 4144 studiis
1067 4088 1305 4144 deditus
1336 4093 1483 4156 erat,
1511 4089 1825 4146 ostendam

176 4189 258 4228 me
281 4192 486 4232 verum
534 4176 739 4232 dicere
782 4177 1058 4250 exemplo
1089 4178 1261 4234 valde
1306 4179 1512 4235 illustri
1553 4180 1825 4250 ejusdem

175 4263 374 4332 sicculi,
406 4266 588 4338 quod
610 4265 837 4322 editum
869 4271 956 4322 est
983 4267 1042 4322 in
1073 4283 1331 4339 persona
1363 4269 1564 4338 magni
1581 4268 1690 4324 viri
1721 4272 1828 4326 Ra-

173 4347 297 4407 bani
323 4356 503 4411 Mauri
548 4355 792 4411 abbatis
823 4355 1132 4411 Fuldensis
1159 4356 1218 4412 in
1249 4357 1465 4413 eodem
1495 4359 1826 4415 Germaniae

170 4451 355 4510 regno.
380 4443 724 4518 Expulsum
747 4443 914 4499 illum
937 4448 1115 4516 atque
1141 4446 1396 4516 ejectum
1413 4463 1444 4502 e
1460 4448 1826 4504 monasterio

175 4542 271 4583 suo
300 4530 476 4589 fuisse
494 4548 669 4590 anno
699 4536 801 4588 842
827 4533 1030 4588 docuit
1055 4550 1166 4590 nos
1188 4539 1396 4590 auctor
1418 4537 1691 4592 Chronici
1713 4537 1827 4592 Hil-

178 4614 626 4689 desheimensis,
654 4626 710 4678 et
733 4621 975 4677 aliunde
1020 4622 1190 4678 illum
1221 4640 1293 4679 eo
1324 4640 1484 4680 anno
1515 4625 1825 4697 reliquisse

178 4709 420 4777 regimen
471 4712 823 4769 monasterii
859 4712 1164 4768 Fuldensis
1199 4713 1591 4784 probavimus
1620 4716 1823 4770 certis-

183 4795 324 4852 simis
357 4802 736 4871 argumentis
777 4802 838 4857 in
893 4802 1050 4858 notis
1104 4802 1181 4857 ad
1223 4802 1538 4875 epistolam
1569 4803 1826 4875 quadra-

182 4887 453 4948 gesimam
489 4890 721 4948 Servati
770 4891 914 4963 Lupi
964 4892 1201 4948 abbatis
1241 4890 1648 4946 Ferrariensis.
1678 4894 1823 4949 Cau-

182 4985 265 5025 sas
293 4975 369 5030 ob
399 4993 558 5048 quas
591 4977 804 5048 pulsus
851 4983 940 5033 est
970 4994 1091 5033 non
1121 4979 1321 5034 dicam
1353 4995 1486 5049 ego,
1519 4979 1624 5034 sed
1653 4985 1823 5035 vetus

182 5060 350 5118 codex
401 5082 518 5121 ms.
569 5081 607 5121 a
666 5066 902 5122 Nicolao
959 5068 1189 5123 Serario
1237 5068 1517 5125 laudatus
1571 5069 1632 5124 in
1668 5068 1823 5124 libro

180 5155 373 5216 quarto
418 5156 643 5209 Rerum
674 5156 1205 5225 Moguntiacarum,
1237 5172 1376 5229 pag.
1407 5161 1508 5213 643
1535 5175 1547 5212 :
1584 5179 1610 5208 «
1634 5158 1824 5214 Raba-

179 5249 280 5292 nus
327 5257 487 5299 anno
539 5246 645 5299 842
693 5243 971 5300 Fuldensi
1005 5245 1216 5319 pulsus
1265 5250 1353 5302 est
1396 5246 1660 5314 abbatia,
1706 5247 1822 5304 fra-

181 5324 345 5382 tribus
396 5332 718 5388 monachis
775 5335 1164 5390 causantibus
1213 5336 1414 5409 ipsum
1458 5336 1818 5404 studiosum,

182 5413 338 5471 nimis
367 5418 665 5476 intentum
714 5421 1043 5493 scripturis,
1077 5425 1428 5496 temporalia
1462 5425 1819 5495 negligere.»

181 5499 326 5559 Hanc
344 5509 783 5564 monachorum
811 5509 1117 5566 stultitiam
1137 5516 1194 5567 et
1213 5512 1654 5585 improbitatem
1674 5515 1820 5570 acri-

181 5592 255 5645 ter
277 5596 533 5667 exagitat
561 5598 915 5655 Tritliemius
940 5598 1000 5654 in
1032 5599 1182 5656 libro
1211 5601 1285 5657 de
1318 5603 1712 5676 Scriptoribus
1734 5619 1822 5660 ec-

1859 4312 1902 4367 Ι)

1945 1691 2238 1754 litteratis,
2270 1691 2361 1746 usi
2405 1691 2516 1746 ista
2570 1687 3082 1762 opportunissima
3119 1685 3437 1740 occasione
3466 1700 3598 1739 mo-

1939 1781 2116 1836 nachi
2149 1780 2546 1850 Prumienses,
2578 1778 2840 1834 Gerardo
2870 1781 2926 1832 et
2956 1773 3222 1832 Mattrido
3255 1773 3596 1843 comitibus,

1939 1886 2201 1942 quorum
2250 1885 2475 1938 magna
2504 1868 2824 1924 auctoritas
2854 1867 2912 1921 in
2944 1865 3082 1921 aula
3133 1862 3420 1935 Arnulphi
3450 1866 3594 1929 erat,

1941 1974 2111 2031 spem
2142 1958 2306 2014 haud
2337 1958 2520 2013 dubie
2555 1958 2820 2012 fecerunt
2857 1955 2979 2010 fore
3004 1953 3088 2009 uti
3120 1952 3360 2008 fratrem
3389 1967 3599 2007 eorum

1938 2047 2277 2102 Ricliarium
2317 2046 2601 2116 eligerent
2653 2044 2700 2101 si
2753 2043 3020 2100 obtinere
3061 2058 3098 2098 a
3141 2041 3409 2114 principe
3456 2056 3600 2112 pos-

1939 2141 2068 2192 sent
2099 2136 2494 2207 dejectionem
2522 2134 2841 2204 Reginonis
2856 2137 2913 2188 et
2940 2131 3196 2201 eligendi
3222 2133 3598 2204 potestatem.

1941 2225 2041 2281 His
2075 2225 2235 2281 enim
2267 2225 2494 2280 artibus
2523 2225 2608 2279 uti
2640 2223 2847 2278 solitos
2891 2237 2999 2294 per
3027 2220 3129 2276 illa
3167 2223 3440 2291 tempora
3470 2234 3600 2273 mo-

1939 2315 2188 2382 nachos,
2221 2318 2286 2368 ut
2313 2329 2522 2368 eorum
2569 2313 2831 2368 favorem
2880 2314 3289 2365 mercarentur
3316 2307 3420 2380 qui
3448 2323 3602 2379 prte-

1942 2403 2186 2474 cipuum
2244 2401 2551 2470 dignitatis
2601 2406 2704 2456 aut
2758 2400 2958 2469 gratiae
3003 2398 3203 2452 locum
3252 2396 3605 2452 obtinebant

1941 2491 2106 2564 apud
2158 2491 2444 2563 praesules
2487 2506 2686 2546 rerum
2731 2490 3160 2556 humanarum,
3192 2491 3438 2543 testatur
3475 2489 3605 2542 Bat-

1939 2586 2143 2654 pertus
2191 2582 2252 2636 in
2308 2581 2499 2654 capite
2545 2580 2710 2636 tertio
2758 2578 2892 2635 libri
2940 2577 3119 2650 primi
3163 2577 3238 2633 de
3283 2577 3518 2646 Origine
3547 2579 3606 2632 et

1943 2670 2190 2726 Casibus
2243 2671 2584 2726 monasterii
2646 2669 2837 2725 sancti
2890 2667 3058 2723 Galli.
3091 2670 3239 2722 Tum
3268 2665 3414 2721 illud
3458 2682 3605 2737 quo-

1939 2773 2058 2829 que
2089 2774 2162 2813 ex
2193 2757 2538 2829 Luitprandi
2574 2757 2675 2814 lib.
2709 2774 2785 2825 Iv,
2832 2771 2964 2828 cap.
3004 2761 3088 2823 15,
3123 2753 3432 2820 discimus,
3467 2770 3604 2810 con-

1940 2847 2203 2901 suevisse
2257 2850 2572 2915 magnates
2618 2844 2785 2900 abuti
2837 2849 3177 2916 temporum
3235 2842 3602 2915 pertubatio-

1939 2949 2034 3002 ne,
2069 2939 2131 2989 ut
2156 2933 2430 2989 abbatias
2461 2933 2572 2988 sibi
2621 2932 2870 2988 concedi
2917 2931 3291 3005 postularent
3320 2946 3356 2986 a
3386 2930 3602 3003 princi-

1938 3023 2136 3096 pibus.
2168 3026 2367 3095 Neque
2393 3022 2649 3078 dubium
2682 3026 2768 3078 est
2799 3021 3129 3078 Gerardum
3182 3025 3362 3093 atque
3393 3020 3604 3076 Matt'ri-

1939 3113 2086 3169 dum
2114 3112 2302 3168 multa
2332 3129 2512 3168 ausos
2544 3128 2672 3168 esse
2701 3112 2761 3167 in
2795 3112 3046 3182 gratiam
3080 3110 3354 3167 Richarii.
3387 3109 3601 3165 Arnul-

1939 3202 2097 3274 phus
2125 3216 2288 3272 ergo,
2303 3201 2511 3257 videns
2534 3202 2646 3257 hos
2678 3201 2832 3256 duos
2853 3200 3303 3274 potentissimos
3325 3199 3602 3254 homines

1941 3306 2152 3360 urgere
2207 3291 2320 3346 hoc
2369 3291 2696 3362 negotium,
2731 3294 2796 3346 ut
2843 3290 3025 3346 frater
3053 3305 3262 3345 eorum
3293 3288 3600 3344 Richarius

1941 3379 2147 3436 sedem
2173 3381 2514 3451 Reginonis,
2547 3397 2687 3436 cum
2715 3396 2909 3436 vacua
2937 3380 3106 3446 foret,
3135 3394 3439 3450 occupare
3459 3393 3600 3449 pos-

1943 3474 2049 3535 set,
2082 3469 2245 3524 dedit
2274 3486 2513 3538 manus,
2531 3470 2688 3524 vinci
2711 3486 2773 3524 se
2794 3485 3010 3541 passus
3034 3472 3142 3537 est,
3171 3467 3600 3536 abbatiamque

1944 3557 2228 3627 Reginoni
2278 3557 2502 3612 ademit
2533 3562 2595 3611 ut
2629 3557 2889 3612 Gerardo
2919 3561 3098 3627 atque
3130 3554 3396 3610 Matfrido
3427 3554 3602 3620 grati-

1941 3646 2240 3716 ﬁcaretur,
2271 3661 2530 3716 quorum
2563 3661 2675 3716 ope
2707 3649 2764 3699 et
2810 3643 3030 3700 auxilio
3059 3641 3368 3710 indigebat
3393 3641 3454 3695 in
3485 3641 3600 3695 hac

1944 3735 2110 3803 regni
2167 3733 2603 3806 pertubatione.
2662 3736 3022 3804 Temporum
3097 3729 3257 3785 enim
3307 3729 3601 3784 rationem

1945 3828 2122 3894 atque
2174 3821 2621 3878 inclinationem
2673 3820 2988 3894 permagni
3041 3817 3329 3874 momenti
3377 3833 3509 3873 esse
3538 3817 3600 3872 in

1942 3911 2248 3983 republica
2273 3915 2427 3966 recte
2459 3911 2846 3967 observatum
2873 3914 2963 3966 est
2990 3909 3247 3965 olim.lta
3277 3906 3502 3976 Regino
3531 3906 3600 3962 fit

1941 4017 2012 4056 ex
2045 4000 2263 4057 abbate
2297 4000 2546 4073 simplex
2574 4001 2945 4065 monachus;
2979 4003 3035 4056 et
3057 3997 3362 4055 Richarius
3393 3995 3600 4052 admo-

1940 4089 2088 4144 dum
2115 4089 2354 4159 juvenis
2383 4089 2440 4144 in
2496 4089 2628 4145 loco
2676 4089 2805 4160 ejus
2853 4089 3094 4161 ponitur
3123 4103 3305 4151 anno,
3339 4085 3424 4141 uti
3452 4083 3600 4140 dixi-

1941 4196 2097 4247 mus,
2120 4179 2613 4249 octingentesimo
2634 4178 3031 4249 nonagesimo
3047 4193 3242 4244 nono;
3272 4176 3444 4247 cujus
3465 4175 3600 4230 hor-

1938 4269 2126 4325 renda
2151 4269 2418 4325 facinora
2441 4286 2511 4325 ac
2540 4285 2738 4325 mores
2765 4269 2984 4325 abbate
3009 4284 3227 4341 parum
3253 4266 3470 4336 dignos
3492 4282 3596 4321 ve-

1937 4359 2246 4415 hementer
2271 4358 2530 4427 exagitat
2556 4359 2870 4414 Fulcuinus
2892 4359 2952 4413 in
2987 4357 3176 4430 capite
3207 4361 3269 4411 19
3301 4355 3375 4410 de
3406 4355 3594 4410 Gestis

1939 4449 2231 4504 abbatum
2252 4448 2651 4503 l.obiensium.
2667 4446 3104 4503 Privatideinde
3126 4444 3387 4500 hominis
3415 4443 3595 4498 vitam

1937 4539 2054 4608 egit
2083 4537 2326 4606 Regino,
2360 4554 2498 4593 cum
2541 4537 2706 4592 libris
2738 4536 2861 4590 suis
2901 4549 2964 4590 se
2995 4534 3320 4602 oblectans,
3355 4546 3595 4602 semper

1939 4626 2164 4699 aliquid
2201 4627 2369 4698 527
2405 4625 2690 4681 scribens.
2715 4625 2860 4680 Huic
2883 4622 3038 4678 illius
3063 4621 3184 4676 otio
3212 4625 3268 4676 et
3295 4619 3479 4692 quieti
3499 4619 3594 4674 de-

1935 4716 2151 4772 bemus
2184 4716 2541 4788 preeclarum
2572 4713 2734 4770 istud
2763 4729 2917 4785 opus
2960 4712 3035 4767 de
3064 4709 3474 4767 ecclesiasticis
3506 4708 3595 4763 Di-

1937 4805 2200 4876 sciplinis
2249 4810 2304 4859 et
2335 4803 2631 4871 Religionc
2679 4799 3031 4868 Christiana,
3065 4797 3231 4870 quod
3276 4797 3449 4867 jussu
3481 4796 3592 4851 Ra-

1935 4893 2164 4948 thboldi
2196 4891 2628 4963 archiepiscopi
2658 4887 3012 4945 Trevirensis
3038 4885 3410 4943 elucubravit
3435 4886 3593 4942 circa

1935 4997 2165 5036 annum
2198 4980 2433 5036 Domini
2457 4977 2982 5048 nongentesimum
3013 4979 3265 5031 sextum.
3296 4977 3376 5030 Eo
3404 4975 3590 5046 perfe-

1933 5073 2027 5125 cto
2057 5085 2259 5142 opere,
2291 5067 2584 5125 Chronica
2611 5081 2721 5121 sua
2742 5063 3053 5120 adornavit
3079 5068 3134 5119 et
3159 5062 3410 5119 confecit
3428 5079 3589 5119 anno

1932 5158 2392 5229 nongentesimo
2421 5159 2655 5222 octavo,
2688 5160 2754 5211 ut
2782 5153 2910 5227 ipse
2957 5154 3138 5210 ﬁdem
3191 5153 3331 5210 facit
3377 5152 3437 5209 in
3461 5152 3587 5225 epi-

1933 5247 2084 5304 stola
2113 5247 2191 5302 ad
2239 5244 2682 5301 Adalberonem
2734 5244 3086 5317 episcopum
3124 5245 3462 5309 Metensem,
3492 5241 3584 5297 cui

1931 5351 2086 5407 opus
2133 5334 2278 5389 illud
2329 5332 2758 5398 Chronicorum
2805 5332 3124 5406 inscripsit.
3159 5332 3348 5388 Fuerit
3375 5346 3451 5388 ne
3483 5347 3586 5403 po-

1931 5429 2056 5480 stea
2086 5427 2384 5494 superstes
2413 5437 2519 5494 per
2558 5422 2775 5479 multos
2806 5439 2997 5480 annos
3034 5422 3299 5479 invenire
3327 5435 3449 5476 non
3480 5435 3584 5493 po-

1932 5515 2033 5570 tui.
2065 5515 2161 5568 Est
2191 5517 2392 5568 tamen
2417 5511 2522 5584 qui
2547 5512 2844 5570 existimat
2867 5529 3005 5569 eum
3031 5513 3371 5586 pervenisse
3395 5523 3582 5579 usque

1930 5604 2007 5661 ad
2042 5618 2274 5660 annum
2326 5601 2538 5660 saltem
2569 5603 3097 5674 nongentesimum
3146 5599 3578 5656 duodecimum
