3980 6182
365 161 468 214 403

1642 163 1653 173 ’
1738 146 2087 213 STEPHANI
2142 146 2436 202 BALUZII.

3690 147 3799 202 404

369 282 472 340 1110
501 299 640 340 vero
672 288 939 357 tempore
983 299 1104 356 quo
1159 264 1357 339 adhuc
1404 285 1629 353 Regino
1678 282 1869 339 abbas
1898 278 2025 335 erat
2053 276 2097 328 A
2134 271 2292 327 linea
2318 273 2450 326 atra
2471 273 2645 341 esset,
2676 269 2945 326 secunda
2972 267 3177 335 rubra,
3190 268 3360 325 tertia
3379 283 3622 325 rursum
3647 273 3798 326 atra.

368 373 750 444 Prumiensis,
781 373 950 444 Hugo
980 371 1239 430 Lotharii
1266 374 1424 444 regis
1455 373 1613 429 ﬁlius
1642 372 1781 429 dolo
1812 375 2023 443 captus

370 460 447 517 ab
478 460 809 533 Arnulpho,
840 461 1105 534 primum
1136 461 1323 517 oculis
1351 462 1620 534 privatus
1650 466 1738 517 est
1761 474 1872 532 pro
1901 474 2028 514 111οι

371 564 433 604 re
462 548 698 605 illorum
724 552 1087 622 temporum,
1107 549 1323 607 deinde
1351 553 1414 607 in
1442 549 1872 608 monasterium
1895 562 2029 604 san-

372 638 444 693 cti
477 637 623 693 Galli
669 638 988 710 projectus,
1021 641 1328 711 postremo
1376 639 1748 713 temporibus
1786 636 2027 695 Zwenti-

369 724 533 781 boldi
560 726 715 797 regis
757 726 952 783 factus
980 728 1317 785 monachus
1369 727 1533 802 apud
1563 728 1887 784 Prumiam.
1921 729 2025 782 Te-

374 817 564 870 statur
592 813 653 870 id
683 814 810 888 ipse
835 815 1060 886 Regino
1088 815 1181 872 his
1204 816 1403 873 verbis
1430 836 1442 873 :
1469 840 1496 867 «
1526 817 1853 874 Novissime
1883 819 2028 872 tem-

369 902 620 975 poribus
667 900 1056 961 Zundibolchi
1107 906 1264 976 regis
1292 906 1355 962 in
1383 906 1620 962 Prumia
1666 905 2030 962 monasterio

370 1008 558 1047 manu
589 1009 724 1049 mea
756 997 1025 1049 attonsus
1055 999 1160 1051 est.
1196 998 1330 1051 Erat
1371 996 1531 1052 enim
1562 999 1703 1052 tunc
1741 993 2030 1067 temporis

373 1080 435 1135 in
461 1081 672 1137 eodem
703 1082 837 1139 loco
867 1083 1157 1141 Dominici
1187 1084 1378 1155 ovilis,
1409 1086 1684 1158 quamvis
1730 1099 1852 1140 non
1903 1083 2028 1140 ido-

373 1185 548 1240 neus,
580 1175 782 1228 tamen
814 1176 1036 1229 custos.
1069 1193 1086 1223 ι
1118 1178 1331 1248 ίΑῐᾳιιθ
1360 1174 1489 1231 haec
1518 1175 1593 1231 de
1622 1175 1740 1231 vita
1768 1169 2030 1229 hominis

375 1257 594 1314 dixisse
628 1258 900 1317 sufﬁciat.

694 1387 899 1443 ΝΟΤΛΞ
939 1389 1037 1442 AD
1083 1390 1385 1447 TITULUM
1426 1388 1709 1445 LIBELLI.

442 1490 663 1561 Incipit
693 1492 951 1549 libellus.
982 1494 1083 1550 Hic
1111 1499 1200 1551 est
1226 1511 1402 1551 verus
1451 1495 1654 1552 titulus
1692 1494 1941 1551 istorum
1970 1494 2036 1550 1i-

374 1578 642 1634 brorum.
679 1581 769 1637 Sic
801 1581 961 1637 enim
991 1582 1242 1640 omnino
1268 1584 1454 1640 habet
1481 1584 1667 1640 codex
1681 1584 2033 1640 Viennensis
2061 1622 2105 1676 Β

376 1666 453 1721 ab
502 1666 905 1724 Hildebrando
953 1668 1254 1738 laudatus,
1282 1674 1410 1729 tum
1453 1671 1633 1728 etiam
1679 1672 1871 1728 codex
1916 1688 2029 1727 ms.

374 1752 724 1810 Parisiensis
751 1770 876 1826 quo
917 1772 1031 1813 nos
1084 1758 1175 1814 usi
1206 1775 1435 1815 sumus.
1467 1759 1618 1825 Quin
1646 1764 1704 1817 et
1731 1760 2031 1818 'l‘rithemii

373 1841 692 1899 auctoritas
720 1842 804 1900 ita
833 1845 1172 1914 conﬁrmat,
1201 1848 1367 1920 apud
1395 1864 1578 1920 quem
1606 1848 1688 1905 ita
1729 1849 1945 1918 legitur
1969 1849 2029 1906 in

373 1930 527 1988 libro
557 1931 632 1988 de
663 1933 1060 2005 Scriptoribus
1082 1936 1517 2003 ecclesiasticis,
1540 1954 1682 1995 cum
1698 1939 1775 1995 de
1801 1939 1896 1995 his
1927 1942 2034 1995 Re-

375 2019 612 2089 ginonis
668 2020 834 2077 libris
891 2023 1048 2093 agit:
1106 2047 1133 2075 ‹‹
1166 2025 1409 2098 Scripsit
1457 2032 1659 2084 autem
1715 2028 2033 2100 praefatum

374 2123 552 2179 opus,
585 2109 753 2181 quod
778 2116 1146 2183 praenotatur
1171 2113 1247 2173 de
1285 2115 1685 2173 ecclesiastica
1710 2116 2035 2189 Disciplina

373 2200 431 2251 et
458 2197 758 2266 Religione
788 2199 1147 2271 Christiana,-
1171 2203 1419 2274 jubente
1452 2205 1765 2262 Rathbodo
1811 2206 2036 2263 archie-

371 2285 624 2359 piscopo
672 2289 1033 2346 Treverensi.
1061 2314 1089 2341 »
1130 2291 1589 2363 Hildebrandus,
1641 2310 1781 2351 cum
1830 2295 2034 2353 titulus

373 2374 607 2431 deesset
633 2375 699 2432 in
735 2377 940 2435 codice
983 2380 1309 2437 academiaa
1351 2382 1538 2449 iuliae,
1572 2388 1630 2439 et
1656 2382 1806 2441 nihil
1833 2383 2033 2440 adhuc

373 2463 515 2518 certi
545 2470 923 2537 compertum
950 2468 1198 2526 haberet
1225 2469 1303 2527 de
1331 2470 1485 2528 libro
1511 2471 1846 2543 Viennensi,
1868 2473 2032 2530 hunc

374 2551 608 2609 titulum
641 2553 861 2612 fecerat
887 2556 980 2612 his
1006 2557 1210 2615 libris:
1266 2563 1354 2617 De
1396 2563 1606 2619 veteris
1651 2564 2032 2621 Germannia:

373 2639 697 2709 disciplina
727 2645 1144 2703 ecclesiastica.
1180 2650 1407 2719 Postea,
1437 2666 1576 2706 cum
1603 2650 1829 2707 missus
1858 2650 1937 2708 ad
1964 2650 2029 2706 il-

372 2727 498 2784 lum
527 2728 739 2787 fuisset
767 2732 968 2789 titulus
994 2750 1067 2791 ex
1097 2735 1303 2793 codice
1329 2737 1665 2811 Viennensi,
1687 2739 1799 2807 ista
1827 2739 2035 2813 posuit

372 2816 433 2872 in
466 2816 658 2875 fronte
684 2819 823 2877 libri
850 2840 863 2877 :
912 2824 1235 2896 Reginonis
1260 2827 1635 2884 Prumiensis
1664 2829 1739 2885 de
1765 2829 2030 2898 discipli-

2136 366 2193 418 et
2218 361 2300 417 sic
2330 360 2406 417 de
2447 359 2696 427 czeteris,
2721 359 2819 416 vel
2865 375 2898 415 e
2926 374 3242 414 converso.
3276 358 3565 414 Fortassis
3596 363 3799 416 autem

2135 451 2241 523 qui
2268 449 2491 505 librum
2516 448 2837 515 scribebat,
2853 464 2977 504 non
2994 447 3156 504 idem
3182 447 3474 505 miniabat
3497 446 3799 505 secundas

2139 541 2343 609 lineas,
2373 540 2477 596 sed
2506 539 2641 596 illas
2668 538 2769 595 alii
2794 538 3055 612 cuipiam
3087 537 3294 595 artifici
3325 537 3670 595 miniandas
3687 542 3803 595 tre.-

2135 628 2346 697 debat;
2378 629 2541 685 1111110
2565 628 2911 698 contingere
2940 626 3311 699 quandoque
3334 631 3567 700 poterat
3616 630 3684 683 ut
3711 642 3803 682 se-

2136 719 2347 777 cundae
2394 718 2570 774 lineae
2614 732 2737 772 non
2759 716 3238 772 describerentur
3265 731 3372 788 per
3397 715 3695 772 incuriam
3738 715 3805 770 li-

2136 808 2475 865 brariorum
2504 811 2610 863 aut
2657 806 2840 863 aliam
2889 805 2969 862 ob
3012 820 3282 872 causam,
3316 809 3383 861 ut
3417 805 3633 861 accidit
3660 804 3805 861 huic

2136 896 2289 953 libro
2319 896 2667 967 Reginonis-
2693 896 2847 961 Quot
2895 900 2956 951 ut
3005 895 3270 967 apertius
3317 894 3556 962 evadat,
3588 894 3691 950 hic
3718 893 3806 949 vi-

2140 1001 2275 1042 sum
2309 986 2487 1058 529
2512 989 2604 1041 est
2630 984 2911 1040 exhibere
2939 982 3176 1040 titulum
3205 983 3456 1039 istorum
3477 982 3805 1053 librorum,

2138 1075 2335 1148 qualis
2362 1074 2648 1130 nimirum
2701 1089 2831 1129 esse
2881 1072 3091 1129 debuit
3135 1072 3197 1128 in
3226 1072 3443 1129 codice
3462 1072 3806 1142 Parisienai,

2140 1164 2360 1221 additis
2386 1178 2459 1220 ex
2478 1163 2800 1220 Viennensi
2822 1162 2994 1219 lineis
3018 1179 3152 1236 quae
3183 1162 3245 1219 in
3273 1167 3483 1219 nostro
3510 1162 3739 1219 desunt

2500 1294 2698 1334 INCIPIT
2737 1294 2996 1333 LIBELLUS

2498 1364 2564 1405 DE
2602 1364 3040 1405 ECCLESIASTICIS

2497 1435 2818 1476 DISCIPLINIS
2856 1437 2921 1475 ΕΤ
2960 1434 3027 1476 RE

2496 1507 2726 1548 LEGIONE
2766 1508 3094 1547 CHRISTIANA

2497 1577 2804 1618 COLLECTI'S
2842 1579 2912 1617 EX
2949 1578 3109 1618 JUSSU

2497 1649 2682 1689 DOMINI
2724 1647 3163 1689 METROPOLITANI

2495 1718 2772 1760 RATHBODI
2809 1719 3131 1760 ΤΒΕνηίοΕ

2496 1791 2656 1832 URBlS
2694 1789 2942 1832 EPISCOPI

2500 1863 2533 1901 Α
2573 1862 2846 1902 REGINONE
2883 1862 3094 1901 ΑΒΒΛΤΕ

2496 1933 2753 1981 QUONDAM
2795 1933 3120 1974 PRUMIENSIS

2496 2002 2828 2043 MONASTERII
2866 2004 2935 2044 EX
2975 2003 3031 2041 Di

2493 2072 2692 2116 VERSIS
2731 2074 3057 2115 SANC'I'ORU!
3096 2074 3315 2115 PATBUM

2497 2145 2767 2187 CONOILIIS
2804 2147 2870 2186 ET
2910 2144 3174 2186 DECRETIS

2496 2217 2840 2257 ROMANORUM
2880 2217 3209 2258 PONTIFICUH

2497 2289 2772 2328 FELIClTER
2814 2289 2872 2329 IN
2914 2284 2998 2328 DEI
3039 2288 3260 2329 NOMINE.

2570 2345 2780 2399 AMEN.

2212 2466 2361 2524 Illud
2404 2468 2584 2524 etiam
2630 2468 3088 2526 admonendum
3117 2468 3372 2537 videtur,
3404 2474 3637 2527 veteres
3670 2472 3806 2530 illos

2137 2556 2411 2613 librarios
2443 2557 2639 2615 colore
2667 2574 2909 2632 quoque
2958 2558 3259 2617 interdum
3290 2560 3545 2619 caeruleo
3580 2567 3691 2618 aut
3718 2564 3803 2619 vi-

2136 2644 2248 2701 ridi
2282 2661 2420 2700 usos
2446 2661 2579 2702 esse
2605 2663 2714 2719 pro
2740 2646 2948 2719 minio,
2980 2651 3046 2703 ut
3071 2646 3271 2704 videre
3300 2653 3390 2705 est
3416 2647 3478 2705 in
3519 2650 3801 2706 vetustis-

2137 2733 2304 2790 simis
2329 2734 2638 2791 codicibus
2669 2735 3115 2808 manuscriptis.

2208 2842 2345 2898 Inin.
2371 2872 2443 2882 -—
2472 2842 2803 2899 Rathbedo.
2836 2842 2960 2899 Fuit
2996 2843 3046 2899 is
3073 2843 3564 2917 archiepiscopus
3597 2844 3806 2903 Trevi-

371 2921 452 2961 na
491 2908 889 2967 ecclesiastica
932 2919 1194 2971 veterum
1220 2917 1557 2985 praesertim
1597 2918 2028 2974 Germanorum

2193 2930 2345 2998 insis,
2372 2935 2438 2987 ut
2460 2930 2571 2987 fert
2595 2930 2823 2997 titulus,
2854 2931 3166 2989 ordinatus
3194 2908 3357 2989 anno
3386 2908 3512 2999 88.3,
3546 2951 3637 2991 vn
3663 2935 3807 2991 ldus

374 2995 518 3092 libri
542 2996 681 3052 duo.
716 2998 896 3092 Nobis
943 3001 1150 3092 religio
1192 2972 1301 3061 iiii:
1326 3004 1636 3062 discedere
1652 2972 1703 3063 7a
1734 2972 2030 3080 scriptura
2056 2972 2100 3032 θ
2136 2972 2725 3092 ῖξτῖἕέλῖῆἐέῖξιῖ
2733 2972 3515 3079 ἶῖᾅῶ’1ἷ’ᾇ’ἷῖὖῖο”ξὲυἶῖ1υὲ
3543 2972 3805 3080 ibi“;

374 3088 643 3139 veterum
668 3085 969 3146 codicum.
993 3091 1104 3147 Sed
1132 3096 1269 3149 ante
1293 3109 1482 3166 quam
1508 3094 1661 3151 ultra
1685 3096 2029 3168 progredia-

372 3188 530 3243 mur,
556 3178 703 3245 puto
743 3191 868 3234 non
914 3179 1318 3251 injucundum
1351 3183 1529 3255 528
1558 3182 1683 3241 fore
1706 3184 2028 3242 lectoribus

371 3261 614 3318 eruditis
639 3264 688 3319 si
712 3264 808 3322 hic
828 3282 1200 3340 proposuero
1218 3270 1452 3327 titulum
1469 3273 1689 3329 horum
1711 3273 2027 3343 librorum,

369 3350 566 3421 qualis
620 3352 908 3410 nimirum
956 3354 1134 3413 hodie
1183 3359 1361 3414 estin
1390 3361 1792 3419 vetustissimo
1823 3363 2029 3420 codice

369 3442 702 3512 Parisiensi,
727 3443 944 3501 deinde
973 3446 1171 3518 qualis
1219 3464 1350 3506 esse
1378 3449 1603 3508 debuit.
1639 3453 1731 3509 Sic
1760 3453 1938 3525 igitur
1962 3453 2028 3510 il-

367 3529 444 3586 lic
474 3530 724 3601 legitur:

759 3657 958 3700 INCIPIT
998 3661 1257 3704 LIBELLUS

760 3766 1081 3809 DISCIPLINIS
1117 3770 1184 3810 ΕΤ
1221 3772 1290 3811 RE

759 3874 1066 3917 COLLECTUS
1114 3878 1185 3916 EX
1222 3880 1382 3919 JliSSU

760 3979 1035 4020 RATBBODI
1074 3982 1176 4021 ΊἮΕ
1184 3983 1391 4024 ῪΕΒΙΟΕ

760 4086 791 4123 Α
836 4085 1102 4127 REGINONE
1142 4090 1356 4130 ΔΒΒΔΤΕ

759 4189 1091 4233 ἈΟΝΔΒΤΕΒΠ
1130 4195 1199 4234 ΒΧ
1241 4197 1293 4236 DI

758 4295 1008 4338 CONCILIS
1047 4300 1112 4339 ΕΤ
1152 4300 1409 4343 DECRETIS

752 4403 1029 4447 FELICITER
1070 4408 1123 4447 ΙΝ

823 4498 1036 4556 ΑΜΕΝ.

432 4618 604 4675 Hunc
629 4620 867 4678 titulum
899 4623 985 4680 vir
1008 4626 1448 4686 eruditissimus
1477 4633 1735 4691 Joannes
1764 4637 2021 4695 Marinus

362 4706 445 4762 sic
473 4707 660 4765 edidit
685 4708 747 4765 in
774 4712 1111 4784 appendice
1131 4715 1269 4772 libri
1297 4718 1373 4774 de
1403 4721 1756 4780 Poenitentia
1779 4731 2015 4797 pag.39:

357 4798 579 4867 Incipit
610 4799 850 4856 libellus
880 4803 955 4859 de
994 4805 1335 4876 disciplinis
1364 4812 1715 4869 recollectus
1744 4827 1821 4870 ea:
1841 4816 2018 4885 jussu

355 4885 660 4944 Rathbodi
687 4890 1013 4948 Treveri/:3
1039 4908 1079 4949 a
1105 4894 1409 4966 Reginone
1437 4899 1650 4957 abbate
1673 4905 2025 4961 monasterii

356 4987 432 5028 ex
447 4974 667 5033 divinis
688 4980 956 5036 conciliis
977 4988 1033 5037 et
1053 4983 1323 5041 decretis.
1341 4985 1893 5047 Scilicetdestitutus
1910 4992 2020 5050 fuit

357 5060 561 5117 codice
588 5063 648 5120 in
678 5082 802 5138 quo
830 5074 1091 5128 exstaret
1117 5071 1346 5145 integer
1373 5075 1599 5133 titulus.
1632 5081 1780 5136 Nam
1810 5080 1873 5136 in
1903 5082 2019 5138 isto

355 5146 613 5241 habetur
632 5156 863 5212 tantum
882 5159 1082 5215 media
1107 5176 1249 5233 pars
1275 5163 1445 5233 tituli,
1474 5179 1547 5221 ea
1576 5165 1862 5224 nimirum
1877 5182 2015 5241 quas

354 5236 695 5330 charactere
725 5248 853 5299 atro
902 5247 1081 5303 scribi
1122 5249 1348 5308 debuit.
1382 5253 1664 5312 Solebant
1688 5236 1919 5330 antiqui
1945 5257 2014 5314 li-

1168 4410 1252 4450 ΒΕ]
1292 4411 1520 4454 NOMINE.

228 5372 239 5380 ,
352 5323 555 5393 brarii,
590 5332 918 5387 venustatis
962 5350 1164 5403 causa,
1199 5339 1399 5397 titulos
1426 5341 1717 5401 librorum
1756 5323 2017 5404 scribere

350 5412 651 5506 interdum
693 5434 831 5474 cum
872 5426 1228 5497 atramento,
1259 5427 1560 5489 interdum
1612 5448 1752 5489 cum
1800 5434 2010 5506 minio,

349 5501 412 5559 id
442 5509 557 5594 est;
577 5505 761 5563 rubro
789 5508 1028 5567 colore:
1065 5514 1226 5570 unde
1268 5516 1513 5576 rubrica
1555 5536 1665 5594 pro
1691 5523 1880 5579 titulo.
1917 5501 2011 5581 111-ξ

348 5593 586 5650 terdum
613 5611 753 5652 vero
782 5601 1035 5677 utroque
1071 5601 1415 5678 utebantur,
1446 5593 1667 5673 scilicet
1704 5616 1770 5668 ut
1810 5612 2009 5684 prima

2046 4322 2097 4384 Β

2004 4528 2015 4539 ἢ
2129 4456 2345 4516 lorum.

2137 3108 2589 3166 Chronicorum.
2623 3109 2771 3165 Huic
2814 3110 2973 3167 enim
3019 3110 3390 3168 credendum
3420 3118 3570 3184 puto
3599 3115 3808 3186 potius

2133 3214 2323 3271 quam
2362 3198 2699 3266 Trithemio,
2727 3199 2833 3271 qui
2863 3199 3066 3256 scribit
3103 3200 3163 3256 in
3209 3200 3502 3257 Chronico
3550 3203 3804 3261 Hirsau-

2135 3287 2326 3358 giensi
2348 3287 2694 3344 ordinatum
2710 3288 2879 3347 illum
2903 3287 3087 3346 fuisse
3106 3305 3269 3346 anno
3291 3291 3806 3361 octingentesimo

2133 3376 2544 3446 oetuagesimo
2570 3380 2757 3433 sexto.
2792 3380 2928 3433 Erat
2951 3383 3153 3435 autem
3181 3377 3374 3435 abbas
3402 3379 3806 3438 Mediolacen-

2136 3464 2235 3520 sis.
2265 3466 2439 3521 Anno
2468 3464 2687 3522 deinde
2730 3470 2835 3524 889
2886 3466 3130 3524 abbatis
3160 3468 3350 3524 sancti
3384 3469 3632 3526 Servan
3660 3473 3805 3529 Tre—

2128 3553 2409 3624 jectensis
2440 3553 2607 3611 unita
2645 3559 2737 3611 est
2760 3555 3027 3612 ecclesias
3056 3555 3386 3613 Trevirensi
3412 3557 3723 3617 beneﬁcio
3750 3565 3805 3617 et

2134 3642 2480 3701 auctoritate
2522 3644 2813 3717 Arnulphi
2861 3645 3187 3703 Germaniae
3228 3647 3405 3718 regis,
3437 3652 3503 3703 ut
3530 3653 3709 3720 patet
3732 3666 3807 3706 ex

2133 3732 2264 3804 ejus
2326 3737 2646 3806 pmcepto,
2711 3735 2878 3806 quod
2928 3735 3155 3791 editum
3221 3740 3315 3793 est
3378 3752 3415 3793 a
3467 3736 3807 3796 Wilhelmo

2132 3820 2472 3893 Kyriandro
2510 3837 2588 3878 ex
2633 3823 2819 3879 Gestis
2845 3826 3256 3895 Treverorum,
3285 3824 3504 3883 deinde
3532 3842 3683 3885 vero
3726 3828 3806 3885 ab

2131 3910 2392 3967 Auberto
2438 3913 2674 3983 Myrm.
2719 3914 2912 3978 Quam
2967 3913 3356 3971 donationem
3401 3914 3805 3975 conﬂi-inue-

2131 4003 2272 4055 runt
2294 4004 2609 4072 sequentes
2634 4015 2825 4071 reges.
2856 4003 2936 4057 De
2958 4001 3273 4058 Rathbedo
3294 4017 3478 4076 parre
3501 4004 3647 4061 vide
3662 4022 3807 4080 qua

2133 4088 2475 4145 scribuntur
2520 4089 2589 4145 in
2612 4089 2946 4147 Annalibus
2996 4091 3391 4149 Fuldensibne
3439 4093 3519 4150 ad
3562 4111 3805 4154 annum

2132 4177 2681 4247 nongentesimum.

2205 4284 2725 4352 Imm-donoan
2749 4287 2981 4345 abbate.
3008 4287 3349 4360 Legendum
3375 4289 3595 4348 abbate
3617 4287 3807 4366 530

2132 4372 2453 4442 quondam.
2483 4376 2656 4431 Error
2684 4377 2931 4448 contigit
2950 4390 3023 4433 ex
3047 4377 3512 4452 transpositione
3523 4378 3807 4434 vocabu-

2327 4580 2528 4641 ΝΟΤΑΞ
2566 4586 2660 4642 ΑΙ)
2701 4584 3040 4646 CAPITULA
3080 4585 3600 4658 lNQUISITlONIS.

2201 4692 2421 4763 Incipit
2450 4694 2775 4765 inquisitio.
2806 4694 2867 4751 111
2900 4697 3077 4753 veteri
3108 4697 3314 4757 codice
3336 4714 3449 4754 ms.
3473 4697 3803 4754 Parisiensi

2124 4779 2253 4837 hinc
2284 4785 2515 4839 tantum
2542 4782 2859 4851 habentur,
2884 4784 3120 4841 omissis
3154 4784 3426 4843 videlicet
3452 4785 3628 4843 lineis
3652 4802 3802 4860 qua

2125 4867 2311 4925 minio
2339 4870 2719 4928 rubricandte
2748 4876 2935 4929 erant.

2477 4993 2582 5031 VEL
2618 4992 2743 5033 EH18
2781 4990 3026 5035 IINI‘TRI
3071 4995 3127 5035 IN
3165 4994 3275 5036 δυο

2481 5076 2784 5128 INQUIRBRI
2824 5079 3067 5124 BIBan
3105 5084 3214 5124 PBI

2481 5168 2663 5218 ATQUE
2700 5171 3107 5214 PARMIAS.

2122 5263 2239 5317 Nos
2267 5255 2497 5335 reliqua
2523 5262 2952 5337 supplevlmus,
2972 5264 3190 5339 parum
3200 5274 3382 5340 opere
3394 5262 3620 5323 hei-um
3640 5266 3809 5323 duo-

2120 5364 2257 5407 rum
2286 5351 2611 5408 verborum
2652 5353 2815 5410 th't
2858 5356 3185 5427 inquisitio,
3217 5363 3354 5429 quis
3384 5360 3624 5412 exstant
3648 5359 3807 5429 post

2122 5438 2573 5512 Inquisitionem
2603 5439 2664 5496 in
2703 5441 2907 5498 codice
2952 5442 3285 5512 Parisiensi,
3317 5447 3444 5500 tum
3487 5444 3675 5500 etiam
3722 5456 3802 5501 ex

2121 5526 2379 5584 editione
2394 5527 2915 5601 Helmse‘stadiensi,
2934 5538 3070 5604 quae
3088 5532 3170 5588 sic
3198 5531 3382 5589 habet
3397 5533 3461 5589 in
3476 5534 3593 5589 hoc
3612 5532 3764 5590 loco
3782 5549 3803 5587 :

2120 5616 2447 5675 Instructio
2462 5618 2536 5675 de
2549 5618 2640 5673 his
2660 5630 2792 5690 quas
2802 5621 2866 5681 in
2885 5620 3321 5696 visitatiowibus
3332 5631 3679 5693 episcopum
3696 5622 3805 5679 vel
