3980 6182
170 75 175 87 ’
220 95 308 151 405
511 123 519 130 -
1019 169 1023 172 ,
1246 102 1447 157 nom
1479 102 1575 157 AD
1608 102 1859 158 LIBROS
1894 103 1981 156 DE
2012 101 2293 160 ECCLES.
2331 102 2619 158 DlSClPL.

3506 113 3609 164 406

222 218 328 289 ejus
352 214 649 272 ministros
674 233 786 287 per
816 220 994 291 vicos,
1016 238 1224 296 pagos,
1272 231 1327 282 et
1348 228 1694 296 parcechias
1721 242 1846 283 sua?
1881 231 1926 283 A
1955 226 2138 283 vitam
2169 227 2552 301 inquirerent,
2597 233 2659 284 ut
2692 228 2976 302 scriptum
3011 232 3097 283 est
3147 230 3310 300 apud
3359 233 3607 303 Regino-

218 306 498 360 dimceseos
526 305 829 376 inquirere
859 311 998 366 olim
1027 315 1307 383 oportuit.

274 394 412 465 Ejus
440 394 725 451 ministri.
775 397 840 452 Id
881 404 987 470 est,
1041 402 1465 475 archidiaconi,
1515 405 1846 478 archipres-

216 483 399 558 byteri,
430 482 651 555 quibus
681 485 795 542 sub
838 489 1125 563 episcopo
1174 491 1469 550 incumbit
1510 493 1845 551 sollicitudo

216 571 595 642 ecclesiarum,
631 574 1069 636 Chartularium
1113 580 1169 635 S.
1204 582 1469 655 Dionysii
1500 583 1575 639 de
1606 583 1847 658 Capella

212 661 514 720 indicecesi
561 663 931 733 Bituricensi,
964 684 1099 740 cap.
1125 674 1227 726 26:
1282 694 1307 717 ‹‹
1339 672 1606 731 Monachi
1649 673 1847 745 saepis-

212 752 339 809 sime
414 751 872 825 calumniantes,
944 757 1247 815 venientes
1326 761 1386 816 in
1462 762 1842 834 praesentiam

209 838 392 899 domui
425 839 725 911 Richardi,
758 841 1024 901 fecerunt
1070 847 1397 905 clamorem
1428 850 1501 906 de
1543 850 1841 923 archipre-

208 930 425 1002 sbytero
468 930 745 987 ministro
790 950 920 991 suo.
975 958 999 983 η
1036 936 1178 992 Vide
1220 940 1585 1010 Reginonem
1631 940 1732 996 lib.
1782 958 1838 1003 ιι,

206 1035 319 1093 cap.
355 1024 398 1075 l.
436 1022 673 1077 Certum
705 1027 792 1078 est
820 1023 1229 1083 ministrorum
1252 1028 1515 1102 episcopi
1549 1030 1841 1086 vocabulo

204 1106 424 1176 intelligi
457 1108 916 1169 archidiaconos
968 1119 1023 1169 et
1072 1116 1621 1189 archipresbiteros,
1659 1123 1722 1174 ut
1752 1118 1840 1174 di-

200 1196 396 1253 ximus.
438 1195 552 1253 Sed
606 1200 804 1255 tamen
836 1200 930 1256 hic
956 1201 1121 1261 lubet
1169 1205 1390 1261 addere
1434 1208 1841 1264 testimonium

198 1284 491 1343 Lanfranci
520 1287 959 1362 archiepiscopi
1013 1293 1457 1350 Cantuariensis
1502 1296 1561 1353 in
1591 1297 1841 1370 epistola

194 1373 253 1426 27
284 1370 355 1426 ad
379 1372 734 1443 Stigandum
765 1377 1125 1453 episcopum
1156 1382 1541 1441 Cistrensem:
1573 1408 1599 1433 ‹‹
1636 1385 1839 1440 Clerici

193 1458 447 1516 villarum
482 1468 848 1533 nostrarum,
891 1467 1103 1540 inquit,
1127 1471 1230 1545 qui
1270 1472 1328 1527 in
1373 1479 1563 1533 vestra
1597 1473 1837 1531 dimcesi

1954 332 2091 371 nem
2120 315 2179 371 in
2210 317 2401 391 capite
2431 333 2593 373 nono
2640 318 2772 373 libri
2806 317 2979 391 primi
3005 336 3017 385 ;
3050 334 3174 390 qua
3222 318 3295 373 de
3321 335 3384 374 re
3414 321 3606 392 pluri-

1952 403 2067 458 bus
2098 420 2289 478 nuper
2315 424 2349 461 a
2372 405 2545 461 nobis
2576 406 2803 463 dictum
2828 410 2914 461 est
2943 404 3019 461 ad
3051 404 3458 475 Agobardum.
3487 411 3611 463 Pre-

1954 492 2174 565 sbyteri
2205 493 2382 564 igitur
2409 495 2510 567 qui
2571 494 2775 566 plebes
2821 493 3127 563 regebant,
3180 494 3462 569 episcopo
3509 502 3609 551 aut

1953 581 2238 637 ministris
2270 582 2399 653 cjus
2427 583 2716 639 rationem
2752 581 2935 637 semel
2964 583 3026 638 in
3063 599 3223 639 anno
3247 583 3493 641 reddere
3523 590 3608 641 te-

1952 670 2251 727 nebantur
2289 690 2409 727 suae
2443 671 2839 739 villicationis,
2876 676 3000 728 tam
3050 672 3123 727 de
3157 673 3274 728 fide
3318 674 3609 731 catholica

1952 764 2007 815 et
2032 759 2543 816 administratione
2584 765 3094 817 sacramentorum
3128 778 3315 835 quam
3344 763 3419 818 de
3450 763 3612 819 bono

1951 847 2333 904 basilicarum
2365 853 2537 906 statu.
2576 848 2722 905 Nulli
2764 849 2923 904 enim
2971 851 3350 907 sacerdotum
3398 852 3613 908 licebat

1950 936 2225 1013 ignorare
2256 955 2535 994 canones.
2567 939 2715 994 Rudi
2765 938 2981 994 deinde
3027 940 3265 1005 szeculo,
3318 957 3609 1012 cumpro-

1951 1026 2171 1100 sbyteri
2222 1034 2285 1084 ut
2313 1027 2637 1101 plurimum
2687 1033 2956 1100 expertes
3005 1028 3607 1085 crantecclesiastieue

1949 1113 2296 1188 disciplinae,
2325 1122 2621 1191 exutaque
2650 1121 2803 1173 esset
2833 1118 3028 1172 omnis
3056 1117 3389 1191 priscorum
3420 1134 3604 1173 cano-

1950 1219 2117 1272 num,
2153 1210 2213 1262 ut
2243 1210 2532 1262 vetustate
2576 1206 2965 1267 exoletorum,
3020 1208 3368 1276 reverentia,
3404 1223 3607 1261 ncces-

1950 1288 2172 1351 sarium
2238 1295 2346 1352 fuit
2406 1296 2516 1352 illis
2599 1297 2881 1371 componi
2932 1296 3355 1353 brevissimum
3440 1313 3597 1366 regu-

1948 1382 2141 1439 larum
2202 1400 2451 1441 suarum
2494 1385 2878 1454 breviarium,
2929 1402 3001 1442 ne
3054 1385 3190 1459 quis
3258 1386 3607 1457 ignorantiae

1948 1476 2236 1543 praetextu
2284 1490 2345 1529 se
2402 1473 2551 1529 tueri
2577 1477 2797 1546 posset.
2834 1477 3027 1540 Quam
3052 1473 3130 1528 ob
3156 1491 3281 1529 rem
3327 1474 3486 1531 edita
3517 1480 3608 1530 est

190 1548 454 1645 existunt,
501 1553 694 1645 questi
740 1554 916 1611 nobis
965 1564 1103 1613 sunt
1136 1560 1301 1632 quod
1332 1562 1508 1619 vestri
1540 1562 1835 1619 arehidia-
1871 1581 1911 1645 Β
1945 1559 2287 1618 Admonitio
2316 1561 2417 1618 illa
2432 1578 2567 1635 quae
2611 1578 2771 1618 nunc
2792 1561 3206 1643 circumfertur
3229 1563 3341 1617 sub
3362 1564 3606 1619 nomine

185 1637 329 1709 coni,
359 1640 609 1717 repertis
639 1644 1074 1718 occasionibus,
1098 1648 1386 1722 pecunias
1419 1650 1496 1706 ab
1514 1650 1600 1709 eis
1626 1653 1833 1725 exqui-

184 1730 311 1781 runt
338 1730 393 1782 et
419 1743 456 1784 a
497 1728 866 1801 quibusdam
896 1733 1024 1804 jam
1071 1743 1449 1815 acceperunt.
1483 1764 1510 1789 ››
1544 1743 1608 1801 Et
1636 1739 1827 1801 infra:

181 1816 524 1873 Mandamus
570 1819 770 1895 itaque
821 1827 885 1878 ut
911 1824 1066 1882 male
1112 1831 1359 1901 accepta
1399 1827 1524 1884 sine
1551 1828 1834 1887 dilatione

178 1903 337 1960 reddi
361 1906 709 1979 jubeatis,et
726 1910 1010 1975 ministris
1022 1915 1335 1985 vestris,ne
1350 1917 1594 1974 ulterius
1612 1918 1671 1974 id
1685 1935 1834 1993 prae-

176 1999 435 2064 sumant,
473 1998 783 2055 servandae
815 2002 1116 2063 charitatis
1146 2004 1344 2061 studio
1386 1994 1771 2081 prohibeatis.
1804 2033 1831 2059 ››

239 2084 319 2139 Ex
381 2085 637 2157 epistola
684 2091 749 2144 32
802 2089 1072 2163 ejusdem
1137 2093 1447 2153 Lanfranci
1497 2096 1833 2167 colligimus

170 2169 339 2226 etiam
397 2172 559 2233 illius
600 2191 732 2231 aevo
760 2180 1252 2239 communionem
1300 2184 1566 2255 corporis
1610 2189 1667 2245 et
1697 2202 1833 2242 san-

168 2259 357 2327 guinis
416 2263 652 2321 Domini
700 2266 877 2323 tribui
931 2268 1168 2326 solitam
1223 2272 1445 2343 pueris.
1513 2274 1832 2331 Consultus

166 2346 315 2402 enim
340 2366 533 2422 super
576 2368 645 2408 ea
675 2369 737 2408 re
768 2370 803 2413 a
835 2357 1170 2415 Domnaldo
1200 2358 1491 2415 Hiberniae
1522 2362 1829 2435 episcopo,

160 2436 227 2491 ad
255 2453 404 2499 eum
433 2439 569 2515 ipsa
610 2442 945 2514 rescripsit:
998 2468 1023 2493 ‹‹
1060 2448 1279 2505 Revera
1308 2452 1364 2509 et
1405 2449 1616 2523 procul
1654 2449 1833 2523 pulsa

159 2527 319 2585 omni
354 2527 756 2598 ambiguitate
807 2532 1003 2595 sciatis
1028 2550 1223 2608 neque
1264 2538 1697 2601 transmarinas
1727 2542 1829 2595 Ec-

156 2614 395 2684 cmsias,
436 2633 635 2690 neque
666 2635 776 2677 nos
814 2621 1036 2692 Anglos
1066 2623 1222 2683 hanc
1264 2625 1340 2682 de
1388 2626 1717 2685 infantibus
1747 2633 1829 2691 te-

156 2719 287 2760 nere
317 2708 688 2765 sententiam
719 2726 906 2783 quam
936 2714 1177 2784 putatis.
1203 2714 1515 2773 Credimus
1539 2700 1707 2774 enim
1730 2706 1829 2795 gef

152 2794 432 2861 neraliter
462 2811 677 2853 omnes
707 2799 990 2856 omnibus
1034 2803 1305 2863 aetabitus
1361 2805 1693 2879 plurimum
1724 2824 1825 2867 ex-

152 2883 381 2983 pedire.
410 2889 541 2943 tam
604 2888 870 2949 viventes
920 2906 1106 2965 quam
1155 2893 1477 2951 morientes
1532 2896 1823 2975 Dominici
1861 2930 1902 2984 ο

150 2972 419 3046 corporis
459 2978 520 3033 et
562 2976 875 3047 sanguinis
919 2981 1298 3057 perceptione
1347 2998 1475 3041 sese
1503 2972 1759 3049 munire.
1793 3011 1821 3039 ›ι

151 3061 283 3118 Vide
329 3068 488 3125 nota
518 3064 837 3127 clarissimi
869 3067 977 3131 viri
1027 3071 1194 3127 Lucae
1240 3072 1506 3130 Dacherii
1551 3074 1629 3133 ad
1659 3074 1820 3138 hunc

146 3148 365 3211 locum.

212 3241 346 3299 ΟΑΡ,
393 3244 441 3297 t.
480 3275 556 3282 —-
585 3244 657 3303 In
684 3247 919 3317 primis.
954 3250 1082 3305 Non
1120 3248 1437 3309 dubitabat
1468 3252 1818 3311 Hildebran-

142 3328 253 3386 dus
281 3332 438 3406 quin
470 3331 595 3397 ista
626 3334 935 3408 Inquisitio
956 3338 1273 3410 pertineret
1300 3341 1378 3398 ad
1407 3342 1819 3403 collectionem

142 3434 449 3481 canonum
513 3439 560 3483 δ,
604 3440 666 3480 se
713 3424 957 3483 editam.
1016 3427 1131 3483 Sed
1163 3432 1362 3487 tamen
1400 3446 1560 3489 nunc
1590 3436 1816 3489 certum

139 3512 219 3564 est
273 3525 414 3569 eam
441 3527 482 3568 a
538 3511 845 3582 Reginone
871 3514 1133 3587 positam
1191 3533 1321 3574 esse
1377 3518 1439 3575 in
1466 3518 1631 3577 initio
1684 3520 1822 3577 libri

138 3597 328 3669 primi,
363 3602 454 3657 uti
486 3601 877 3659 ostendimus
924 3602 986 3661 in
1014 3605 1382 3678 prmfatione.
1431 3611 1722 3667 Praeterea
1747 3627 1818 3667 ea

134 3692 317 3745 exstat
362 3690 431 3748 in
478 3690 704 3748 codice
753 3691 1073 3762 Reginonis
1113 3710 1185 3750 eo
1213 3695 1423 3753 ordine
1467 3713 1589 3770 quo
1619 3714 1729 3754 nos
1754 3698 1819 3755 il-

130 3772 247 3867 lam
274 3778 625 3847 edidimus,
650 3778 711 3835 id
733 3784 840 3852 est,
872 3786 1009 3854 post
1032 3781 1270 3851 titulum
1300 3784 1517 3865 operis.
1552 3786 1817 3867 Denique

129 3864 482 3927 Trithemius
513 3867 607 3925 de
636 3869 750 3926 hac
796 3869 925 3942 ipsa
957 3870 1393 3945 ilucubratione
1436 3889 1646 3947 agens,
1693 3864 1816 3949 pri-

130 3967 346 4028 maque
366 3957 547 4019 illius
582 3957 786 4027 verba,
820 3963 885 4014 ut
913 3958 1151 4030 assolet,
1188 3960 1470 4030 referens,
1524 3963 1637 4019 hoc
1683 3964 1814 4037 ejus

132 4045 449 4109 exordium
478 4047 676 4105 fuisse
705 4046 898 4105 docet.
934 4050 1003 4107 In
1023 4050 1242 4119 primis
1270 4051 1716 4124 inquirendum.
1750 4056 1813 4109 1n

128 4134 600 4204 prtefatiuncula
634 4152 812 4208 porro
842 4152 979 4209 quae
1021 4138 1216 4211 posita
1245 4145 1334 4197 est
1357 4139 1419 4201 in
1446 4140 1636 4198 fronte
1678 4141 1812 4201 libri

130 4223 299 4292 primi
319 4226 462 4298 jam
510 4224 875 4283 monuimus
920 4226 1373 4305 lnquisitionem
1407 4229 1584 4289 istam
1628 4231 1812 4289 fuisse

130 4309 460 4375 formulam
523 4315 873 4379 secundum
919 4333 1107 4389 quam
1162 4318 1429 4395 episcopi
1489 4325 1546 4383 et
1601 4337 1810 4381 eorum

128 4402 381 4463 ministri
407 4405 820 4480 presbyteros
861 4406 1311 4479 interrogabant
1349 4426 1455 4482 per
1493 4412 1807 4485 paruacias,

126 4504 311 4565 eaque
338 4493 631 4559 formula
662 4511 844 4552 usum
874 4495 1056 4553 fuisse
1085 4496 1262 4555 etiam
1302 4500 1685 4559 Hincmarum
1715 4517 1810 4557 ar-

123 4577 600 4657 chiepiscopum
651 4582 1065 4643 Bhemensem.
1120 4586 1291 4652 Quod
1332 4587 1532 4660 itaque
1575 4593 1716 4655 tunc
1746 4588 1807 4645 in

122 4673 435 4735 aversione
499 4677 565 4731 et
619 4674 792 4748 quasi
851 4689 960 4747 per
990 4680 1377 4741 transennam
1426 4676 1651 4741 dictum
1700 4683 1810 4750 est,

123 4759 347 4819 tantum
380 4766 451 4821 ut
484 4765 714 4833 gustus
743 4762 995 4836 quidam
1050 4763 1218 4839 531
1256 4763 1426 4821 istius
1477 4764 1814 4839 inquisitio-

120 4847 205 4903 nis
234 4850 494 4909 daretur
520 4850 767 4913 erudito
795 4851 1018 4923 lectori,
1050 4868 1211 4909 nunc
1239 4853 1420 4925 paulo
1448 4853 1691 4913 uberius
1720 4872 1808 4913 ex-

121 4935 477 5008 plicandum
533 4944 634 4997 est
670 4939 752 4997 ob
792 4940 1144 5011 dignitatem
1195 4943 1482 5011 materiae,
1540 4960 1664 5021 qua
1710 4946 1809 5003 vix

119 5025 233 5087 ulla
278 5037 373 5088 est
401 5030 712 5091 illustrior
761 5030 824 5089 in
878 5031 992 5089 hoc
1040 5047 1256 5104 genere
1287 5033 1644 5103 studiorum.
1687 5036 1807 5103 Pri-

117 5131 279 5178 mum
324 5122 553 5196 itaque
588 5123 818 5178 certum
871 5125 960 5187 est
988 5137 1062 5183 ea
1086 5122 1545 5189 sollicitudinem
1584 5125 1808 5201 episco-

116 5207 205 5278 pis
230 5211 594 5285 antiquitus
647 5208 996 5269 incubuisse
1031 5214 1094 5267 ut
1138 5210 1344 5285 plebes
1388 5228 1528 5269 suas
1556 5213 1807 5285 singulis

112 5298 281 5354 annis
308 5316 425 5373 per
453 5315 525 5355 se
557 5296 885 5366 visitarent,
931 5298 980 5357 si
1008 5298 1069 5356 id
1098 5297 1226 5355 ﬁeri
1255 5298 1488 5374 absque
1517 5300 1683 5371 gravi
1712 5316 1807 5357 eo-

112 5400 240 5443 rum
269 5386 695 5451 incommodo
726 5390 950 5459 posset,
979 5387 1070 5443 sin
1103 5388 1325 5454 minus,
1356 5394 1512 5446 certe
1538 5405 1648 5463 per
1678 5405 1808 5462 pre-

113 5475 388 5548 sbyteros
421 5481 538 5534 aut
577 5474 872 5533 diaconos
901 5476 1232 5549 probabilis
1260 5477 1411 5548 vitae,
1447 5477 1551 5552 qui
1578 5476 1803 5534 reditus

582 5568 645 5629 et
715 5565 1123 5641 reparationes
1196 5570 1254 5635 et
1308 5566 1802 5641 [ministrantium

1948 1648 2158 1705 Leonis
2187 1649 2274 1718 IV,
2324 1649 2386 1705 in
2414 1665 2537 1722 qua
2564 1650 2943 1706 continentur
3001 1637 3234 1705 vivendi
3265 1655 3321 1706 et
3350 1650 3604 1706 docendi

1944 1737 2356 1795 ecclesiasticae
2411 1738 2647 1808 regulae.
2676 1738 2788 1793 Sed
2833 1743 3159 1812 antequam
3185 1739 3260 1795 de
3301 1738 3400 1794 illa
3428 1739 3604 1813 plura

1943 1826 2237 1897 dicamus,
2262 1845 2441 1903 opere
2472 1828 2728 1903 pretium
2750 1833 2837 1884 est
2867 1828 3187 1885 observare
3219 1830 3603 1885 consuevissc

1942 1916 2384 1974 rusticanarum
2443 1916 2830 1975 ecclesiarum
2860 1917 3241 1991 presbyteros
3292 1917 3365 1973 ad
3401 1917 3601 1979 civita-

1942 2010 2061 2063 tem
2092 2006 2290 2065 venire
2316 2006 2565 2077 singulis
2598 2008 2771 2063 annis
2800 2006 2860 2062 in
2882 2008 3064 2063 Cmna
3085 2006 3341 2076 Domini,
3363 2005 3602 2062 duabus

1940 2096 2015 2152 de
2042 2097 2269 2152 causis:
2305 2096 2569 2169 primum
2588 2113 2700 2169 pro
2729 2097 3114 2167 inquisitione
3142 2097 3461 2152 ministerii
3486 2097 3601 2168 sui,

1941 2184 2155 2241 deinde
2182 2200 2299 2256 pro
2359 2185 2682 2241 chrismate
2707 2185 3073 2254 accipimido,
3116 2187 3180 2241 ut
3207 2183 3402 2238 verbis
3431 2183 3603 2238 Hinc-

1941 2272 2092 2333 mari
2122 2277 2363 2328 utamur
2393 2289 2464 2328 ex
2492 2272 2776 2346 Capitulis
2822 2273 2951 2344 ejus
2978 2272 3061 2328 tit.
3093 2276 3143 2339 ὅ,
3170 2287 3304 2349 cap.
3331 2277 3381 2326 5.
3413 2271 3609 2351 Simul.

1942 2364 2247 2429 autem,ex
2271 2361 2535 2416 instituto
2556 2361 2938 2417 Carlomanni
2960 2360 3246 2434 principis
3276 2360 3334 2417 in
3367 2360 3601 2434 synodo

1940 2448 2035 2505 cui
2065 2454 2307 2504 sanctus
2321 2448 2654 2505 Bonifacius
2674 2449 3211 2519 interfuit,reddere
3236 2449 3601 2506 tenebantur

1940 2538 2223 2612 episcopo
2250 2538 2544 2601 rationem
2592 2539 2894 2595 ministerii
2927 2539 3039 2609 sui,
3072 2543 3137 2595 ut
3166 2544 3329 2613 patet
3359 2555 3431 2595 ex
3472 2539 3602 2610 ejus

1939 2625 2197 2697 decreto,
2247 2627 2411 2700 quod
2471 2631 2660 2683 exstat
2710 2626 2770 2682 in
2800 2626 2954 2683 libro
3005 2628 3215 2700 quinto
3258 2626 3603 2700 Capitular,

1938 2731 2071 2789 cap.
2106 2720 2136 2771 ‘2
2164 2735 2175 2771 :
2204 2739 2228 2765 ‹‹
2268 2715 2647 2772 Decrevimus
2676 2702 2919 2790 quoque
2937 2717 3107 2789 juxta
3135 2720 3479 2772 sanctorum
3510 2733 3603 2772 ca-

1936 2820 2127 2860 nones
2159 2811 2218 2859 ut
2250 2805 2664 2879 unusquisque
2683 2805 2995 2879 presbyter
3017 2804 3077 2861 in
3111 2804 3412 2879 parmchia
3439 2805 3600 2867 habi-

1934 2896 2067 2949 tans
2089 2894 2373 2969 episcopo
2391 2893 2694 2965 subjectus
2708 2894 2780 2950 sit
2806 2892 2886 2950 illi
2898 2894 2959 2949 in
2987 2895 3161 2965 cujus
3176 2894 3482 2969 paroechia
3494 2895 3597 2950 ba-

1934 2980 2103 3050 bitat,
2134 2986 2193 3039 et
2214 2998 2451 3055 semper
2480 2982 2539 3041 in
2582 2982 3053 3056 quadragesima
3083 2981 3374 3039 rationem
3421 2988 3478 3039 et
3504 3000 3596 3039 or-

1932 3069 2135 3135 dinem
2166 3071 2475 3129 ministerii
2504 3072 2593 3128 sui
2627 3071 2749 3128 sive
2781 3071 2856 3129 de
2877 3071 3205 3146 baptismo,
3224 3071 3346 3128 sive
3372 3071 3445 3128 de
3475 3072 3592 3128 ﬁde

1933 3160 2243 3229 catholica,
2300 3160 2421 3216 sive
2448 3159 2522 3216 de
2570 3160 2851 3235 precibus
2900 3166 2957 3217 et
2986 3162 3195 3218 ordine
3243 3161 3589 3235 missarum,

1931 3249 2216 3323 episc0po
2247 3250 2459 3311 reddat
2488 3255 2544 3306 et
2599 3250 2892 3308 ostendat.
2930 3276 2957 3300 »
2985 3251 3177 3317 Refert
3201 3250 3358 3306 istud
3392 3250 3592 3308 decre-

1929 3342 2055 3405 tum
2082 3344 2139 3395 et
2182 3338 2515 3396 Bonifacius
2543 3340 2603 3396 in
2649 3340 2903 3414 epistola
2959 3341 3054 3396 105
3087 3341 3164 3397 ad
3200 3339 3587 3396 Cudbertum.

1930 3428 2201 3502 Capitula
2236 3429 2409 3503 532
2444 3428 2693 3491 Herardi
2730 3429 3162 3503 archiepiscopi
3206 3427 3585 3495 Turonensis,

1931 3532 2063 3595 cap.
2097 3520 2162 3572 73
2192 3534 2203 3571 :
2242 3539 2269 3565 ‹‹
2302 3519 2371 3572 Ut
2398 3516 2634 3573 dicendi
2677 3517 2868 3586 gratia
2917 3517 2995 3572 ad
3035 3516 3354 3585 civitatem,
3388 3514 3481 3569 vel
3511 3515 3587 3571 ad

1929 3604 2063 3659 loca
2118 3603 2438 3660 constituta
2509 3603 2843 3675 presbyteri
2897 3603 3137 3660 veniant
3204 3602 3591 3675 quadragesi-

1930 3692 2076 3749 mali
2134 3697 2424 3763 tempore.
2462 3716 2487 3740 ››
2544 3695 2755 3747 Postea
2785 3706 2924 3746 vero
2954 3689 3112 3751 istud
3153 3694 3447 3745 mutatum
3480 3694 3586 3759 est,

1930 3782 2299 3854 vetitumque
2348 3796 2422 3837 ne
2471 3778 2802 3855 presbyteri
2858 3778 2933 3835 ad
2992 3777 3289 3834 civitatem
3320 3777 3589 3833 discendi

1930 3871 2121 3945 gratia
2149 3870 2390 3927 veniant
2443 3868 2972 3945 quadragesimali,
3010 3872 3075 3925 ut
3122 3871 3285 3941 patet
3318 3884 3391 3923 ex
3424 3868 3589 3937 Regi-

1927 3971 2089 4027 none‘
2115 3960 2216 4017 lib.
2252 3977 2289 4029 ι,
2322 3977 2455 4034 cap.
2484 3964 2550 4015 76
2578 3978 2589 4015 :
2640 3959 2798 4019 unde
2838 3958 2897 4015 in
2927 3958 3079 4015 libro
3110 3975 3192 4014 vn
3237 3957 3582 4032 Capitular.,

1934 4051 2049 4119 108,
2083 4050 2372 4123 scriptum
2403 4054 2491 4107 est
2544 4048 2892 4122 simpliciter
2922 4048 3156 4122 absque
3188 4054 3331 4105 nota
3359 4053 3588 4122 tempo-

1924 4141 2005 4196 ris
2041 4159 2052 4197 :
2085 4162 2111 4187 «
2148 4142 2217 4195 Ut
2240 4139 2655 4213 unusquisque
2700 4138 3013 4213 presbyter
3041 4154 3148 4213 per
3180 4136 3449 4213 singulos
3479 4154 3586 4194 an-

1924 4242 2035 4283 nos
2067 4228 2353 4302 episcopo
2385 4244 2494 4282 suo
2542 4227 2837 4284 rationem
2887 4218 3195 4284 ministerii
3235 4228 3325 4283 sui
3350 4227 3582 4299 reddat,

1880 4316 1889 4367 ,'
1926 4321 2045 4372 tam
2077 4316 2151 4373 de
2182 4316 2300 4373 fide
2332 4316 2644 4386 catholica,
2695 4333 2881 4391 quam
2928 4316 3002 4373 de
3029 4317 3352 4390 baptismo,
3404 4321 3583 4391 atque

1923 4405 1998 4463 de
2026 4405 2190 4462 omni
2237 4405 2445 4461 ordine
2490 4406 2796 4467 ministerii
2830 4407 2939 4467 sui.
2997 4407 3109 4462 Sed
3140 4405 3422 4478 quamvis
3452 4422 3582 4459 mu-

1924 4496 2113 4550 tatum
2170 4498 2326 4551 esset
2383 4499 2621 4568 tempus
2691 4510 2814 4568 quo
2877 4493 3075 4553 venire
3143 4484 3222 4548 ad
3281 4492 3579 4548 civitatem

1922 4583 2253 4656 presbyteri
2307 4582 2609 4638 debebant
2678 4598 2787 4654 pro
2833 4582 3213 4654 inquisitione
3272 4579 3581 4635 ministerii

1925 4672 2017 4728 sui
2042 4676 2097 4728 et
2151 4678 2215 4729 ut
2268 4672 2445 4729 simul
2498 4672 2813 4733 redderent
2869 4672 3159 4728 rationem
3210 4667 3581 4727 villieationis

1920 4778 2043 4818 suae
2094 4767 2292 4818 tamen
2357 4761 2641 4832 manebat
2710 4761 3049 4817 constitutio
3109 4759 3208 4814 illa
3262 4775 3398 4832 quae
3452 4773 3581 4831 pre-

1921 4851 2194 4924 sbyteros
2244 4819 2428 4907 semel
2470 4851 2529 4907 in
2595 4867 2756 4908 anno
2811 4850 3012 4908 statuit
3076 4848 3153 4907 ad
3224 4819 3576 4922 episcopum

1919 4940 1981 4998 in
2062 4942 2360 4998 civitatem
2405 4941 2602 5005 venire
2659 4936 2894 5014 Synodo
2924 4941 3053 5011 ejus
3082 4938 3484 5015 interfuturos,
3513 4942 3578 5009 ut

1919 5030 2293 5106 patetetiam
2336 5048 2407 5088 ex
2462 5030 2714 5087 concilio
2763 5029 3085 5089 Arelatensi
3137 5045 3215 5097 VI,
3250 5045 3383 5103 cap.
3414 5033 3467 5085 4.
3512 5033 3574 5085 ln

1918 5121 2032 5177 hac
2062 5136 2203 5191 ergo
2231 5120 2487 5193 synodo,
2519 5124 2655 5193 post
2682 5118 2900 5181 lectum
2933 5116 3342 5190 Evangelium,
3370 5114 3572 5176 diaco-

1918 5226 2034 5265 nus
2061 5208 2298 5282 publice
2329 5207 2568 5277 legebat
2590 5206 3056 5270 admonitionem
3084 5206 3159 5275 de
3180 5223 3304 5282 qua
3323 5225 3465 5277 mox
3486 5208 3572 5264 di-

1918 5296 2224 5361 cebamus,
2246 5300 2310 5351 ut
2338 5299 2499 5369 patet
2528 5311 2601 5351 ex
2629 5294 2886 5351 editione
2916 5295 3187 5367 ejusdem
3210 5295 3571 5352 Admonitio-

1916 5386 2008 5442 nis
2037 5402 2173 5458 quae
2202 5384 2449 5459 praeﬁxa
2469 5389 2556 5451 est
2585 5385 2822 5442 decreto
2867 5386 3212 5457 Burchardi,
3244 5386 3347 5449 ubi
3378 5386 3461 5449 sic
3486 5384 3567 5439 le-

1915 5475 2106 5546 gitur:
2158 5472 2500 5531 Admonitio
2547 5476 2608 5532 in
2656 5476 2909 5547 synodo,
2951 5475 3118 5534 ﬁnito
3162 5473 3503 5548 Evangelio,
3533 5489 3570 5535 a

1917 5565 2175 5623 diacono
2206 5564 2482 5637 legenda,
2514 5566 2766 5647 epicopo
2797 5571 2853 5627 et
2888 5567 3111 5629 caeteris
3140 5566 3199 5629 in
3240 5565 3447 5633 ordine
3478 5578 3568 5617 se-
