4034 6182
366 158 469 210 407

1743 138 2082 198 STEPHANI
2135 141 2425 195 BALUZII.

3694 132 3800 185 {-08

370 276 672 334 dentibus.
707 298 733 323 ››
762 272 919 329 Istud
941 272 1140 344 ipsum
1162 270 1452 343 probatur
1480 285 1549 323 ex
1568 269 1799 323 vetusto
1824 264 2027 321 codice
2065 266 2112 318 A
2142 268 2315 320 erant
2338 262 2700 335 presbyteris
2739 261 2801 316 in
2860 259 3096 332 synodo
3126 257 3455 314 civitatensi
3495 254 3804 311 residentb

369 371 575 425 nostro
621 382 759 430 ms.,
806 361 912 417 ubi
938 362 1066 416 haec
1113 359 1430 429 leguntur:
1467 380 1492 406 ‹‹
1545 360 1757 413 Postea
1798 355 2029 423 legatur

376 453 763 525 Evangelium
796 448 968 505 solito
997 464 1183 503 more.
1216 448 1555 517 Respiciens
1584 447 1753 501 Jesus
1774 444 2031 512 discipu-

376 549 484 613 tos,
514 545 665 600 dixit
696 540 926 598 Simoni
950 538 1167 594 Petro:
1207 538 1272 593 Si
1300 537 1635 608 peccaverit
1660 536 1723 590 in
1754 540 1807 591 te
1833 535 2033 603 frater

376 643 533 691 tuus.
592 631 930 703 Sequantur
986 632 1213 700 septem
1285 625 1503 700 psalmi
1557 642 1695 679 cum
1753 622 2033 697 precibus

374 722 598 796 quibus
656 716 1007 792 placuerint.
1070 716 1296 782 Quibus
1366 714 1567 783 ﬁnitis,
1639 712 1922 786 episeOpo
1978 714 2037 765 et

376 809 600 867 caeteris
649 809 709 865 in
769 806 977 863 ordine
1027 804 1396 871 sedentibus,
1430 820 1466 859 a
1515 803 1771 859 diacono
1802 801 2035 870 legatur

374 902 501 955 haec
533 895 876 953 Admonitio
903 911 915 949 :
965 895 1210 950 Fratres
1230 893 1590 963 presbyteri,
1624 914 1651 940 ››
1683 896 1792 946 etc.
1823 892 2038 945 Postea

376 982 784 1040 introductum
816 984 905 1035 est
931 982 997 1034 ut
1019 977 1182 1033 illam
1213 977 1532 1049 episcopus
1575 975 1811 1045 legeret,
1846 975 1895 1030 si
1927 973 2038 1029 vel-

380 1068 476 1123 let.
510 1070 658 1123 Nam
687 1064 747 1119 in
796 1062 1011 1120 Ordine
1044 1064 1334 1130 Romano,
1383 1077 1522 1116 cum
1554 1065 1799 1115 ventum
1845 1062 1933 1115 est
1958 1057 2038 1114 ad

378 1158 541 1212 hunc
594 1155 815 1218 locum,
862 1168 971 1225 pro
1001 1167 1072 1207 eo
1119 1151 1280 1223 quod
1329 1150 1518 1206 codex
1551 1154 1752 1205 noster
1790 1148 1972 1204 habet
2001 1163 2038 1204 a

380 1247 633 1301 diacono
665 1245 903 1312 tegatur
931 1245 1066 1309 etc.,
1096 1240 1177 1295 ita
1204 1240 1491 1312 scriptum
1521 1244 1638 1295 est:
1673 1238 1747 1295 ab
1774 1239 1897 1307 ipso
1925 1237 2043 1307 epi-

382 1351 526 1404 copo
557 1334 678 1390 sive
703 1348 740 1388 a
770 1332 1022 1387 diacono
1051 1346 1127 1387 ea;
1152 1331 1339 1400 ipsius
1361 1344 1620 1400 persona
1652 1330 1890 1399 legatur
1920 1328 2043 1383 haec

383 1423 731 1481 admonitio.
788 1423 1060 1487 Demum,
1111 1436 1250 1474 eum
1295 1419 1519 1474 nollent
1572 1417 1899 1473 diaconum
1946 1415 2043 1470 hic

384 1527 560 1582 agere
586 1509 930 1567 ministrum
962 1508 1247 1580 episcopi,
1271 1507 1638 1563 mentionem
1670 1506 1798 1577 ejus
1829 1504 1907 1560 ab
1930 1504 2044 1560 hoc

2143 353 2279 408 bus.
2307 354 2501 418 Quam
2531 350 2888 407 sententiam
2915 348 3233 405 conﬁrmat
3262 351 3316 402 et
3341 344 3675 402 hodiernus
3708 347 3803 398 Ec-

2142 442 2338 498 clesiae
2365 457 2533 510 usus,
2554 440 2888 497 secundum
2908 454 3092 511 quem
3118 452 3191 492 ea
3216 434 3809 505 Admonitio,quam

2140 530 2231 586 vis
2269 530 2527 586 multum
2582 529 2821 585 diversa
2884 532 2941 583 et
2970 530 3202 582 mutata
3258 524 3335 580 ab
3364 523 3465 579 illa
3492 521 3702 591 veteri,
3730 520 3810 576 ab

2142 619 2427 691 episcopo
2456 619 2699 674 mitrato
2728 616 2940 687 legitur
2986 613 3284 670 residente
3339 613 3400 668 in
3430 625 3543 667 sua
3569 605 3810 681 synodo

2141 708 2502 765 dioecesana.
2552 710 2836 763 Praeterea
2865 722 3003 761 cum
3035 704 3136 760 illa
3169 702 3496 776 antiquitus
3536 700 3599 755 in
3630 695 3811 753 variis

2149 796 2335 870 534,
2356 796 2701 866 regionibus
2733 811 2802 851 ac
2832 792 3193 849 diceeesibus
3223 790 3439 847 usitata
3471 787 3667 853 fuerit,
3699 799 3814 857 par

2144 890 2233 942 est
2257 885 2594 941 existimare
2623 884 2849 940 factum
2894 882 2954 937 id
2986 880 3066 937 ab
3092 878 3390 953 episcopis
3421 894 3495 933 ex
3524 873 3812 931 formula.

2146 979 2293 1032 Nam
2320 992 2433 1031 usu
2463 974 2764 1043 cognitam
2788 972 2973 1028 fuisse
2990 971 3053 1026 in
3068 970 3355 1042 Hispania
3375 963 3816 1024 Tarraconensi

2148 1079 2220 1119 ex
2246 1079 2318 1118 eo
2348 1062 2544 1133 colligi
2596 1061 2840 1118 abunde
2868 1064 3066 1135 potest
3096 1057 3263 1131 quod
3288 1052 3593 1128 descripta
3641 1067 3817 1125 repe-

2148 1153 2295 1209 ritur
2324 1153 2384 1209 in
2412 1152 2820 1209 vetustissimo
2877 1150 3087 1206 codice
3119 1165 3229 1204 ms.
3277 1144 3629 1203 monasterii
3663 1144 3818 1199 Rivi-

2150 1243 2441 1317 pullensis
2485 1243 2547 1298 in
2604 1241 2849 1297 dioecesi
2878 1239 3240 1295 Ausonensi.
3292 1241 3400 1293 Pro
3432 1234 3598 1292 Italia
3628 1233 3819 1289 ﬁdem

2152 1332 2327 1389 faciet
2355 1330 2664 1387 Ratherius
2719 1329 3041 1403 episcopus
3098 1325 3474 1396 Veronensis,
3514 1324 3626 1397 qui
3654 1321 3819 1378 illam

2152 1426 2338 1477 totam
2368 1421 2662 1491 integram
2692 1419 2940 1475 inseruit
2971 1418 3032 1473 in
3064 1434 3173 1473 suo
3203 1431 3479 1472 sermone
3513 1411 3817 1485 synodali,

2153 1510 2256 1584 qui
2301 1509 2497 1566 editus
2532 1513 2621 1565 est
2651 1509 2713 1565 in
2738 1513 2905 1564 tomo
2936 1506 3202 1563 secando
3255 1503 3541 1579 spicilegii
3596 1500 3818 1557 Dache-

384 1603 517 1657 loco
570 1598 954 1655 sustulerunt-
1013 1602 1076 1652 ln
1108 1596 1435 1652 Pontiﬁcali
1490 1596 1717 1668 quippe
1770 1597 2043 1650 Romano
2070 1613 2115 1667 Β
2154 1600 2327 1657 riani.
2390 1604 2452 1656 In
2497 1598 2881 1655 Germaniam
2932 1597 3193 1669 denique
3249 1597 3601 1668 penetrasse
3651 1591 3823 1646 docet

385 1687 700 1759 Augustini
728 1685 958 1743 Patricii
986 1685 1061 1740 de
1100 1684 1561 1741 Pilocominibus
1590 1682 1855 1757 episcopi
1885 1682 2039 1738 Pien-

389 1776 492 1833 tini
521 1792 593 1831 ac
621 1775 683 1830 in
714 1773 828 1829 illis
880 1790 1015 1846 qure
1060 1777 1269 1846 postea
1310 1788 1456 1828 cusa
1507 1776 1648 1828 sunt
1675 1772 1756 1827 ita
1811 1770 2044 1841 legitur,

384 1868 551 1925 nulla
579 1865 817 1923 diaconi
844 1866 1173 1921 mentione:
1206 1887 1232 1912 ‹‹
1271 1867 1524 1920 Demum
1548 1863 1816 1936 pontifex
1848 1861 2048 1919 adhuc

388 1958 448 2014 in
502 1954 641 2012 sede
693 1954 980 2027 praedicta
1038 1970 1178 2010 cum
1226 1954 1404 2010 mitra
1462 1953 1698 2022 sedens,
1752 1952 1800 2009 si
1830 1952 2049 2025 placet,

385 2046 782 2114 congregatos
835 2041 1123 2098 admonet
1179 2045 1234 2097 et
1277 2041 1623 2098 exhortatur
1677 2041 1794 2097 sub
1838 2041 2049 2111 hujus-

387 2130 553 2187 modi
579 2129 805 2187 verbis:
838 2130 1085 2186 Fratres
1119 2129 1291 2202 533
1343 2131 1764 2197 charissima»)
1789 2135 1898 2186 etc.
1934 2127 2050 2186 Sed

388 2220 708 2277 redeamus
765 2219 843 2276 ad
895 2219 1331 2292 antiquitatem.
1378 2219 1598 2275 Deinde
1640 2219 1961 2292 episcopus
1990 2218 2052 2274 in

390 2308 630 2383 synodo
674 2309 1150 2382 uniuscujusque
1181 2308 1479 2381 parmciaa,
1528 2325 1667 2365 cum
1698 2308 2051 2365 visitationis

390 2417 613 2458 munus
628 2400 853 2468 obibat,
876 2400 1256 2474 presbyteros
1293 2399 1700 2470 interrogabat
1718 2400 2054 2456 secundum

393 2489 592 2547 titulos
622 2489 1033 2546 admonitione
1064 2488 1166 2545 illa
1206 2490 1699 2562 comprehensos.
1741 2489 2051 2561 Synodum

394 2577 603 2635 vocavi
660 2578 1058 2634 visitationem
1108 2577 1393 2651 episcopi,
1449 2577 1682 2634 concilii
1731 2578 2056 2634 Rothoma-

394 2667 595 2737 gensis
654 2667 1004 2723 auctoritate
1052 2667 1273 2723 fretus:
1331 2666 1454 2736 ubi,
1484 2670 1662 2739 prout
1691 2682 1728 2722 a
1752 2666 2057 2736 Reginone

399 2755 685 2811 laudatur
715 2754 776 2811 in
816 2755 982 2811 initio
1035 2754 1170 2811 libri
1197 2754 1465 2823 secundi,
1497 2753 1839 2827 praecipitur
1863 2753 2058 2810 archi-

397 2843 670 2901 diaconis
704 2847 760 2900 et
785 2842 1317 2917 archipresbyteris
1360 2842 1466 2914 qui
1496 2841 1791 2915 parmcias
1820 2841 2059 2898 visitant

398 2949 539 2989 cum
568 2932 876 3004 episcopo,
933 2931 1017 2987 uti
1049 2947 1188 2987 eum
1240 2932 1289 2986 is
1320 2930 1398 2986 ad
1430 2929 1697 3003 aliquam
1741 2929 2059 2987 ecclesiam

398 3035 752 3077 accessurus
806 3023 913 3088 est,
945 3018 999 3074 ei
1052 3022 1317 3091 praeeunt
1363 3034 1485 3075 uno
1524 3018 1617 3075 vel
1673 3017 1916 3074 duobus
1942 3018 2061 3075 die-

400 3108 537 3179 bus,
567 3105 930 3180 plebemque
957 3105 1327 3163 admoneant
1355 3112 1421 3161 ut
1475 3121 1673 3163 omnes
1702 3107 1785 3163 ad
1803 3108 1931 3177 ejus
1959 3122 2060 3178 sy-

399 3196 621 3253 nodum
644 3195 741 3252 die
768 3196 1154 3253 denominata
1200 3197 1680 3266 impravtermisse
1708 3202 2055 3253 occurrant.

403 3284 518 3342 Sed
543 3284 690 3358 quid
721 3300 896 3357 opus,
921 3284 1174 3357 inquies,
1208 3288 1271 3340 ut
1301 3284 1506 3357 plebes
1538 3284 1694 3341 adsit
1721 3285 1782 3341 in
1812 3284 2062 3342 ecclesia

401 3390 540 3431 cum
570 3373 876 3447 episcopo,
927 3374 1175 3447 quando
1219 3373 1315 3429 ille
1358 3373 1557 3430 visitat
1600 3374 1894 3446 parmcias
1937 3391 2060 3430 suae

399 3462 773 3518 dioeceseos?
829 3462 1114 3530 Primum,
1173 3461 1464 3535 quoniam
1519 3461 1839 3535 episcopus
1867 3463 2063 3536 inqui-

404 3553 626 3608 siturus
671 3555 797 3608 erat
826 3551 902 3608 de
953 3552 1073 3608 vita
1098 3557 1155 3608 et
1183 3552 1635 3609 conversatione
1687 3553 2062 3626 presbytero-

402 3658 537 3698 rum
567 3657 637 3698 ac
691 3641 1069 3714 sequentium
1120 3641 1493 3709 clericorum,
1520 3641 1928 3698 testimonium
1957 3642 2063 3697 ha-

401 3730 670 3788 bendum
693 3734 821 3786 erat
848 3730 1195 3786 Christianas
1225 3730 1419 3804 plebis
1447 3747 1581 3804 quae
1610 3730 1725 3787 illic
1749 3731 1876 3787 vice
1909 3731 2067 3789 Chri-

402 3822 473 3877 sti
501 3820 841 3890 regebatur.
898 3819 1013 3876 Sed
1060 3823 1349 3892 praeterea
1391 3819 1712 3893 episcopus
1738 3820 1799 3875 in
1830 3819 2066 3894 synodo

402 3910 503 3966 illa
555 3908 965 3977 interrogabat
1013 3908 1192 3963 etiam
1223 3908 1297 3963 de
1354 3908 1471 3964 vita
1500 3908 1812 3977 laicorum,
1854 3911 1902 3965 si
1932 3909 2068 3982 quis

404 3998 680 4053 videlicet
728 3997 1044 4063 incestum,
1099 3995 1461 4052 adulterium
1510 4001 1614 4052 aut
1673 3997 2066 4055 homicidium

406 4084 831 4154 commisisset,
864 4083 912 4138 si
942 4084 1078 4156 quis
1124 4083 1352 4140 alienas
1382 4100 1475 4140 res
1503 4085 1822 4157 rapuisset,
1853 4090 1910 4143 et
1938 4087 2067 4160 plu-

408 4175 564 4229 rima
592 4174 695 4244 buj
707 4172 1034 4239 uscemodi,
1059 4178 1121 4228 ut
1148 4177 1312 4245 patet
1332 4190 1403 4229 ex
1434 4174 1736 4244 Reginone
1760 4175 2065 4249 lib.1,cap.

410 4267 439 4316 7
473 4265 530 4317 et
563 4265 647 4328 l0,
680 4265 737 4317 et
764 4259 868 4316 lib.
897 4276 959 4327 11,
992 4276 1125 4333 cap.
1250 4264 1328 4317 Ea
1357 4277 1542 4318 causa
1573 4266 1700 4320 erat
1726 4263 2068 4321 adunandae

410 4349 606 4423 plebis
654 4348 1090 4406 ecclesiasticae.
1137 4353 1329 4423 Atque
1354 4350 1417 4406 in
1448 4355 1655 4408 sancta
1705 4351 1806 4409 illa
1840 4353 2068 4426 prisco-

409 4455 546 4494 rum
574 4439 1001 4511 episcoporum
1031 4453 1177 4495 cura
1206 4443 1263 4495 et
1307 4438 1614 4510 diligentia
1651 4443 1880 4514 positus
1904 4442 2073 4499 haud

412 4526 594 4585 dubie
652 4532 778 4584 erat
803 4542 1028 4583 nervus
1066 4527 1478 4585 ecclesiasticae
1529 4529 1899 4603 disciplinae;
1952 4547 2077 4605 qua

410 4622 642 4687 ruente,
674 4633 921 4674 necesse
946 4623 1035 4675 est
1080 4618 1287 4675 omnia
1316 4619 1378 4674 in
1437 4620 1612 4692 pejus
1641 4636 1813 4676 ruere
1838 4626 1895 4678 et
1920 4627 2077 4678 retro

411 4706 679 4780 collapsa
700 4707 921 4764 referri.
959 4708 1136 4777 Igitur
1161 4712 1225 4764 ut
1253 4707 1334 4764 ad
1359 4724 1486 4764 rem
1514 4709 1713 4782 ipsam
1737 4711 2074 4780 veniamus,

413 4796 496 4851 sic
518 4797 873 4853 constituere
914 4813 1263 4869 possumus,
1313 4797 1761 4869 Inquisitionem
1799 4799 1985 4869 illam,
2012 4806 2078 4859 ut

413 4888 470 4939 et
518 4884 1025 4952 Admonitionem,
1076 4900 1200 4941 non
1246 4884 1425 4940 unius
1469 4887 1807 4959 cujuspiam
1857 4888 2075 4944 dioece-

414 4987 549 5026 seos
605 4972 811 5042 fuisse,
867 4973 973 5028 sed
1038 4974 1377 5043 generalem
1453 4976 1747 5046 omnium,
1804 4978 2077 5051 adeoque

419 5075 537 5114 usu
588 5067 895 5135 receptam
941 5079 1049 5135 per
1105 5079 1318 5119 omnes
1378 5065 1709 5121 Occidentis
1778 5067 2076 5135 regiones.

418 5148 907 5207 Admonitionem
939 5168 1103 5218 sane,
1137 5153 1231 5208 cui
1257 5155 1623 5228 respondent
1649 5155 1795 5212 tituli
1825 5157 2077 5229 Inquisi-

420 5238 618 5308 tionis,
652 5256 759 5312 per
789 5257 1003 5296 omnes
1051 5242 1270 5316 ubique
1305 5244 1469 5301 orbis
1510 5246 1698 5302 nostri
1744 5245 2078 5319 provincias

422 5332 777 5401 usurpatam
830 5328 1013 5389 fuisse
1066 5331 1205 5388 hinc
1274 5333 1470 5405 colligi
1530 5339 1727 5408 potest
1795 5336 1957 5407 quod
2016 5337 2079 5393 in

422 5415 614 5473 fronte
639 5417 987 5494 Burchardi,
1006 5420 1088 5477 uti
1108 5422 1241 5494 jam
1270 5423 1792 5496 adnotavimus,et
1810 5425 1870 5482 in
1898 5426 2079 5483 veteri

422 5507 628 5563 codice
658 5512 865 5565 nostro
910 5527 1028 5566 ms.
1059 5512 1363 5586 descripta
1392 5519 1479 5571 est
1509 5520 1799 5588 tanquam
1822 5516 2081 5574 formula

416 5613 626 5654 eorum
656 5614 793 5671 quae
821 5598 899 5656 ab
939 5617 1306 5677 unoquoque
1345 5605 1628 5678 episcopo
1663 5607 2078 5663 annuntianda

1808 5897 1833 5907 ν

2155 1690 2334 1745 editio
2377 1688 2478 1744 illa
2507 1686 2835 1743 Burchardi
2864 1701 3052 1759 quam
3095 1700 3277 1757 supra
3325 1680 3820 1745 memoravimus,

2156 1784 2285 1835 tum
2314 1778 2494 1834 etiam
2517 1782 2688 1833 vetus
2739 1775 2930 1832 codex
2981 1791 3097 1831 ms.
3131 1772 3473 1830 monasterii
3514 1768 3821 1827 Nereshei-

2157 1867 2381 1924 mensis
2410 1867 2471 1922 in
2502 1865 2743 1922 dioecesi
2771 1869 3143 1935 Augustana,
3167 1863 3269 1918 ubi
3296 1862 3394 1917 illa
3424 1859 3692 1917 habetur
3717 1857 3822 1912 sub

2157 1958 2327 2016 titulo
2358 1957 2653 2014 sermonis
2676 1955 3005 2030 synodalis.
3029 1956 3193 2011 Hunc
3223 1966 3562 2009 sermonem
3596 1953 3822 2006 Marem

2159 2044 2434 2101 Velserus
2464 2043 2767 2100 edendum
2813 2042 2979 2099 dedit
3002 2040 3264 2115 primum
3293 2039 3519 2096 Iacobo
3550 2041 3825 2093 Gretsero

2160 2135 2222 2190 in
2251 2133 2412 2190 calce
2471 2132 2777 2206 Apologia
2831 2131 3203 2198 Baronianze,
3258 2143 3398 2202 pag.
3432 2131 3577 2196 457;
3609 2125 3824 2182 deinde

2164 2238 2305 2278 vero
2333 2220 2613 2277 Severino
2639 2220 2803 2276 Binio
2854 2220 2916 2275 in
2948 2217 3214 2276 secunda
3258 2215 3668 2272 Conciliorum
3708 2212 3825 2267 edi-

2162 2312 2342 2367 tione.
2370 2312 2613 2379 Frustca
2641 2325 2822 2382 porro
2851 2313 2910 2364 et
2932 2307 3093 2363 idem
3118 2306 3388 2362 Velserus
3412 2323 3426 2372 ;
3454 2304 3562 2377 qui
3591 2306 3823 2376 propte-

2162 2416 2267 2456 rea
2295 2399 2481 2472 quod'
2512 2384 2701 2454 codex
2748 2396 2845 2453 ille
2900 2394 3365 2453 Nereshimensis
3421 2393 3691 2466 scriptus
3749 2396 3829 2445 est

2165 2505 2327 2547 anno
2371 2491 2506 2545 1009
2538 2487 2836 2544 existimat
2875 2491 3154 2543 sanctum
3203 2483 3548 2542 Udalricum
3606 2481 3830 2554 episco-

2165 2595 2314 2653 pum
2344 2581 2763 2649 Augustanum
2791 2576 2959 2632 istius
3003 2573 3296 2632 sermonis
3338 2576 3650 2629 auctorem
3683 2584 3828 2625 esse.

2166 2671 2429 2734 Frustra,
2461 2666 2735 2739 inquam,
2764 2680 2905 2721 cum
2949 2680 3019 2720 ex
3052 2664 3143 2720 his
3183 2677 3320 2737 quae
3346 2661 3507 2717 dicta
3534 2660 3830 2716 hactenus

2168 2762 2308 2813 sunt
2334 2754 2505 2813 facile
2534 2753 2730 2825 colligi
2755 2754 2944 2828 possit
2993 2751 3480 2808 Admonitionem
3508 2748 3612 2805 illa
3642 2747 3833 2804 multo

2169 2845 2571 2919 antiquiorem
2629 2859 2761 2899 esse
2826 2847 3034 2899 sancto
3103 2840 3394 2898 Uldarico.
3476 2838 3835 2895 Existimant

2169 2934 2351 3007 vulgo
2378 2933 2684 2989 conditam
2714 2931 2877 2988 illam
2936 2932 3122 2987 fuisse
3150 2946 3186 2986 a
3218 2932 3411 2986 Leone
3452 2928 3522 2982 IV
3551 2927 3837 3000 pontiﬁce

2170 3028 2461 3091 Romano,
2495 3023 2591 3078 cui
2620 3021 2784 3078 illam
2831 3021 3099 3077 tribuunt
3127 3017 3402 3075 nonnulli
3429 3017 3653 3073 vetusti
3682 3015 3838 3073 codi-

2170 3129 2288 3169 ces.
2322 3111 2437 3170 Sed
2461 3126 2574 3183 ego
2601 3114 2749 3185 puto
2778 3109 2944 3167 illam
2978 3112 3168 3165 Leone
3193 3106 3597 3179 antiquiorem
3621 3121 3763 3160 esse
3787 3109 3841 3160 et

2169 3200 2383 3257 eodem
2422 3215 2671 3272 prorsus
2703 3202 2973 3270 tempore
3003 3196 3315 3253 emersisse
3371 3210 3497 3268 quo
3525 3193 3841 3266 Inquisitio

2169 3288 2410 3362 prodiit.
2441 3289 2505 3343 In
2530 3303 2602 3344 ea
2629 3302 2769 3344 vero
2802 3285 3097 3343 sententia
3126 3284 3375 3340 omnino
3403 3299 3565 3349 sum,
3597 3285 3671 3338 ut
3701 3297 3842 3355 quo-

2170 3378 2334 3435 niam
2363 3376 2656 3433 nonnulla
2681 3377 2741 3432 in
2763 3375 3149 3449 lnquisitione
3188 3373 3570 3429 continentur
3622 3372 3840 3427 adver-

2172 3485 2274 3523 sus
2305 3482 2581 3541 paganos
2609 3471 2667 3523 et
2701 3481 2900 3522 mores
2931 3482 3002 3520 ac
3030 3462 3482 3536 superstitiones
3511 3477 3549 3517 a
3576 3460 3839 3532 paganis

2172 3555 2623 3627 descendentes,
2655 3558 2863 3628 putem
2917 3553 3082 3609 illam
3139 3552 3319 3607 fuisse
3348 3549 3667 3606 conditam
3720 3564 3845 3603 mro

2175 3645 2367 3702 sancti
2394 3644 2676 3701 Bonifacii
2703 3641 3135 3716 archiepiscOpi
3179 3640 3526 3711 Moguntini,
3557 3644 3668 3695 aut
3697 3642 3845 3693 certe

2175 3751 2299 3791 non
2324 3735 2405 3790 ita
2436 3733 2624 3790 multo
2649 3737 2808 3807 post,
2826 3732 3082 3788 subinde
3109 3748 3248 3808 vero
3280 3735 3524 3786 auctam
3555 3734 3613 3784 et
3645 3743 3849 3785 emen-

2175 3825 2380 3882 datam
2438 3839 2549 3897 pro
2595 3823 2777 3879 variis
2833 3821 3227 3878 Ecclesiarum
3277 3837 3349 3876 ac
3390 3819 3847 3893 provinciarum

2177 3913 2713 3972 consuetudinibus
2770 3916 2825 3969 et
2869 3911 3141 3968 moribus
3171 3910 3563 3983 populorum.
3594 3908 3849 3964 Multum

2176 4004 2413 4061 interim
2438 4003 2731 4059 debemus
2775 4002 3086 4072 Reginoni,
3136 4000 3239 4073 qui
3270 3999 3446 4054 nobis
3474 3997 3712 4054 illustre
3741 3998 3850 4052 hoc

2178 4092 2546 4167 antiquitatis
2595 4095 3059 4148 monumentum
3117 4088 3493 4145 conservavit
3520 4087 3852 4157 integrum,

2179 4182 2451 4255 adeoque
2500 4180 2703 4236 locum
2749 4180 2914 4236 dedit
2940 4179 3079 4235 huic
3133 4180 3352 4234 nostrae
3406 4171 3852 4231 observationi.

2182 4271 2525 4345 Optandum
2559 4274 2759 4327 autem
2790 4275 2946 4325 esset
2970 4273 3035 4324 ut
3062 4264 3588 4341 quemadmodum
3625 4263 3861 4318 Admo-

2182 4360 2327 4416 nitio
2378 4358 2660 4415 retinetur
2708 4372 2929 4427 magna
2970 4374 3040 4412 ex
3071 4359 3262 4428 parte,
3293 4354 3375 4410 ita
3417 4352 3742 4426 Inquisitio
3773 4364 3855 4404 re-

2181 4452 2497 4504 vocaretur
2548 4447 2608 4503 in
2638 4463 2820 4502 usum
2873 4462 2909 4502 a
2958 4443 3346 4501 sanctissimis
3402 4441 3607 4497 saeculi
3670 4437 3860 4495 nostri

2184 4537 2503 4612 episcopis,
2539 4541 2603 4593 ut
2630 4552 2752 4593 una
2781 4535 3109 4609 disciplinae
3140 4533 3334 4589 forma
3384 4537 3543 4588 esset
3566 4531 3631 4586 in
3662 4528 3861 4586 omni-

2184 4627 2323 4694 bus,
2379 4631 2435 4683 et
2473 4630 2537 4681 ut
2586 4624 2903 4681 miserrimi
2958 4622 3402 4680 rusticanarum
3456 4618 3863 4676 ecclesiarum

2185 4714 2540 4788 presbyteri,
2593 4713 2701 4786 qui
2741 4712 3072 4769 maximam
3121 4714 3355 4783 partem
3418 4707 3597 4780 535
3640 4720 3863 4763 eorum

2186 4821 2320 4878 quae
2343 4803 2761 4860 Admonitione
2788 4805 2846 4857 et
2877 4799 3258 4873 lnquisitione
3280 4797 3670 4853 continentur
3696 4806 3865 4868 pror-

2190 4910 2294 4949 sus
2323 4893 2620 4964 ignorant,
2654 4891 2733 4947 ad
2789 4890 3191 4959 cognitionem
3236 4887 3617 4943 traherentur
3658 4889 3723 4939 et
3750 4888 3870 4937 stu-

2188 4981 2357 5038 dium
2389 4997 2598 5037 earum
2639 4995 2839 5036 rerum
2870 4994 3024 5051 quas
3049 4977 3212 5049 ipsos
3243 4975 3390 5031 scire
3436 4971 3870 5051 necessarium

2188 5070 2438 5126 omnino
2467 5074 2555 5126 est
2584 5074 2650 5126 ut
2672 5068 2825 5124 iram
2856 5067 3040 5123 vitare
3073 5064 3302 5139 possint
3339 5063 3567 5119 summi
3594 5050 3874 5135 pastoris

2187 5163 2503 5233 pastorum
2532 5157 2768 5215 Domini
2792 5157 2983 5213 nostri
3001 5158 3141 5212 Iesu
3172 5152 3402 5211 Christi.
3436 5154 3678 5219 Quotus
3702 5150 3875 5206 enim

2188 5248 2449 5322 quisque
2477 5252 2535 5303 et
2559 5246 2761 5317 hodie,
2811 5244 3141 5318 praesertim
3192 5242 3251 5298 in
3280 5240 3601 5314 provinciis
3644 5240 3740 5297 ab
3771 5240 3882 5295 hu-

2187 5338 2473 5395 manitate
2504 5337 2614 5394 soli
2665 5334 2915 5393 Parisini
2964 5333 3206 5399 dissitis,
3242 5332 3335 5387 cui
3363 5332 3494 5387 haec
3519 5334 3675 5386 nota.
3702 5330 3830 5384 sint
3850 5329 3879 5383 ἓ

2191 5427 2306 5485 Sed
2331 5426 2752 5500 episcoporum
2799 5425 2912 5481 ista
2970 5439 3115 5479 cura
3157 5427 3266 5487 est,
3302 5436 3426 5476 non
3473 5418 3881 5475 clericorum.

2191 5521 2394 5590 Itaque
2425 5515 2538 5589 ipsi
2566 5515 2840 5572 viderint.
2871 5517 2994 5585 Ego
3020 5529 3115 5568 me
3145 5511 3322 5583 culpa
3352 5509 3562 5565 libero.

2265 5608 2400 5663 CAP.
2435 5605 2518 5661 10.
2550 5637 2619 5646 —
2642 5605 2874 5661 Μίδεω.
2900 5605 3143 5673 plenar.
3169 5601 3252 5658 Ita
3279 5599 3472 5657 codex
3501 5596 3886 5654 Parisiensis
