3980 6182
203 133 291 187 409

1177 128 1380 184 NOTIE
1419 126 1515 181 AD
1558 123 1804 180 LIBROS
1848 120 1936 178 DE
1978 125 2262 182 ECCLES.
2310 126 2605 184 DISCIPL.

3500 136 3612 190 410

207 248 447 310 eteditio
498 248 1076 318 Helmasstadiensis;
1138 255 1194 307 et
1246 249 1627 307 consentiunt
1663 247 1844 304 etiam
1873 248 1921 301 Α
1954 248 2134 305 variis
2163 249 2238 307 de
2266 254 2421 309 terra
2451 251 2668 308 arabili
2697 252 2887 309 detur.
2924 276 2952 303 ››
3002 255 3366 328 Prasae'ptum
3419 256 3611 313 Caroli

207 354 393 397 omnes
419 338 709 395 editiones
754 339 1210 396 Admonitionis.
1269 339 1586 396 Walterius
1643 342 1845 394 tamen

207 427 642 496 Aurelianensis,
701 445 834 501 cap.
881 436 934 497 7,
989 430 1193 498 habet,
1240 430 1564 497 Missalem,
1614 429 1844 484 Psalte-

209 522 361 577 rium.
394 518 560 573 Hanc
588 516 905 575 lectionem
934 518 1184 590 adjuvat
1209 524 1393 591 caput
1429 523 1496 573 72
1546 517 1678 573 libri
1729 517 1846 590 pri-

209 610 276 667 mi
323 606 751 679 Capitularium
785 625 797 662 :
829 609 1228 679 Evangelium
1280 614 1335 664 et
1386 609 1748 664 Psalterium
1790 613 1845 662 et

206 697 444 755 Missale.
478 695 621 751 Vide
646 696 823 753 etiam
858 697 1077 753 Bedam
1108 696 1168 753 in
1199 697 1391 770 capite
1422 697 1688 753 secundo
1711 694 1846 751 libri

205 788 269 844 de
299 784 571 842 Remedis
594 789 1000 857 peccatorum.

266 878 394 933 CAP.
440 879 525 930 11.
585 906 654 914 —
714 875 952 931 Retiati.
1001 873 1191 931 Editio
1230 874 1766 931 Helmaestadiensis
1790 877 1847 930 et

204 963 455 1037 Capitula
485 963 782 1019 Hincmari
810 963 1035 1020 habent
1079 966 1338 1029 recitati,
1369 964 1558 1033 nullo,
1590 968 1655 1020 ut
1693 964 1846 1021 arbi-

204 1059 327 1119 tror,
359 1067 563 1107 sensu.
598 1055 742 1107 Nam
775 1053 948 1109 isthic
989 1069 1113 1110 non
1158 1053 1354 1125 agitur
1400 1054 1475 1109 de
1504 1052 1845 1109 recitatione

202 1141 364 1198 divini
395 1138 597 1207 ofﬁcii,
632 1139 739 1195 sed
759 1156 837 1197 an
866 1140 1001 1197 libri
1032 1142 1112 1197 ad
1140 1157 1268 1197 rem
1309 1141 1577 1197 divinam
1629 1140 1849 1197 facien-

201 1231 329 1287 dam
355 1229 682 1285 necessarii
712 1229 829 1285 sint
851 1229 1006 1287 bene
1022 1231 1250 1302 religati
1278 1235 1335 1288 et
1360 1230 1675 1303 compacti.
1698 1232 1848 1295 Que-

200 1318 586 1377 madmodum
642 1318 803 1374 enim
849 1335 1091 1377 summa
1141 1336 1286 1376 cura
1330 1319 1725 1392 providebant
1783 1322 1849 1374 ut

199 1408 324 1465 libri
350 1408 429 1464 illi
459 1408 613 1464 bene
642 1408 889 1464 correcti
914 1414 1115 1465 essent
1158 1414 1217 1465 et
1258 1406 1750 1473 emendatissimi,
1782 1412 1849 1463 ut

197 1502 349 1571 patet
373 1512 448 1553 ex
482 1497 660 1553 variis
684 1496 830 1553 locis
860 1497 1289 1570 Capitularium
1323 1503 1379 1555 et
1421 1514 1493 1553 ex
1536 1496 1847 1554 institutio-

1952 337 2117 394 Calvi
2169 355 2277 412 pro
2329 342 2695 397 monasterio
2754 342 2941 398 sancti
2998 342 3214 399 Bertini
3269 343 3331 399 in
3377 343 3608 401 Sithiu:

1956 450 1983 476 «
2016 430 2286 485 Mansum
2307 430 2807 487 indominicatum
2837 448 2977 489 cum
3000 432 3304 490 bunvariis
3331 432 3563 489 (locem.
3582 454 3610 482 ιο

1956 517 2173 574 Charta
2201 519 2478 576 Macharii
2506 524 2564 575 et
2592 520 2928 577 Gondradte
2957 537 3069 594 pro
3116 521 3362 578 ecclesia
3407 523 3613 579 Came-

1953 606 2209 675 racensi,
2243 608 2408 680 apud
2440 608 2807 665 Baldericum
2834 608 2939 665 lib.
2972 626 3013 682 ι,
3045 626 3180 685 cap.
3216 615 3283 666 52
3329 628 3343 667 :
3395 633 3423 659 «
3452 614 3612 667 Man-

1955 711 2091 750 sum
2120 694 2554 754 dominicatum
2584 713 2724 753 cum
2752 698 3015 767 castitiis,
3063 700 3144 755 ad
3190 716 3377 772 quem
3430 700 3616 773 respi-

1955 783 2121 840 ciunt
2145 784 2223 841 de
2254 788 2409 842 terra
2433 785 2645 842 arabili
2670 786 2963 844 bunvaria
2985 791 3266 860 quatuor.
3312 811 3342 838 ››
3384 788 3619 845 Glossa-

1954 873 2111 929 rium
2167 875 2360 947 Papiae
2410 894 2423 932 :
2471 899 2499 924 «
2538 877 2936 948 Bunvarium,
2994 892 3279 933 mensura
3332 878 3616 950 quaedam

1956 967 2142 1033 terrae,
2158 964 2308 1020 sicut
2333 964 2564 1036 jugera.
2582 985 2613 1017 ›
2638 966 2819 1036 Igitur
2840 981 2949 1039 per
2976 981 3263 1022 mansura
3289 965 3616 1022 habentem

1956 1051 2254 1110 bum-aria
2282 1053 2604 1110 duodecim
2640 1054 2885 1126 intelligi
2910 1054 3027 1112 deb
3038 1060 3088 1113 3t
3110 1070 3359 1112 mansus
3400 1053 3463 1110 in
3492 1070 3615 1128 quo

1956 1143 2191 1197 tantum
2216 1146 2387 1198 terrae
2416 1142 2658 1199 arabilis
2688 1144 2762 1199 sit
2788 1148 3087 1217 quantum
3114 1159 3268 1217 opus
3299 1148 3392 1200 est
3415 1143 3494 1200 ad
3528 1157 3618 1198 se-

1962 1228 2318 1286 minandum
2342 1230 2661 1287 duodecim
2682 1232 2943 1289 modios.
2968 1236 3141 1289 Juvat
3162 1232 3321 1289 hanc
3334 1232 3619 1305 interpre-

1961 1316 2245 1375 tationem
2274 1324 2444 1375 vetus
2487 1320 2693 1377 charta
2722 1323 2883 1377 Jonae
2931 1321 3196 1395 episcopi
3243 1320 3619 1392 Augustodu-

1959 1406 2185 1477 nensis,
2215 1407 2375 1464 edita
2404 1407 2464 1463 in
2508 1412 2669 1465 tomo
2717 1410 2835 1465 VIII
2891 1409 3187 1483 Spicilegii
3246 1410 3616 1478 Dacheriani,

1957 1510 2099 1568 pag.
2137 1500 2256 1564 147,
2284 1496 2409 1565 ubi,
2445 1512 2554 1568 pro
2579 1513 2650 1553 eo
2675 1499 2839 1571 quod
2882 1499 2977 1554 hic
3018 1499 3274 1555 habetur
3322 1500 3619 1556 bunvaria

198 1588 365 1645 nibus
390 1586 817 1661 episcoporum
843 1586 999 1643 illius
1047 1588 1179 1655 aevi,
1237 1587 1320 1643 ita
1366 1587 1631 1659 profecto
1673 1585 1852 1642 debe-
1887 1596 1930 1651 Β
1958 1585 2287 1652 duodecim,
2318 1584 2551 1654 legitur.
2583 1587 2754 1642 Dono
2784 1588 2961 1643 etiam
2989 1588 3051 1642 in
3077 1588 3202 1643 loco
3217 1589 3323 1659 qui
3350 1589 3620 1657 appella-

194 1676 331 1732 bant
353 1675 672 1749 providere
702 1691 778 1731 ne
802 1690 910 1748 per
934 1675 1229 1732 incuriam
1270 1675 1555 1748 dissipari
1602 1678 1850 1747 possent

197 1766 243 1821 si
271 1764 498 1835 religati
530 1780 601 1820 ac
631 1765 932 1837 compecti
955 1764 1145 1838 probe
1171 1780 1294 1821 non
1325 1765 1598 1821 fuissent.
1648 1767 1727 1820 Ea
1773 1763 1849 1818 de

192 1869 369 1910 causa
398 1854 724 1927 episcopus
751 1854 1093 1927 inquirebat
1115 1870 1224 1927 per
1240 1853 1579 1926 parcechias
1599 1869 1678 1909 an
1694 1853 1848 1909 bene

192 1942 372 1998 retiati
400 1947 625 1999 essent.
658 1942 915 1999 Retiatos
948 1948 1148 1998 autem
1178 1941 1477 2009 dixerunt,
1509 1946 1573 1997 ut
1609 1941 1848 2013 opinor,

189 2031 572 2088 similitudine
602 2032 784 2088 ducta
812 2048 850 2088 a
873 2031 1098 2088 retibus
1126 2031 1297 2087 factis
1341 2046 1413 2086 ex
1456 2030 1673 2097 nervis,
1716 2045 1851 2102 par-

190 2125 303 2176 tem
331 2135 449 2193 pro
475 2124 598 2176 toto
626 2120 1009 2193 accipientes.
1039 2122 1190 2177 Nam
1218 2119 1354 2176 libri
1393 2119 1453 2175 in
1497 2118 1680 2175 dorsa
1719 2118 1850 2174 reli—

187 2214 406 2278 gantur
431 2208 511 2265 ad
543 2225 775 2265 nervos.

253 2299 393 2354 Car.
434 2303 520 2354 12.
542 2330 611 2339 -
640 2299 939 2355 Cerarios.
968 2298 1092 2354 Lib.
1121 2314 1155 2353 v
1185 2296 1533 2369 Capitular.,
1565 2311 1699 2368 cap.
1726 2299 1849 2361 128,

182 2390 235 2442 et
258 2386 369 2443 lib.
403 2402 473 2443 ιη
506 2390 642 2457 Leg.
671 2385 1076 2455 Longobard.,
1109 2386 1192 2442 tit.
1216 2390 1269 2452 5,
1292 2400 1426 2458 cap.
1464 2390 1484 2440 t
1523 2402 1537 2440 :
1565 2387 1651 2440 De
1687 2400 1853 2441 cera-

179 2478 283 2532 riis
298 2483 363 2534 et
398 2477 724 2533 tabulariis
752 2481 809 2532 et
837 2475 1233 2531 chartulariis
1260 2477 1413 2531 sicut
1442 2490 1481 2532 a
1508 2475 1686 2545 longe
1716 2482 1855 2531 tem-

173 2581 326 2635 pore
353 2566 489 2635 fuit
518 2565 881 2621 observetur.
924 2564 1194 2620 Cerarios
1253 2563 1726 2634 Lindenbrogius
1764 2563 1856 2619 in-

178 2656 552 2726 terpretatur
579 2668 684 2708 eos
713 2652 819 2725 qui
838 2668 975 2709 cera
999 2652 1323 2722 obsignant
1350 2652 1572 2709 litteras
1613 2668 1627 2706 :
1670 2668 1855 2725 quem

180 2742 461 2815 sequitur
482 2740 902 2813 Spelmannus.
937 2741 1043 2797 Hic
1071 2738 1273 2797 tamen
1299 2740 1466 2813 apud
1488 2740 1855 2810 Reginonem

1960 1680 2063 1728 tur
2090 1674 2235 1729 Biat
2264 1680 2488 1729 terram
2520 1675 2809 1730 arabilem
2837 1676 2918 1731 ad
2944 1676 3169 1731 modios
3193 1676 3521 1732 duodecim.

2031 1764 2166 1819 Cu.
2202 1766 2287 1819 18.
2319 1794 2389 1804 -
2416 1764 2598 1821 Laico
2627 1769 2734 1819 aut
2756 1764 3014 1833 femina.
3066 1763 3408 1819 Admonitio
3439 1779 3617 1835 syno-

1958 1851 2110 1907 dalis
2140 1850 2389 1924 antiqua
2419 1868 2432 1907 :
2464 1873 2492 1901 «
2518 1854 2586 1907 Et
2605 1851 2808 1907 nullus
2838 1857 3168 1924 praesumat
3194 1851 3427 1909 tradere
3456 1867 3621 1908 com-

1959 1940 2310 1996 munionem
2342 1939 2496 1995 laico
2525 1944 2629 1996 aut
2655 1939 2889 1997 feminae
2920 1941 2999 1997 ad
3027 1940 3420 1997 deferendum
3460 1939 3621 1995 infir-

1960 2046 2081 2086 mo.
2113 2053 2141 2080 »ι
2184 2029 2286 2085 Vir
2329 2029 2697 2087 clarissimus
2758 2030 2928 2102 537
2987 2029 3272 2086 Henricus
3327 2028 3618 2099 Valesius,

1960 2136 2099 2175 cum
2150 2133 2276 2174 non
2324 2118 2823 2175 animadverteret
2888 2118 3376 2175 Admonitionem
3440 2117 3621 2172 istam

1962 2208 2151 2264 multo
2182 2207 2581 2279 antiquiorem
2610 2223 2740 2263 esse
2770 2223 2901 2262 aevo
2921 2207 3177 2264 Batherii
3203 2206 3468 2279 episcopi
3506 2205 3622 2261 Ve-

1961 2296 2233 2352 ronensis
2258 2300 2315 2351 et
2337 2295 2591 2352 Udalriei
2619 2295 2887 2368 episcopi
2914 2296 3268 2365 Augustam,
3296 2311 3371 2351 ex
3394 2310 3466 2351 eo
3487 2294 3624 2351 loco

1965 2385 2201 2455 collegit
2226 2400 2411 2440 usum
2441 2384 2608 2440 illum
2639 2384 2915 2440 tradendi
2945 2384 3436 2441 communionem
3459 2383 3624 2440 laicis

1965 2490 2036 2531 ac
2084 2472 2319 2529 feminis
2374 2472 2453 2528 ad
2503 2471 2895 2528 deferendum
2932 2472 3187 2528 infirmis
3215 2486 3624 2546 perseverasse

1964 2565 2026 2619 in
2058 2563 2322 2619 Ecclesia
2374 2577 2569 2635 usque
2614 2561 2693 2617 ad
2741 2561 3045 2618 decimum
3073 2561 3362 2617 sicculum
3392 2578 3405 2616 :
3436 2577 3626 2634 quam

1966 2652 2377 2723 conjecturam
2408 2650 2725 2722 amplexus
2754 2654 2966 2722 postea
2991 2653 3081 2705 est
3107 2649 3198 2705 vir
3226 2649 3494 2705 eruditus
3523 2648 3627 2720 qui

1968 2756 2158 2814 nuper
2184 2739 2244 2796 in
2274 2739 2469 2795 lucem
2496 2738 2691 2794 emisit
2716 2738 3031 2795 historiam
3046 2738 3439 2795 eucharistiaa.
3457 2737 3629 2794 Falsa

177 2831 356 2901 longe
391 2830 569 2887 aliud
600 2829 897 2901 signiﬁcat
926 2831 1042 2887 hoc
1072 2830 1461 2887 vocabulum.
1494 2830 1664 2887 Moris
1692 2830 1857 2886 haud
1966 2828 2423 2900 argumentatio.
2460 2831 2606 2884 Nam
2652 2828 2699 2883 si
2753 2828 2869 2883 isto
2917 2827 3382 2899 argumentandi
3411 2842 3627 2898 genere

180 2920 362 2977 dubie
396 2925 534 2976 tum
562 2924 707 2987 erat,
735 2920 901 2992 quod
930 2923 991 2975 et
1023 2919 1201 2976 hodie
1238 2934 1484 2992 quoque
1531 2919 1696 2992 apud
1752 2923 1857 2975 Le-
1894 2941 1939 2998 ο
1970 2919 2054 2974 uti
2079 2917 2298 2984 liceret,
2352 2916 2484 2989 pari
2538 2917 2767 2973 ratione
2818 2916 3157 2972 necessario
3211 2915 3628 2986 colligeremus

180 3011 452 3067 movices
508 3008 885 3079 observatur,
938 3014 1005 3065 ut
1060 3009 1120 3066 in
1178 3025 1547 3082 unaquaque
1605 3009 1858 3066 ecclesia
1963 3023 2093 3064 rem
2117 3021 2304 3079 quam
2329 3020 2540 3061 omnes
2571 3005 2796 3060 scimus
2824 3020 2956 3060 esse
2995 3003 3410 3074 falsissimam,
3459 3002 3631 3059 nimi-

180 3105 333 3156 esset
360 3103 571 3156 certus
603 3114 913 3155 cereorum
945 3114 1259 3166 numerus,
1284 3099 1392 3155 sed
1422 3113 1731 3155 cereorum
1752 3098 1859 3171 qui
1964 3111 2101 3150 rum
2131 3095 2413 3151 eumdem
2446 3111 2626 3151 usum
2664 3093 2936 3151 mittendi
2994 3093 3417 3150 eucharistiam
3472 3091 3630 3147 inﬁr-

177 3188 445 3245 hominis
467 3191 767 3245 staturam
792 3192 1120 3261 aequarent.
1145 3188 1223 3244 ita
1253 3203 1433 3260 porro
1453 3188 1638 3244 crassi
1662 3192 1860 3243 essent
1969 3182 2081 3238 mis
2105 3198 2215 3256 per
2240 3182 2426 3240 laicos
2465 3199 2534 3240 ac
2581 3182 2837 3239 feminas
2879 3183 3211 3240 etiamnum
3249 3195 3629 3254 perseverare

180 3280 242 3332 ut
268 3292 375 3332 eos
405 3276 606 3332 homo
630 3275 932 3332 ambabus
950 3276 1234 3332 manibus
1260 3276 1540 3348 amplecti
1568 3280 1672 3332 aut
1699 3291 1861 3331 com—
1966 3272 2029 3328 in
2089 3270 2366 3341 Ecclesia,
2422 3288 2561 3328 cum
2608 3272 2671 3327 in
2717 3271 3138 3328 Admonitione
3182 3269 3460 3343 synodali
3491 3283 3630 3340 quae

174 3365 565 3437 prehendere
592 3364 694 3421 vix
720 3369 946 3437 posset,
980 3364 1169 3421 moles
1199 3380 1529 3429 cereorum,
1582 3369 1648 3420 ut
1682 3364 1858 3436 536
1966 3377 2075 3435 per
2100 3361 2409 3417 universas
2439 3360 2770 3417 Occidentis
2819 3360 3109 3417 Ecclesias
3157 3359 3409 3425 singulis
3457 3356 3633 3414 annis

116 3501 127 3508 .
176 3459 346 3510 vocat
373 3453 746 3524 Vigilantius
789 3453 954 3526 apud
1005 3454 1453 3526 Hieronymum.
1505 3454 1741 3519 Cereos,
1797 3457 1864 3509 ut
1968 3451 2183 3521 legitur
2211 3450 2291 3507 ab
2319 3451 2617 3523 episcopis
2646 3451 2708 3505 in
2734 3449 2860 3505 suis
2885 3450 3134 3521 synodis
3166 3447 3523 3503 dioecesanis
3551 3445 3635 3501 ita

175 3542 316 3615 dixi,
348 3542 714 3600 istiusmodi
744 3558 854 3615 pro
884 3543 1182 3615 cujusque
1228 3542 1613 3599 facultatibus
1659 3543 1862 3615 plures
1971 3540 2261 3611 scriptum
2289 3539 2583 3595 habeatur
2611 3538 2674 3593 in
2693 3536 3023 3592 Pontiﬁcali
3044 3539 3318 3591 Romano
3346 3552 3359 3590 :
3385 3532 3635 3589 «Nullus

172 3638 271 3687 aut
294 3633 640 3705 pauciores
667 3631 895 3688 habent
917 3631 1181 3687 ecclesia;
1209 3631 1614 3697 Lemovicum,
1665 3631 1772 3703 qui
1802 3630 1863 3686 in

173 3721 391 3779 multos
419 3736 644 3778 annos
670 3720 911 3790 durant,
943 3725 1001 3776 et
1032 3720 1196 3776 Cires
1225 3724 1536 3787 vocantur,
1565 3720 1730 3791 quod
1762 3735 1863 3774 vo-

177 3810 468 3867 cabulum
502 3808 668 3866 nihil
696 3813 985 3882 praeterea
1023 3807 1319 3877 significat
1362 3822 1550 3879 quam
1580 3806 1741 3862 istud
1769 3821 1863 3862 ce-

180 3913 415 3956 reorum
444 3914 677 3971 genus.
709 3898 750 3953 Ii
778 3912 923 3966 ergo
950 3897 1106 3953 intra
1133 3895 1447 3952 ecclesiam
1474 3895 1869 3951 servabantur

180 3986 237 4041 in
264 3994 427 4044 certo
454 3989 629 4055 loco;
662 3988 725 4043 in
749 3991 1077 4067 conspectu
1102 3990 1306 4045 tamen
1332 3983 1599 4040 fidelium
1631 4000 1870 4056 semper

180 4077 349 4148 positi
376 4096 391 4146 ;
421 4076 931 4134 accendebantur
954 4080 1156 4131 autem
1195 4074 1256 4130 in
1281 4073 1600 4147 praecipuis
1646 4073 1866 4129 festivi-

180 4166 423 4235 tatibus,
457 4172 602 4225 tum
637 4165 819 4221 etiam
847 4163 1422 4220 circumferebantur
1449 4162 1508 4217 in
1536 4162 1868 4235 processio-

180 4254 376 4348 nibus.
446 4258 618 4348 Nam
676 4254 789 4310 ista
845 4253 927 4308 sic
973 4253 1151 4348 hodie
1392 4267 1465 4348 est
1493 4251 1674 4348 veteri
1701 4250 1869 4348 haud
1901 4293 1944 4348 ο

179 4343 357 4401 dubie
416 4345 729 4402 instituto.
792 4346 857 4398 Et
894 4343 1038 4415 quia
1082 4341 1235 4397 cerei
1283 4341 1363 4396 illi
1402 4340 1505 4396 diu
1544 4340 1867 4407 durabant,

180 4436 683 4492 numerabantur
711 4434 770 4488 in
798 4431 1145 4505 supellectili
1178 4430 1469 4487 Ecclesiae.
1504 4434 1644 4487 Eam
1670 4431 1871 4501 itaque

179 4524 256 4579 οἱ»
283 4540 551 4580 causam
587 4521 981 4594 inquirebant
1000 4520 1144 4577 olim
1169 4524 1318 4591 quot
1341 4519 1600 4575 cerarios
1625 4519 1874 4574 haberet

181 4627 576 4687 unaquaeque
606 4610 883 4667 ecclesia.

246 4706 382 4759 CAP.
424 4708 518 4759 13.
554 4734 635 4742 --
665 4702 995 4756 Bonvaria.
1029 4698 1218 4754 Editio
1263 4696 1670 4759 Helmmstad.,
1721 4697 1874 4753 bona

180 4803 346 4847 arva.
380 4788 715 4847 Hincmari
745 4787 1016 4861 Capitula
1044 4788 1129 4842 tit.
1162 4790 1217 4855 2,
1244 4800 1377 4858 cap.
1408 4789 1441 4840 2
1473 4802 1485 4839 :
1511 4807 1537 4833 «
1566 4784 1622 4840 Si
1655 4783 1876 4839 habeat

182 4896 467 4937 mansum
502 4879 846 4936 habentem
875 4876 1221 4933 bunnuaria
1247 4873 1592 4930 duodecim.
1629 4896 1655 4921 ››
1712 4872 1876 4928 idem

183 4968 560 5029 Hincmarus
593 4970 663 5025 in
691 4966 987 5040 opusculo
1016 4984 1088 5023 Lv
1131 4965 1477 5039 Capitulor.,
1523 4979 1657 5036 cap.
1719 4969 1769 5033 1,
1800 4962 1877 5019 de

180 5061 385 5117 Attolm
446 5064 635 5119 curte
670 5076 684 5113 :
715 5076 746 5112 ‹
776 5060 904 5113 Νοη
932 5056 1117 5113 habet
1166 5055 1279 5111 nisi
1333 5054 1409 5110 de
1461 5059 1615 5110 terra
1664 5052 1877 5109 arabili

180 5147 538 5207 bunnuaria
568 5149 707 5205 duo
735 5147 937 5209 semis.
967 5150 1025 5202 et
1051 5145 1126 5202 de
1152 5145 1270 5202 alia
1315 5150 1490 5211 terra,
1544 5149 1677 5211 etc.,
1721 5144 1877 5199 bun-

180 5240 394 5296 nuaria
443 5241 735 5312 quatuor
788 5235 1008 5303 semis;
1058 5250 1195 5306 quae
1244 5234 1306 5289 in
1361 5248 1603 5289 summa
1641 5237 1780 5288 sunt
1801 5231 1876 5287 de

181 5331 332 5384 terra
358 5327 598 5386 arabili
628 5323 982 5381 bunnuaria
1007 5328 1255 5397 septem.
1293 5347 1322 5373 ››
1353 5322 1667 5380 Lotharius
1694 5321 1879 5393 impe-

1972 3631 2303 3701 praesumat
2329 3626 2562 3681 tradere
2611 3624 3104 3680 communionem
3151 3622 3303 3677 laico
3346 3625 3451 3677 aut
3472 3619 3636 3674 femi-

1973 3733 2067 3772 ηαξ
2096 3715 2176 3771 ad
2203 3714 2595 3771 deferendum
2617 3711 2874 3767 inﬁrmo.
2902 3734 2928 3759 »
2960 3710 3107 3765 Vide
3136 3708 3290 3764 infra
3311 3707 3413 3764 lib.
3445 3722 3633 3779 1,cap.

1980 3806 2080 3860 1‘20
2109 3808 2168 3860 et
2197 3806 2317 3859 199.

2048 3896 2181 3949 Car.
2215 3898 2303 3949 26.
2338 3923 2404 3934 --
2452 3892 2522 3947 In
2571 3890 2816 3947 vadium
2871 3889 3039 3945 dare.
3095 3886 3332 3958 Pignori
3381 3884 3637 3953 tradere,

1975 3987 2208 4042 donner
2236 3999 2308 4040 en
2333 3997 2503 4053 gage.
2532 3983 2642 4036 Pro
2669 3995 2792 4052 quo
2821 3983 2880 4035 et
2909 3982 3054 4034 aetas
3109 3976 3409 4033 Hincmari
3457 3978 3514 4031 et
3553 3989 3640 4030 se.

1976 4074 2222 4149 quentia
2276 4071 2496 4128 saecula
2551 4069 2831 4125 dixerunt
2866 4068 3049 4124 etiam
3086 4065 3525 4132 vadimonium,
3575 4067 3640 4120 ut

1976 4166 2132 4221 infra
2162 4160 2568 4219 adnotabitur.
2602 4158 2743 4215 Inde
2770 4157 3100 4224 invadiare,
3131 4170 3414 4227 engager.

2050 4254 2187 4308 Car.
2216 4256 2304 4308 39.
2334 4283 2401 4290 ——
2426 4252 2495 4305 In
2526 4264 2729 4305 amore
2756 4253 3018 4304 sanctor.
3072 4245 3231 4302 Infra
3268 4243 3372 4300 lib.
3407 4259 3444 4310 ι,
3501 4258 3638 4315 cap.

1978 4346 2105 4413 213,
2138 4357 2244 4398 nec
2264 4340 2507 4410 precari
2555 4339 2619 4394 in
2665 4353 2868 4394 amore
2918 4343 3264 4392 sanctorum
3317 4335 3409 4389 vel
3455 4333 3641 4401 ipsius

1982 4435 2201 4490 animte
2234 4430 2446 4485 bibere.
2484 4426 2622 4483 Vide
2656 4424 2978 4482 Caesarium
3006 4422 3407 4479 Arelatensem
3456 4418 3645 4474 homi-

1982 4524 2061 4578 lia
2091 4524 2259 4576 sexta
2286 4519 2438 4574 inter
2462 4533 2565 4572 eas
2597 4530 2733 4588 qua:
2763 4529 2800 4570 a
2828 4511 3002 4568 nobis
3031 4510 3202 4567 editae
3244 4522 3437 4580 nuper
3482 4508 3639 4561 sunt.

2058 4609 2284 4678 Turpia
2297 4610 2461 4677 joca.
2497 4604 2655 4660 Infra
2686 4617 2820 4674 cap.
2852 4604 2955 4656 213
2985 4598 3119 4655 libri
3142 4595 3321 4670 primi
3377 4596 3471 4651 vel
3513 4603 3643 4648 tur-

1980 4701 2087 4770 pia
2105 4700 2270 4768 joca.
2306 4696 2398 4752 Sic
2428 4699 2557 4750 tum
2581 4689 2863 4747 dicebant
2902 4703 3012 4760 pro
3060 4692 3263 4754 turpes
3282 4686 3470 4753 jocos.
3524 4680 3644 4737 Fal-

1982 4789 2187 4844 luntur
2232 4800 2376 4855 ergo
2431 4781 2536 4855 qui
2584 4782 2695 4837 ista
2746 4780 2974 4835 tentant
3022 4773 3344 4831 emendare
3374 4772 3454 4828 ad
3482 4770 3645 4840 leges

1985 4873 2413 4945 grammaticae.
2497 4866 2824 4924 Concilium
2881 4865 3215 4920 Rhemense
3269 4860 3384 4916 sub
3435 4857 3645 4916 Carolo

1986 4968 2218 5033 Magno,
2252 4977 2384 5028 cap.
2428 4960 2509 5025 l7,
2540 4962 2597 5013 et
2619 4954 2859 5011 Additio
2890 4969 2953 5009 ιιι
2983 4950 3326 5024 Capitular.,
3360 4964 3494 5021 cap.
3530 4952 3594 5003 18
3627 4966 3640 5004 :

1991 5054 2065 5110 Ut
2090 5051 2351 5121 episcopi
2377 5053 2433 5105 et
2461 5046 2703 5103 abbates
2732 5048 2874 5099 ante
2901 5056 2962 5097 se
2988 5043 3132 5110 joea
3188 5039 3392 5107 turpia
3442 5038 3648 5107 facere

1985 5158 2105 5199 non
2153 5141 2530 5210 permittant.
2582 5130 2854 5205 Capitula
2898 5128 3139 5185 Herardi
3191 5123 3644 5199 archiepiscopi.

1986 5228 2366 5293 Turonensis,
2394 5240 2527 5297 cap.
2565 5227 2627 5278 t8
2662 5238 2674 5275 :
2734 5222 2805 5277 Ut
2830 5218 3167 5289 presbyteri
3193 5222 3246 5273 et
3273 5216 3480 5281 clerici
3506 5219 3650 5271 ante

1985 5335 2046 5375 se
2063 5321 2208 5388 joca
2240 5315 2442 5383 turpia
2466 5313 2601 5381 ﬁeri
2630 5326 2749 5365 non
2769 5309 3147 5379 permittant.
3210 5305 3302 5362 Sic
3352 5306 3485 5361 lusa
3514 5304 3644 5359 dia-

178 5422 338 5474 rator
369 5419 484 5475 lib.
518 5433 589 5471 ιιι
622 5417 764 5484 Leg.
793 5412 1196 5483 Longobard.,
1230 5412 1316 5469 tit.
1353 5417 1402 5479 1,
1426 5426 1559 5483 cap.
1592 5414 1683 5482 46,
1708 5408 1883 5480 jubet
1990 5407 2181 5462 bolica
2212 5400 2438 5459 ibidem
2468 5414 2600 5471 cap.
2634 5398 2753 5453 114.

180 5513 239 5561 ut
278 5507 650 5564 secundum
705 5503 1186 5560 constitutionem
1234 5500 1515 5558 Ludovici
1565 5499 1750 5574 patris
1786 5498 1878 5553 sui

180 5598 519 5671 unicuique
578 5593 858 5655 ecclesia:
891 5616 919 5641 ‹‹
949 5607 1110 5649 unus
1136 5607 1384 5648 mansus
1410 5607 1548 5646 cum
1597 5606 1678 5645 xu
1718 5588 1876 5644 bun-

2060 5498 2192 5550 CAP.
2226 5495 2314 5547 40.
2345 5522 2410 5530 —-
2440 5490 2509 5545 Si
2534 5488 2690 5544 nihil
2708 5487 3078 5557 patrimonii.
3096 5484 3236 5539 Vide
3262 5498 3397 5553 quia
3428 5480 3501 5534 de
3531 5480 3645 5533 hac

1990 5600 2053 5641 re
2073 5584 2232 5640 dicta
2252 5597 2289 5638 a
2309 5580 2484 5636 nobis
2505 5581 2641 5635 sunt
2662 5575 2744 5634 ad
2764 5576 2984 5633 librum
3009 5575 3244 5631 tertium
3271 5567 3529 5627 Salviani
3545 5564 3647 5621 ad-
