3980 6182
345 126 442 178 411

345 261 558 303 versus
587 245 921 311 avaritiam,
960 260 1098 317 pag.
1121 248 1225 298 425
1254 246 1576 316 postremas
1607 237 1900 296 editionis.

416 336 553 392 CAP.
575 339 664 391 42.
698 367 768 375 -
791 336 856 390 Si
882 335 1119 390 missam
1153 338 1380 390 cantat.
1433 331 1591 387 Infra
1618 329 1720 386 lib.
1766 344 1806 394 ι,
1864 340 1997 397 cap.

352 429 472 491 I99,
521 426 762 481 Dictum
817 428 902 479 est
947 423 1135 489 nobis,
1186 426 1296 479 etc.
1358 420 1518 476 Istud
1572 416 2003 491 prohibebatur

353 513 529 585 538
557 512 723 568 haud
747 510 928 567 dubie
950 526 1032 566 ne
1063 509 1426 568 sacriﬁcium
1449 507 1639 564 videri
1667 507 1869 580 posset
1895 502 2003 558 im-

347 602 674 673 perfectum
719 600 767 655 si
802 599 1134 674 presbyteri
1185 615 1309 655 non
1364 596 1878 655 communicarent
1926 590 2001 646 de

347 705 595 763 corpore
620 688 877 747 Domini.
909 689 1085 755 Quod
1110 688 1337 745 crimen
1367 687 1519 745 adeo
1547 699 1843 754 magnum
1888 698 2000 754 pu-

344 779 555 834 tabant
576 778 904 851 antiquitus
931 782 996 835 ut
1024 777 1177 834 inter
1206 781 1446 833 caeteras
1472 773 1860 846 gravissimas
1903 784 2001 825 ac-

345 867 684 923 cusationes
740 867 1029 923 adversus
1067 870 1360 923 Joannem
1418 865 1508 921 XII
1561 860 1900 936 propositas
1938 858 2001 914 in

345 954 598 1011 concilio
623 958 824 1013 Romae
852 956 1059 1012 habito
1079 972 1239 1012 anno
1266 958 1368 1012 963
1414 956 1654 1010 testatur
1691 949 2002 1007 continua-

345 1047 439 1100 tor
464 1043 809 1117 Luitprandi
837 1044 940 1100 lib.
973 1061 1053 1112 v1,
1083 1060 1216 1116 cap.
1250 1050 1304 1113 7,
1358 1042 1661 1114 objectum
1706 1038 1787 1094 illi
1816 1037 2002 1092 fuisse

346 1132 513 1205 quod
542 1132 791 1189 missam
819 1132 1145 1205 aliquando
1173 1132 1534 1189 celebrasset
1575 1133 1633 1186 et
1674 1144 1798 1184 non
1837 1141 2003 1183 com-

347 1220 730 1277 municasset.
761 1244 789 1272 ‹‹
821 1225 1042 1290 Petrus,
1082 1221 1296 1294 inquit,
1327 1218 1646 1276 cardinalis
1692 1216 2005 1291 presbyter

347 1324 409 1364 se
436 1308 658 1365 vidisse
685 1309 854 1367 illum
879 1310 1128 1366 missam
1154 1310 1489 1367 celebrasse
1520 1312 1717 1364 etnon
1739 1320 2007 1361 commu-

346 1396 578 1465 nicasse
607 1402 853 1455 testatus
881 1404 987 1455 est.
1028 1422 1054 1451 ››

419 1488 553 1545 CAP.
582 1491 669 1542 5L
708 1518 783 1531 -—
816 1488 885 1543 Si
908 1488 1170 1558 indi/fer.
1207 1488 1479 1557 baplizet.
1532 1486 1593 1540 Id
1648 1488 1753 1549 est,
1804 1486 2005 1539 utrum

1699 108 2078 185 STEPHANII
2106 111 2401 169 BALUZII.

3648 111 3757 167 412

2032 236 2080 289 Α
2107 240 2210 291 aut
2241 236 2415 293 alicui
2442 235 2766 293 conditioni
2796 234 3043 303 obligati
3073 238 3232 301 sunt,
3265 232 3341 290 ad
3370 233 3649 291 ordinem
3677 249 3764 289 sa-

2108 340 2281 380 crum
2306 325 2735 392 admitteretur,
2749 323 2864 379 nisi
2882 323 3035 380 forte
3062 339 3276 381 eorum
3300 322 3503 396 petitio
3534 328 3643 378 aut
3667 337 3765 377 vo-

2109 412 2308 469 luntas
2336 412 2649 471 accesserit
2677 412 2780 484 qui
2812 411 3039 484 aliquid
3066 410 3176 469 sibi
3209 413 3271 468 in
3316 427 3419 467 eos
3468 410 3770 469 vindicant

2110 502 2452 574 potestatis;
2488 502 2594 575 qui
2616 502 2784 558 locus
2814 500 3038 558 relatus
3082 504 3172 559 est
3212 500 3276 557 in
3317 498 3470 556 libro
3518 499 3769 571 septimo

2112 590 2430 662 Capitular.
2466 606 2599 663 cap.
2629 594 2716 647 34.
2756 589 2894 647 Inde
2915 604 3122 647 servus
3151 604 3188 644 a
3216 589 3534 644 nativitate
3562 587 3622 643 in
3653 587 3769 659 epio

2111 680 2262 738 stola
2296 682 2392 737 107
2424 681 2578 737 inter
2608 678 3045 737 Bonifacianas.
3095 679 3159 733 In
3208 677 3457 751 epistola
3511 676 3768 749 denique

2112 768 2249 825 cleri
2272 769 2632 825 Ravennatis
2666 769 2744 824 ad
2773 767 3053 827 Carolum
3077 767 3554 838 juniorem,quse
3585 767 3771 822 aCor-

2111 857 2277 914 desio
2304 859 2464 915 edita
2491 863 2598 927 est,
2632 856 2800 913 aiunt
2826 857 2984 914 hanc
3014 856 3511 913 consuetudinem
3541 870 3677 917 esse
3710 855 3769 910 in

2113 947 2372 1004 Ecclesia
2402 945 2856 1013 Ravennatensi,
2890 950 2955 1002 ut
2978 946 3085 1018 qui
3113 945 3191 1002 ad
3221 943 3538 1003 sacerdotii
3584 943 3773 1013 digni-

2113 1040 2295 1092 tatem
2320 1036 2693 1093 ordinandus
2723 1040 2831 1105 est,
2855 1035 2905 1091 is
2936 1035 3329 1103 interrogetur
3357 1036 3411 1090 si
3433 1034 3645 1090 servili
3671 1040 3773 1089 aut

2113 1126 2459 1195 originariae
2488 1126 2819 1181 conditioni
2841 1123 3138 1181 obnoxius
3177 1123 3267 1179 sit.
3304 1122 3616 1179 Ebbonem
3634 1122 3775 1179 Rhe-

2113 1229 2384 1270 mensem
2436 1214 2960 1287 archiepiscopum
3009 1212 3190 1271 fuisse
3241 1228 3318 1269 ex
3381 1212 3770 1281 originalium

2114 1319 2420 1360 servorum
2471 1305 2658 1373 stirpe
2701 1302 2904 1361 scribit
2953 1301 3267 1371 Theganus
3313 1301 3374 1356 in
3419 1315 3554 1373 cap.
3584 1303 3661 1357 4-4
3707 1300 3773 1355 de

2116 1392 2300 1449 Gestis
2330 1392 2611 1450 Ludovici
2637 1392 2742 1448 Pii.
2774 1391 3031 1449 Omnino
3061 1394 3263 1447 autem
3292 1394 3440 1463 puto
3468 1404 3774 1446 servorum

2114 1481 2380 1551 nomine,
2394 1485 2610 1554 prater
2628 1480 2937 1554 propriam
2952 1478 3229 1537 vocabuli
3255 1478 3772 1550 signiﬁcationem,

348 1574 582 1646 absque
611 1576 960 1632 necessitate
991 1576 1250 1648 baptizet
1276 1575 1400 1631 alio
1430 1580 1697 1647 tempore
1726 1588 1915 1644 quam
1942 1570 2005 1626 in
2033 1586 2081 1639 Β
2113 1570 2357 1640 intelligi
2387 1571 2655 1639 colonos,
2687 1570 2749 1626 id
2774 1573 2864 1627 est
2881 1584 2985 1625 eos
3012 1569 3119 1641 qui
3145 1568 3408 1629 dominis
3429 1567 3707 1627 locorum
3725 1572 3778 1623 et

348 1661 634 1718 Paschate
664 1666 722 1719 et
749 1663 1114 1719 Pentecoste.

424 1752 556 1807 CAP.
585 1756 671 1809 57.
704 1784 771 1796 --
794 1755 896 1809 Ex
919 1755 1097 1811 corde
1118 1770 1244 1809 suo.
1300 1753 1449 1809 Illud
1498 1751 1625 1807 vult
1678 1749 2004 1823 Inquisitio,

350 1843 416 1896 ut
445 1855 585 1895 cum
612 1841 929 1914 presbyter
968 1843 1265 1915 exceperit
1318 1841 1759 1897 confessionem
1815 1837 2006 1910 pceni-

351 1928 543 1995 tentis,
571 1928 623 1984 ei
651 1930 1063 2001 paenitentiam
1090 1931 1368 2002 injungat
1389 1930 1562 2001 juxta
1599 1927 1852 1985 modum
1881 1926 2008 1981 cul—

350 2014 465 2088 p'se,
496 2032 615 2073 non
642 2033 718 2073 ex
744 2019 924 2075 corde
964 2035 1090 2087 suo,
1144 2019 1210 2077 id
1251 2024 1359 2086 est,
1414 2034 1539 2074 non
1584 2033 1659 2074 ex
1701 2015 1888 2073 animi
1917 2014 2009 2070 sui

349 2107 539 2175 motu,
557 2121 681 2162 non
707 2122 781 2162 ex
807 2106 1036 2179 impetu
1062 2107 1333 2180 quodam
1358 2106 1574 2163 mentis
1602 2110 1658 2162 et
1683 2104 2005 2174 voluntate,

351 2192 456 2248 sed
486 2199 664 2265 prout
688 2195 753 2252 in
780 2196 1169 2253 Pcenitentiali
1200 2196 1488 2267 scriptum
1513 2198 1622 2265 est,
1644 2194 1707 2253 in
1729 2209 1854 2265 quo
1884 2208 2009 2248 om-

349 2280 460 2351 nia.
478 2287 864 2354 peccatorum
894 2285 1180 2352 remedia,
1208 2300 1420 2341 omnes
1448 2298 1645 2357 preme
1698 2281 2005 2339 continen-

352 2375 464 2428 tur.
498 2374 644 2429 Eam
673 2373 755 2428 ob
786 2389 1034 2431 causam
1080 2373 1333 2430 edicitur
1383 2373 1539 2430 infra
1589 2372 1651 2429 in
1702 2371 1895 2443 capite
1940 2374 2007 2425 95

351 2459 519 2516 istius
564 2460 964 2532 Inquisitionis
1019 2466 1082 2518 ut
1130 2462 1382 2535 quilibet
1434 2461 1747 2534 presbyter
1788 2459 2011 2517 habeat

350 2549 772 2620 Pcenitentiale,
804 2572 832 2602 «
867 2555 930 2606 ut
959 2552 1290 2609 secundum
1320 2551 1487 2624 quod
1510 2550 1595 2606 ibi
1614 2550 1901 2622 scriptum
1922 2551 2011 2604 est

351 2637 675 2708 interroget
697 2639 1099 2707 conﬁtentem,
1127 2646 1231 2697 aut
1257 2640 1533 2696 confesso
1576 2639 1828 2695 modum
1879 2652 2006 2709 pca-

348 2725 609 2783 nitentia:
638 2727 930 2800 imponat.
978 2751 1006 2779 η
1064 2731 1134 2785 Et
1182 2727 1429 2784 Carolus
1481 2730 1726 2797 Magnus
1772 2726 1833 2780 in
1887 2725 2008 2781 ﬁne

349 2813 699 2885 Capitularis
730 2815 809 2871 ad
840 2816 970 2873 Salz
1000 2815 1288 2873 admonet
1317 2819 1382 2871 ut
1409 2814 1824 2886 unusquisque
1873 2828 2005 2884 pre-

350 2902 553 2974 sbyter
576 2925 606 2953 ‹‹
634 2904 709 2959 de
736 2904 1072 2960 canonibus
1103 2904 1317 2960 doctus
1348 2903 1441 2974 sit,
1498 2905 1555 2959 et
1595 2919 1775 2961 suum
1814 2902 2003 2959 Pceni-
2033 2932 2077 2988 ο

350 2990 585 3049 tentiale
613 2991 768 3048 bene
798 2993 963 3049 sciat.
1001 3014 1027 3043 ››
1050 2996 1351 3058 Quantum
1381 2996 1585 3049 autem
1628 2992 1924 3049 absumus
1968 3009 2006 3048 a

348 3077 642 3135 modestia
670 3079 909 3137 illorum
935 3086 1278 3154 temporum
1312 3082 1325 3136 l

418 3166 552 3223 CAP.
583 3172 671 3225 66.
705 3201 775 3210 —
800 3172 952 3227 Cum
970 3172 1086 3227 illa
1116 3171 1278 3227 alba.
1306 3170 1652 3227 Admonitio
1696 3170 2005 3241 synodalis

347 3255 594 3328 antiqua
628 3276 641 3314 :
675 3281 703 3309 α
737 3259 942 3316 Nullus
967 3259 1029 3316 in
1050 3259 1191 3316 alba
1215 3274 1341 3332 qua
1367 3259 1431 3315 in
1455 3275 1598 3315 suos
1646 3275 1793 3315 usus
1825 3260 2006 3317 utitur

345 3351 673 3415 praesumat
728 3351 968 3404 cantare
1020 3348 1290 3404 missam.
1326 3369 1355 3398 ι»
1410 3346 1743 3420 Capitulare
1795 3347 2005 3403 Riculti

345 3432 609 3507 episcopi
633 3436 1077 3493 Suessionensis
1100 3452 1232 3509 cap.
1268 3443 1297 3494 7
1335 3454 1347 3491 :
1382 3459 1411 3487 ι(
1442 3437 1565 3492 Hoc
1594 3440 1796 3494 autem
1815 3436 2005 3493 omni-

343 3523 541 3579 modis
597 3526 1009 3598 prohibemus,
1067 3532 1133 3583 ut
1176 3542 1358 3583 nemo
1393 3526 1495 3584 illa
1545 3527 1686 3584 alba
1715 3531 1913 3584 utatur
1940 3527 2002 3583 in

345 3613 530 3670 sacris
557 3615 858 3688 mysteriis
894 3633 1019 3689 qua
1065 3617 1130 3673 in
1184 3616 1539 3690 quotidiana
1582 3615 1677 3673 vel
1730 3615 2003 3673 exteriori

345 3718 461 3759 usu
505 3703 792 3761 induitur.
825 3729 854 3756 ι)
914 3706 1057 3762 Hinc
1100 3722 1245 3777 ergo
1289 3706 1584 3776 colligitur
1619 3705 2003 3779 presbyteros

342 3791 483 3847 alba
515 3810 751 3866 semper
777 3795 1018 3851 indutos
1046 3794 1226 3851 fuisse
1247 3796 1598 3868 antiquitus,
1643 3810 1834 3868 eaque
1859 3799 2003 3852 nota

342 3880 652 3937 distinctos
705 3882 885 3939 fuisse
940 3900 979 3939 a
1025 3883 1252 3940 clericis
1304 3883 1654 3940 inferiorum
1696 3884 1999 3951 ordinum,

341 3970 565 4040 quibus
591 3970 744 4025 albae
776 3987 923 4026 usus
968 3975 1098 4028 erat
1150 3972 1497 4029 interdictas
1551 3976 1717 4029 extra
1759 3977 2001 4045 tempus

342 4056 662 4113 oblationis
691 4059 782 4114 vel
808 4059 1095 4116 lectionis.
1157 4061 1487 4117 Concilium
1538 4062 2002 4133 Carthaginense

343 4161 422 4215 1v,
456 4161 588 4219 cap.
621 4150 655 4201 4
689 4164 702 4202 :
735 4169 763 4197 «
799 4150 865 4203 Ut
892 4148 1185 4205 diaconus
1210 4154 1477 4223 tempore
1506 4150 1823 4208 oblationis
1874 4156 2001 4209 tan-

344 4238 471 4291 tum
499 4235 590 4291 vel
614 4234 886 4295 lectionis
917 4237 1059 4293 alba
1081 4243 1300 4294 utatur.
1355 4263 1383 4291 »

413 4325 547 4380 CAP.
589 4328 678 4382 69.
711 4357 780 4369 --
800 4327 872 4383 Si
892 4327 1047 4383 diem
1078 4329 1371 4385 Dominic.
1395 4329 1532 4385 Vide
1553 4334 1727 4387 notas
1756 4331 1834 4387 ad
1853 4335 2003 4401 Ago-

338 4411 622 4484 bardum,
651 4430 794 4487 pag.
823 4419 915 4483 20,
936 4421 996 4472 et
1021 4416 1101 4473 ad
1130 4416 1393 4475 Consilia
1422 4418 1623 4475 Galliae
1652 4419 2000 4478 Narbonen-

337 4502 440 4571 sis,
471 4516 613 4576 pag.
644 4507 734 4561 45.

415 4592 592 4664 539
617 4594 920 4664 Ingenuis.
952 4595 1015 4650 Id
1040 4599 1150 4663 est,
1177 4595 1379 4652 liberae
1401 4595 1758 4653 conditionis
1786 4599 2004 4669 Grego-

338 4680 462 4737 rius
492 4683 869 4755 Turonensis,
900 4683 1003 4739 lib.
1027 4700 1086 4747 x,
1108 4699 1243 4756 cap.
1266 4688 1355 4754 29,
1385 4685 1460 4741 de
1490 4685 1708 4742 Aredio
1733 4686 1952 4743 abbate
1987 4705 1998 4742 :

338 4791 369 4818 ι(
386 4771 782 4827 Ιιθωονίθίηω
812 4772 982 4827 urbis
1009 4772 1209 4829 incola
1233 4773 1363 4843 fuit,
1418 4789 1544 4830 non
1599 4774 2005 4832 mediocribus

336 4858 598 4928 regionis
624 4876 749 4915 sua?
769 4864 934 4917 ortus
957 4861 1329 4934 parentibus,
1354 4862 1461 4919 sed
1491 4862 1665 4919 valde
1689 4863 2001 4935 ingenus,»

339 4945 403 5000 id
422 4952 515 5003 est
539 4937 938 5005 nobiliande
958 4966 1166 5006 servus
1186 4950 1281 5006 vel
1297 4950 1546 5008 colonus
1561 4967 1695 5024 quae
1709 4951 2002 5010 beneﬁcio

340 5034 571 5091 domini
594 5036 926 5094 libertatem
946 5044 1304 5096 consecutus
1323 5044 1469 5107 erat,
1510 5040 1808 5110 ingenuus
1842 5041 2000 5097 dice-

338 5122 518 5180 batur
545 5129 605 5180 et
631 5125 995 5194 ingenuitate
1022 5128 1305 5185 donatus.
1336 5128 1477 5185 Hinc
1502 5128 1710 5186 charta
1734 5129 2003 5200 ingenui-

340 5212 476 5269 tatis
505 5212 567 5268 in
596 5213 765 5270 libris
789 5216 1239 5288 Capitularium,
1286 5218 1347 5273 in
1388 5217 1519 5288 lege
1573 5218 1999 5290 Langobardo-

339 5317 499 5370 rum,
526 5306 585 5358 et
607 5302 770 5359 alibi.

411 5390 633 5447 Servili
659 5391 1012 5449 conditione.
1051 5393 1111 5448 Id
1143 5399 1254 5465 est,
1288 5395 1338 5450 si
1366 5412 1575 5453 servus
1624 5398 1697 5453 sit
1740 5397 1999 5468 origina-

338 5478 435 5549 lis,
465 5488 644 5537 natus
662 5496 696 5537 e
726 5481 927 5538 servis.
954 5481 1237 5538 Vetucrat
1263 5485 1424 5540 enim
1454 5491 1696 5543 sanctus
1738 5490 1872 5556 Leo,
1923 5487 2003 5544 ad

339 5571 659 5645 episcopos
680 5586 790 5644 per
817 5572 1238 5645 Campaniam,
1269 5574 1572 5649 Picenum,
1599 5581 1659 5633 et
1684 5577 2001 5635 'I’busciam

341 5660 695 5718 constitutos
749 5660 1038 5731 scribens,
1067 5677 1143 5729 ne
1172 5662 1309 5738 quis
1348 5679 1557 5731 eorum
1587 5665 1693 5736 qui
1730 5664 2003 5737 originali

2114 1658 2391 1717 villarum
2420 1660 2499 1716 ab
2529 1659 2759 1729 origine
2788 1673 2899 1715 sua
2922 1657 3229 1715 debebant
3255 1672 3469 1730 operas
3514 1672 3629 1729 pro
3686 1671 3776 1713 co-

2113 1749 2307 1805 lendis
2336 1750 2514 1821 agris.
2550 1754 2697 1807 Cum
2728 1748 2891 1807 enim
2919 1747 3184 1805 dominis
3211 1764 3365 1821 Opus
3394 1751 3553 1804 esset
3601 1746 3778 1820 pluri-

2117 1853 2218 1893 ma
2246 1838 2599 1895 colonorum
2648 1836 2998 1909 hujusmodi
3046 1836 3447 1906 multitudine,
3492 1835 3781 1893 nolebant

2117 1942 2218 1983 eos
2249 1926 2374 1981 ﬁeri
2406 1926 2673 1993 clericos,
2701 1940 2775 1981 ne
2804 1924 2956 1997 quid
2987 1923 3336 1982 utilitatibus
3375 1924 3500 1981 suis
3549 1923 3785 1979 decide-

2114 2018 2223 2072 ret.
2259 2015 2373 2071 Sed
2402 2019 2798 2087 posteaquam
2826 2014 2940 2071 ista
2966 2018 3198 2071 mutata
3226 2017 3384 2081 sunt,
3418 2018 3547 2071 tum
3581 2011 3782 2073 coloni

2115 2119 2359 2176 quoque
2388 2103 2526 2160 facti
2555 2107 2695 2159 sunt
2723 2102 2918 2159 clerici
2957 2101 3191 2175 absque
3230 2101 3539 2160 voluntate
3591 2102 3785 2161 domi-

2114 2208 2353 2248 norum.
2397 2192 2645 2265 Reperio
2697 2196 2900 2247 tamen
2957 2207 3018 2247 1n
3066 2192 3246 2247 veteri
3287 2196 3524 2261 regesto
3552 2191 3779 2249 archivi

2116 2280 2261 2350 regii
2287 2281 2471 2337 Paris.
2505 2281 2990 2348 transactionem,
3022 2283 3088 2336 ut
3112 2284 3349 2351 vocant,
3380 2280 3596 2341 initam
3622 2296 3781 2338 anno

2117 2374 2211 2425 27l
2248 2368 2399 2425 inter
2419 2370 2732 2427 dominam
2762 2374 2820 2427 et
2838 2368 3085 2427 colonos
3109 2368 3186 2426 de
3207 2369 3588 2440 Vendopera,
3603 2369 3782 2440 vulgo

2134 2460 2497 2527 Vandeuvre,
2527 2460 2590 2515 in
2637 2475 2762 2532 qua
2806 2459 2959 2516 inter
3012 2463 3227 2517 cratera
3274 2459 3619 2519 continetur
3662 2475 3782 2519 non

2115 2563 2292 2620 posse
2320 2548 2472 2605 ﬁlios
2496 2548 2903 2606 habitatorum
2927 2547 3084 2606 illius
3112 2546 3229 2604 loci
3266 2548 3465 2605 offerri
3492 2548 3574 2605 ad
3621 2548 3781 2605 cleris

2116 2641 2317 2693 catum
2347 2641 2561 2709 praeter
2590 2652 2952 2697 consensum
2990 2636 3400 2707 dominorum,
3453 2636 3609 2693 alias
3649 2636 3781 2694 illos

2114 2726 2457 2783 haereditate
2490 2730 2738 2799 paterna
2765 2725 3091 2798 privandos
3119 2742 3251 2783 esse
3274 2741 3381 2798 qui
3408 2731 3622 2783 contra
3647 2742 3779 2799 pro-

2115 2820 2497 2871 moverentur
2536 2815 2615 2872 ad
2661 2814 2903 2871 ordines
2954 2814 3406 2877 ecclesiasticos.
3440 2815 3590 2870 Haec
3647 2821 3785 2873 sunt

2113 2904 2300 2960 verba
2328 2907 2539 2961 veteris
2568 2902 2944 2960 instrumenti
2966 2903 3079 2960 :Et
3110 2904 3183 2960 ils
3199 2918 3272 2959 ne
3296 2909 3605 2972 pourront
3624 2905 3784 2974 faire

2117 2994 2277 3051 leurs
2307 2992 2484 3065 540
2514 2995 2731 3063 enfans
2766 2994 2919 3051 elers
2950 3008 3011 3049 se
3033 2994 3181 3049 n’est
3208 3008 3327 3062 par
3355 2994 3419 3049 la
3446 2994 3689 3051 volente
3716 2994 3787 3051 de

2117 3083 2335 3141 ladiete
2362 3083 2536 3140 dame
2559 3088 2613 3139 et
2644 3083 2726 3138 du
2752 3083 2971 3139 devanl
2999 3082 3087 3139 dit
3117 3082 3395 3153 seigneur
3423 3088 3481 3138 et
3508 3082 3588 3139 de
3620 3084 3781 3139 leurs

2117 3169 2298 3225 hoirs.
2324 3170 2403 3225 Et
2434 3171 2543 3227 cils
2565 3172 2670 3242 qui
2701 3172 2754 3228 le
2778 3172 3003 3241 ferant,
3020 3162 3221 3228 serant
3241 3186 3314 3226 en
3336 3171 3399 3226 la
3419 3172 3612 3226 merci
3631 3171 3706 3231 de
3727 3172 3784 3227 la

2114 3259 2333 3316 devant
2363 3261 2520 3318 dicte
2542 3262 2718 3319 dame
2742 3267 2799 3319 et
2828 3277 2909 3318 au
2937 3263 3232 3331 seigneur.
3256 3260 3334 3315 Et
3364 3262 3656 3317 ottroienl
3676 3276 3785 3332 que

2118 3349 2164 3405 li
2177 3349 2329 3405 clers
2342 3350 2450 3420 qui
2462 3352 2643 3406 seroit
2652 3351 2769 3419 fait
2780 3350 3139 3407 encantrela
3153 3350 3385 3406 volente
3400 3363 3481 3405 au
3499 3350 3787 3420 sez‘gmr

2115 3452 2190 3493 ne
2211 3439 2459 3508 preigne
2487 3440 2618 3494 rien
2650 3440 2707 3495 es
2732 3440 2892 3495 biens
2917 3439 3000 3494 du
3017 3452 3162 3508 pere
3181 3452 3257 3495 ne
3272 3438 3351 3494 de
3369 3439 3430 3495 la
3452 3451 3638 3505 mere,
3661 3440 3788 3495 ain-

2113 3529 2233 3598 pois
2253 3528 2509 3583 seroient
2529 3542 2611 3584 au
2630 3528 2929 3597 seigneur.
2945 3526 3212 3600 Denique
3241 3526 3420 3583 etiam
3436 3524 3707 3599 Philippi
3724 3526 3786 3580 IV

2113 3632 2243 3674 aevo
2268 3617 2384 3673 hoc
2408 3617 2509 3688 jus
2540 3617 2795 3675 valuisse
2822 3617 2977 3674 inter
3007 3620 3261 3674 Francos
3280 3619 3445 3689 patet
3467 3630 3539 3672 ex
3570 3615 3783 3675 litteris

2111 3705 2281 3762 istius
2311 3707 2599 3779 principis
2618 3723 2774 3780 quas
2794 3706 3046 3764 edemus
3067 3707 3128 3769 in
3151 3705 3486 3779 appendice
3502 3711 3783 3765 actorum

2109 3799 2395 3855 veterum.
2414 3795 2559 3852 Vide
2577 3811 2759 3868 porro
2786 3794 3076 3855 formulas
3106 3798 3332 3852 veteres
3353 3793 3566 3851 incerti
3581 3799 3786 3853 aucto.

2109 3884 2190 3939 ris
2222 3901 2356 3957 cap.
2383 3888 2416 3939 8
2441 3889 2500 3942 et
2529 3885 2764 3958 cap.Eo
2787 3886 3108 3942 lubentius.
3140 3883 3215 3940 de
3246 3899 3401 3940 serv.
3429 3898 3557 3940 non
3579 3883 3780 3940 ordin.

2110 3989 2185 4030 ex
2212 3974 2365 4030 libro
2396 3991 2437 4029 x
2468 3976 2770 4044 Regestor.
2805 3972 3133 4031 Innocentii
3160 3975 3251 4040 Ill,
3274 3974 3446 4046 epist.
3479 3977 3572 4029 73.

2180 4064 2317 4119 CAP.
2352 4067 2439 4120 83.
2470 4095 2537 4105 ———
2566 4064 2733 4121 Bene
2762 4064 2973 4134 legere.
3036 4066 3115 4120 Ea
3160 4062 3340 4132 igitur
3397 4066 3522 4119 erat
3580 4061 3784 4119 saeculi

2110 4152 2268 4208 illius
2300 4152 2614 4209 infelicitas
2650 4157 2717 4209 ut
2769 4168 3012 4209 necesse
3061 4156 3218 4208 esset
3266 4151 3661 4224 presbyteros
3705 4151 3785 4209 ab

2110 4241 2410 4314 episcopis
2438 4241 2791 4312 interrogari
2820 4246 3021 4298 utrum
3064 4240 3220 4297 bene
3260 4240 3457 4312 legere
3509 4246 3781 4299 nossent.

2113 4330 2286 4397 Quod
2314 4345 2439 4386 non
2463 4330 2659 4387 solum
2686 4330 2751 4387 in
2788 4329 3158 4404 presbyteris
3208 4329 3593 4388 inferioribus
3640 4346 3785 4387 con-

2111 4418 2396 4488 tingebat,
2430 4419 2535 4474 sed
2566 4418 2748 4475 etiam
2774 4418 2837 4475 in
2861 4418 2975 4475 illis
3004 4417 3307 4476 interdum
3334 4417 3441 4490 qui
3484 4418 3579 4475 ad.
3622 4434 3787 4479 sum-

2110 4523 2281 4563 mum
2334 4507 2740 4566 sacerdotium
2784 4506 3179 4578 eligebantur.
3254 4506 3439 4563 Testis
3524 4507 3786 4565 Carolus

2109 4597 2325 4653 Calvus
2354 4597 2416 4653 in
2453 4597 2705 4670 epistola
2735 4597 2815 4653 ad
2862 4597 3175 4657 Nicolaum
3220 4612 3468 4670 papam,
3518 4596 3787 4670 loquens

2107 4686 2184 4742 de
2213 4685 2562 4753 Gislemaro,
2585 4686 2692 4759 qui
2721 4687 2799 4743 ad
2824 4685 3208 4758 pontiﬁcatus
3238 4684 3533 4741 honorem
3555 4684 3789 4742 electus

2109 4781 2238 4832 erat
2283 4777 2343 4832 in
2392 4776 2653 4833 Ecclesia
2698 4774 3018 4833 Rhemensi
3047 4794 3059 4832 :
3099 4797 3129 4825 α
3160 4776 3273 4841 Qui
3300 4775 3452 4833 dum
3480 4779 3620 4832 ante
3655 4774 3787 4847 epi~

2109 4882 2326 4938 scopos
2351 4865 2761 4923 discutiendus
2794 4864 3140 4936 assedisset,
3180 4864 3420 4922 oblatus
3463 4868 3554 4922 est
3581 4864 3635 4920 ei
3664 4869 3791 4921 tex-

2109 4959 2204 5011 tus
2255 4955 2654 5025 evangelicus.
2714 4957 2864 5013 Cum
2906 4958 3114 5012 autem
3150 4953 3355 5026 ipsum
3394 4952 3790 5025 aliquatenus

2107 5042 2322 5113 legere,
2351 5042 2501 5099 nihil
2541 5047 2744 5100 tamen
2786 5042 3111 5112 intelligere
3153 5056 3367 5098 omnes
3414 5041 3641 5114 pariter
3688 5057 3793 5099 co-

2108 5132 2476 5202 gnovissent,
2515 5133 2874 5206 reprobatus
2903 5148 2975 5195 ac
3005 5132 3165 5193 velut
3193 5131 3482 5204 insipiens
3518 5131 3601 5191 ab
3650 5147 3793 5188 om-

2108 5221 2286 5277 nibus
2316 5226 2405 5278 est
2432 5221 2718 5293 dejectus.
2775 5245 2804 5272 »
2861 5220 3027 5281 Istud
3071 5221 3275 5289 ipsum
3304 5218 3626 5293 deplorant
3659 5219 3795 5293 epi-

2109 5311 2277 5384 scopi
2303 5310 2364 5367 in
2411 5310 2663 5368 concilio
2704 5310 3020 5369 Valentino
3068 5309 3414 5381 congregati
3462 5325 3628 5369 anno
3679 5312 3790 5365 855

2105 5399 2199 5457 his
2225 5398 2427 5459 verbis
2457 5418 2470 5456 :
2499 5422 2527 5449 ‹‹
2563 5403 2630 5456 Et
2657 5400 2802 5472 quia
2848 5398 3191 5459 induscussi
3246 5402 3304 5454 et
3354 5396 3789 5466 inexaminati,

2106 5489 2486 5563 scientiaeque
2510 5488 2838 5546 litterarum
2868 5504 3020 5561 pene
3048 5487 3601 5559 ignari,minusque
3630 5502 3793 5559 apo-

2107 5578 2332 5637 stolicae
2360 5578 2744 5653 praeceptioni
2774 5578 3355 5652 appropinquantes,
3370 5576 3633 5649 peccatis
3674 5591 3791 5639 no-

2113 5668 2247 5724 stris
2274 5668 2610 5740 agentibus,
2633 5683 2739 5741 per
2763 5668 3032 5725 civitates
3051 5668 3321 5741 episcopi
3340 5665 3731 5725 ordinantur.
3755 5689 3791 5715 υ
