3980 6182
208 153 299 209 H3
961 183 966 188 -
1212 146 1414 201 NOTAE
1456 146 1552 199 AD
1591 142 1725 198 LIB.
1768 138 1791 193 Ι
1829 138 1921 194 DE
1959 136 2240 195 ECCLRS.
2282 137 2569 195 DISCIPL.

3499 146 3605 200 414

211 269 359 340 Qnod
383 270 705 327 adversum
735 284 798 324 se
819 268 1107 341 scriptum
1137 267 1844 326 essetdocetiiincmarus
1873 265 1920 319 Α
1948 259 2095 317 feria
2124 265 2370 319 sanctus
2394 261 2639 319 Michael
2665 277 2851 334 quam
2876 261 2938 319 in
2967 261 3142 320 alia.»
3185 263 3326 320 Inde
3375 266 3609 337 sapiens
3651 316 3654 321 .

209 363 259 418 in
272 358 454 432 capite
481 362 550 415 36
577 358 925 430 posterioris
942 359 1141 432 operis
1155 358 1450 415 adversus
1477 353 1841 414 Gotteschal-

212 466 345 507 cum.
377 446 533 514 Quid
556 452 760 504 autem
791 447 1019 504 faciunt
1030 447 1212 504 hodie
1240 447 1348 521 qui
1372 447 1663 504 librorum
1691 443 1841 500 divi-

210 554 401 596 norum
431 535 722 592 editiones
751 541 1079 609 procurant
1102 551 1290 609 quam
1339 540 1404 593 ut
1455 534 1839 608 presbytero-

209 644 320 686 rum
342 626 529 682 nostri
554 625 756 682 smculi
779 626 1075 682 inscitiam
1092 626 1371 699 prodant,
1397 626 1536 681 cum
1558 624 1621 681 in
1639 623 1840 681 Missa-

207 718 341 774 libus
368 721 426 771 et
451 715 759 772 Breviariis
782 719 995 772 notant
1018 719 1300 773 accentus
1328 716 1357 771 ‘t
1387 716 1604 771 Annon
1632 713 1715 769 ita
1774 712 1843 769 ﬁt

208 805 328 879 quia
352 808 569 877 putant
595 803 784 859 libros
810 802 942 859 illos
967 803 1029 859 in
1061 818 1281 859 manus
1325 802 1536 860 talium
1593 800 1840 873 presby-

203 899 444 951 terorum
470 892 732 949 incidere
758 907 937 965 posse
965 892 1070 965 qui
1096 891 1251 949 bene
1304 891 1498 962 legere
1544 890 1834 958 nesciant,

204 982 455 1053 adeoque
477 980 784 1051 juvandos
812 996 948 1037 esse
983 980 1291 1037 notatione
1321 983 1681 1037 accentuum
1702 979 1729 1035 ?

260 1106 380 1162 CAP.
404 1107 495 1162 84.
529 1138 598 1147 -
619 1105 720 1163 Ex
748 1107 942 1164 corde.
976 1106 1329 1174 Memoriter,
1356 1122 1479 1177 par
1510 1120 1694 1162 casur.
1728 1107 1836 1162 Be-

200 1196 323 1269 gula
343 1195 531 1252 sancti
552 1195 869 1268 Benedicti,
897 1212 1029 1270 cap.
1052 1202 1083 1252 9
1118 1215 1131 1253 :
1157 1219 1184 1245 «
1219 1197 1480 1252 Posthos
1494 1195 1666 1251 lectio
1688 1199 1840 1268 Apo-

196 1284 312 1343 stoli
347 1289 651 1359 sequatur,
710 1300 782 1341 ex
839 1285 1018 1341 corde
1068 1284 1393 1342 recitanda.
1420 1308 1447 1335 »
1501 1284 1838 1359 Capitulare

195 1374 467 1447 Ahytonis
500 1372 767 1448 episcopi
826 1372 1196 1444 Basileensis,
1247 1389 1380 1449 cap.
1410 1377 1444 1430 4
1476 1398 1485 1427 :
1530 1397 1558 1423 ‹‹
1592 1375 1661 1430 Ut
1687 1371 1836 1429 ﬁdes

193 1462 366 1519 sancti
385 1462 694 1519 Athanasii
724 1478 761 1518 a
791 1462 1201 1519 sacerdotibus
1251 1461 1420 1535 541
1457 1461 1740 1529 discatur,
1781 1465 1837 1518 et

191 1567 255 1609 ex
282 1551 457 1608 corde
484 1551 581 1608 die
613 1551 921 1608 Dominico
952 1551 1029 1608 ad
1074 1552 1288 1607 horam
1337 1551 1598 1625 primam
1627 1550 1834 1621 recite-

1948 347 2029 406 tia
2057 363 2169 421 pro
2197 349 2442 407 scientia
2460 350 2555 406 vel
2582 354 2707 408 arte
2735 349 2891 407 infra
2912 349 3011 408 lib.
3042 366 3106 422 ιι,
3136 367 3268 424 cap.
3297 356 3423 410 368.

1951 484 2264 575 NOTi-E
2344 487 2489 577 AD
2547 485 3081 576 CAPITULA
3140 488 3446 578 LIBRI
3523 489 3596 580 Ι.

2018 647 2119 704 Ex
2145 649 2427 718 capitulis
2447 648 2656 720 synod.
2690 648 2914 721 Duplex
2939 665 3082 719 ergo
3099 648 3496 723 capitulorum
3517 667 3604 708 re-

1954 735 2189 807 giorum
2209 752 2401 808 genus
2416 743 2560 795 erat.
2584 741 2648 795 Et
2674 737 2791 795 alia
2815 738 3065 811 quidem
3090 744 3260 796 erant
3282 742 3447 811 regia
3473 742 3607 797 sim-

1948 825 2193 899 pliciter,
2218 827 2279 883 id
2300 831 2407 898 est,
2439 827 2501 883 in
2522 827 2768 884 consilio
2798 828 3085 901 principis
3107 828 3352 886 inventa
3379 835 3435 886 et
3494 835 3608 887 sta-

1948 918 2092 972 tuta.
2123 915 2254 973 Alia
2281 932 2424 974 vero
2451 921 2621 974 erant
2646 916 2982 989 synodalia,
3008 917 3173 987 regia
3202 933 3368 987 sane,
3398 919 3505 979 sed
3545 920 3605 975 in

1948 1003 2198 1076 synodis
2222 1004 2399 1077 facta,
2422 1010 2479 1062 et
2497 1012 2562 1063 ut
2589 1006 2916 1079 plurimum
2946 1005 3021 1062 de
3047 1005 3227 1062 rebus
3251 1005 3607 1063 ecclesiasti-

1947 1092 2051 1161 cis,
2069 1093 2274 1166 qualia
2290 1099 2429 1152 sunt
2455 1094 2588 1152 ista.
2620 1094 2975 1152 Hincmarus
3003 1094 3064 1152 in
3092 1094 3342 1167 epistola
3369 1097 3438 1151 39
3470 1094 3604 1151 etin

1944 1180 2099 1241 libro
2126 1183 2201 1239 de
2230 1182 2482 1241 divortio
2508 1184 2765 1243 Lotharii
2792 1189 2851 1241 et
2897 1183 3198 1255 Tetbergm
3245 1183 3307 1240 in
3353 1198 3604 1256 respon—

1947 1270 2114 1327 sione
2163 1272 2243 1329 ad
2282 1275 2511 1330 sextam
2562 1272 3089 1342 interrogationem
3125 1290 3137 1330 :
3191 1294 3218 1321 ‹‹
3253 1275 3367 1329 Nec
3397 1276 3610 1345 praete-

1944 1359 2245 1417 reundum
2271 1360 2416 1432 quia
2444 1360 2700 1430 legimus
2749 1361 2812 1419 in
2865 1360 3153 1434 Capitulis
3197 1364 3604 1430 Augustorum

1942 1446 2129 1503 fuisse
2158 1449 2407 1505 vetitum
2432 1448 2662 1518 frigidae
2690 1466 2867 1522 aquae
2890 1449 3210 1521 judicium,
3244 1449 3351 1506 sed
3378 1465 3502 1506 non
3544 1448 3610 1507 il-

1945 1534 2017 1590 lis
2039 1535 2433 1608 synodalibus
2465 1553 2600 1609 qute
2631 1538 2706 1594 de
2727 1538 2900 1594 certis
2927 1539 3270 1609 accepimus
3299 1538 3603 1609 synodis.»

189 1646 288 1698 tur.
324 1664 349 1690 ››
380 1641 573 1708 Quem
600 1640 803 1698 locum
834 1638 1003 1698 facile
1033 1640 1291 1715 explicat
1339 1612 1599 1714 sequens
1654 1612 1836 1714 caput
1862 1612 1905 1667 Β
2016 1624 2151 1715 (ἶΑΡ-
2185 1628 2236 1679 5-
2271 1625 2629 1715 -ΛΡνοΡίθν
2656 1640 2827 1715 δίααηι
2855 1626 3129 1715 quidem.
3198 1624 3373 1715 ῌᾶυά
3422 1624 3604 1679 ἀιὼίθ

186 1730 340 1788 istius
367 1729 793 1806 inquisitionis.
826 1730 968 1788 Vide
994 1730 1170 1798 infra,
1198 1730 1302 1787 lib.
1326 1748 1365 1801 ι,
1400 1745 1532 1804 cap.
1564 1730 1688 1785 272.

245 1840 371 1897 CAP.
405 1844 501 1897 89.
534 1871 605 1880 —
631 1840 900 1912 Agendis
927 1840 1266 1911 tie/unctor.
1298 1840 1365 1896 Id
1385 1844 1495 1909 est,
1540 1839 1600 1896 in
1640 1839 1833 1914 preci-

185 1928 291 1985 bus
315 1927 576 2003 publicis
599 1944 734 2003 quae
757 1928 911 1985 ﬁunt
945 1944 1055 2003 pro
1086 1928 1360 1998 mortuis,
1410 1929 1568 1986 Beda
1616 1927 1717 1984 lib.
1774 1944 1833 1987 xl

181 2018 313 2074 Hist.
347 2017 559 2076 eccles.
589 2034 723 2091 cap.
755 2022 786 2075 3
821 2037 833 2074 :
866 2040 894 2067 «
925 2017 1186 2089 Agendae
1206 2017 1445 2074 illorum
1494 2016 1836 2074 solemniter

178 2105 567 2164 celebrantur.
596 2129 623 2157 »
655 2105 929 2180 Capitula
960 2107 1201 2164 Herardi
1232 2105 1669 2180 archiepiscopi
1726 2108 1834 2162 Tu-

176 2194 444 2250 ronensis
468 2210 602 2269 cap.
638 2199 737 2253 116
767 2213 779 2251 :
806 2218 833 2244 ‹‹
868 2198 948 2253 De
976 2195 1349 2252 orationibus
1390 2199 1448 2251 et
1502 2195 1833 2267 cleemosy-

174 2282 258 2339 nis
283 2288 342 2339 et
363 2283 695 2340 missarum
725 2281 1229 2341 celebrationibus
1257 2299 1367 2356 pro
1396 2281 1677 2338 ﬁdelibus
1728 2282 1831 2338 de-

177 2371 387 2429 functis
418 2372 729 2443 agendis.»
761 2370 1012 2442 Agenda
1034 2371 1213 2442 igitur
1259 2371 1419 2428 dicta
1462 2371 1540 2427 ab
1596 2371 1834 2442 agendo

165 2459 436 2519 missam.
467 2459 594 2517 Lib.
623 2458 1052 2531 v10apitular.,
1076 2474 1209 2532 cap.
1246 2464 1340 2514 101
1383 2477 1395 2514 :
1432 2479 1461 2511 «
1495 2458 1606 2525 Qui
1636 2475 1697 2514 1n
1729 2459 1835 2515 do-

165 2565 258 2604 mo
282 2566 405 2606 sua
438 2546 766 2604 oratorium
796 2546 1092 2615 habuerit,
1132 2563 1301 2605 orare
1331 2547 1555 2603 ibidem
1617 2551 1830 2620 potest.

160 2638 330 2701 Missa
364 2643 576 2695 tamen
599 2636 661 2693 in
691 2652 763 2694 eo
792 2632 1093 2693 celebrare
1130 2652 1253 2692 non
1277 2636 1496 2692 audeat
1526 2652 1635 2691 nec
1657 2652 1832 2706 agere

161 2726 453 2799 cuiquam
484 2725 791 2798 permittat
820 2725 947 2781 sine
977 2725 1277 2798 permissu
1320 2724 1412 2779 vel
1458 2723 1832 2780 dedicatione

160 2814 431 2890 episcopi
473 2813 592 2869 loci
612 2812 767 2870 illius
798 2836 825 2863 »
858 2812 1188 2870 Concilium
1241 2812 1705 2884 Carthaginense
1746 2831 1833 2869 se-

162 2902 454 2969 cundum,
482 2917 618 2975 cap.
652 2906 683 2958 9
713 2918 726 2956 :
768 2924 796 2949 «
832 2900 1113 2974 Quisquis
1138 2900 1449 2975 presbyter
1490 2901 1830 2957 inconsulto

157 2991 391 3062 agenda
422 2989 491 3046 in
523 2988 791 3065 quolibet
838 2988 973 3045 loco
1030 2989 1280 3046 voluerit
1328 2988 1648 3061 celebrare,
1702 2990 1831 3063 ipse

160 3078 371 3137 honori
406 3094 528 3136 suo
562 3076 896 3135 contrarius
927 3076 1176 3133 existit.»
1230 3076 1493 3133 Refertur
1521 3077 1617 3133 hic
1661 3077 1830 3134 locus

155 3168 211 3224 in
231 3168 390 3226 libro
421 3172 602 3225 sexto
636 3167 980 3241 Capitular.,
1013 3183 1146 3240 cap.
1171 3169 1295 3235 23i,
1324 3172 1379 3222 et
1409 3167 1722 3223 Additione
1750 3185 1826 3235 IV,

157 3274 281 3330 cap.
316 3263 408 3326 50,
442 3258 555 3314 ubi
587 3256 803 3329 legitur
830 3257 1126 3330 agendam
1157 3272 1268 3330 pro
1298 3271 1368 3311 eo
1408 3256 1574 3329 quod
1630 3256 1831 3312 editio-

154 3360 255 3404 nes
274 3345 521 3404 concilii
553 3345 815 3403 Africani
840 3344 1065 3402 habent
1086 3344 1339 3415 agenda.
1361 3344 1423 3399 In
1446 3343 1597 3399 libro
1631 3347 1830 3400 tamen

153 3433 379 3506 quinto,
412 3450 559 3508 cap.
593 3437 684 3504 38,
716 3434 951 3506 agenda
974 3431 1189 3502 legitur
1211 3436 1331 3488 tam
1362 3431 1423 3486 in
1460 3432 1625 3487 libris
1656 3433 1828 3488 editis

154 3537 333 3595 quam
362 3522 427 3581 in
463 3521 924 3595 manuscriptis.
957 3521 1097 3578 Vide
1124 3520 1601 3577 eruditissimum
1632 3521 1828 3576 virum

155 3613 466 3682 Hugonem
492 3610 855 3671 Menardum
875 3611 939 3669 in
956 3610 1118 3677 notis
1170 3609 1247 3666 ad
1300 3609 1696 3666 Concordiam
1735 3626 1827 3665 re-

152 3700 450 3774 gularum,
481 3718 551 3779 p.
582 3705 711 3759 355.

215 3808 343 3864 Cu.
375 3812 470 3868 92.
499 3841 578 3849 —
613 3807 997 3877 Computum.
1041 3802 1313 3878 Capitula
1365 3803 1630 3874 Herardi,
1690 3820 1823 3876 cap.

154 3898 248 3951 125
279 3913 293 3953 :
328 3919 356 3946 α
388 3898 469 3956 Ut
528 3894 878 3970 presbyteri
931 3896 1287 3966 computum
1333 3891 1625 3949 discant.»
1666 3891 1827 3948 Istud

148 3999 385 4044 summa
400 4003 561 4045 cura
595 3988 730 4045 tum
759 3982 1161 4056 providebant
1189 3980 1476 4055 episcopi,
1508 3985 1575 4036 ut
1626 3980 1826 4037 nullus

143 4074 657 4148 presbyterorum
678 4073 986 4144 ignoraret
1014 4075 1368 4143 computum
1402 4088 1415 4138 ;
1447 4069 1737 4128 nimirum
1764 4075 1827 4129 ut

142 4176 209 4218 eo
228 4171 410 4239 pacto
436 4162 733 4225 invenire
756 4161 927 4220 facile
955 4164 1205 4234 possent
1255 4162 1516 4232 epactas,
1544 4174 1547 4177 ‘
1571 4175 1824 4219 concur-

140 4257 351 4324 rentes,
382 4254 638 4311 litteras
662 4249 1081 4317 Dominicales,
1113 4247 1263 4307 festa
1292 4246 1560 4317 mobilia,
1592 4252 1650 4305 et
1705 4248 1826 4307 alia

138 4338 590 4412 hujuscemodi.
631 4343 833 4397 Exstat
855 4343 1059 4401 autem
1084 4338 1160 4396 de
1178 4339 1294 4397 hoc
1310 4342 1667 4408 argumento
1698 4337 1826 4394 dia-

138 4426 303 4500 ιοαιιε
332 4431 615 4501 Rabani,
654 4428 907 4489 Macario
957 4427 1259 4489 monacho
1310 4426 1542 4487 dicatus
1575 4443 1587 4495 ;
1650 4423 1823 4499 cujus

137 4520 549 4579 meminerunt
582 4516 888 4579 Rudoll‘us
918 4517 1255 4579 monachus
1285 4519 1342 4573 et
1369 4512 1749 4573 Trithemius.

201 4644 439 4716 Sapiat.
480 4646 676 4704 Sciat.
707 4642 1048 4701 Bonifacius
1075 4641 1251 4715 epist.
1288 4644 1412 4706 132,
1473 4639 1552 4695 ad
1605 4638 1824 4694 Zacha-

138 4730 278 4790 riam
312 4753 327 4790 :
363 4758 393 4785 «
425 4733 783 4792 Consilium
803 4737 861 4788 et
885 4736 1255 4805 praeceptum
1284 4732 1495 4784 vestrae
1512 4726 1827 4783 auctorita-

142 4821 223 4890 tis,
252 4823 313 4880 id
338 4830 453 4893 est,
488 4821 866 4899 Apostolicss
897 4821 1080 4888 sedis,
1105 4819 1328 4875 habere
1357 4820 1416 4873 et
1446 4830 1655 4888 sapere
1720 4814 1826 4870 de-

138 4906 299 4966 beo.»
329 4912 460 4969 Lib.
493 4928 586 4968 vn
622 4908 974 4983 Capitular.,
1008 4924 1141 4982 cap.
1190 4910 1311 4973 100,
1363 4908 1423 4960 et
1468 4902 1636 4976 apud
1696 4903 1826 4958 Ivo—

137 5010 265 5055 nem
294 5004 476 5075 parte
509 5017 594 5069 VI,
632 5013 771 5070 cap.
806 5000 949 5054 300:
999 5019 1026 5046 ‹‹
1056 4994 1405 5053 Sacerdotes
1461 4992 1567 5065 qui
1615 5007 1678 5048 re
1703 5006 1827 5047 non

136 5087 372 5159 sapiunt
420 5085 1195 5161 adimplereministerium
1221 5080 1826 5153 suum.»Jonasepis-

134 5186 312 5249 copas
345 5175 945 5250 Augustodunensis
973 5174 1035 5230 in
1062 5177 1230 5229 tomo
1256 5175 1470 5227 octavo
1527 5168 1826 5243 Spicilegii

134 5265 515 5336 Becher-iani,
547 5278 705 5339 pag.
747 5265 868 5335 146,
896 5284 927 5313 ‹‹
956 5278 1070 5336 pro
1100 5277 1279 5335 posse
1308 5264 1366 5316 et
1391 5274 1621 5331 sapere.
1655 5281 1683 5307 ι»
1719 5260 1827 5313 Ra-

135 5351 350 5411 therius
380 5352 772 5413 Veronensis
801 5351 862 5407 in
891 5340 1056 5408 tonio
1102 5348 1367 5406 secundo
1393 5346 1667 5418 ejusdem
1694 5344 1823 5417 Spi-

133 5441 335 5513 cilegii,
371 5458 438 5517 p.
476 5446 619 5500 305.
657 5457 691 5493 ‹
719 5438 888 5503 Quod
919 5439 967 5493 si
1006 5437 1097 5493 vis
1142 5437 1219 5493 ad
1268 5434 1584 5492 ecclesiam
1636 5430 1824 5487 sancti

131 5531 428 5590 lichaelis
490 5533 610 5598 ire,
672 5543 897 5601 sapias,
943 5526 1088 5582 dicit
1137 5524 1446 5583 Ratherius
1481 5522 1822 5595 episcopus,

129 5623 286 5693 quod
314 5622 505 5699 54³
563 5632 705 5675 non
754 5616 1033 5675 libentius
1090 5620 1142 5672 te
1191 5613 1400 5693 recipit
1446 5611 1509 5667 in
1549 5608 1822 5667 secunda

1944 1712 2134 1769 moles
2161 1713 2539 1784 negotiorum
2569 1714 2765 1786 major
2796 1712 3089 1771 incumbit
3137 1712 3421 1785 episcopo
3465 1729 3605 1769 cum

1942 1800 2003 1855 in
2034 1798 2268 1857 civitate
2300 1805 2387 1857 est
2415 1816 2601 1875 quam
2633 1817 2771 1857 cum
2802 1801 2864 1857 in
2893 1800 3076 1857 rurali
3101 1800 3367 1874 parcecia
3419 1800 3602 1873 degit,

1941 1887 2273 1960 praesertim
2296 1888 2343 1944 si
2369 1904 2440 1946 ea
2463 1887 2722 1946 multum
2738 1892 2968 1945 remota
2984 1904 3021 1944 a
3041 1886 3275 1945 civitate
3305 1886 3602 1953 sit.Quam

1942 1977 2021 2033 ob
2050 1993 2301 2034 causam
2328 1977 2526 2035 visum
2544 1981 2633 2034 est
2666 1976 2966 2034 interdum
3020 1975 3343 2043 nonnullis,
3375 1975 3481 2049 qui
3538 1975 3602 2033 li-

1942 2066 2190 2123 berioris
2222 2084 2291 2123 ac
2321 2066 2627 2140 quietioris
2686 2067 2820 2123 vitae
2876 2064 3160 2140 cupidine
3197 2064 3598 2131 ducebantur,

1941 2153 2338 2210 deserendam
2396 2170 2528 2211 esse
2585 2154 2932 2211 cathedram
2983 2151 3374 2227 principalem
3432 2155 3497 2207 ut
3525 2151 3602 2208 ad

1944 2241 2310 2299 rusticanam
2359 2241 2717 2314 quampiam
2782 2241 3111 2314 parmciam
3145 2256 3205 2297 se
3242 2239 3599 2299 conferrent.

1942 2334 2197 2386 Istorum
2222 2330 2615 2386 temeritatem
2645 2329 3014 2402 compescuit
3069 2328 3340 2402 synodus
3393 2328 3605 2401 quinta.

1943 2417 2446 2488 Carthaginensis,
2506 2418 2565 2472 in
2599 2433 2721 2490 qua
2743 2418 2825 2472 sic
2849 2417 3135 2490 scriptum
3167 2422 3291 2473 est:
3324 2440 3351 2465 «
3385 2414 3606 2474 Placuit

1943 2511 2008 2561 ut
2035 2506 2260 2561 nemini
2292 2505 2367 2562 sit
2390 2506 2663 2575 facultas,
2691 2506 2896 2562 relicta
2935 2505 3248 2579 principali
3298 2506 3600 2573 cathedra,

1944 2595 2023 2651 ad
2055 2594 2322 2667 aliquam
2381 2595 2698 2651 ecclesiam
2729 2595 2792 2649 in
2823 2594 3069 2650 dicacesi
3100 2595 3482 2651 constitutam
3542 2611 3603 2650 se

1941 2684 2266 2739 conferre.»
2297 2684 2462 2739 Tanti
2484 2688 2686 2739 autem
2709 2683 2998 2739 momenti
3018 2683 3228 2740 Carolo
3245 2686 3454 2753 Magno
3476 2683 3606 2739 visa

1940 2775 2027 2826 est
2066 2772 2192 2826 hinc
2214 2771 2422 2840 regula
2443 2776 2508 2826 ut
2537 2787 2675 2827 eam
2705 2770 2853 2841 legis
2880 2771 3074 2826 vicem
3104 2771 3165 2826 in
3204 2770 3389 2827 Gallia
3445 2771 3601 2827 obti-

1944 2874 2082 2914 nere
2115 2858 2383 2926 voluerit,
2410 2859 2489 2914 ita
2511 2859 2866 2932 praecipiens
2906 2858 3009 2915 lib.
3040 2875 3061 2914 ι
3108 2858 3430 2931 Capitular.
3466 2875 3599 2932 cap.

1861 2957 1905 3011 ο
1940 2949 2003 3002 41
2035 2965 2082 3002 :«
2114 2948 2187 3002 Ut
2207 2962 2329 3003 non
2352 2947 2828 3021 liceatepiscopo
2840 2947 3235 3021 principalem
3253 2947 3603 3003 cathedram

1943 3054 2064 3093 suae
2095 3037 2394 3109 parochias
2421 3036 2721 3107 negligere
2765 3042 2822 3092 et
2869 3036 3136 3108 aliquam
3184 3035 3497 3092 ecclesiam
3541 3036 3603 3092 in

1939 3143 2051 3182 sua
2072 3126 2345 3182 dioecessi
2375 3126 2569 3195 magis
2590 3126 2986 3199 frequentare.
3020 3149 3045 3174 »
3079 3127 3265 3191 Quem
3300 3125 3502 3181 locum
3532 3140 3605 3181 ex

1940 3215 2191 3271 concilio
2214 3215 2679 3285 Rothomagensi
2708 3230 2839 3288 cap.
2880 3220 2963 3283 16,
2993 3213 3169 3270 refert
3219 3214 3605 3270 Burchardus

1938 3303 2040 3358 lib.
2077 3322 2111 3369 ι,
2137 3319 2269 3376 cap.
2295 3308 2384 3359 81.
2412 3303 2661 3360 Nolebat
2688 3303 2849 3359 enim
2879 3302 3050 3358 illum
3071 3302 3319 3358 laudare
3345 3318 3419 3357 ex
3438 3301 3605 3357 libris

1939 3392 2388 3465 Capitularium.
2423 3394 2533 3458 Qui
2557 3408 2699 3461 ergo
2721 3394 3025 3464 privatum
3050 3407 3352 3447 secessum
3377 3406 3604 3465 quaere-

1936 3482 2087 3538 bant
2110 3486 2354 3554 propter
2379 3498 2553 3538 suam
2576 3482 2860 3553 quietem,
2888 3481 3069 3536 iidem
3106 3495 3219 3549 pro
3242 3496 3353 3536 sua
3413 3482 3607 3551 quiete

1938 3577 1994 3628 et
2024 3571 2434 3639 voluptatibus
2464 3571 2551 3640 (ut
2589 3569 2801 3624 acriter
2831 3569 3215 3641 conqueritur
3247 3569 3602 3624 Hincmarus

1937 3660 1997 3716 in
2026 3660 2278 3733 epistola
2295 3662 2386 3728 45,
2414 3674 2547 3731 cap.
2580 3659 2673 3727 26)
2703 3658 3164 3729 chorepiscopos
3195 3656 3308 3711 sub
3331 3673 3393 3711 se
3424 3657 3606 3712 habe-

1936 3747 2085 3803 bant
2122 3767 2134 3814 ;
2170 3753 2236 3803 ut
2272 3747 2509 3803 interim
2532 3746 2681 3802 dum
2713 3745 2830 3818 ipsi
2858 3743 3180 3813 venationi,
3221 3743 3605 3816 aucupationi

1936 3840 1994 3891 et
2023 3835 2249 3892 caeteris
2294 3834 2493 3891 saeculi
2534 3832 2991 3890 oblectamentis
3046 3846 3294 3905 operam
3351 3831 3603 3904 dabant,

1936 3923 2101 3996 quod
2134 3923 2233 3992 agi
2257 3922 2500 3979 solitum
2530 3938 2567 3979 a
2594 3920 2895 3995 plerisque
2927 3920 3129 3976 saeculi
3155 3919 3312 3976 illius
3370 3920 3605 3994 episco-

1935 4013 2028 4084 pis
2059 4017 2308 4069 testatur
2337 4010 2716 4083 Agobardus,
2743 4009 3604 4083 chorepiscopivicem’eomm

1935 4101 1997 4157 in
2034 4101 2202 4157 omni
2227 4100 2555 4157 ministerio
2576 4099 2901 4174 episcopali
2954 4098 3303 4171 supplerent
3356 4098 3604 4155 omnino

1934 4189 2100 4261 ipsos
2126 4189 2287 4245 fasce
2317 4188 2585 4244 levarent
2611 4185 2959 4260 episcopali.
2998 4185 3172 4259 54.3
3238 4190 3442 4259 itaque
3492 4188 3598 4242 Pa-

1855 4304 1901 4359 Β
1936 4283 2053 4334 tres
2073 4277 2309 4335 concilii
2336 4276 2670 4347 Meldensis,
2696 4276 2803 4349 qui
2830 4276 2893 4331 in
2924 4276 3037 4331 isto
3066 4275 3259 4347 capite
3289 4274 3603 4330 inveniun-

1936 4370 2031 4423 tur
2062 4366 2354 4423 adversus
2379 4365 2699 4438 episcopos
2727 4368 2972 4437 propter
3000 4377 3177 4419 suam
3214 4362 3478 4434 quietem
3525 4362 3603 4417 ad

1936 4454 2258 4513 remotiora
2276 4454 2410 4510 loca
2438 4453 2804 4519 accedentes,
2831 4452 2895 4507 in
2917 4451 3110 4522 capite
3134 4449 3276 4504 dein
3313 4452 3383 4505 44
3434 4449 3605 4503 dam-

1934 4548 2148 4599 nantes
2198 4558 2301 4598 eos
2338 4543 2442 4615 qui
2518 4540 2916 4598 ministerium
2987 4554 3169 4593 suum
3221 4536 3635 4592 committunt

1936 4630 2402 4703 chorepiscopis,
2433 4630 2665 4686 malum
2694 4627 2841 4683 illud
2876 4630 3076 4682 ortum
3133 4640 3263 4680 esse
3312 4624 3478 4680 aiunt
3530 4639 3605 4679 ex

1934 4720 2170 4777 desidia
2216 4720 2660 4792 episcoporum.
2714 4720 2779 4773 Et
2831 4720 3006 4771 antea
3059 4713 3306 4770 Carolus
3356 4716 3602 4784 Magnus

1935 4814 2270 4866 monuerat.
2289 4807 2392 4864 lib.
2427 4824 2485 4862 η
2517 4805 2862 4879 Capitular.,
2892 4819 2944 4857 c.
2976 4803 3096 4870 119,
3131 4800 3600 4874 chorepiecopos

1936 4898 2128 4953 factos
2160 4911 2294 4953 esse
2313 4896 2395 4952 ab
2423 4893 2724 4968 episcopis
2752 4890 3010 4949 indoctis
3034 4895 3093 4946 et
3142 4888 3248 4962 qui
3303 4889 3601 4960 quietibus

1936 4999 2009 5045 ac
2033 4985 2532 5042 delectationibus
2561 4983 2682 5038 suis
2710 4978 3104 5035 inhaerebant.
3138 4977 3399 5033 Viderint
3442 4977 3597 5050 epis-

1935 5074 2072 5147 copi
2091 5077 2387 5131 nostrates
2414 5088 2495 5127 an
2526 5071 2653 5125 hinc
2700 5067 2946 5141 querela
2990 5066 3050 5122 in
3081 5066 3215 5122 illos
3274 5071 3596 5139 competat,

1934 5164 1997 5220 id
2023 5168 2131 5229 est,
2157 5167 2359 5218 utrum
2380 5156 2786 5230 voluptatibus
2816 5156 2946 5212 suis
2992 5156 3189 5225 magis
3244 5155 3428 5211 dediti
3478 5155 3598 5210 sint

1937 5266 2126 5323 quam
2153 5264 2313 5306 curae
2342 5245 2540 5317 gregis
2567 5243 2879 5301 Dominici.

2005 5341 2140 5393 Car.
2178 5338 2260 5391 ll.
2294 5368 2362 5378 —-
2402 5335 2663 5391 Placuit.
2698 5336 2780 5389 Ex
2823 5332 3075 5389 concilio
3137 5331 3477 5389 Bracarensi
3533 5347 3594 5397 ιι,

2188 5514 2427 5571 solidos.
2460 5511 2749 5569 Nimirum
2780 5526 2891 5584 pro
2914 5512 3049 5583 jure
3095 5507 3476 5578 visitationis,
3531 5510 3598 5561 ut

1931 5605 2111 5663 hodie
2127 5602 2451 5677 loquimur.
2486 5603 2566 5658 Eo
2592 5600 2868 5657 fortassis
2878 5601 3012 5672 jure
3034 5600 3210 5655 nixus
3224 5595 3591 5655 Gsusbertus
