3980 6182
237 220 342 272 417

1276 219 1476 274 NOTAE
1513 218 1607 273 AD
1648 219 1773 273 LlB.
1814 216 1837 270 Ι
1875 216 1967 271 DE
2006 217 2283 274 ECCI.ES.
2326 221 2613 276 DlSClPL.

3529 227 3634 280 418

209 329 357 396 1ario
410 339 671 395 ecclesiae
721 341 1285 411 Augustoduuensis
1309 359 1322 395 :
1367 364 1393 391 ‹‹
1420 340 1592 407 Quod
1639 341 1687 396 si
1716 334 1863 396 forte
1896 339 1946 392 Α
1983 342 2395 411 construxerit,
2425 343 2674 400 decimae
2695 342 2850 398 illius
2879 341 3108 412 novalis
3137 341 3488 398 collaborati
3507 361 3637 416 per-

210 429 645 486 incontinentes
686 446 904 486 manus
945 429 1024 485 ad
1055 430 1281 502 aliquid
1303 430 1454 501 juris
1482 430 1744 502 praefatae
1773 445 1869 484 ec-

213 518 401 574 clesiae
427 517 832 586 extenderent,
866 515 1020 574 infra
1047 519 1450 591 quadraginta
1493 518 1620 574 dies
1649 534 1722 574 ex
1751 534 1873 590 quo

213 607 390 681 positi
415 610 617 662 essent
647 607 726 663 ad
756 608 1071 674 rationem,
1097 623 1224 662 rem
1272 607 1538 663 ablatam
1571 606 1696 661 sine
1744 606 1873 675 lege

212 695 601 752 restituerent.
634 695 748 752 Sed
778 696 837 751 in
868 696 1022 751 infra
1039 695 1442 767 quadraginta
1468 694 1596 750 dies
1624 710 1750 750 non
1774 694 1874 749 ﬁe-

212 791 298 842 ret
325 784 633 850 restitutio,
669 784 823 842 ultra
850 785 1252 858 quadraginta
1278 784 1406 840 dies
1435 783 1688 856 capitale
1717 783 1873 839 redi-

215 879 300 930 ret
326 890 468 929 cum
498 873 700 944 lege.»

285 967 421 1020 Car.
450 967 537 1019 36.
571 996 639 1003 ——
670 966 756 1019 De
783 979 973 1032 opere.
1008 963 1346 1018 Justissima
1386 963 1499 1018 lex.
1535 963 1688 1028 Quid
1714 963 1875 1018 enim

214 1053 447 1126 aequius
473 1067 659 1124 quam
681 1056 746 1106 ut
765 1051 827 1106 hi
847 1051 1231 1123 suppeditent
1252 1056 1530 1124 sumptus
1553 1051 1631 1106 ad
1653 1055 1878 1106 restau-

212 1142 471 1200 randam
501 1141 814 1197 ecclesiam
838 1140 942 1212 qui
965 1140 1129 1196 bona
1151 1141 1426 1210 ejusdem
1451 1139 1714 1195 ecclesiae
1738 1155 1878 1211 pos-

215 1230 456 1286 sident?
487 1228 601 1286 Sed
631 1227 679 1282 si
704 1227 882 1282 hodie
914 1226 1007 1282 lex
1038 1227 1150 1282 ista
1170 1227 1371 1282 locum
1399 1226 1664 1295 haberet,
1687 1231 1743 1282 et
1773 1226 1878 1298 qui

213 1317 480 1373 decimas
504 1314 837 1371 infeodatas
868 1318 1084 1380 tenent,
1114 1319 1170 1369 et
1195 1314 1298 1386 qui
1330 1313 1649 1386 pensiones
1680 1319 1742 1368 ut
1770 1330 1876 1368 vo-

218 1411 376 1472 cant,
409 1421 590 1477 super
612 1403 920 1460 beneﬁciis
951 1403 1365 1459 ecclesiasticis
1396 1403 1747 1458 constitutas
1777 1403 1880 1458 ha-

215 1496 380 1561 bent,
411 1495 448 1549 ii
478 1509 689 1548 omnes
725 1508 832 1564 pro
863 1509 974 1548 sua
1003 1491 1258 1564 quisque
1305 1490 1578 1563 portione
1617 1497 1878 1547 teneren-

218 1590 312 1640 tur
355 1583 434 1638 ad
461 1581 899 1655 reparationem
933 1581 1338 1636 ecclesiarum.
1375 1582 1589 1635 Verum
1629 1580 1710 1635 sic
1741 1595 1874 1650 gra-

1983 429 2206 487 tineant
2236 432 2315 487 ad
2353 433 2668 488 ecclesiam
2701 432 2930 486 noviter
2959 431 3332 487 aediﬁcatam.
3369 432 3482 488 Sed
3510 433 3639 489 vult

1981 518 2256 592 princeps
2289 527 2352 576 ut
2381 521 2619 577 novalia
2639 536 2900 592 quorum
2931 520 3178 576 decimae
3205 520 3638 577 subtrahuntur

1979 608 2240 680 antiquae
2267 610 2547 676 ecclesiis,
2585 609 2736 665 ultra
2763 608 3036 664 milliaria
3066 613 3325 681 quatuor
3354 609 3445 665 vel
3467 609 3638 682 quin-

1980 713 2096 769 que
2123 698 2341 754 distent
2367 699 2446 754 ab
2477 697 2726 754 ecclesia
2751 698 2851 753 illa
2881 697 3149 769 antiqua.
3175 702 3379 770 Itaque
3405 714 3476 754 ea
3502 715 3638 771 quae

1981 787 2041 842 in
2072 788 2268 844 vicino
2298 794 2486 855 erant,
2520 788 2785 844 decimas
2823 786 3126 843 debebant
3171 787 3433 859 antiquis
3458 788 3640 845 eccle-

1983 875 2100 930 siis.
2133 881 2339 932 Postea
2383 879 2634 932 Romani
2666 874 2995 948 pontiﬁces,
3027 878 3090 928 ut
3133 879 3549 946 paupertatem
3585 878 3644 931 et

1982 964 2248 1037 inopiam
2281 967 2718 1021 monachorum
2751 963 3152 1031 sublevarent,
3184 979 3285 1018 eos
3315 962 3643 1019 liberarunt

1984 1068 2019 1107 a
2050 1054 2427 1124 praestatione
2455 1053 2826 1108 decimarum
2847 1068 2920 1106 ex
2953 1051 3110 1121 agris
3132 1049 3452 1106 novalibus
3481 1066 3638 1122 quos

1982 1141 2094 1211 ipsi
2128 1142 2383 1213 propriis
2429 1141 2711 1196 manibus
2761 1140 3124 1195 laborarent.
3173 1137 3502 1194 Richardus
3551 1153 3641 1194 ar-

1985 1228 2404 1301 chiepiscopus
2457 1228 2898 1286 Cantuariensis
2937 1227 3014 1283 ad
3053 1226 3473 1282 Cistercienses
3503 1225 3641 1280 scri-

1981 1317 2152 1385 bens,
2199 1319 2360 1390 apud
2417 1323 2648 1374 Petrum
2696 1318 3050 1382 Blesensem,
3087 1315 3336 1388 epistola
3381 1319 3476 1370 8‘2:
3529 1337 3555 1363 ‹‹
3583 1313 3640 1369 Si

1983 1408 2264 1463 dominus
2285 1424 2445 1480 papa
2474 1408 2845 1478 indulgentia
2869 1406 3109 1479 speciali
3143 1404 3509 1478 quandoque
3528 1403 3643 1476 pri-

1979 1497 2283 1568 vilegiavit
2311 1515 2438 1566 vos,
2463 1498 2611 1552 dum
2642 1498 2790 1552 ordo
2820 1501 3011 1551 vester
3039 1495 3099 1550 in
3131 1499 3481 1566 paupertate
3500 1509 3642 1563 gau-

1980 1585 2180 1655 debat,
2211 1586 2358 1641 dum
2389 1587 2450 1640 in
2481 1602 2624 1640 usus
2653 1584 2956 1654 egentium
2990 1599 3112 1638 suae
3140 1581 3440 1637 tenuitatis
3458 1581 3642 1636 visce-

219 1670 696 1742 vissimainjuria
729 1669 893 1726 ﬁeret
912 1670 1031 1740 juri
1060 1669 1226 1741 quod
1251 1684 1410 1723 nunc
1433 1667 1745 1739 publicum
1767 1672 1873 1723 est.
1904 1688 1942 1740 Β
1981 1691 2048 1728 ra
2079 1675 2328 1730 libenter
2366 1670 2732 1739 effundebat,
2766 1673 2954 1743 potuit
3005 1670 3236 1727 tolerari
3274 1669 3352 1724 ad
3382 1674 3637 1741 tempus,

289 1761 492 1816 Nonas
525 1765 578 1815 et
607 1759 884 1814 decimas.
919 1758 981 1812 ld
1032 1763 1137 1823 est,
1173 1757 1444 1828 quintam
1486 1761 1716 1828 partem
1750 1755 1874 1811 fru-

219 1852 426 1904 ctuum
452 1864 521 1904 ex
551 1846 791 1920 przediis
815 1862 950 1918 quae
981 1845 1114 1900 laici
1139 1844 1216 1900 ab
1234 1844 1493 1900 ecclesiis
1515 1844 1795 1900 tenebant
1815 1843 1874 1898 in

220 1937 487 2002 feudum,
518 1933 860 2005 cujusmodi
886 1933 964 1988 illi
987 1933 1219 2003 generis
1246 1938 1442 1988 essent
1469 1951 1480 1999 ;
1517 1937 1580 1987 ut
1600 1937 1753 1988 recte
1781 1949 1877 1986 cx-

219 2025 400 2098 plicat
427 2023 514 2080 vir
539 2023 972 2079 illustrissimus
1027 2026 1226 2077 Petrus
1269 2022 1343 2077 de
1372 2026 1562 2078 Mai-ca
1592 2021 1879 2093 archiepi-

221 2131 440 2186 scopus
466 2112 878 2169 Parisiensisin
898 2113 1050 2168 libro
1065 2112 1261 2184 primo
1283 2111 1542 2167 Historiae
1569 2114 1874 2174 Bcuearn.,

221 2207 504 2276 cap.28,§
529 2208 613 2258 15.
639 2202 780 2258 Hine
803 2217 1103 2258 nonarum
1128 2205 1183 2256 et
1203 2200 1574 2256 decimarum
1600 2190 1881 2255 vestitura

221 2293 279 2348 in
310 2291 636 2365 diplomate
669 2290 1050 2348 Carlomanni
1098 2289 1254 2358 regis
1287 2304 1396 2360 pro
1429 2288 1677 2344 ecclesia
1703 2293 1880 2342 Aure-

221 2382 491 2438 lianensi.
521 2381 667 2436 Hinc
699 2379 1050 2435 Lambertus
1078 2377 1544 2435 Cenomanensis
1565 2376 1884 2448 episcopus

219 2471 299 2527 ad
354 2468 828 2526 Hildebrandum
881 2467 1230 2536 Sagiensem
1276 2467 1628 2537 episcopum
1683 2464 1886 2518 scribit

217 2559 816 2616 excommunicatum
837 2573 873 2611 a
890 2572 950 2611 se
979 2555 1156 2610 fuisse
1180 2555 1507 2610 Rainonem
1533 2553 1881 2626 quemdam,

216 2649 328 2722 qui
357 2663 586 2703 nonam
621 2652 675 2702 et
703 2646 1002 2702 decimam
1029 2644 1288 2700 ecclesiae
1321 2661 1443 2698 suae
1478 2643 1784 2698 retinebat.

291 2738 579 2792 Bammm
611 2740 900 2790 nostrum.
944 2733 1008 2787 ld
1040 2737 1146 2801 est,
1178 2732 1453 2788 hannum
1485 2730 1882 2796 dominicum,

221 2827 497 2883 hannum
547 2822 798 2893 regium.
841 2824 1118 2878 Bannum
1170 2822 1285 2876 hoc
1330 2820 1464 2875 loco
1512 2819 1672 2874 idem
1721 2819 1884 2890 quod

221 2916 338 2984 lex,
380 2913 585 2981 multa,
630 2929 735 2968 seu
779 2911 1058 2976 emenda,
1086 2910 1175 2966 'ut
1227 2910 1405 2966 hodie
1455 2909 1780 2980 loquimur.
1835 2909 1886 2962 Ιί

228 3004 610 3061 t’amendera.
645 3001 801 3058 Infra
850 3015 1024 3073 capp.
1060 3003 1183 3066 2H,
1235 3002 1338 3055 32%
1388 3003 1444 3053 et
1487 3002 1610 3066 368,
1643 2997 1884 3052 bannus

225 3093 514 3167 episcopi.
536 3095 683 3148 Nam
701 3090 841 3147 alibi
861 3090 1100 3145 bannus
1121 3089 1420 3143 interdum
1445 3085 1738 3156 signiﬁcat
1760 3085 1883 3141 edi-

227 3187 390 3238 ctum
420 3182 543 3236 sive
593 3179 900 3253 publicam
945 3177 1457 3232 denuntiationem
1509 3175 1728 3231 factam
1781 3190 1888 3247 per

227 3286 589 3344 praeconem,
647 3267 949 3324 interdum
997 3282 1138 3321 vero
1188 3266 1699 3329 conﬁscationem,
1754 3280 1888 3336 pro-

227 3359 630 3431 scriptionem,
665 3356 960 3424 exsilium,
993 3359 1057 3410 ut
1103 3355 1351 3411 adnotat
1401 3352 1756 3410 Sirmondus
1807 3353 1882 3408 ad

229 3447 502 3521 Capitula
527 3446 718 3502 Caroli
749 3444 931 3503 Calvi.

297 3537 678 3606 Beneﬁcium.
727 3535 1020 3605 Feudum,
1059 3532 1526 3589 ecclesiasticum
1574 3530 1881 3586 nimirum.

232 3632 294 3682 ut
340 3630 504 3698 patet
551 3641 624 3679 ex
653 3623 850 3679 verbis
879 3622 1047 3692 legis,
1078 3626 1135 3677 et
1171 3621 1346 3676 docet
1383 3620 1562 3675 etiam
1614 3624 1796 3692 caput
1821 3623 1886 3673 is

230 3716 399 3772 istius
418 3714 574 3783 libri,
605 3713 868 3785 itemque
896 3715 986 3767 47.
1020 3708 1404 3765 Heereditaria
1435 3712 1637 3764 autem
1672 3712 1733 3763 ut
1763 3706 1891 3778 plu-

231 3806 452 3862 rimum
497 3806 668 3859 erant
710 3801 811 3856 illa
858 3799 1171 3867 beneﬁcia,
1205 3800 1268 3853 ut
1297 3800 1461 3870 patet
1490 3812 1562 3851 ex
1590 3794 1756 3849 libris
1790 3798 1893 3850 Ca-

231 3892 597 3967 pitularium.
629 3889 879 3961 Insignis
905 3892 994 3944 est
1019 3888 1081 3943 in
1107 3903 1242 3943 eam
1273 3901 1398 3941 rem
1425 3885 1593 3939 locus
1616 3899 1688 3938 ex
1708 3882 1894 3938 dialo-

232 3999 313 4052 go
341 3981 414 4036 de
444 3984 599 4036 statu
625 3977 887 4035 ecclesiae
921 3991 1104 4048 quem
1119 3973 1210 4030 vir
1238 3971 1612 4029 clarissimus
1634 3973 1892 4026 Joannes

232 4070 547 4129 Cordcsius
573 4067 899 4125 canonicus
931 4062 1367 4122 Lemovicensis
1396 4061 1581 4117 edidit
1605 4077 1743 4116 cum
1775 4059 1894 4132 epi-

231 4161 400 4218 stolis
432 4159 600 4234 547
633 4156 954 4215 Hincmari.
981 4159 1185 4228 Itaque
1214 4154 1273 4210 in
1319 4152 1560 4222 dialogo
1584 4150 1684 4209 illo
1713 4151 1796 4206 sic
1816 4150 1894 4205 le-

232 4251 395 4322 gitur
423 4267 434 4303 :
483 4268 513 4303 ‹
538 4253 598 4304 In
634 4246 905 4305 Saxoniae
955 4249 1155 4302 autem
1182 4247 1240 4300 et
1267 4241 1592 4300 Germaniae
1621 4239 1893 4314 partibus

231 4337 570 4412 quamdam
598 4335 884 4393 umbram
908 4332 1148 4404 justitize
1199 4331 1261 4387 in
1308 4331 1422 4406 hac
1466 4346 1529 4386 re
1577 4328 1777 4385 adhuc
1806 4343 1894 4383 re-

232 4427 459 4484 servari
505 4426 707 4499 opinio
755 4429 861 4480 est.
920 4420 1318 4478 Inthronizato
1373 4419 1533 4475 enim
1586 4418 1890 4490 episcopo,

236 4533 450 4576 omnes
480 4517 825 4590 quicunque
873 4511 1139 4569 Ecclesiae
1168 4509 1463 4567 beneﬁcia
1504 4512 1724 4579 tenent,
1757 4511 1894 4563 ante

233 4607 426 4681 pedes
472 4603 734 4680 episcopi
764 4600 1136 4660 inthronizati
1188 4615 1259 4656 ea
1286 4598 1618 4671 deponunt,
1649 4597 1710 4652 in
1736 4599 1899 4669 pote-

235 4700 390 4752 state
436 4692 703 4768 episcopi
746 4707 930 4765 quem
971 4691 1268 4747 honorare
1317 4686 1566 4758 antiquo
1604 4683 1897 4740 beneﬁcio

234 4787 331 4845 vel
396 4801 575 4858 quem
637 4782 972 4855 exspoliare
1027 4779 1196 4836 malit
1241 4778 1710 4850 relinquentes.»
1761 4775 1899 4830 Vide

237 4881 416 4934 notas
447 4878 684 4930 nostras
713 4871 790 4929 ad
836 4869 1173 4943 Capitulare
1199 4865 1674 4940 Compendiense
1709 4863 1900 4920 Caroli

238 4966 426 5022 Calvi.

313 5056 450 5109 CAP.
482 5057 570 5109 41.
603 5085 671 5092 —
702 5053 893 5124 Caput
939 5048 1099 5104 istud
1154 5049 1462 5118 sumptum
1512 5047 1599 5100 est
1646 5059 1718 5098 ex
1748 5041 1900 5098 libro

243 5143 517 5201 secundo
549 5139 895 5214 Capitular.,
931 5153 1064 5209 cap.
1099 5141 1150 5191 5.

318 5234 455 5288 CAP.
479 5233 568 5287 44.
602 5261 668 5269 ——
698 5229 958 5285 Νουαιία
987 5242 1157 5282 rura.
1191 5224 1327 5278 Haac
1371 5220 1710 5277 constitutio
1749 5218 1903 5273 duas

174 5321 179 5324 ’
241 5327 447 5396 partes
466 5319 662 5375 liabet.
688 5315 887 5372 Primo
905 5315 1106 5372 statuit
1125 5320 1192 5370 ut
1219 5312 1466 5368 decimae
1488 5327 1561 5365 ex
1587 5305 1905 5396 novalibus

242 5395 669 5486 persolvantur
684 5407 948 5463 ecclesiis
971 5407 1124 5461 intra
1147 5419 1407 5477 quarum
1431 5399 1644 5456 limites
1663 5395 1905 5453 novalia

241 5484 390 5557 rura
419 5499 744 5556 constituta
786 5500 942 5552 sunt.
977 5492 1196 5551 Deinde
1222 5491 1393 5564 jubet
1435 5494 1500 5545 ut
1525 5487 1574 5544 si
1601 5484 1906 5560 quispiam

244 5603 512 5665 persona
556 5601 792 5656 magna;
836 5581 1160 5640 nobilitatis
1199 5585 1304 5636 aut
1330 5576 1632 5650 dignitatis
1662 5570 1908 5665 aliquod

244 5661 468 5735 navale
487 5676 549 5732 in
571 5675 724 5731 saltu
745 5669 1216 5738 colloboraverit,
1229 5667 1575 5738 ibidemque
1593 5661 1908 5720 ecclesiam

1981 1765 2116 1820 licet
2138 1764 2198 1819 iu
2225 1782 2356 1821 com
2368 1780 2611 1820 munem
2630 1761 2976 1819 redundavit
2996 1761 3076 1831 inj
3087 1760 3296 1826 uriam,
3318 1758 3484 1830 quod
3505 1774 3642 1814 cau-

1985 1870 2051 1908 sa
2099 1853 2462 1909 necessitatis
2509 1853 2700 1908 fuerat
2748 1850 3175 1906 iutroduetum.
3208 1850 3375 1902 Nunc
3414 1851 3636 1914 autem,

1983 1943 2230 2015 quando
2246 1948 2444 1998 vestrae
2463 1940 2868 2015 possessiones
2887 1937 3289 2010 multiplicatae
3303 1939 3443 1990 sunt
3460 1934 3640 1990 etiam

1984 2033 2043 2088 in
2097 2033 2484 2097 immensum,
2514 2030 2824 2104 privilegia
2881 2030 3007 2083 haec
3052 2028 3251 2100 potius
3297 2025 3642 2081 ambitionis

1986 2139 2172 2193 quam
2217 2121 2517 2192 religionis
2567 2121 2963 2175 instrumenta
2995 2120 3336 2171 censetur.»
3383 2117 3644 2169 Joannes

1991 2209 2454 2266 Saresberiensis
2480 2208 2582 2264 lib.
2618 2223 2722 2276 vu,
2745 2207 2818 2261 de
2845 2205 3024 2275 Nugis
3049 2203 3364 2270 curialum,
3387 2217 3520 2273 cap.
3538 2206 3599 2255 2t
3628 2217 3640 2254 :

1993 2322 2017 2346 ‹‹
2048 2298 2242 2353 Primo
2259 2296 2690 2370 quidem,dum
2717 2294 2922 2362 religio
2943 2295 3294 2364 paupertate
3321 2288 3644 2360 gaudebat,

1991 2391 2046 2441 et
2076 2386 2132 2440 in
2167 2386 2423 2441 aliorum
2464 2384 2845 2440 necessitates
2876 2387 2978 2436 aut
3016 2397 3161 2436 usus
3191 2377 3538 2434 effundebat
3564 2375 3648 2432 vi-

1993 2490 2158 2528 scera
2187 2474 2402 2544 inopiae
2435 2490 2580 2542 sure,
2613 2471 2843 2527 indulta
2892 2474 3029 2524 sunt
3079 2467 3388 2540 privilegia
3411 2481 3648 2538 posses-

1995 2562 2298 2624 sionibus;
2343 2578 2502 2634 quae,
2536 2559 2885 2616 necessitate
2919 2561 3190 2613 cessante
3216 2560 3271 2610 et
3299 2554 3648 2625 frigescente

1993 2650 2297 2719 charitate,
2330 2650 2528 2722 potius
2579 2647 2840 2705 avaritiae,
2895 2663 3078 2718 quam
3112 2642 3412 2712 religionis
3437 2641 3650 2698 instru-

1994 2744 2195 2794 menta
2242 2738 2639 2794 creduntur.»
2691 2739 2838 2794 Cum
2878 2751 3019 2805 ergo
3072 2732 3199 2802 agri
3237 2732 3319 2787 illi
3360 2746 3650 2800 magnam

1992 2827 2280 2882 haberent
2314 2826 2623 2893 invidiam,
2657 2825 2800 2896 quia
2831 2824 2890 2879 in
2921 2824 3286 2879 immensum
3317 2813 3493 2894 548
3524 2819 3650 2876 ubi-

1991 2933 2109 2988 que
2139 2919 2540 2979 excreverant,
2574 2919 2838 2986 ereptum
2896 2919 2981 2968 est
3024 2910 3241 2967 deinde
3289 2909 3478 2982 quieri
3504 2907 3651 2981 quid

1990 3022 2097 3078 per
2139 3005 2370 3061 novalis
2410 3004 2768 3060 vocabulum
2800 3001 3044 3071 intelligi
3085 2999 3320 3055 debeat.
3351 3001 3540 3070 Super
3579 3013 3652 3053 ea

1993 3111 2053 3149 re
2085 3093 2392 3149 consultus
2425 3091 2802 3147 Innocentius
2832 3090 2899 3145 llI
2932 3089 3010 3144 ab
3040 3089 3326 3161 episcopo
3351 3087 3652 3141 Caesarau-

1993 3188 2249 3253 gustano
2267 3182 2574 3254 respondit
2592 3197 2698 3254 per
2707 3180 2920 3236 novale
2937 3176 3181 3248 intelligi
3203 3176 3420 3231 debere
3438 3190 3652 3246 agrum

1993 3268 2066 3323 de
2110 3284 2264 3324 novo
2296 3267 2604 3322 redactum
2655 3264 2733 3320 ad
2778 3263 3025 3332 cultum,
3059 3262 3131 3317 de
3164 3276 3285 3334 quo
3316 3275 3438 3315 non
3463 3261 3655 3314 exstat

1995 3356 2286 3412 memoria
2333 3354 2498 3428 quod
2553 3352 2882 3427 aliquando
2936 3351 3129 3407 cultus
3177 3349 3400 3404 fuisset.
3451 3348 3656 3401 Exstat

1994 3442 2121 3496 haec
2153 3439 2416 3496 definitio
2455 3441 2516 3495 in
2543 3456 2675 3510 cap.
2712 3437 2866 3505 Quid
2887 3453 3000 3507 per
3036 3435 3266 3490 novate.
3297 3433 3384 3487 De
3421 3431 3651 3486 verbor.

1995 3531 2274 3600 signiﬁr.,
2293 3546 2363 3583 ex
2394 3527 2546 3583 libro
2567 3544 2626 3595 x,
2651 3525 2820 3597 epist.
2856 3529 2974 3590 HO,
3005 3520 3278 3593 ejusdem
3307 3515 3651 3574 Innocentii.

1999 3614 2112 3669 Sed
2143 3628 2385 3667 rursum
2414 3611 2552 3667 hinc
2583 3614 2712 3665 orta
2744 3613 2835 3663 est
2860 3606 3055 3677 gravis
3095 3600 3498 3660 controversia
3529 3615 3655 3654 aevo

1999 3696 2259 3765 Gregorii
2286 3695 2447 3751 noni.
2484 3697 2630 3749 Nam
2659 3708 2794 3764 quae
2827 3687 3151 3746 Innocentii
3177 3684 3527 3757 pontiﬁcatu
3555 3697 3658 3738 no-

1998 3781 2156 3837 valia
2185 3781 2438 3846 fuerant,
2472 3776 2780 3832 novalium
2809 3771 3274 3847 appellationem
3301 3765 3658 3823 videbantur

1999 3865 2271 3922 amisisse
2314 3863 2427 3919 sub
2479 3859 2778 3932 Gregorio.
2814 3862 2896 3914 Ex
2942 3856 3013 3913 iis
3051 3856 3252 3926 itaque
3282 3849 3658 3926 praestandas

1999 3968 2126 4009 esse
2158 3969 2194 4008 a
2223 3949 2537 4008 monachis
2587 3948 2854 4005 decimas
2898 3941 3172 4002 nonnulli
3216 3938 3660 3998 contendebant

1997 4043 2157 4100 intra
2179 4040 2419 4098 Gallias.
2451 4037 2890 4116 Consuluerunt
2913 4050 3093 4108 super
3113 4048 3184 4090 ea
3202 4049 3265 4088 re
3286 4029 3658 4087 Arelatenses

2000 4131 2273 4189 canonici
2329 4128 2641 4186 oraculum
2699 4125 3039 4200 apostolicze
3107 4121 3283 4179 sedis.
3337 4116 3662 4190 Respondit

2003 4221 2316 4291 Gregorius
2339 4224 2558 4276 terram
2580 4217 2654 4273 de
2667 4232 2790 4289 qua
2817 4231 2939 4272 non
2955 4216 3151 4270 exstat
3177 4208 3472 4267 memoria
3493 4205 3661 4280 quod

2002 4309 2330 4383 aliquando
2378 4309 2537 4364 culta
2591 4306 2816 4374 fuisset,
2847 4304 3155 4360 redactam
3198 4316 3306 4373 per
3353 4296 3660 4383 religiosos

2004 4380 2163 4455 viros
2184 4399 2410 4455 noviter
2431 4397 2510 4453 ad
2536 4395 2851 4461 culturam,
2884 4394 3172 4465 perpetuo
3194 4386 3432 4451 debere,
3456 4380 3662 4456 quoad

2004 4487 2444 4544 immunitatem
2473 4485 2548 4540 de
2577 4499 2700 4540 non
2729 4479 3030 4537 solvendis
3058 4473 3326 4542 decimis,
3353 4469 3661 4526 novalium

2000 4579 2135 4650 jure
2184 4559 2429 4633 censeri.
2473 4576 2615 4646 Cap.
2664 4566 3128 4627 Consultationi.
3169 4565 3256 4618 De
3281 4559 3558 4650 privileg.
3608 4561 3662 4611 et

2005 4649 2221 4725 excess.
2269 4666 2814 4738 privilegiatorum.
2867 4661 3072 4729 Itaque
3120 4650 3330 4708 novale
3373 4649 3501 4720 jam
3539 4661 3664 4701 non

2006 4761 2150 4825 erat,
2183 4755 2329 4829 quia
2358 4758 2546 4810 tractu
2579 4747 2864 4822 temporis
2919 4742 3232 4801 transierat
3275 4739 3336 4794 in
3386 4740 3663 4792 naturam

2008 4824 2312 4916 agrorum.
2349 4843 2462 4900 Sed
2491 4839 2702 4897 novale
2732 4839 2858 4892 erat
2881 4849 3118 4905 semper
3149 4827 3374 4885 ratione
3404 4824 3665 4882 decima-

2008 4915 2162 5005 rum,
2225 4936 2286 4991 id
2341 4937 2449 5000 est,
2505 4928 2711 5004 quoad
2771 4924 3142 4981 decimarum
3199 4915 3665 4991 praestationem,

2011 5025 2313 5099 gaudebat
2340 5018 2646 5095 privilegio
2674 5012 3002 5071 navalium.

2081 5120 2214 5172 CAP.
2247 5093 2440 5170 46;—
2483 5111 2570 5164 De
2599 5105 2944 5161 nutrimine.
2977 5096 3341 5156 Animalium
3369 5093 3666 5150 videlicet.

2013 5210 2164 5262 Nam
2189 5204 2262 5258 de
2293 5201 2384 5256 his
2409 5210 2653 5270 quoque
2679 5192 2914 5248 decima
2943 5188 3192 5245 debetur
3221 5182 3503 5240 ecclesiis.
3541 5181 3663 5237 Lib.

2014 5314 2072 5351 IV
2103 5291 2425 5364 Capitular.
2460 5303 2591 5358 cap.
2623 5288 2729 5339 4οε
2765 5279 3261 5336 «Consideratum
3307 5280 3398 5330 est
3439 5273 3513 5328 de
3545 5271 3667 5325 fru-

2015 5384 2188 5453 gibus
2221 5385 2386 5435 terrie
2417 5381 2474 5430 et
2501 5371 2852 5428 animalium
2887 5367 3204 5423 nutrimine
3249 5379 3428 5446 super
3458 5365 3668 5414 caetera

2014 5450 2188 5529 nona:
2233 5473 2290 5525 et
2327 5465 2569 5522 decimae
2599 5459 3036 5534 persolvantur.
3059 5480 3087 5505 ››
3120 5455 3242 5511 Lib.
3275 5470 3333 5520 v,
3362 5465 3493 5522 cap.
3527 5450 3664 5503 146:

2015 5587 2042 5614 ‹‹
2073 5558 2470 5618 Constitutum
2501 5557 2589 5610 est
2641 5555 2706 5607 ut
2742 5549 2817 5607 de
2862 5546 3133 5620 frugibus
3165 5549 3332 5600 terrae
3361 5543 3418 5596 et
3441 5535 3666 5595 anima-

2013 5654 2160 5710 lium
2191 5645 2511 5705 nutrimine
2538 5645 2594 5699 et
2618 5639 2846 5697 cunctis
2877 5635 3178 5700 censibus,
3197 5627 3456 5701 exceptis
3485 5620 3666 5678 horti-
