3980 6182
352 173 458 229 419

1719 156 2056 218 STEPHANI
2097 155 2393 214 BALUZII.

3649 156 3757 210 420

345 293 582 352 lensius
622 292 1058 366 persolvantur.
1086 313 1113 338 ››
1154 292 1369 345 Verum
1421 287 1690 360 sequenti
1742 291 2012 356 tempore
2040 283 2086 338 Α
2122 281 2442 339 decoravit.
2469 304 2498 332 ι»
2541 281 2681 337 Vide
2730 283 2902 336 notas
2951 253 3188 335 nostras
3241 277 3320 334 ad
3373 275 3778 346 Agobardumv

351 383 666 457 pontifices
698 380 944 437 Romani
975 379 1304 434 monachos
1349 379 1678 434 liberarunt
1707 393 1744 431 a
1775 380 2012 448 prsesta-

355 475 513 529 tione
553 472 924 528 decimarum
968 484 1041 523 ex
1079 468 1475 524 nutrimentis.
1505 468 1650 538 Cap.
1682 467 1782 522 Ea:
1814 472 2008 534 parte.

354 566 441 618 De
469 562 726 617 decimis.
761 559 969 616 Mirum
1009 563 1097 612 est
1126 562 1327 613 autem
1380 556 1611 612 nullam
1653 555 1796 610 olim
1831 569 2012 626 super

353 666 425 707 ea
467 665 529 705 re
576 648 901 704 adversum
956 646 1289 702 monachos
1338 649 1565 700 motam
1613 644 1792 699 fuisse
1825 643 2008 709 litem,

345 754 492 794 cum
521 737 688 810 apud
710 740 947 792 Petrum
971 734 1302 791 Blesensem
1333 738 1388 790 et
1415 736 1705 789 Joannem
1729 731 2009 789 Saresbe-

351 827 613 883 ricnsem
644 825 1034 896 gravissimas
1062 828 1330 878 veterum
1381 827 1719 894 temporum
1771 826 2011 893 propter

341 916 467 970 hoc
494 914 772 987 querelas
801 913 1093 983 legamus.
1131 916 1277 967 Nam
1304 911 1464 984 apud
1507 913 1745 966 Petrum
1783 908 2012 962 Blesen—

353 1020 480 1060 sem
520 1004 686 1075 epist.
724 1007 812 1070 82,
847 1002 1173 1057 Richardus
1227 1000 1711 1073 archiepiscopus
1755 999 2008 1052 Cantua-

349 1093 561 1148 riensis
624 1093 704 1148 ita
761 1091 1103 1162 perstringit
1160 1091 1489 1145 monachos
1556 1087 2005 1143 Cistercienses:

356 1199 385 1232 ιι
411 1184 478 1235 Ut
495 1179 642 1251 quid
671 1180 732 1233 in
761 1178 1020 1234 alienam
1051 1177 1333 1246 injuriam
1353 1181 1535 1232 terras
1566 1180 1620 1230 et
1649 1174 2011 1229 nutrimenta

351 1273 542 1324 vestra
562 1267 920 1340 privilegiari
936 1267 1126 1322 facitis
1158 1271 1222 1320 ut
1252 1266 1530 1322 auferetis
1551 1264 1717 1336 quod
1749 1263 2012 1318 alienum

343 1360 483 1413 est?
513 1357 794 1428 Nunquid
826 1355 972 1411 Abel
1021 1356 1094 1410 de
1126 1355 1500 1411 nutrimentis
1535 1354 1656 1409 suis
1692 1352 2010 1407 Dominum

347 1461 474 1502 non
502 1446 804 1517 respexit?
833 1444 1108 1516 Nunquid
1138 1445 1415 1513 justiores
1448 1442 1623 1514 549
1652 1442 1790 1497 estis
1816 1440 2009 1513 primo

349 1535 624 1590 omnium
650 1535 838 1603 justo,
872 1539 935 1588 ut
985 1549 1093 1588 vos
1138 1538 1345 1587 contra
1373 1532 1473 1587 Dei
1497 1531 1793 1600 justitiam
1824 1528 2011 1597 eriga-

353 1623 424 1677 tis
447 1623 474 1676 ‘I
504 1625 761 1677 Joannes
793 1620 1255 1678 Saresberiensis
1302 1620 1403 1675 lib.
1458 1637 1532 1673 vn
1580 1619 1653 1674 de
1697 1618 1874 1688 Nugis
1913 1633 2009 1670 cu-
2039 1631 2080 1684 Β

349 1712 586 1767 rialium
615 1727 746 1782 cap.
779 1716 834 1766 2t
853 1754 865 1765 .
898 1731 927 1764 «
949 1714 1185 1776 Sumus,
1219 1711 1516 1782 inquiunt,
1547 1709 1656 1764 tuti
1682 1707 2008 1780 apostolico

352 1801 682 1873 privilegio,
720 1800 890 1870 cujus
933 1800 1224 1855 beneﬁcio
1273 1799 1346 1854 de
1375 1800 1751 1855 nutrimentis
1784 1798 2009 1853 anima-

351 1888 499 1944 lium
528 1893 584 1944 et
607 1888 916 1944 laboribus
939 1889 1155 1943 nostris
1183 1888 1449 1943 decimas
1473 1887 1819 1943 retinemus.
1841 1890 2008 1940 Nem-

349 1994 426 2050 pe
453 1979 738 2051 apostolis
767 1978 972 2034 omnia
1002 1978 1197 2049 licent,
1230 1979 1337 2033 sed
1366 1977 1570 2033 omnia
1600 1977 1679 2032 ab
1724 1974 2006 2048 apostoli-

347 2069 436 2124 cis
467 2067 594 2124 fieri
620 2084 1012 2140 nequaquam
1054 2068 1310 2140 expedit.
1345 2071 1477 2123 Esto
1505 2066 1670 2139 quod
1723 2065 1805 2120 illi
1834 2064 2007 2120 vobis

349 2157 463 2212 hoc
507 2157 750 2212 licenter
781 2156 1198 2212 concesserint.
1230 2160 1344 2211 Vos
1389 2171 1466 2212 an
1515 2159 1669 2211 recte
1699 2153 2004 2227 petieritis,

349 2245 615 2301 videatis.
648 2245 927 2318 Nunquid
975 2245 1049 2301 de
1094 2245 1470 2300 nutrimentis
1509 2244 1657 2300 Abel
1686 2243 2006 2298 Dominum

347 2351 471 2392 non
499 2335 801 2408 respexit?
852 2338 916 2390 Et
946 2335 1198 2390 fortasse
1228 2335 1302 2389 de
1352 2333 1715 2390 animalibus
1747 2332 2008 2388 reddun-

346 2431 445 2481 tur
471 2425 710 2492 rectius,
742 2424 887 2497 quia
929 2423 1055 2479 sine
1103 2425 1334 2480 cultura
1379 2429 1583 2480 nostra
1625 2423 2002 2495 proveniunt.

350 2514 484 2570 Plus
513 2514 674 2570 enim
703 2514 924 2570 laboris
956 2519 1046 2569 est
1087 2514 1148 2568 in
1179 2514 1450 2583 frugibus
1499 2513 1763 2568 serendis
1793 2516 1846 2566 et
1881 2526 2004 2566 me—

348 2603 544 2660 tendis
555 2646 566 2657 .
600 2626 627 2652 »

421 2709 553 2764 CAP.
588 2713 674 2763 51.
709 2739 776 2747 ——
807 2710 990 2764 Sarta
1022 2714 1195 2764 tecta.
1233 2707 1292 2762 ld
1333 2713 1420 2762 est
1449 2711 1619 2762 tecta.
1653 2706 2004 2761 Anastasius

350 2797 410 2853 in
439 2798 558 2853 vita
589 2797 851 2866 Gregorii
884 2797 951 2850 IV
981 2814 992 2850 :
1047 2820 1070 2846 ‹‹
1105 2797 1257 2852 Fecit
1285 2813 1426 2851 vero
1473 2801 1633 2851 sarta
1678 2800 1827 2850 tecta
1873 2795 2003 2865 ejus

351 2887 556 2942 omnia
586 2902 745 2940 nova
769 2907 795 2932 ››
831 2891 887 2940 et
917 2885 1057 2939 alibi
1087 2885 1328 2956 pluries.

422 2994 553 3047 CAP.
589 2997 756 3047 52.—
791 2992 1068 3047 Ecclesia?
1097 2993 1494 3060 baptismales.
1525 2992 1703 3058 Infra,
1726 3007 1857 3065 cap.
1878 2996 2003 3059 271,
2035 2985 2076 3036 C

354 3105 380 3131 ‹‹
400 3081 515 3137 nisi
568 3081 627 3136 in
655 3080 799 3136 vicis
857 3085 912 3136 et
956 3080 1215 3136 ecclesiis
1256 3080 1732 3154 baptismalibus.
1763 3105 1789 3129 ››
1837 3080 2007 3136 Tituli

349 3169 738 3244 baptismales
769 3169 830 3224 in
859 3175 1158 3242 praecepto
1191 3169 1474 3226 Ludovici
1512 3174 1568 3226 et
1613 3169 1866 3226 Lotharii
1898 3185 2005 3242 pro

351 3256 610 3313 Ecclesia
652 3255 970 3312 Rhemensi
998 3257 1162 3329 apud
1201 3256 1606 3313 Flodoardum
1635 3257 1737 3313 lib.
1774 3276 1835 3324 ιι,
1869 3273 2002 3329 cap.

356 3349 450 3402 l9:
485 3369 512 3395 «
543 3346 807 3401 Exterius
838 3346 1015 3402 etiam
1070 3346 1131 3402 in
1161 3345 1372 3402 eadem
1404 3345 1692 3419 parochia
1720 3346 1781 3402 in
1811 3351 2006 3402 castro

351 3435 638 3491 Vonzensi
667 3434 899 3491 titulum
924 3435 1345 3508 baptismalem
1363 3440 1419 3492 et
1440 3436 1673 3492 titulum
1705 3436 1766 3492 in
1793 3437 2007 3493 eadem

348 3525 635 3598 parochia
667 3517 855 3583 sancti
881 3528 1124 3582 Joannis
1157 3526 1423 3582 similiter
1442 3526 1886 3599 baptismalem.
1916 3550 1941 3575 ››

419 3634 551 3688 CAP.
584 3637 672 3689 56.
706 3665 774 3674 —-
794 3633 896 3702 »Αὸ
939 3635 1067 3704 huj.
1097 3635 1401 3691 conviviis.
1443 3633 1580 3689 Vide
1626 3650 1764 3706 quae
1785 3633 1863 3690 de
1891 3633 2007 3689 hoc

347 3727 704 3793 argumento
721 3723 882 3780 dicta
911 3740 948 3778 a
966 3723 1142 3779 nobis
1164 3728 1306 3779 sunt
1335 3723 1413 3778 ad
1435 3723 1744 3780 homiliam
1774 3728 2006 3779 sextam

347 3813 586 3868 Caesarii
613 3812 878 3884 episcopi
925 3813 1303 3878 Arelatensis,
1337 3813 1488 3868 inter
1534 3829 1634 3869 eas
1673 3829 1810 3885 quae
1839 3829 1876 3868 a
1905 3828 2009 3869 no—

347 3900 441 3956 bis
464 3900 636 3957 editae
668 3905 827 3955 sunt.

422 4007 555 4060 CAP.
589 4008 676 4060 60.
705 4037 773 4044 —
802 4005 978 4061 Nihil
1013 4021 1196 4076 super
1243 4022 1326 4062 eo.
1359 4005 1533 4062 .Iubet
1561 4006 1689 4061 haec
1721 4005 2006 4062 constitu-

349 4092 430 4149 tio
461 4097 526 4148 ut
556 4109 736 4165 super
767 4093 956 4162 altari,
980 4093 1040 4148 in
1069 4111 1192 4166 quo
1224 4110 1442 4168 corpus
1473 4094 1850 4150 Dominicum
1873 4110 2009 4151 con-

349 4185 632 4250 secratur,
666 4181 811 4236 nihil
842 4181 1003 4238 aliud
1032 4185 1291 4254 ponatur
1320 4183 1432 4237 nisi
1464 4198 1661 4255 capsae
1705 4199 1844 4239 cum
1876 4199 2007 4239 san-

349 4274 583 4326 ctorum
635 4270 898 4345 reliquiis
948 4274 1005 4327 et
1045 4270 1198 4326 libro
1251 4271 1729 4341 Evangeliorum.
1771 4273 2010 4329 Videtur

349 4373 492 4430 ergo
523 4359 838 4433 prohibere
866 4376 942 4415 ne
968 4359 1260 4429 imagines
1291 4376 1471 4433 super
1509 4360 1679 4416 altari
1706 4367 2008 4434 ponantur

346 4448 409 4505 in
457 4463 609 4522 qu0'
639 4465 857 4522 corpus
903 4449 1281 4506 Dominicum
1335 4455 1736 4508 consecratur.
1784 4453 2009 4509 Eadem

346 4536 473 4607 fuit,
498 4543 563 4594 ut
591 4555 703 4609 ego
727 4539 974 4612 quidem
1002 4539 1275 4609 arbitror,
1298 4541 1590 4597 sententia
1611 4543 1856 4598 Patrum
1880 4542 2011 4598 Gal-

345 4625 683 4684 licanorum
715 4628 774 4684 in
823 4628 1074 4685 concilio
1121 4629 1447 4683 Turonensi
1506 4636 2005 4700 congregatorum

349 4732 510 4773 anno
561 4723 684 4787 567,
732 4718 835 4790 qui
887 4718 967 4774 ita
1021 4723 1353 4774 statuerunt
1400 4718 1460 4774 in
1514 4735 1742 4775 canone
1797 4720 2006 4775 tertio:

349 4826 376 4855 ‹‹
410 4808 478 4862 Ut
508 4821 727 4878 corpus
761 4806 996 4862 Domini
1047 4806 1108 4862 in
1148 4806 1337 4876 altari,
1369 4821 1492 4862 non
1540 4807 1601 4862 in
1651 4808 2010 4878 imaginario

347 4893 576 4961 ordine,
611 4896 714 4952 sed
750 4895 862 4950 sub
893 4896 1087 4952 crucis
1123 4895 1292 4951 titulo
1337 4902 1741 4968 tomponatur.
1771 4921 1797 4948 »

421 4986 692 5039 Sacram.
727 4985 896 5041 liber.
925 4986 1084 5040 Infra
1119 5001 1250 5057 cap.
1279 4991 1380 5040 68:
1426 5009 1452 5034 ‹‹
1477 4986 1796 5058 Corporale
1822 4987 1882 5042 in
1913 4991 2015 5044 Sa-

326 5076 797 5128 ‘cramentorum
849 5074 1004 5130 libro
1053 5079 1385 5147 ponatur.»
1418 5075 1558 5130 Vide
1604 5081 1833 5148 quanta
1881 5077 2014 5134 libri

350 5159 516 5216 istius
542 5164 871 5218 reverentia
917 5163 1092 5219 fuerit
1129 5163 1294 5236 apud
1325 5168 1571 5231 veteres,
1605 5170 1833 5237 quanta
1869 5183 2014 5223 cura

351 5248 685 5305 custoditus
716 5249 905 5306 fuerit.
942 5251 1206 5324 Denique
1247 5253 1411 5324 apud
1464 5252 1860 5311 Flodoardum
1907 5256 2008 5312 lib.

351 5355 436 5405 ιιι,
466 5353 597 5410 cap.
632 5343 685 5406 5,
714 5339 1070 5395 Hincmarus
1124 5340 1612 5415 archiepiscopus
1643 5344 2009 5414 Rhemensis,

350 5427 456 5498 qui
497 5431 584 5482 tot
637 5427 818 5483 rebus
861 5427 1146 5499 praeclare
1201 5430 1380 5500 gestis
1410 5430 1706 5502 inclaruit,
1731 5433 2014 5490 laudatur

348 5516 492 5588 quia
547 5516 816 5574 «librum
869 5519 1413 5591 Sacramentorum,
1456 5522 1559 5577 sed
1618 5527 1671 5578 et
1715 5525 2012 5579 Lectione-

345 5605 525 5678 rium,
555 5625 709 5681 quos
759 5607 934 5664 scribi
989 5607 1146 5674 fecit,
1196 5609 1372 5684 550
1420 5612 1598 5668 ebore
1647 5619 2014 5686 argentoque

2124 385 2262 440 pag.
2300 375 2390 428 90.

2192 460 2326 514 CAP.
2358 459 2444 513 6].
2474 491 2537 498 -—
2564 459 2784 514 Statim
2814 459 3080 526 ejiciant.
3119 459 3274 511 Dura
3305 470 3376 510 ac
3405 453 3784 511 severissima

2119 546 2454 619 disciplina,
2483 547 2531 602 si
2561 551 2903 618 temporum
2926 548 3266 600 nostrorum
3291 542 3446 599 ratio
3466 542 3782 609 habeatur,

2119 635 2487 692 Christianus
2507 636 2586 691 ad
2611 634 2794 691 aliam
2812 633 3124 690 ecclesiam
3146 648 3333 705 quam
3356 631 3436 688 ad
3457 648 3631 688 suam
3652 649 3786 704 pro-

2118 723 2405 779 ﬁciscitur
2432 725 2493 780 in
2523 724 2618 779 die
2649 724 2819 788 festo,
2846 727 2910 779 ut
2939 722 3056 778 illic
3084 721 3333 778 missam
3365 721 3589 789 audiat,
3611 725 3670 776 et
3687 737 3785 777 ex-

2119 812 2257 884 pelli
2297 813 2544 884 jubetur
2574 813 2652 868 ab
2682 811 2934 880 ecclesia
2964 827 3088 867 non
3121 828 3253 876 sua,
3286 815 3350 865 ut
3387 810 3468 866 ad
3493 826 3666 865 suam
3697 825 3786 865 re-

2116 900 2244 956 dire
2296 907 2564 972 cogatur.
2611 902 2745 956 Hinc
2798 905 2924 956 erat
2983 899 3182 956 seculi
3234 898 3391 954 illius
3443 898 3780 970 disciplina.

2120 991 2284 1044 Nunc
2304 989 2418 1044 ista
2443 994 2676 1045 mutata
2704 993 2860 1044 sunt.
2891 991 3095 1059 Neque
3122 992 3327 1043 tamen
3347 986 3410 1041 id
3433 986 3585 1041 adeo
3611 990 3787 1042 vetus

2117 1082 2210 1132 est
2236 1078 2385 1150 quin
2431 1084 2489 1133 et
2516 1094 2678 1134 anno
2705 1093 2950 1150 quoque
2997 1081 3130 1132 £202
3159 1075 3405 1132 vetitum
3434 1080 3589 1132 esset
3616 1075 3783 1131 Chri-

2120 1167 2326 1222 stianis
2356 1167 2627 1223 deserere
2666 1166 2944 1222 ecclesias
2977 1182 3122 1222 suas
3163 1170 3228 1222 ut
3274 1165 3607 1220 oblationes
3639 1181 3783 1220 suas

2117 1255 2416 1311 deferrent
2445 1257 2522 1312 ad
2571 1257 2721 1314 alias
2767 1256 3069 1312 ecclesias.
3105 1258 3308 1310 Exstat
3333 1253 3493 1309 enim
3524 1254 3584 1308 in
3617 1255 3783 1309 char-

2123 1345 2339 1402 tulario
2378 1345 2567 1401 sancti
2621 1345 2833 1402 Bertini
2877 1346 2938 1400 in
2993 1344 3180 1402 Sithiu
3225 1349 3397 1400 vetus
3454 1343 3665 1399 charta
3712 1360 3782 1398 eo

2119 1449 2280 1489 anno
2313 1434 2598 1501 confecta,
2633 1435 2692 1490 in
2722 1451 2845 1508 qua
2891 1434 3000 1490 ista
3041 1435 3320 1504 leguntur
3347 1450 3360 1487 :
3414 1455 3442 1482 (ι
3469 1435 3534 1487 Et
3565 1431 3616 1486 si
3649 1432 3782 1504 quis

2121 1523 2630 1595 parochianorum
2655 1524 2730 1578 de
2767 1527 2993 1580 Peterse
3021 1523 3115 1578 vel
3157 1523 3234 1578 de
3264 1521 3481 1594 Calays
3511 1521 3595 1576 ibi
3626 1537 3783 1593 saepe

2119 1613 2198 1668 ad
2243 1613 2491 1669 missam
2518 1614 2764 1680 venerit,
2794 1613 3141 1671 admonitus
3190 1628 3228 1668 a
3267 1611 3620 1684 presbytero
3676 1627 3783 1670 suo

2118 1701 2169 1756 si
2216 1701 2330 1757 hoc
2382 1717 2502 1757 non
2544 1702 2950 1759 emendaverit
2996 1701 3233 1775 publica
3289 1699 3777 1756 excommunica-

2115 1789 2291 1845 bitur.
2322 1814 2348 1839 »

2186 1880 2627 1935 Discordantes.
2665 1881 2858 1945 Quam
2913 1878 3122 1934 omnia
3177 1882 3306 1933 tum
3343 1892 3416 1932 ex
3455 1876 3779 1932 charitate!

2115 1967 2172 2022 Si
2195 1967 2300 2038 qui
2328 1967 2643 2022 Christiani
2671 1967 3068 2036 dissidebant,
3092 1965 3292 2022 statim
3313 1964 3786 2021 reconciliaban-

2117 2059 2228 2120 tur,
2263 2053 2311 2110 si
2340 2053 2400 2109 id
2444 2053 2572 2109 ﬁeri
2616 2059 2849 2126 poterat
2898 2071 2967 2110 ex
3019 2069 3317 2110 consensu
3345 2053 3634 2124 partium.
3672 2052 3783 2117 Qui

2114 2160 2256 2200 vero
2295 2144 2576 2200 fratribus
2626 2145 2749 2200 suis
2807 2144 3175 2201 reconciliari
3228 2143 3614 2211 recusabant,
3672 2142 3783 2198 illis

2117 2233 2377 2289 ecclesiae
2424 2233 2698 2290 introitus
2735 2233 3200 2290 interdicebatur
3227 2232 3422 2288 donec
3451 2232 3532 2288 ad
3561 2247 3782 2304 pacem

2117 2322 2392 2379 redirent.
2426 2322 2696 2395 Capitula
2744 2323 2992 2379 Herardi
3021 2320 3454 2394 archiepiscopi
3480 2324 3785 2376 Turonem

2119 2413 2220 2482 sis,
2250 2429 2384 2484 cap.
2426 2416 2556 2467 120:
2592 2434 2618 2460 «
2642 2412 2950 2469 Discordes
2979 2412 3279 2486 pellantur
3310 2411 3389 2467 ab
3408 2409 3666 2466 ecclesia
3682 2409 3785 2465 do-

2034 2506 2050 2522 '
2115 2517 2224 2557 nec
2255 2503 2336 2557 ad
2368 2517 2581 2574 pacem
2605 2502 2920 2559 redeant.»
2962 2505 3028 2559 Et
3055 2503 3107 2558 is
3134 2501 3539 2574 recipiebatur
3565 2500 3679 2572 qui
3709 2499 3784 2555 ad

2116 2590 2582 2646 satisfactionem
2632 2591 2936 2648 charitatis
2960 2594 3321 2648 occurrerat.
3350 2589 3530 2646 Libro
3559 2605 3643 2643 vn
3676 2590 3783 2644 Ca-

2113 2679 2377 2751 pitular.,
2406 2694 2542 2750 cap.
2591 2679 2680 2733 171
2715 2696 2727 2733 :
2776 2679 3127 2736 «Sancitum
3157 2685 3249 2735 est
3275 2683 3340 2735 ut
3376 2693 3782 2752 personarum

2113 2768 2590 2824 discordantium
2619 2784 2820 2835 nemo,
2848 2774 3176 2842 antequam
3200 2767 3687 2836 reconcilientur,
3707 2766 3784 2823 ad

2114 2856 2297 2912 altare
2343 2856 2576 2912 Domini
2619 2849 2901 2913 accedere
2948 2859 3170 2914 audeat
3196 2857 3292 2913 vel
3321 2857 3582 2928 gratiam
3617 2873 3784 2912 com-

2115 2945 2419 3000 munionis
2443 2950 2662 3000 sanctas
2684 2945 3021 3018 percipere;
3055 2947 3160 3002 sed
3182 2946 3488 3017 geminato
3508 2950 3785 3018 tempore

2114 3048 2222 3106 per
2252 3033 2663 3105 paenitentiam
2695 3035 3184 3106 compensabitur
3212 3034 3274 3090 in
3307 3050 3430 3107 quo
3462 3033 3788 3090 discordis

2115 3122 2459 3178 servierant.
2485 3124 2654 3186 Quod
2685 3123 2732 3177 si
2754 3138 2911 3178 unus
2929 3139 3162 3190 eorum,
3187 3123 3306 3180 alio
3332 3127 3786 3190 contemnente,

2116 3211 2194 3266 ad
2223 3210 2688 3267 satisfactionem
2717 3212 3018 3269 charitatis
3051 3213 3392 3279 occurrerit,
3415 3227 3490 3267 ex
3521 3228 3598 3267 eo
3634 3219 3785 3268 tem-

2115 3315 2259 3371 pore
2283 3304 2346 3354 ut
2366 3299 2653 3372 paciﬁcus
2682 3300 2743 3356 in
2768 3301 3083 3357 ecclesiam
3110 3301 3431 3374 recipiatur
3453 3317 3527 3356 ex
3559 3317 3693 3373 quo
3714 3299 3788 3356 ad

2117 3389 2504 3445 concordiam
2535 3389 2846 3447 festinasse
2879 3391 3268 3447 convincitur.
3298 3413 3325 3440 ι»
3356 3390 3500 3446 Vide
3525 3392 3790 3447 Concor-

2117 3477 2282 3534 diam
2325 3477 2670 3549 regularum
2713 3495 2846 3551 cap.
2883 3479 2965 3545 l2,
2997 3486 3034 3545 ὅ
3067 3485 3150 3545 t7,
3183 3484 3243 3535 et
3270 3479 3651 3549 Reginonem
3681 3479 3784 3534 lib.

2121 3582 2183 3636 Il,
2215 3582 2348 3639 cap.
2379 3571 2481 3623 375
2508 3571 2565 3622 et
2593 3567 3004 3640 sequentibus.

2187 3659 2322 3713 CAP.
2355 3660 2445 3712 66.
2477 3687 2546 3697 ——
2594 3658 2666 3712 In
2709 3673 2868 3728 aqua
2912 3658 3223 3727 populum.
3278 3660 3361 3712 Ex
3412 3657 3673 3730 epistola
3722 3661 3788 3712 63

2116 3745 2306 3801 sancti
2333 3745 2635 3818 Cypriani.
2671 3748 2751 3801 Ex
2774 3747 3078 3819 Cypriane
3120 3751 3323 3803 autem
3373 3745 3561 3802 citant
3604 3745 3787 3802 etiam

2117 3834 2384 3891 Etherius
2413 3839 2472 3890 et
2501 3837 2712 3890 Beatus
2737 3834 2871 3890 lib.r
2901 3835 3190 3891 adversus
3216 3833 3604 3907 Elipandnm,
3621 3835 3790 3908 apud

2118 3922 2470 3979 Stevartium
2500 3938 2642 3995 pag.
2675 3927 2763 3991 92,
2795 3928 2851 3979 et
2880 3923 3164 3982 Rabanus
3192 3923 3335 3980 lib.1
3366 3926 3442 3979 de
3469 3923 3790 3979 Institutio-

2116 4027 2190 4067 ne
2217 4010 2590 4078 clericorum,
2623 4026 2757 4083 cap.
2793 4014 2880 4068 31.

2188 4102 2320 4156 CAP.
2357 4105 2442 4157 67.
2472 4133 2541 4142 —
2577 4103 2652 4158 Ut
2681 4103 2865 4158 calix.
2897 4101 3242 4159 Admonitio
3281 4100 3599 4175 synodalis
3633 4103 3789 4159 anti-

2117 4206 2241 4262 qua
2266 4208 2278 4245 :
2315 4212 2343 4241 «
2373 4190 2578 4246 Nullus
2611 4190 2671 4246 in
2691 4190 2890 4260 ligneo
2917 4191 3011 4247 vel
3041 4192 3103 4247 in
3126 4192 3314 4249 vitreo
3344 4190 3528 4247 calice
3560 4191 3794 4246 audeat

2120 4279 2368 4335 missam
2395 4284 2701 4336 cantare.»
2737 4281 2849 4352 55
2864 4282 2905 4350 ι
2947 4281 3250 4337 Laudatus
3279 4285 3369 4337 est
3387 4280 3530 4336 olim
3553 4280 3640 4336 ab
3661 4280 3794 4335 Hie-

2118 4383 2377 4440 ronymo
2411 4369 2737 4441 Exuperius
2757 4369 3076 4442 episcopus
3104 4369 3432 4426 Tolosanus
3459 4369 3628 4442 quod
3653 4383 3793 4424 aan-

2121 4457 2368 4527 guinem
2395 4457 2629 4513 Domini
2660 4462 2923 4530 portaret
2949 4459 3010 4514 in
3039 4457 3211 4515 vitro.
3240 4459 3466 4515 Vitreus
3493 4457 3661 4514 enim
3691 4473 3794 4514 ca-

2119 4546 2218 4616 lix,
2250 4551 2313 4603 ut
2341 4545 2639 4602 existimat
2669 4548 2974 4614 Baronius,
2999 4547 3061 4602 in
3085 4563 3202 4603 usu
3225 4547 3335 4604 fuit
3353 4546 3792 4619 atamporibns

2119 4635 2551 4707 apostolorum.
2586 4635 2808 4691 Deinde
2836 4635 3052 4691 vetitus
3102 4641 3209 4704 est,
3241 4635 3436 4709 inquit
3462 4635 3630 4690 idem
3660 4650 3795 4691 car-

2117 4724 2356 4792 dinalis,
2381 4724 2460 4780 ob
2479 4724 2813 4798 periculum
2829 4725 2997 4798 quod
3017 4725 3356 4782 immineret
3381 4725 3651 4781 materia
3673 4724 3796 4779 fra-

2275 4815 2458 4885 Cujus
2501 4814 2586 4870 rei
2613 4814 2958 4887 exemplum
3007 4816 3200 4871 exstat
3235 4815 3401 4888 apud
3431 4813 3794 4883 Gregorium

2121 4905 2532 4958 Turonenscm
2562 4902 2621 4956 in
2650 4903 2752 4957 lib.
2787 4919 2802 4957 ι
2834 4919 2966 4975 cap.
2999 4906 3067 4958 46
3098 4903 3173 4958 de
3204 4903 3400 4959 Gloria
3419 4907 3792 4974 martyrum.

2123 4992 2296 5045 Putat
2341 4995 2544 5046 autem
2598 4990 2883 5047 Baronius
2938 5006 3236 5047 canonem
3281 4991 3462 5048 istum
3492 4990 3797 5046 libamen-

2124 5095 2271 5146 sem,
2304 5078 2365 5134 in
2394 5095 2518 5150 quo
2549 5079 2765 5134 vetitus
2810 5083 2897 5135 est
2938 5096 3082 5136 usus
3111 5080 3280 5137 vitrei
3323 5079 3547 5144 calicis,
3582 5079 3800 5135 condi-

2123 5171 2251 5223 tum
2281 5166 2461 5223 fuisse
2491 5167 2553 5223 in
2583 5167 2817 5239 synodo
2847 5184 2985 5240 quas
3017 5168 3393 5225 Durocortori
3415 5168 3796 5225 Rhemorum

2123 5256 2326 5314 habita
2353 5261 2446 5313 est
2473 5273 2545 5313 ex
2575 5262 2874 5331 princepto
2913 5258 3108 5314 Caroli
3137 5259 3352 5330 Magni.

2193 5349 2328 5404 CAP.
2357 5351 2529 5403 69.—
2549 5348 2856 5404 Parvulas
2877 5349 3174 5417 inﬁrmus.
3202 5347 3541 5421 Antiquin
3567 5345 3801 5404 eucha-

2119 5435 2288 5492 ristia
2312 5436 2572 5493 dabatur
2619 5437 2801 5493 etiam
2845 5437 3069 5508 pueris,
3099 5436 3312 5493 saltem
3351 5435 3682 5502 morituris,
3713 5450 3794 5490 ne

2122 5527 2248 5582 sine
2275 5528 2703 5583 communione
2735 5541 2838 5583 seu
2867 5525 3086 5582 viatico
3107 5531 3499 5584 morerentur.
3530 5527 3686 5582 Eam
3705 5524 3795 5582 ob

2125 5632 2373 5674 causam
2399 5614 2742 5688 pracipitur
2765 5614 2859 5671 his
2886 5614 3109 5686 quibus
3135 5613 3401 5672 oﬂcium
3435 5611 3798 5687 baptizandi
