3980 6182
216 202 312 255 421

1265 203 1466 259 NOTAE
1502 204 1597 258 AD
1638 198 1768 256 LIB.
1811 200 1833 251 ι
1875 195 1962 251 ΒΕ
2002 197 2281 255 ECCLES.
2325 200 2608 257 DlSClPL.

215 318 505 377 incumbit
552 325 616 376 ut
659 320 709 376 si
757 320 978 378 alicubi
1014 322 1253 392 longius
1299 326 1568 396 exierint,
1599 324 1868 381 euchari-
1902 321 1951 372 Α
1980 324 2125 376 nota
2152 321 2456 378 novitatis.
2480 322 2814 380 Tamenetsi
2843 324 3004 381 enim
3036 341 3179 381 usus
3213 326 3312 383 ille
3330 328 3461 399 jam
3505 348 3641 390 exo-

216 410 388 466 stiam
419 426 656 482 semper
685 426 888 467 secum
920 412 1199 469 habeant.
1258 415 1562 472 Walterius
1606 415 1869 471 Aurelia-

215 499 443 566 nensis,
467 516 600 571 cap.
629 506 660 554 7
697 516 709 554 :
745 523 771 549 ει
802 504 870 557 Ut
900 517 1136 574 semper
1165 504 1585 560 eucharistiam
1623 504 1870 577 presby-

219 593 299 644 ter
344 587 569 643 habeat
626 594 938 660 paratam;
989 596 1054 646 ut
1093 593 1340 664 quando
1367 593 1502 665 quis
1534 593 1869 649 inﬁrmatus

215 677 407 745 fuerit,
441 681 544 733 aut
570 679 862 749 parvulus
891 681 1268 749 aegrotaverit
1296 683 1496 738 statim
1527 697 1666 737 eum
1705 697 1871 737 com-

214 766 496 829 municet,
527 780 603 822 ne
633 766 759 823 sine
789 768 1006 825 viatico
1035 770 1342 827 moriatur.
1378 792 1405 820 »
1442 776 1565 827 lmo
1603 786 1676 827 ex
1714 774 1873 825 vetu-

214 853 471 910 stissimo
504 854 676 910 Libro
704 855 1027 912 Pontiﬁcali
1056 858 1158 929 qui
1187 862 1379 916 exstat
1406 875 1521 915 ms.
1564 859 1625 913 in
1655 857 1869 913 biblio-

215 942 385 1008 theca
416 942 760 998 monasterii
787 944 974 1000 sancti
1007 945 1257 1015 Remigii
1302 946 1673 1015 Rhemensis,
1725 945 1869 1001 scri-

210 1037 348 1104 ptus
373 1036 575 1087 autem
596 1036 684 1087 est
703 1033 1007 1089 Hincmari
1043 1036 1476 1110 archiepiscopi
1520 1034 1871 1092 Rhemensis

211 1135 357 1190 sevo,
386 1126 451 1175 ut
477 1120 777 1177 existimat
799 1122 903 1194 qui
927 1122 1096 1179 illum
1124 1124 1269 1181 vidit
1298 1125 1385 1180 vir
1429 1126 1870 1181 eruditissimus

210 1213 267 1264 et
327 1209 583 1265 istarum
638 1225 839 1267 rerum
893 1213 1288 1283 peritissimus
1337 1214 1626 1271 Antonius
1682 1217 1872 1272 Faure

207 1296 420 1353 doctor
444 1298 760 1369 theologus
783 1300 1148 1371 Parisiensis,
1167 1302 1228 1358 in
1271 1303 1440 1359 Libro
1469 1304 1720 1377 inquam
1772 1305 1871 1361 illo

209 1386 555 1453 Pontiﬁoali,
601 1387 747 1444 dum
787 1389 935 1445 ritus
977 1390 1322 1463 baptizandi
1376 1395 1867 1467 preescribuntur,

208 1474 408 1531 infans
427 1476 642 1533 eodem
665 1481 933 1549 tempore
965 1478 1305 1536 conﬁrmari
1345 1481 1421 1537 ad
1461 1497 1869 1539 communica-

206 1564 257 1619 ri
279 1564 525 1634 jubetur
569 1580 693 1637 quo
744 1566 1024 1638 baptismi
1071 1570 1728 1637 gratiam'consecutus
1757 1576 1865 1628 est.

204 1651 345 1707 Haec
371 1659 511 1708 sunt
538 1654 721 1710 verba
750 1655 959 1711 veteris
987 1655 1122 1712 libri
1156 1674 1169 1712 :
1204 1681 1228 1706 ‹‹
1253 1659 1474 1714 Deinde
1504 1659 1758 1733 baptizet
1783 1662 1869 1716 in-

204 1739 433 1797 fantem
462 1742 576 1797 sub
602 1742 755 1798 trina
783 1745 1347 1811 mersione,tantum
1378 1753 1649 1805 sanctam
1682 1750 1869 1805 Trini-

202 1833 392 1886 tatem
418 1830 705 1888 invocans
734 1833 938 1901 semel,
980 1833 1061 1890 ita
1080 1833 1340 1891 dicendo
1384 1854 1397 1892 :
1445 1838 1525 1893 Et
1549 1853 1654 1909 ego
1688 1845 1744 1894 te
1772 1840 1868 1895 ba-

197 1921 367 1988 ptizo
400 1921 463 1975 in
493 1922 729 1976 nomine
752 1922 979 1986 Patris,
1009 1926 1069 1978 et
1096 1924 1330 1994 mergit,
1363 1932 1419 1983 et
1445 1926 1607 1993 Filii,
1633 1932 1691 1983 et
1715 1942 1866 1983 mer-

198 2008 311 2077 git,
342 2014 399 2065 et
424 2009 684 2079 Spiritus
713 2012 927 2078 sancti,
962 2016 1019 2068 et
1043 2014 1257 2081 mergit
1285 2015 1471 2071 tertio.
1520 2018 1727 2073 Statim
1758 2004 1864 2074 au;

196 2101 331 2153 tem
368 2098 753 2156 conﬁrmetur
777 2099 973 2156 infans
1004 2107 1060 2158 et
1102 2104 1578 2161 communicatur
1620 2108 1697 2163 ab
1741 2108 1864 2180 epi-

198 2202 403 2259 seopo
426 2187 508 2243 ita
537 2189 769 2245 dicente
799 2207 811 2243 ε
845 2192 1079 2260 Canius
1106 2198 1161 2248 et
1186 2196 1433 2264 sanguis
1462 2197 1719 2251 Domini.
1751 2220 1778 2245 »
1804 2201 1868 2252 In

192 2277 627 2348 antiquissimo
656 2278 799 2337 item
828 2280 1004 2335 Libro
1051 2282 1378 2338 Pontiﬁcali
1428 2300 1539 2340 ms.
1596 2286 1867 2341 Ecclesiae

193 2366 592 2437 Senonensis,
624 2367 848 2439 scripto
875 2368 1036 2425 circa
1063 2384 1292 2425 annum
1321 2375 1446 2438 980,
1479 2388 1662 2444 quem
1694 2374 1870 2430 nobis

188 2454 617 2527 suppeditavit
636 2455 728 2509 vir
752 2456 1121 2512 clarissimus
1166 2460 1457 2515 Antonius
1498 2463 1644 2517 Vion
1692 2467 1869 2519 Hero-

184 2542 446 2610 vallius,
460 2542 575 2600 ista
596 2542 877 2614 leguntur
900 2547 963 2599 in
983 2545 1192 2602 ordine
1212 2547 1499 2621 baptismi
1521 2550 1867 2608 infantium:

184 2655 209 2679 «
290 2631 517 2686 Deinde
554 2631 818 2704 baptizat
862 2634 1145 2690 sacerdos
1195 2635 1312 2691 sub
1354 2638 1507 2694 trina
1547 2640 1868 2712 mersione,

184 2723 446 2776 tantum
476 2726 749 2775 sanctam
776 2720 1115 2778 Trinitatem
1139 2724 1325 2780 semel
1354 2725 1665 2792 invocans,
1688 2730 1768 2786 ita
1788 2730 1873 2786 di-

184 2807 400 2865 cendo
434 2825 448 2861 :
480 2809 561 2864 Et
588 2824 695 2879 ego
716 2815 776 2865 te
799 2810 1034 2879 baptizo
1054 2813 1117 2867 in
1137 2816 1377 2871 nomine
1406 2818 1630 2885 Patris,
1648 2822 1705 2873 et
1722 2834 1871 2875 mer-

188 2901 313 2968 gat
338 2897 542 2964 semel,
570 2904 630 2953 et
661 2898 833 2971 552
866 2900 1033 2970 Filii,
1064 2906 1122 2957 et
1145 2908 1378 2973 mergat
1400 2905 1637 2976 iterum,
1658 2914 1711 2963 et
1733 2910 1868 2978 Spi-

1980 409 2132 465 letus
2163 411 2255 477 sit,
2288 412 2427 467 hinc
2457 412 2653 481 colligi
2693 428 2815 469 non
2867 419 3062 487 potest
3113 414 3284 472 illum
3322 433 3639 491 nunquam

1980 499 2160 555 fuisse
2191 506 2515 572 receptum.
2548 501 2847 557 Permulta
2873 503 3099 576 quippe
3143 510 3280 561 sunt
3325 522 3462 579 quas
3516 524 3638 564 uno

1981 587 2200 644 saeculo
2228 588 2487 658 viguere,
2520 587 2704 645 altero
2733 589 2984 646 dimissa
3015 597 3173 649 sunt.
3192 593 3383 651 Veluti
3406 596 3638 653 traditio

1980 676 2181 732 calicis
2208 676 2361 734 laico
2400 677 2478 733 ad
2524 678 3016 739 communionem
3070 681 3395 740 accedenti.
3449 684 3640 743 Veluti

1980 766 2341 823 eucharistia
2361 766 2608 824 intincta
2626 766 2688 824 in
2708 768 3002 836 sanguine
3028 769 3265 826 Domini
3286 773 3465 830 tradit
3482 774 3641 831 inﬁr—

1981 854 2116 923 mis,
2138 853 2214 911 de
2233 871 2357 927 qua
2378 853 2601 924 Regina
2618 854 2680 911 in
2702 855 2893 929 capite
2916 857 3210 929 sequenti,
3243 865 3300 915 et
3317 860 3419 917 alii
3446 863 3635 919 multi.

2051 944 2185 1000 CAP.
2219 949 2307 1001 70.
2339 976 2409 984 ——
2444 944 2754 1001 Viaticum.
2784 945 3162 1015 Communia,
3211 952 3275 1003 ut
3292 949 3477 1019 paulo
3503 956 3639 1009 ante

1979 1032 2349 1089 dicebamus.
2369 1033 2622 1089 Libellus
2647 1034 2899 1106 supplex
2924 1035 3363 1093 monachorum
3397 1038 3641 1095 Fulden-

1981 1123 2138 1179 sium
2165 1122 2374 1181 Carolo
2408 1126 2619 1194 Magno
2650 1129 2977 1195 porrectus,
3010 1140 3141 1197 cap.
3176 1130 3205 1180 5
3250 1144 3262 1183 :
3317 1149 3344 1175 (ς
3403 1131 3482 1185 Ne
3512 1128 3639 1185 sine

1981 1211 2353 1268 confessione
2379 1215 2436 1267 et
2466 1210 2808 1268 necessario
2828 1211 2962 1267 vitae
2989 1211 3201 1269 viatico
3226 1214 3576 1272 moriantur.
3608 1240 3637 1269 ››

2052 1300 2186 1355 CAP.
2222 1304 2308 1354 72.
2339 1332 2406 1339 —-
2436 1301 2619 1370 Reges
2648 1305 2703 1356 et
2732 1300 3082 1357 sacerdotes.
3118 1303 3486 1375 Praeceptum
3530 1307 3638 1361 Lu-

1979 1387 2176 1443 dovici
2200 1391 2289 1444 Vll
2316 1404 2426 1461 pro
2456 1386 2800 1444 Theobaldo
2836 1388 3009 1461 553
3043 1388 3328 1462 episcopo
3359 1392 3643 1448 Parisien-

1980 1476 2076 1531 si:
2126 1475 2415 1532 «Scimus
2462 1476 2606 1548 quia
2649 1492 2720 1532 ex
2774 1477 3123 1533 auctoritate
3174 1480 3390 1535 Veteris
3448 1484 3642 1538 Testa-

1979 1564 2184 1634 menti,
2216 1564 2392 1620 etiam
2423 1564 2641 1619 nostris
2679 1566 3053 1637 temporibus
3113 1582 3184 1622 ex
3243 1568 3640 1628 ecclesiastica

1910 1667 1950 1720 Β
1977 1652 2342 1707 institutione
2383 1650 2493 1706 soli
2518 1666 2687 1720 reges
2717 1656 2773 1706 et
2798 1652 3137 1708 sacerdotes
3167 1654 3318 1709 sacri
3349 1654 3639 1713 chrisma-

1978 1741 2050 1797 tis
2082 1739 2359 1796 unctione
2381 1745 2827 1795 consecrantur.
2865 1743 3040 1796 Decet
3069 1744 3271 1797 autem
3303 1747 3364 1798 ut
3391 1743 3494 1817 qui
3528 1745 3639 1800 soli

1976 1847 2098 1905 prae
2129 1828 2353 1886 CtBtel'iS
2383 1828 2675 1884 omnibus
2698 1835 3079 1885 sacrosancta
3126 1829 3462 1888 chrismatis
3510 1832 3639 1889 lini-

1979 1920 2134 1976 tione
2165 1917 2490 1974 consociati
2513 1916 2591 1973 ad
2620 1916 2953 1987 regendum
2987 1917 3085 1973 Dei
3117 1918 3413 1991 populum
3452 1921 3641 1993 praeﬁ-

1978 2006 2230 2073 ciuntur,
2261 2005 2372 2061 sibi
2404 2005 2548 2078 ipsis
2579 2009 2635 2061 et
2660 2003 2912 2060 subditis
2945 2005 3067 2060 suis
3114 2011 3238 2062 tam
3288 2009 3642 2081 temporalia

1974 2111 2160 2168 quam
2201 2093 2530 2169 spiritualia
2589 2093 3104 2150 subministrando
3159 2095 3535 2168 provideant,
3584 2104 3641 2154 et

1976 2184 2347 2258 providendo
2379 2182 2636 2238 invicem
2667 2182 3137 2240 subministrent.
3182 2208 3210 2232 »

2050 2277 2182 2329 CAP.
2218 2276 2305 2328 7i.
2341 2304 2409 2311 —
2439 2272 2737 2342 Eulogiis.
2793 2271 3208 2327 Oblationibus
3262 2275 3635 2332 muneribus.

2049 2364 2183 2418 CAP.
2212 2369 2301 2417 77.
2336 2395 2403 2401 —
2434 2363 2555 2417 Per
2582 2362 3031 2417 subdiaconum.
3066 2361 3332 2435 Praecipit
3355 2364 3482 2420 haec
3504 2382 3641 2423 con-

1982 2451 2201 2506 stitutio
2229 2455 2292 2505 ut
2320 2465 2441 2505 non
2469 2464 2576 2522 per
2600 2464 3024 2524 quemcunque
3041 2448 3640 2523 ecclesiasticum,sed

1938 2562 1947 2571 ·
1980 2539 2228 2596 omnino
2257 2556 2364 2613 per
2396 2553 2604 2594 eorum
2625 2537 2886 2610 aliquem
2914 2538 3018 2612 qui
3048 2544 3188 2595 sunt
3215 2539 3276 2595 in
3308 2542 3639 2600 sacerdotio

1981 2630 2304 2702 constituti,
2336 2629 2597 2685 chrisma
2640 2632 2878 2701 petatur
2920 2627 2998 2685 ab
3029 2628 3332 2702 episcopo,
3384 2648 3525 2687 mox
3563 2634 3639 2690 ad

1980 2720 2296 2776 ecclesiam
2320 2718 2712 2775 deferendum
2742 2718 2820 2774 ad
2850 2735 3036 2792 quam
3081 2720 3334 2792 pertinet
3378 2721 3643 2778 minister

1979 2809 2083 2883 qui
2113 2808 2190 2865 ad
2219 2806 2547 2882 petendum
2576 2805 2722 2863 illud
2754 2808 2997 2863 venerit.
3059 2808 3116 2863 Si
3145 2824 3283 2865 vero
3313 2825 3384 2866 ea
3419 2815 3645 2884 tempo-

1978 2914 2114 2954 rum
2168 2895 2489 2953 necessitas
2541 2894 2714 2951 fuerit
2762 2898 2826 2951 ut
2868 2911 3064 2970 neque
3106 2897 3419 2970 presbyter
3447 2915 3642 2974 neque

189 2988 364 3042 ritus
392 2987 606 3054 sancti,
630 2992 691 3043 et
720 2993 949 3057 mergat
979 2990 1167 3059 tertio.
1216 2994 1287 3048 Ut
1322 2998 1524 3050 autem
1554 2998 1873 3054 surrexerit
1897 3013 1942 3068 ο
1980 2988 2274 3043 diaconus
2299 2987 2378 3043 ad
2403 2986 2702 3041 civitatem
2728 2985 3027 3059 proﬁcisci
3059 2992 3302 3060 propter
3328 2989 3482 3044 hanc
3506 3004 3643 3045 cau-

190 3092 228 3132 a
248 3075 442 3141 fonte,
457 3074 637 3132 faciat
650 3076 961 3149 presbyter
984 3079 1223 3149 signum
1240 3084 1434 3139 crucis
1451 3084 1527 3139 de
1553 3085 1871 3143 chrismate

190 3180 349 3222 eum
378 3164 589 3236 pollice
632 3166 785 3236 ejus,
835 3167 1042 3223 dicens
1084 3170 1418 3239 orationem
1467 3174 1624 3230 hanc
1659 3192 1672 3230 :
1714 3178 1869 3233 Deus

190 3253 580 3321 mipotem
605 3254 795 3313 Pater
818 3257 1059 3312 Domini
1078 3261 1289 3327 nostri,
1334 3264 1446 3317 etc.
1509 3264 1576 3318 Et
1628 3264 1872 3320 vestitur

192 3339 409 3397 infans
434 3343 807 3399 vestimentis
836 3344 979 3410 suis,
996 3344 1228 3403 dicente
1245 3349 1594 3421 presbytero
1620 3370 1632 3406 :
1654 3354 1874 3423 Accipe

194 3434 422 3487 uestes»
450 3432 795 3500 madidam,
825 3437 937 3488 etc.
966 3433 1026 3490 Si
1046 3449 1188 3492 vero
1207 3438 1525 3512 episcOpus
1546 3441 1735 3510 adest,
1760 3447 1874 3499 sta-

196 3520 316 3575 tim
342 3520 687 3577 contirmari
717 3537 858 3577 eum
912 3527 1148 3595 oportet
1198 3526 1520 3585 chrismate
1566 3535 1625 3586 et
1666 3536 1874 3604 postea

202 3609 668 3666 communicari.
705 3613 768 3665 Et
795 3611 842 3665 si
862 3612 1181 3685 episcopus
1200 3615 1386 3685 deest,
1402 3621 1876 3676 communicatur

203 3712 246 3754 a
260 3696 617 3769 presbytero
632 3697 863 3754 dicente
884 3698 966 3755 ita
990 3717 1002 3754 :
1024 3702 1259 3771 Corpus
1278 3705 1519 3761 Domini
1535 3708 1676 3763 Jesu
1693 3709 1873 3765 Chri-

206 3787 293 3841 sti
314 3787 613 3843 custodiat
635 3793 691 3843 te
714 3789 776 3843 in
808 3789 992 3844 vitam
1031 3795 1335 3847 aeternam.
1382 3816 1409 3842 »
1442 3795 1510 3850 Et
1533 3794 1596 3850 in
1625 3796 1876 3868 epistola

205 3876 378 3929 Iesse
430 3874 698 3948 episcopi
742 3876 1163 3933 Ambianensis
1205 3878 1280 3934 de
1332 3880 1544 3938 ordine
1590 3882 1877 3956 baptismi

208 3963 559 4035 praecipitur
596 3968 663 4019 ut
708 3969 847 4036 post
890 3965 1111 4021 trinam
1158 3968 1518 4026 mersionem
1555 3972 1876 4047 episcopus

207 4065 473 4122 puerum
505 4053 827 4109 chrismate
857 4054 1173 4111 conﬁrmet
1186 4056 1248 4112 in
1276 4056 1487 4125 fmnte,
1524 4062 1872 4133 novissime,

206 4143 419 4196 autem
448 4156 699 4213 corpore
724 4145 783 4197 et
803 4142 1096 4212 sanguine
1126 4143 1336 4201 Christi
1364 4148 1752 4207 conﬁrmetur
1771 4168 1877 4209 seu

207 4229 695 4286 communicatur
714 4235 779 4286 ut
798 4231 1008 4288 Christi
1036 4232 1379 4291 membrum
1395 4251 1527 4293 esse
1544 4240 1749 4310 possit.
1776 4243 1878 4298 De-

1980 3096 2112 3135 sam
2128 3077 2509 3152 possint,tum
2532 3075 2705 3131 licere
2723 3091 2856 3132 eam
2880 3091 3085 3132 curam
3114 3077 3481 3135 committere
3505 3077 3645 3157 sub-

1980 3166 2269 3222 diaconis.
2305 3162 2895 3239 Appropinquabant
2924 3164 3083 3220 enim
3135 3163 3217 3221 illi
3262 3167 3597 3223 sacerdotio
3626 3186 3639 3235 ;

1981 3262 2038 3313 et
2067 3273 2205 3312 cum
2239 3255 2420 3311 sacris
2446 3253 2734 3310 altaribus
2762 3253 3188 3321 ministrarent,
3232 3271 3405 3311 sacra
3427 3260 3643 3328 myste-

1980 3346 2069 3402 ria
2098 3343 2569 3416 contrectabant,
2601 3347 2666 3399 ut
2690 3342 2954 3417 loquitur
2980 3343 3302 3401 concilium
3343 3343 3647 3414 Carthagi-

1982 3450 2164 3490 nense
2196 3438 2427 3489 sextum
2459 3430 2624 3505 apud
2650 3431 3017 3499 Reginonem
3048 3436 3263 3505 cap.92
3279 3431 3413 3487 libri
3444 3432 3641 3505 primi.

1986 3526 2063 3579 De
2094 3520 2306 3578 iisdem
2336 3520 2503 3576 haud
2530 3519 2712 3574 dubie
2744 3518 3163 3588 intelligendus
3192 3535 3386 3575 canon
3418 3524 3483 3575 36
3516 3535 3651 3574 con-

1985 3611 2100 3666 cilii
2125 3609 2321 3682 quarti
2349 3604 2853 3675 Carthaginensis,
2882 3605 2987 3660 ubi
3019 3605 3099 3661 sic
3128 3605 3417 3661 habetur:
3448 3630 3473 3653 ‹‹
3508 3607 3644 3662 Pre-

1986 3697 2210 3771 sbyteri
2234 3696 2338 3770 qui
2363 3711 2470 3769 per
2495 3694 2786 3750 dimceses
2827 3693 3106 3749 ecclesias
3152 3698 3387 3764 regunt,
3439 3710 3561 3750 non
3611 3712 3648 3751 a

1984 3785 2350 3862 quibuslibet
2379 3781 2697 3857 episcopis,
2750 3781 2853 3838 sed
2903 3798 2940 3838 a
2979 3780 3119 3850 suis,
3176 3797 3285 3838 nec
3323 3797 3431 3856 per
3454 3783 3651 3855 junio-

1984 3895 2111 3934 rem
2138 3874 2441 3943 clericum,
2467 3871 2574 3927 sed
2604 3875 2708 3927 aut
2735 3887 2844 3943 per
2869 3886 2933 3926 se
2963 3868 3153 3943 ipsos,
3187 3875 3291 3926 aut
3332 3887 3437 3944 per
3480 3871 3647 3929 illum

1982 3967 2090 4041 qui
2124 3952 2465 4021 sacrarium
2514 3964 2692 4027 tenet,
2746 3965 2883 4017 ante
2925 3959 3167 4015 Paschae
3211 3958 3649 4017 solemnitatem

1986 4056 2248 4114 chrisma
2278 4055 2498 4126 petant.
2531 4069 2564 4104 ›
2591 4052 2847 4107 Rursum
2876 4050 2938 4106 in
2958 4048 3112 4105 libro
3133 4049 3388 4123 septimo
3408 4050 3648 4124 Capitu-

1984 4147 2117 4213 lar.,
2151 4159 2280 4217 cap.
2313 4146 2438 4208 310,
2471 4140 2745 4197 statuitur
2774 4139 3035 4196 chrisma
3061 4138 3140 4195 ab
3164 4138 3451 4213 episcopo
3476 4162 3506 4190 «
3525 4155 3650 4197 non

1986 4236 2116 4293 aliis
2142 4231 2501 4307 tradendum
2542 4229 2656 4286 nisi
2704 4227 3090 4287 solummodo
3142 4229 3509 4303 presbyteris
3560 4230 3651 4287 vel

208 4316 398 4390 niqne
426 4319 514 4374 vir
541 4318 924 4376 doctissimus
950 4323 1119 4390 Hugo
1168 4325 1480 4381 Menardus
1522 4328 1769 4387 adnotat
1797 4330 1873 4387 ad
1909 4367 1953 4390 η
1988 4323 2256 4383 diaconis
2288 4325 2390 4379 aut
2420 4318 2811 4377 subdiaconis
2835 4320 2988 4376 bene
3014 4318 3311 4375 ﬁdelibus.
3328 4319 3650 4388 Indignum

206 4404 439 4463 librum
472 4408 1017 4478 Sacramentorum,
1049 4425 1190 4482 pag.
1226 4415 1346 4479 1H,
1374 4414 1691 4490 episcopos
1722 4420 1875 4475 anti-

208 4496 440 4567 quitus,
471 4500 796 4570 postquam
825 4498 1298 4571 baptizaverant,
1324 4504 1525 4561 statim
1550 4508 1877 4565 contulisse

208 4590 666 4642 sacramentum
693 4585 1163 4644 conﬁrmationis
1193 4607 1207 4656 ;
1257 4591 1422 4662 quod
1470 4593 1651 4651 etiam
1681 4596 1881 4654 obser-

212 4677 425 4728 vatum
455 4678 547 4729 est
574 4674 654 4730 ab
680 4675 1080 4732 illustrissimo
1110 4678 1239 4732 viro
1270 4680 1436 4735 Petro
1464 4681 1540 4735 de
1571 4686 1762 4740 Marca
1792 4701 1882 4741 ar-

208 4760 602 4836 chiepiscopo
626 4764 943 4819 Parisiensi
965 4780 1026 4819 in
1046 4766 1201 4820 notis
1227 4766 1307 4822 ad
1335 4768 1656 4827 concilium
1687 4773 1883 4831 Claro-

213 4855 599 4921 montanum,
646 4869 785 4927 pag.
828 4858 933 4911 312
988 4854 1050 4910 in
1100 4855 1360 4913 editione
1412 4863 1636 4916 nostra.
1694 4862 1880 4935 Idem,

213 4955 359 5012 pag.
394 4944 501 4999 208
529 4941 780 5000 adnotat
820 4944 1313 5002 communionem
1360 4948 1630 5020 corporis
1673 4952 1885 5010 Christi

212 5030 421 5100 pueris
472 5030 604 5087 dari
645 5036 877 5089 suetam
928 5048 1122 5105 usque
1172 5033 1254 5091 ad
1298 5038 1596 5095 Paschalis
1635 5044 1887 5099 secundi

214 5121 512 5191 tempore,
545 5120 1087 5195 eucharisﬁamque
1117 5122 1229 5179 illis
1259 5124 1467 5182 datam
1497 5126 1679 5185 fuisse
1709 5132 1884 5188 intin-

210 5210 379 5264 ctam
408 5212 651 5281 propter
675 5210 1139 5269 imbecillitatem
1187 5214 1394 5272 aetatis.
1456 5218 1783 5291 Antiquum
1824 5220 1884 5276 in

212 5296 480 5353 Ecclesia
538 5313 670 5356 esse
724 5316 958 5357 morem
1000 5302 1274 5359 tradendi
1316 5307 1519 5378 pueris
1550 5308 1883 5382 puellisque

208 5400 438 5459 corpus
468 5392 525 5445 et
550 5388 912 5459 sanguinem
941 5392 1177 5449 Domini
1203 5396 1485 5459 ostendit,
1509 5412 1584 5453 ex
1610 5399 1885 5469 Augusti-

208 5491 298 5534 no
347 5481 407 5533 et
462 5479 783 5551 Cypriane,
832 5480 1109 5539 Csllotius
1163 5484 1224 5540 in
1282 5486 1442 5542 Notis
1486 5486 1561 5542 ad
1610 5489 1884 5560 Capitula

216 5563 490 5623 Walterii
541 5568 1005 5626 Aurelianensis.
1061 5575 1253 5637 Quare
1299 5579 1521 5632 mirum
1579 5583 1668 5635 est
1714 5577 1881 5636 illum

208 5658 357 5726 post
387 5658 473 5712 tot
496 5656 836 5714 testimonia
865 5659 1121 5715 scribere
1145 5678 1367 5719 ausum
1397 5666 1719 5723 Ecclesiam
1760 5669 1883 5725 uni-

210 5741 516 5801 versalem
541 5760 861 5820 nunquam
886 5748 1181 5820 recepisse
1203 5750 1366 5833 hunc
1393 5769 1625 5813 morem
1652 5756 1881 5830 absque

1987 4419 2076 4473 est
2103 4414 2263 4471 enim
2288 4415 2354 4467 ut
2382 4409 2480 4466 alii
2508 4408 2654 4465 illud
2681 4409 3012 4481 suscipiant
3035 4407 3153 4462 nisi
3182 4406 3266 4461 illi
3310 4406 3415 4477 qui
3444 4407 3559 4462 hoc
3588 4407 3651 4461 in

1987 4502 2284 4562 tradendo
2311 4499 2478 4556 usuri
2508 4503 2666 4555 sunt.
2700 4520 2729 4546 »
2754 4495 3075 4569 Sequenda
3120 4494 3343 4551 saecula
3390 4494 3650 4549 multum

1987 4594 2361 4651 deﬂexerunt
2381 4589 2461 4646 ab
2485 4589 2601 4645 hac
2628 4585 2857 4655 regula.
2873 4584 3107 4657 Quippe
3135 4598 3257 4640 non
3284 4583 3481 4639 solum
3506 4582 3654 4639 infe-

1985 4686 2216 4741 riorum
2244 4681 2527 4737 ordinum
2556 4676 2802 4733 clericos
2828 4674 2979 4731 miti
3007 4689 3141 4729 mos
3171 4672 3281 4728 fuit
3322 4672 3400 4728 ad
3450 4677 3652 4744 peten-

1988 4775 2136 4829 dum
2158 4770 2421 4827 chrisma
2451 4768 2530 4823 ab
2558 4765 2865 4837 episcopo,
2896 4762 3001 4818 sed
3049 4762 3227 4819 etiam
3275 4760 3485 4817 laicos.
3543 4760 3652 4815 Cui

1991 4862 2153 4918 malo
2177 4857 2406 4916 mederi
2434 4855 2684 4929 cupiens
2723 4851 3120 4925 Raymundus
3139 4850 3462 4923 episcopus
3484 4848 3649 4906 Hele-

1992 4950 2195 5007 nensis
2220 4948 2333 5004 ista
2357 4943 2560 5002 statuit
2586 4957 2749 4999 anno
2782 4944 2939 5009 i380,
2966 4940 3027 4995 in
3058 4955 3171 4995 sua
3215 4937 3451 5010 synodo
3498 4936 3649 4993 dim-

1993 5054 2212 5099 cesana
2239 5056 2252 5093 :
2281 5059 2310 5086 «
2344 5040 2706 5107 Quanquam
2736 5030 2941 5087 fuisset
2982 5029 3134 5086 alias
3169 5028 3420 5102 provide
3463 5031 3651 5085 statu-

1991 5135 2123 5188 tum
2154 5127 2324 5202 quod
2352 5140 2459 5199 per
2484 5126 2776 5180 rectorem
2804 5118 3068 5193 aliquem
3096 5118 3191 5175 vel
3227 5121 3502 5175 curatum
3526 5131 3652 5174 non

1992 5220 2318 5276 mitteretur
2354 5218 2492 5271 ante
2536 5211 2776 5267 Pascha:
2806 5206 3243 5265 solemnitatem
3267 5206 3348 5263 ad
3376 5210 3651 5263 sanctum

1992 5308 2256 5364 chrisma
2277 5302 2395 5359 nisi
2414 5302 2476 5357 in
2502 5299 2685 5357 sacris
2720 5298 3035 5355 ordinibus
3066 5297 3440 5364 constitutus,
3473 5297 3654 5368 prout

1993 5397 2329 5472 exposcunt
2353 5389 2660 5448 canonicis
2689 5389 3056 5451 sanctiones,
3090 5385 3268 5460 55‘
3292 5387 3443 5459 quia
3474 5385 3589 5441 hoc
3612 5397 3654 5438 a

1990 5486 2266 5563 pluribus
2304 5496 2427 5538 non
2473 5482 2762 5546 servatur,
2832 5479 2955 5534 imo
2992 5492 3192 5533 meros
3245 5473 3654 5569 transmittunt

1990 5562 2176 5636 laicos
2198 5588 2311 5649 pro
2337 5570 2572 5638 eodem,
2631 5568 2854 5625 idcirco
2900 5565 3176 5640 praesenti
3231 5562 3649 5620 constitutione

1989 5667 2270 5726 ducimus
2322 5658 2731 5718 ordinandum
2790 5662 2853 5714 ut
2905 5656 3265 5730 quicunque.
3306 5651 3651 5707 curatorem

1993 5753 2358 5817 contrarium
2430 5748 2679 5815 faciens,
2752 5744 2963 5818 viginti
3018 5740 3348 5801 solidorum
3405 5748 3651 5809 pennam
