4034 6182
1010 190 1026 220 Ι

380 239 485 294 423

1748 214 2086 278 STEPHANI
2129 210 2421 271 BALUZII.

3698 214 3803 266 424

383 361 646 417 incurrat
672 358 927 412 moneta:
956 351 1265 419 currentis,
1291 366 1446 423 quos
1484 348 1725 405 fabrica:
1774 339 2040 402 Emensis
2069 342 2116 393 Α
2150 354 2270 403 rus,
2301 337 2406 410 qui
2435 352 2733 394 canonem
2763 337 2933 416 illum
2971 336 3256 393 describit
3306 337 3366 393 in
3418 337 3675 410 epistola
3724 340 3816 406 49,

383 446 642 505 ecclesiae
666 444 944 501 volumus
973 440 1282 515 applicari.
1328 463 1355 488 »

456 556 589 610 CAP.
622 556 709 607 78.
738 582 806 590 —
832 550 905 605 In
936 548 1405 618 conﬁimatione.
1424 546 1568 601 Hinc
1596 542 1889 613 colligitur
1918 555 2040 596 non

385 658 622 715 semper
666 656 776 695 nec
798 638 1044 711 ‘ubique
1096 636 1352 694 valuisse
1385 652 1617 692 morem
1644 628 2040 689 conﬁrmandi

385 747 603 804 pueros
631 729 828 785 statim
859 732 1039 800 atque
1075 724 1355 799 baptizati
1404 728 1592 780 erant.
1650 720 1819 788 Quod
1876 716 2042 774 haud

384 818 567 874 dubie
596 819 679 874 ita
707 814 1159 884 intelligendum
1188 817 1296 883 est,
1329 812 1377 867 si
1406 810 1687 884 baptizati
1718 809 1835 864 sint
1876 810 2043 861 extra

385 906 767 981 praesentiam
787 903 1073 977 episcopi.
1087 901 1229 958 Vide
1252 904 1509 959 Marcum
1535 900 1596 955 in
1626 897 1781 955 notis
1797 896 1875 952 ad
1900 910 2041 950 con-

386 996 589 1053 cilium
617 994 1170 1057 Claromontanum,
1203 1005 1343 1063 pag.
1376 989 1478 1046 312
1508 985 1781 1044 editionis
1808 988 2041 1041 nostrae.

459 1104 595 1157 CAP.
626 1101 714 1156 81.
748 1131 815 1138 —
843 1098 1185 1153 Justissima
1216 1098 1577 1152 necessitate.
1622 1091 1794 1147 Verbi
1833 1087 2040 1159 gratia,

387 1194 630 1264 propter
650 1186 1128 1260 redemptionem
1160 1184 1536 1257 captivorum
1562 1200 1575 1250 ;
1598 1180 1764 1255 quod
1794 1195 1831 1235 a
1862 1181 2047 1235 Cmsa-

387 1280 476 1336 rio
495 1276 821 1334 Arelatensi
848 1275 1133 1348 episcopo
1162 1278 1385 1329 tactum
1425 1287 1553 1328 esse
1597 1270 1772 1326 docet
1803 1266 2044 1341 Cypria-

389 1384 503 1423 nus
531 1366 593 1422 in
620 1365 772 1421 libro
797 1363 991 1436 primo
1017 1362 1092 1417 de
1121 1361 1240 1418 vita
1265 1362 1415 1433 ejus.

469 1473 902 1531 Vadimonium.
938 1469 1219 1541 Vadium,
1232 1468 1454 1543 pignus
1497 1467 1644 1523 Vide
1666 1464 2046 1521 Additionem

390 1563 469 1619 ad
494 1566 677 1635 caput
700 1565 762 1616 14
788 1560 921 1615 libri
941 1558 1136 1631 quarti
1168 1558 1242 1614 de
1274 1557 1609 1614 Concordia
1651 1552 1961 1612 sacerdotii
1993 1557 2049 1607 et

388 1650 641 1724 imperii.

462 1738 804 1808 Stephanus
828 1750 1010 1805 papa.
1047 1735 1111 1789 In
1140 1733 1389 1807 epistola
1420 1732 1616 1805 prima
1658 1728 1823 1802 apud
1869 1728 2048 1784 Isido-

390 1843 525 1883 rum
554 1827 954 1891 Mercatorem.
991 1822 1137 1878 Hinc
1158 1837 1300 1893 ergo
1345 1823 1507 1893 patet
1554 1817 1872 1875 concilium
1903 1816 2043 1872 Rhe-

391 1930 598 1971 mense
622 1929 693 1969 ex
719 1929 841 1985 quo
871 1912 992 1968 duo
1021 1912 1133 1967 ista
1162 1910 1359 1981 capita
1408 1911 1648 1980 sumpta
1698 1910 1858 1970 sunt,
1915 1908 2051 1978 post

394 2002 583 2059 Caroli
614 2000 806 2070 Magni
833 2005 1102 2073 tempora
1131 1998 1498 2055 celebratum
1526 1996 1738 2052 fuisse:
1770 1994 1817 2051 si
1847 1999 2047 2050 tamen

392 2091 757 2148 celebratum
815 2089 1002 2145 ullum
1053 2087 1164 2143 fuit
1204 2087 1266 2144 in
1308 2103 1433 2160 quo
1481 2086 1607 2142 haec
1657 2089 1873 2141 statuta
1913 2084 2045 2149 sint,

392 2197 464 2238 ac
495 2195 617 2236 non
643 2178 842 2252 potius
874 2181 1120 2249 sumpta
1150 2180 1288 2232 sunt
1316 2191 1390 2232 ex
1420 2174 1703 2247 Capitulis
1748 2170 2051 2228 Hincmari

394 2268 839 2341 Archiepiscopi
870 2266 1216 2323 Rhemensis
1254 2281 1390 2337 quae
1432 2264 1764 2321 etiamnum
1795 2265 2045 2319 exstant.
2106 2266 2133 2290 ‘

395 2358 541 2415 Fieri
597 2356 821 2431 quippe
873 2359 1070 2428 potest
1113 2358 1178 2410 ut
1229 2353 1312 2409 ita
1354 2351 1578 2423 Regino
1621 2348 1937 2408 crediderit
1973 2347 2050 2404 ab

394 2447 716 2503 Hincmaro
772 2445 1090 2501 constituta
1136 2458 1265 2513 esse
1308 2442 1368 2497 in
1420 2440 1672 2497 concilio
1710 2436 2049 2501 Rhemensi,

394 2536 539 2610 quia
593 2533 860 2590 fortassis
910 2533 969 2588 in
1014 2530 1219 2588 codice
1278 2546 1387 2586 suo
1436 2528 1672 2600 legebat
1709 2544 1782 2584 ea
1825 2526 2053 2583 sancita

395 2625 578 2683 fuisse
606 2624 666 2679 in
693 2621 928 2695 synodo
956 2619 1294 2688 Rhemensi,
1349 2617 1692 2675 dioecesana
1744 2616 2049 2682 nimirum,

395 2730 520 2772 non
548 2710 920 2787 provinciali.
950 2712 1227 2767 Attamen
1258 2707 1405 2764 nihil
1432 2712 1594 2764 vetat
1619 2706 1766 2779 quin
1791 2706 1920 2762 haec
1958 2721 2053 2761 ea-

396 2804 536 2861 dem
566 2800 806 2858 decerni
853 2799 1152 2872 potuerint
1198 2796 1378 2855 etiam
1405 2795 1468 2852 in
1499 2794 1734 2869 synodo
1763 2794 2052 2867 quapiam

397 2889 745 2967 provinciali
775 2888 854 2945 ab
884 2884 1213 2944 Hincmaro
1237 2885 1556 2954 celebrata,
1584 2889 1651 2941 ut
1679 2883 1874 2955 major
1903 2886 2056 2938 esset

396 2997 601 3040 rerum
658 2978 1111 3035 constitutarum
1157 2973 1496 3031 auctoritas.
1542 2976 1689 3029 Nam
1734 2975 1915 3045 caput
1950 2974 2052 3027 213

396 3069 533 3126 libri
561 3065 739 3141 primi
767 3062 1287 3136 Reginonis,quod
1310 3065 1621 3134 sumptum
1651 3040 1833 3116 videri
1862 3063 2057 3133 potest
2094 3040 2135 3095 ί)

399 3174 477 3215 ex
502 3154 786 3229 Capitulis
816 3151 1136 3220 Hincmari,
1158 3151 1221 3208 in
1251 3150 1552 3223 epitomen
1585 3153 1958 3206 contractum
1982 3165 2056 3205 ex

399 3248 637 3303 vetusto
665 3241 983 3300 Rhemensi
1011 3240 1262 3297 concilio
1290 3238 1572 3307 laudatur
1592 3254 1628 3294 a
1657 3238 1868 3294 Vossio
1897 3236 1958 3294 in
1987 3237 2055 3292 li-

401 3336 513 3392 bro
542 3332 807 3390 secundo
836 3331 911 3388 de
940 3329 1100 3387 Vitiis
1128 3327 1440 3386 sermonis.
1474 3330 1542 3383 Et
1570 3326 1727 3384 infra
1770 3343 1902 3400 cap.
1959 3327 2058 3383 120

402 3424 574 3481 istius
597 3421 731 3479 libri
749 3424 940 3478 exstat
958 3418 1112 3477 alius
1137 3433 1333 3476 canon
1349 3432 1422 3473 ex
1446 3415 1698 3474 concilio
1718 3415 2055 3488 Rhemensi,

400 3526 584 3587 quem
615 3510 676 3568 in
706 3509 955 3567 concilio
984 3507 1253 3582 quodam
1295 3505 1524 3563 editum
1580 3505 1761 3563 fuisse
1807 3504 2058 3563 manife-

402 3606 563 3659 stum
589 3605 678 3658 est
700 3617 773 3657 ex
801 3601 1080 3656 contextu
1109 3596 1418 3654 orationis.
1444 3598 1692 3653 Fortean
1730 3599 1932 3652 autem
1981 3593 2062 3650 ad

400 3692 549 3750 illud
576 3692 757 3748 istum
787 3688 1106 3747 concilium
1158 3687 1490 3744 Bhemense
1541 3684 1921 3743 referendum
1975 3689 2063 3742 est

402 3785 584 3855 caput
613 3778 1056 3850 sexagesimum
1082 3776 1252 3833 istius
1280 3773 1458 3849 primi
1480 3774 1635 3843 libri,
1666 3774 1932 3847 itemque
1955 3773 2063 3830 du-

403 3868 800 3936 centesimum
850 3864 1362 3938 septuagesimum
1407 3862 1765 3919 secundum.

472 3976 811 4033 Secundum
840 3971 1363 4043 HilariumApud
1418 3970 1846 4026 Hincmarum:
1884 3970 2058 4042 555

404 4086 435 4116 ι(
476 4064 628 4119 sicut
653 4062 988 4135 Stephanus
1012 4064 1255 4117 sanctus
1286 4074 1451 4133 papa
1477 4063 1536 4115 et
1561 4062 1791 4131 martyr
1814 4058 1894 4114 ad
1922 4074 2059 4114 san-

403 4158 568 4211 ctum
598 4150 884 4208 Hilarium
909 4150 969 4206 in
999 4149 1123 4206 suis
1151 4147 1547 4206 decretalibus
1572 4147 1799 4205 docuit.
1835 4170 1862 4197 »
1918 4150 2060 4204 Bur-

403 4240 665 4299 chardus
693 4243 752 4296 et
777 4239 901 4307 Ivo,
933 4241 1100 4311 parte
1123 4254 1185 4308 ιι,
1213 4253 1345 4311 cap.
1383 4237 1481 4294 139
1509 4253 1522 4291 :
1558 4258 1587 4286 «
1621 4236 1773 4292 sicut
1812 4237 2058 4310 Stepha-

402 4347 519 4388 nus
546 4332 790 4386 sanctus
813 4342 976 4401 papa
1003 4331 1059 4382 et
1106 4329 1335 4399 martyr
1374 4329 1652 4382 sanctum
1695 4324 1999 4397 Hilarium,
2032 4349 2058 4376 »

403 4421 513 4476 etc.
546 4420 629 4474 Ex
655 4416 750 4473 his
776 4430 920 4485 ergo
949 4413 1178 4485 corrige
1203 4413 1597 4485 Reginonem.

475 4528 610 4583 CAP.
642 4528 729 4581 86.
763 4556 831 4564 —
867 4524 992 4578 Aut
1021 4520 1357 4579 homicidio.
1421 4522 1553 4576 Haec
1610 4518 1882 4576 clausula
1935 4535 2060 4577 non

401 4620 597 4674 exstat
621 4615 683 4672 in
712 4612 973 4687 antiquis
993 4609 1357 4669 editionibus
1377 4625 1683 4667 canonum
1703 4610 2059 4684 apostolico-

400 4722 558 4763 rum.
590 4706 791 4761 Exstat
815 4706 1021 4759 tamen
1048 4700 1212 4774 apud
1260 4697 1611 4769 Gregorium
1651 4701 2060 4756 Turonensem

401 4794 502 4852 lib.
531 4812 590 4865 v,
621 4808 755 4865 cap.
794 4791 857 4849 19
884 4806 957 4847 ex
977 4805 1139 4846 novo
1187 4786 1580 4861 quaternione
1637 4787 1743 4860 qui
1796 4790 2061 4844 recenter

401 4884 673 4941 adnexus
693 4884 819 4939 erat
846 4879 999 4936 libro
1029 4894 1354 4936 canonum.
1388 4876 1533 4933 Hinc
1560 4876 1788 4933 factum
1820 4881 1884 4933 ut
1924 4875 2060 4932 duae

402 4972 541 5027 dein
569 4986 873 5030 canonum
903 4967 1368 5043 apostolicorum
1414 4965 1703 5022 editiones
1746 4964 2057 5035 viguerint,

401 5059 464 5114 in
492 5075 751 5131 quarum
777 5074 900 5116 una
940 5056 1215 5114 exstabat
1267 5053 1538 5113 clausula
1597 5054 1672 5110 de
1712 5053 2058 5123 homicidio,

402 5148 605 5205 deerat
630 5152 832 5205 autem
860 5148 923 5203 in
951 5146 1088 5204 alia.
1114 5145 1473 5216 Halitgarius
1494 5144 1657 5201 enim
1671 5142 1930 5200 referens
1960 5160 2060 5200 ca-

402 5251 625 5292 nonem
677 5234 845 5292 illum
890 5235 1285 5307 apostolicum
1330 5233 1432 5289 lib.
1494 5250 1550 5301 v,
1606 5248 1739 5305 cap.
1781 5235 1835 5300 4,
1881 5232 2064 5289 habet

402 5324 736 5381 clausulam
765 5324 841 5379 de
870 5322 1195 5379 homicidio
1247 5342 1259 5379 :
1320 5322 1478 5378 unde
1520 5320 1792 5380 fortassis
1831 5322 2063 5393 accepit

402 5415 644 5486 Regino.
695 5412 864 5469 Illam
892 5427 1135 5486 quoque
1172 5411 1407 5468 videtur
1431 5411 1719 5469 habuisse
1746 5411 2061 5482 Gregorius

401 5504 475 5561 1V
498 5503 560 5561 in
599 5518 709 5561 suo
732 5501 958 5571 codice,
986 5500 1071 5556 uti
1094 5500 1357 5556 diximus
1381 5500 1459 5557 ad
1479 5500 1888 5572 Agobardum.
1905 5500 2059 5557 Con-

400 5598 491 5651 tra
518 5593 778 5650 Isidorus
807 5589 974 5648 illam
1022 5605 1145 5645 non
1194 5587 1395 5657 habet,
1423 5605 1618 5662 neque
1651 5590 1952 5660 Rabanus,
1999 5590 2062 5646 in

400 5683 652 5757 epistola
688 5683 764 5740 ad
798 5679 1208 5748 Heribaldum,
1240 5693 1433 5753 neque
1486 5678 1734 5741 demum
1782 5680 2058 5738 Hincma-

2149 442 2282 498 cap.
2315 431 2367 482 3.

2221 516 2304 568 Αι)
2343 514 2479 569 CAP.
2498 515 2587 569 97.
2612 546 2681 555 —-
2709 515 2902 587 Caput
2929 513 3093 570 istud
3116 518 3423 587 sumptum
3445 520 3534 571 est
3558 531 3632 570 ex
3661 514 3821 570 libro

2150 617 2210 655 ιιι
2241 600 2626 672 Dialogorum
2656 601 2843 659 sancti
2873 601 3155 672 Gregorii.
3189 618 3321 675 cap.
3356 610 3408 659 7.

2223 690 2356 745 CAP.
2380 694 2468 746 98.
2501 722 2569 729 —-
2595 689 2770 762 Apud
2790 694 3067 746 sanctum
3097 690 3445 759 Gregorium
3476 689 3579 745 lib.
3612 707 3711 756 vn,
3732 691 3825 745 in-

2151 778 2289 834 dict.
2306 779 2542 852 2,epist.
2561 778 2805 835 39.Vide
2829 778 3220 835 Posidonium
3244 779 3303 835 in
3327 780 3460 836 Vita
3484 779 3681 836 Sancti
3704 785 3825 835 Au-

2153 867 2372 937 gustini
2405 884 2539 940 cap.
2574 872 2661 929 26,
2695 872 2752 924 et
2782 867 3170 924 Hincmarum
3199 868 3370 942 epist.
3397 872 3487 935 48,
3533 884 3669 940 cap.
3733 869 3823 924 10.

2224 958 2358 1012 CAP.
2399 958 2516 1013 104.
2548 990 2617 998 —
2646 958 2761 1013 Cui
2785 959 2861 1014 sit
2906 959 3241 1019 necessitas.
3301 957 3393 1013 Vir
3447 957 3831 1013 clarissimus

2152 1046 2494 1103 Joachimus
2564 1046 3031 1121 Hildebrandus‘
3061 1046 3220 1103 hanc
3271 1047 3832 1120 interpretationem

2154 1135 2375 1206 adjecit
2400 1134 2539 1204 huic
2565 1134 2697 1191 loco
2731 1154 2743 1190 :
2776 1158 2803 1185 ‹‹
2837 1135 2894 1193 Si
2925 1135 3023 1191 cui
3069 1141 3338 1205 cognatae
3381 1135 3714 1192 necessitas
3754 1135 3834 1190 sit

2154 1224 2505 1296 presbytero
2550 1224 2773 1280 victum
2826 1224 3213 1297 procurandi.
3250 1248 3277 1274 ››
3328 1224 3581 1281 Videtur
3618 1229 3830 1280 autem

2153 1311 2508 1368 intellexisse
2533 1311 2609 1368 de
2639 1312 2883 1369 muliere
2912 1313 3086 1384 cujus
3115 1328 3229 1385 ope
3258 1318 3315 1369 et
3352 1312 3691 1369 ministerio
3735 1313 3831 1368 in-

2153 1400 2355 1470 digeat
2381 1400 2697 1473 presbyter
2725 1401 2805 1457 ad
2833 1417 2904 1457 ea
2932 1400 3315 1474 procuranda
3342 1418 3481 1474 quae
3508 1401 3698 1457 victui
3728 1417 3833 1456 ne-

2154 1489 2419 1546 cessaria
2447 1494 2603 1545 sunt.
2620 1489 2811 1546 Verus
2844 1494 3043 1546 tamen
3069 1505 3139 1545 ac
3171 1489 3469 1559 genuinus
3494 1490 3685 1559 huius
3713 1490 3831 1545 loci

2155 1594 2390 1648 sensus,
2420 1582 2718 1651 quantum
2743 1594 2856 1650 ego
2887 1577 3161 1648 conjieio,
3194 1578 3288 1634 hic
3316 1594 3446 1635 esse
3494 1577 3714 1645 debet;
3773 1583 3834 1634 ut

2078 1687 2119 1740 Β
2155 1668 2204 1723 si
2231 1672 2441 1737 mater,
2473 1668 2658 1724 amita
2691 1671 2795 1724 aut
2826 1683 2997 1723 soror
3024 1666 3354 1739 presbyteri
3393 1668 3550 1724 adeo
3599 1683 3833 1741 paupe-

2153 1773 2250 1813 res
2275 1756 2395 1812 sint
2421 1760 2484 1812 ut
2513 1755 2743 1829 absque
2779 1754 3001 1812 auxilio
3028 1758 3087 1811 et
3110 1770 3223 1828 ope
3250 1756 3379 1827 ejus
3408 1771 3534 1811 non
3561 1756 3835 1812 habeant

2156 1846 2316 1901 unde
2345 1845 2569 1913 vivant,
2598 1849 2885 1902 maneant
2919 1842 3167 1916 quidem
3216 1844 3276 1900 in
3324 1844 3544 1901 eodem
3592 1844 3736 1901 loco
3777 1844 3832 1900 in

2156 1952 2279 2008 quo
2309 1934 2623 2008 presbyter
2644 1934 2896 2002 habitat,
2931 1933 3036 1990 sed
3066 1933 3276 2007 procul
3296 1933 3375 1990 ab
3403 1933 3642 1990 aedibus
3672 1935 3831 2006 ejus,

2156 2024 2470 2097 presbyter
2492 2039 2635 2080 vero
2665 2023 2919 2079 domum
2944 2022 3022 2080 ad
3053 2037 3157 2079 eas
3182 2023 3376 2080 mittat
3411 2039 3553 2096 quae
3599 2028 3837 2080 susten-

2158 2113 2366 2170 tationi
2385 2112 2627 2169 illarum
2651 2112 2998 2170 necessaria
3036 2116 3191 2169 sunt.
3248 2111 3519 2185 Capitula
3575 2112 3831 2169 Herardi

2158 2202 2592 2276 archiepiscopi
2622 2202 2981 2260 Turonensis
3009 2219 3142 2276 cap.
3181 2207 3244 2258 t9
3281 2219 3294 2257 :
3330 2225 3357 2252 ‹‹
3393 2206 3462 2259 Ut
3503 2219 3834 2260 conversa-

2158 2292 2384 2349 tionem
2407 2289 2771 2346 feminarum
2796 2304 3127 2363 earumque
3152 2305 3464 2347 accessum
3486 2294 3548 2347 et
3575 2290 3835 2347 admini-

2159 2380 2509 2437 strationem
2537 2379 2919 2436 detestentur.
2947 2378 3050 2436 Sin
3077 2378 3423 2449 alias,velut
3448 2385 3834 2453 contempto-

2158 2485 2254 2527 res
2305 2484 2610 2526 canonum
2658 2468 2737 2525 ab
2787 2468 3000 2525 ordine
3052 2468 3452 2542 deponantur.
3504 2471 3574 2525 Et
3609 2469 3836 2542 quibus

2158 2557 2496 2614 ministrare
2525 2557 2862 2614 necessaria
2886 2555 3238 2624 decernunt,
3288 2557 3465 2629 556
3514 2557 3703 2627 longe
3756 2558 3837 2614 eis

2159 2647 2375 2703 domos
2402 2645 2771 2720 praevideant
2797 2645 2860 2701 in
2887 2645 3114 2718 quibus
3142 2662 3265 2702 non
3295 2661 3404 2718 per
3433 2656 3517 2713 se,
3572 2646 3682 2702 sed
3733 2662 3837 2720 per

2162 2735 2470 2792 ministros
2501 2734 2768 2792 subsidia
2797 2734 3128 2807 porrigant.
3160 2756 3186 2784 »
3233 2735 3455 2792 Verum
3492 2735 3836 2808 presbyteri

2161 2824 2436 2881 fraudem
2463 2824 2602 2881 huic
2628 2823 3035 2881 constitutioni
3077 2823 3376 2881 faciebant
3430 2830 3604 2882 aetate
3662 2825 3837 2882 Hine-

2161 2912 2338 2983 mari,
2361 2917 2427 2969 ut
2453 2912 2581 2985 ipse
2610 2913 2787 2970 docet
2830 2913 2893 2968 in
2940 2913 3196 2986 epistola
3250 2916 3341 2985 48,
3401 2929 3539 2988 cap.
3599 2919 3691 2981 33,
3750 2914 3838 2971 his

2163 3002 2363 3060 verbis
2395 3021 2407 3059 :
2439 3024 2466 3052 ‹‹
2497 3002 2754 3069 Quidam
2779 3002 3116 3076 presbyteri
3142 3002 3219 3059 de
3246 3003 3541 3060 reditibus
3566 3004 3839 3061 ecclesiae

2165 3092 2259 3149 vel
2286 3091 2692 3148 oblationibus
2722 3108 2792 3149 ac
2819 3092 2975 3150 votis
3004 3092 3272 3149 ﬁdelium
3299 3109 3397 3151 res
3421 3098 3564 3166 post
3588 3092 3841 3150 ordina-

2164 3181 2391 3238 tionem
2448 3196 2623 3237 suam
2677 3185 3054 3254 comparant,
3112 3184 3170 3238 et
3219 3180 3281 3237 in
3329 3180 3445 3237 illis
3504 3185 3843 3238 structuras

2164 3271 2407 3337 faciunt,
2463 3274 2520 3326 et
2558 3285 2703 3342 quae
2755 3270 2834 3326 ad
2889 3268 3205 3327 ecclesiam
3262 3269 3565 3342 pertinent
3609 3269 3841 3327 ibidem

2167 3360 2491 3428 collocant;
2526 3363 2585 3415 et
2608 3358 2669 3415 in
2695 3358 2922 3415 eisdem
2951 3359 3181 3416 mansis
3207 3358 3490 3415 mulieres
3519 3358 3841 3432 recipiunt,

2167 3465 2305 3522 qum
2331 3447 2663 3505 laniﬁcium
2692 3463 2872 3505 suum
2900 3453 3236 3516 exerceant,
3266 3452 3327 3505 et
3367 3448 3595 3504 domus
3630 3462 3843 3504 curam

2170 3542 2398 3609 gerant.
2433 3540 2499 3594 Et
2529 3538 2645 3594 hac
2674 3537 2990 3595 occasione
3021 3553 3164 3594 suas
3195 3536 3480 3594 ecclesias
3501 3537 3844 3609 negligant,

2168 3632 2228 3684 et
2255 3627 2335 3683 ad
2363 3627 2610 3684 eosdem
2637 3643 2883 3685 mansos
2906 3631 3239 3695 recurrunt,
3254 3631 3312 3683 et
3335 3626 3421 3683 ibi
3442 3630 3845 3685 commanent

2171 3721 2379 3774 contra
2401 3716 2643 3774 decreta
2672 3732 2996 3775 canonum.
3032 3740 3061 3767 »
3101 3716 3248 3773 Vide
3275 3715 3435 3773 infra
3462 3717 3636 3790 apud
3665 3717 3843 3788 Regi-

2169 3821 2392 3862 nonem
2422 3798 2556 3880 cap.
2585 3810 2711 3863 220.

2210 3897 2433 3953 .Nulta
2461 3897 2690 3967 femina
2717 3897 2801 3954 ad
2827 3898 2936 3954 alt.
2969 3896 3129 3953 Infra
3152 3911 3286 3969 cap.
3306 3896 3442 3952 120:
3476 3919 3507 3946 ‹‹
3531 3901 3591 3953 et
3619 3897 3848 3971 quibus

2168 3984 2520 4058 prohibetur
2572 4000 2647 4042 ne
2700 3985 3035 4043 sacrarium
3093 3984 3527 4057 ingrediantur,
3591 4002 3713 4043 nec
3770 3985 3847 4042 ad

2170 4074 2355 4131 altare
2397 4074 2902 4148 appropinquent.
2963 4098 2991 4125 »
3050 4078 3168 4133 Ista
3217 4074 3590 4132 insinuanda
3639 4079 3849 4132 essent

2169 4163 2405 4220 feminis
2455 4164 2645 4221 aetatis
2717 4167 2937 4221 nostrae
2966 4207 2980 4231 ,
3053 4180 3189 4237 quae
3242 4179 3367 4222 non
3425 4164 3630 4221 solum
3688 4166 3850 4223 intra

2168 4251 2467 4309 cancellos
2515 4255 2691 4323 stant,
2749 4252 2855 4309 sed
2907 4252 2986 4309 ad
3041 4252 3243 4326 ipsum
3290 4252 3480 4309 altare
3519 4254 3847 4324 accedunt,

2168 4345 2465 4416 tanquam
2516 4341 2722 4399 divina
2775 4357 2917 4399 cum
2963 4342 3328 4416 presbyteris
3380 4342 3690 4401 celebrare
3749 4345 3853 4401 de-

2166 4428 2369 4487 beant.
2430 4431 2537 4486 Cui
2591 4432 2753 4489 malo
2806 4449 2989 4491 nemo
3036 4437 3127 4490 est
3172 4432 3278 4507 qui
3315 4433 3572 4503 resistat,
3617 4439 3855 4490 tamen-

2167 4518 2276 4574 etsi
2325 4517 2473 4573 nihil
2529 4520 2758 4591 majore
2815 4537 2964 4578 cura
3010 4521 3320 4595 provisum
3372 4521 3446 4577 sit
3490 4520 3529 4578 a
3561 4522 3853 4579 Patribus

2167 4622 2356 4679 quam
2383 4611 2449 4663 ut
2471 4606 2585 4663 ista
2606 4623 2733 4665 non
2765 4608 3011 4667 licerent
3060 4609 3314 4666 feminis.
3375 4612 3581 4684 Neque
3627 4610 3855 4668 dubito

2167 4695 2317 4767 quin
2384 4695 2434 4750 si
2506 4695 2989 4767 religiosissimus
3071 4714 3250 4755 sexus
3328 4699 3445 4755 ista
3525 4698 3860 4757 doceretur

2167 4800 2354 4858 prave
2402 4785 2502 4856 agi
2548 4791 2607 4843 et
2647 4790 2856 4843 contra
2911 4792 3173 4845 mentem
3230 4788 3524 4861 Ecclesiae,
3570 4806 3704 4846 non
3747 4789 3861 4845 du-

2168 4874 2314 4943 bito,
2367 4875 2620 4949 inquam
2656 4920 2670 4946 ,
2735 4877 2883 4950 quin
2940 4878 3359 4936 lubentissime
3429 4880 3774 4937 abstineret
3825 4895 3864 4935 a

2170 4965 2508 5037 corruptela
2555 4965 2657 5023 illa
2700 4982 2901 5040 pravae
2955 4968 3434 5025 consuetudinis.
3511 4968 3668 5026 Olim
3698 5013 3716 5038 ,
3795 4974 3864 5024 ut

2172 5052 2596 5110 adnotavimus
2624 5054 2704 5111 ad
2734 5055 2997 5119 Concilia
3043 5056 3242 5114 Galliae
3288 5056 3731 5126 Narbonensis,
3790 5074 3866 5115 eo

2172 5158 2364 5215 usque
2408 5149 2779 5216 processerat
2827 5146 3114 5204 scelerata
3166 5147 3424 5203 audacia
3468 5153 3534 5204 ut
3561 5147 3868 5204 mulieres

2171 5232 2459 5289 altaribus
2502 5238 2764 5291 astarent
2817 5239 2877 5291 et
2926 5236 3282 5309 plerumque
3329 5236 3464 5310 ipso
3512 5236 3865 5295 oblationis

2172 5327 2439 5396 tempore
2517 5339 2723 5380 coram
2801 5326 3087 5381 omnibus
3156 5325 3541 5398 impudenter
3606 5327 3868 5401 accipe-

2171 5416 2303 5468 rent
2355 5412 2522 5485 quod
2582 5416 2700 5470 Deo
2772 5414 3137 5471 offerebatur
3210 5415 3271 5471 in
3353 5413 3547 5471 altari.
3625 5416 3695 5470 Si
3784 5415 3870 5471 ab

2172 5500 2288 5556 hoc
2342 5500 2603 5558 facinore
2661 5502 2800 5559 dein
2843 5503 3263 5561 abstinuerunt
3324 5501 3565 5560 feminae
3633 5503 3876 5561 admo-

2173 5589 2331 5658 nitus,
2387 5592 2757 5664 sperandum
2805 5597 2895 5649 est
2938 5599 3175 5650 nostras
3205 5591 3374 5649 facile
3417 5592 3795 5651 mutaturas‘
3818 5592 3872 5649 s1

2173 5679 2505 5751 intelligant
2557 5682 2849 5755 quiddam
2900 5683 3317 5742 irreverentius
3348 5684 3447 5753 agi
3478 5697 3619 5753 erga
3655 5685 3875 5741 Deum
