3980 6182
188 200 288 254 425

1224 194 1439 252 NOTAE
1478 194 1573 261 AD
1615 191 1740 246 LIB.
1785 188 1803 240 ι
1837 187 1926 244 DE
1965 188 2243 247 seems.
2280 190 2563 247 DlSClPL.
3505 197 3608 250 ,ηδ

187 325 241 378 et
267 318 591 376 Ecclesiam
623 333 760 371 cum
792 317 903 372 illa:
942 324 1338 392 perrumpunt
1366 318 1519 375 ultra
1547 313 1844 372 cancellos
1875 317 1918 369 A
1953 313 2059 369 etsi
2092 314 2434 387 sepulcrum
2471 315 2599 386 ejus
2632 330 2792 370 nunc
2819 313 2892 370 sit
2920 312 3074 371 intra
3099 314 3430 371 ecclesiam.
3468 320 3610 373 Eve-

186 410 404 467 altaris.
440 408 574 461 Ηερο
609 406 937 461 admonere
964 407 1159 463 visum
1193 414 1297 475 est,
1328 406 1622 463 utsaltem
1646 405 1709 459 En
1729 402 1843 457 hoc

185 498 373 571 capite
404 495 738 564 corrigatur
767 494 888 550 vita
926 496 1421 552 Christianorum.

256 588 386 642 er.
423 589 522 641 105
580 586 984 654 Ειρρηιί).‹ψιίε
1016 587 1289 641 redimat.
1324 584 1481 640 Istud
1509 581 1726 639 deinde
1748 596 1845 634 vo-

188 678 474 732 caverunt
504 673 979 744 redemptionem
1026 678 1427 746 peccatorum.
1473 669 1770 729 Paschalis
1802 672 1844 722 ll

187 766 246 821 in
271 762 524 836 epistola
555 762 630 817 ad
661 761 1071 831 Norigaudum
1103 761 1706 832 Augustodunensem
1730 757 1847 831 epi-

187 868 440 925 scopum
466 868 478 905 :
514 874 539 899 ‹‹
572 854 676 905 Pro
705 850 1111 921 redemptione
1146 866 1284 906 vero
1310 855 1692 923 peccatorum
1720 863 1846 901 mo-

186 942 402 998 rientes
431 940 492 997 in
520 940 777 995 Ecclesia
803 939 863 994 in
894 956 1015 1011 qua
1050 940 1186 996 lidei
1210 944 1725 996 sacramentorum
1746 952 1845 992 ac-

187 1033 471 1102 ceperunt
496 1028 940 1099 eleemosynam
974 1028 1116 1083 dare
1147 1028 1481 1085 secundum
1521 1026 1847 1101 apostolica

186 1119 425 1176 decreta
452 1116 767 1173 statuimus
813 1116 1059 1172 omnino
1099 1122 1156 1172 et
1204 1117 1658 1174 conﬁrmamus.
1687 1139 1714 1165 ››
1766 1117 1849 1169 Ex

186 1224 256 1263 eo
285 1222 468 1280 porro
498 1205 657 1261 fonte
684 1209 745 1259 ut
772 1205 1095 1277 plurimum
1127 1205 1479 1278 prodierunt
1508 1205 1676 1278 557
1713 1220 1852 1277 pos-

186 1296 510 1365 sessiones,
540 1294 874 1358 latifundia,
907 1300 964 1350 et
992 1297 1141 1364 agri,
1191 1312 1260 1351 ex
1301 1296 1521 1369 quibus
1564 1295 1749 1350 ditata
1796 1297 1851 1349 et

186 1386 554 1459 ampliﬁcata
609 1388 697 1440 est
750 1384 1028 1454 Ecclesia,
1080 1385 1158 1441 uti
1199 1386 1461 1441 diximus
1486 1384 1563 1441 ad
1588 1383 1851 1453 Agobar—

190 1476 364 1531 dum.

262 1568 395 1621 CAP.
434 1569 551 1620 H5.
598 1596 662 1604 —
694 1565 835 1620 Rem
879 1563 1245 1633 (ii/ferretur.
1296 1564 1638 1635 Legendum
1682 1561 1851 1618 haud

186 1654 371 1710 dubie
400 1658 492 1709 est
539 1654 862 1709 remedium
910 1670 1024 1708 non
1085 1654 1453 1724 (ii/ferretur,
1502 1659 1564 1709 ut
1612 1651 1847 1709 monui-

188 1759 346 1798 mus.
383 1741 473 1798 Sic
505 1741 665 1797 enim
695 1740 921 1797 habent
951 1742 1206 1813 vulgatae
1240 1742 1527 1798 editiones
1570 1739 1848 1813 epistola-

187 1848 327 1887 rum
376 1830 563 1887 sancti
612 1830 844 1895 Leonis,
902 1836 957 1887 et
1025 1831 1293 1904 plerique
1353 1830 1591 1887 codices
1641 1846 1852 1885 manu-

190 1920 415 1993 scripti.
447 1924 719 1976 Attamen
736 1919 797 1974 in
821 1919 1173 1975 Collectione
1196 1919 1420 1988 Isidori,
1445 1919 1603 1975 unde
1628 1918 1849 1988 Regino

188 2008 424 2065 videtur
457 2009 779 2080 accepisse,
810 2007 1022 2078 legitur
1053 2011 1116 2064 ut
1144 2008 1239 2064 hic
1284 2008 1510 2064 editum
1554 2012 1658 2062 est.
1696 2010 1761 2062 Et
1788 2006 1848 2061 in

188 2097 370 2153 veteri
398 2097 601 2153 codice
632 2114 746 2153 ms.
775 2096 1150 2153 bibliothecae
1196 2097 1407 2168 Regiae,
1455 2100 1581 2152 tum
1628 2096 1689 2152 in
1732 2095 1849 2152 alio

188 2191 529 2259 pervetusto
568 2185 772 2242 codice
798 2204 911 2242 ms.
944 2186 1293 2243 monasterii
1339 2185 1523 2243 sancti
1573 2184 1850 2243 Germani

186 2274 260 2329 de
293 2274 497 2343 Pratis,
525 2274 586 2329 in
611 2274 832 2347 quibus
864 2274 1125 2345 Dionysii
1172 2260 1437 2330 collectio
1495 2274 1846 2339 continetur,

186 2362 339 2418 inter
369 2363 607 2418 decreta
633 2362 820 2418 sancti
848 2363 1077 2428 Leonis,
1109 2364 1266 2417 unde
1292 2367 1601 2435 sumptum
1628 2363 1851 2418 esthoc

184 2456 387 2523 caput,
417 2451 497 2507 ita
527 2453 777 2507 omnino
810 2450 1097 2521 scriptum
1128 2454 1239 2516 est,
1274 2466 1459 2521 usque
1488 2451 1569 2506 ad
1599 2465 1853 2505 commu-

184 2542 383 2597 nionis
428 2540 751 2596 remedium
792 2539 1131 2608 di/feratur.
1182 2541 1327 2595 Eam
1353 2553 1491 2594 vero
1537 2537 1851 2594 lectionem

182 2629 369 2685 habet
396 2628 575 2683 etiam
605 2627 962 2697 Halitgarius
1008 2626 1111 2681 lib.
1164 2643 1246 2697 ιιι,
1294 2643 1425 2701 cap.
1485 2627 1566 2695 14,
1616 2632 1740 2683 tam
1790 2626 1851 2681 in

183 2716 444 2773 editione
470 2716 690 2771 Canisii
712 2733 900 2788 quam
930 2716 993 2771 in
1032 2715 1209 2772 veteri
1240 2716 1444 2772 codice
1473 2733 1583 2771 ms.
1639 2732 1848 2773 mona-

184 2806 342 2864 sterii
373 2805 768 2875 Corbeiensis,
801 2810 927 2862 tum
959 2806 1140 2862 etiam
1169 2806 1229 2862 in
1270 2806 1547 2873 editione,
1567 2823 1704 2878 quas
1735 2805 1848 2861 sub

184 2894 414 2951 Rabaui
442 2894 688 2951 nomine
736 2894 957 2950 emissa
1000 2911 1036 2950 a
1080 2895 1420 2951 Colvenerio
1468 2899 1557 2952 est
1584 2894 1645 2950 in
1683 2899 1847 2951 tomo

184 2990 352 3041 sexto
381 3000 632 3056 operum
669 2983 915 3040 Rabani.

254 3076 391 3129 CAP.
436 3075 548 3129 H9.
582 3106 650 3114 —
677 3074 1023 3145 Postquam.
1058 3073 1158 3131 Vel
1186 3090 1259 3130 ex
1291 3075 1405 3131 hoc
1450 3074 1584 3132 loco
1632 3073 1843 3131 conﬁci

182 3168 355 3237 potes
386 3161 666 3218 viaticum
693 3162 836 3219 olim
863 3162 992 3219 dari
1038 3163 1275 3220 solitum
1329 3168 1469 3236 post
1515 3169 1843 3222 extremam

183 3253 553 3309 unctionem.

252 3343 393 3398 CAP.
428 3342 544 3398 123.
581 3374 649 3382 —
678 3343 812 3398 Nisi
837 3358 1007 3414 quem
1039 3345 1366 3414 episcopus.
1402 3345 1551 3415 Lege
1585 3345 1846 3416 generali

182 3432 432 3489 vetitum
462 3431 606 3487 olim
634 3437 763 3489 erat
788 3448 866 3488 ne
894 3432 997 3505 qui
1028 3432 1184 3489 intra
1226 3433 1540 3491 ecclesiam
1569 3435 1845 3508 sepelire-

177 3526 299 3589 tur,
331 3524 399 3576 ut
434 3520 706 3593 pluribus
730 3521 907 3577 docet
949 3523 1252 3578 Gretserus
1288 3522 1351 3578 in
1379 3522 1532 3580 libro
1581 3525 1847 3581 secundo

176 3611 257 3667 de
288 3612 519 3666 Funere
550 3610 906 3677 Christiano,
952 3626 1087 3683 cap.
1140 3614 1210 3679 8;
1257 3611 1424 3684 quod
1469 3612 1847 3685 privilegium

176 3700 516 3757 etiamnum
552 3699 764 3755 retinet
790 3700 1040 3756 ecclesia
1082 3716 1218 3773 qua:
1270 3704 1478 3758 sancto
1528 3702 1847 3758 Saturnino

176 3788 384 3844 dicata
427 3791 515 3844 est
541 3786 602 3842 in
650 3787 881 3844 civitate
929 3787 1246 3845 Tolosana.
1290 3792 1438 3845 Nam
1482 3791 1849 3860 Augustinus

176 3876 628 3934 (‘antuariensis
686 3876 956 3950 sepultus
998 3892 1123 3933 non
1183 3882 1271 3933 est
1316 3878 1377 3934 in
1433 3877 1701 3945 ecclesia,
1743 3878 1845 3934 sed

176 3967 247 4022 in
303 3966 531 4038 porticu
603 3965 940 4039 aquilonari
990 3965 1272 4032 ecclesiae,
1345 3971 1409 4023 ut
1464 3967 1618 4025 Beda
1674 3967 1849 4025 docet

178 4054 284 4111 lib.
312 4070 373 4123 ιι,
401 4070 536 4128 cap.
571 4060 623 4123 3,
656 4054 923 4111 Historiae
970 4055 1382 4113 ecclesiasticae
1414 4058 1603 4127 gentis
1634 4056 1847 4129 Anglo-

179 4161 340 4201 rum.
374 4147 583 4201 Postea
611 4149 811 4201 tamen
838 4144 1003 4201 licuit
1049 4144 1297 4217 sepelire
1342 4146 1496 4203 intra
1532 4146 1846 4203 ecclesiam

180 4230 519 4303 episcopos,
553 4231 827 4311 abbates,
869 4231 1086 4302 dignos
1112 4233 1495 4306 presbyteros
1543 4238 1601 4290 et
1639 4233 1844 4291 ﬁdeles

180 4318 386 4387 laicos,
431 4323 495 4376 ut
533 4321 615 4377 ait
638 4320 960 4377 concilium
1008 4322 1419 4393 Moguntinum
1468 4323 1585 4379 sub
1634 4324 1842 4381 Carolo

181 4410 395 4481 Magno
450 4408 746 4481 habitum,
794 4410 855 4466 id
900 4414 990 4467 est
1033 4412 1229 4483 justos
1275 4411 1551 4469 homines
1581 4413 1685 4486 qui
1736 4428 1844 4485 per

182 4495 321 4552 vitae
349 4496 628 4553 meritum
660 4497 838 4554 talem
859 4499 1115 4555 vivendo
1157 4515 1268 4556 suo
1298 4502 1534 4573 corpori
1562 4500 1844 4557 defuncto

169 4584 385 4642 locum
409 4585 871 4658 acquisiverunt,
904 4591 968 4642 ut
981 4587 1289 4643 Theodulﬁ
1337 4588 1534 4645 verbis
1581 4593 1842 4646 utamur.

170 4677 298 4729 lsta
330 4672 543 4746 perdiu
568 4674 832 4744 viguisse
864 4674 1297 4732 animadverto.
1335 4679 1400 4732 Et
1428 4680 1631 4733 tamen
1680 4682 1848 4733 vetus

172 4760 528 4834 sepulcrum
556 4750 863 4835 lapideum
910 4763 1191 4820 Ademari
1238 4764 1601 4821 vicecomitis
1650 4766 1847 4821 Scala-

172 4864 319 4904 rum
348 4852 405 4904 et
434 4848 670 4925 abbatis
698 4849 834 4906 laici
861 4850 1208 4907 monasterii
1236 4851 1584 4921 Tutelensis,
1624 4868 1730 4925 qm
1756 4869 1847 4908 re-

184 4941 406 5006 gnante
438 4937 751 5012 Rodulpho
779 4955 919 5010 rege
948 4939 1168 5009 ﬂoruit,
1194 4940 1429 4997 videtur
1454 4941 1631 4997 hodie
1656 4942 1717 4997 in
1761 4957 1851 4997 ec-

184 5025 366 5082 clesia
393 5026 706 5083 Tutelensi.
741 5031 957 5084 Verum
990 5029 1191 5085 multae
1214 5029 1473 5086 rationes
1503 5036 1672 5086 erant
1713 5047 1849 5104 quae

184 5111 365 5172 istum
394 5116 455 5172 in
477 5115 724 5172 ecclesia
740 5116 977 5190 sepeliri
1000 5117 1277 5174 sinerent.
1299 5120 1581 5186 Primum,
1604 5119 1749 5192 quia
1766 5135 1851 5175 re-

185 5209 487 5261 staurator
504 5206 829 5263 monasteri
846 5206 1348 5280 ifuerat,illudque
1365 5208 1637 5264 omnium
1659 5209 1848 5265 bono-

183 5308 319 5350 rum
349 5294 524 5367 558
547 5311 795 5351 suorum
811 5295 1114 5352 hmredem
1132 5311 1205 5351 ex
1222 5312 1353 5352 asse
1371 5312 1502 5352 esse
1514 5298 1708 5368 jussit,
1725 5303 1847 5354 tum

183 5384 365 5440 etiam
389 5385 535 5458 quia
557 5384 724 5442 haud
760 5384 942 5443 dubie
964 5385 1213 5443 celebris
1250 5390 1378 5444 erat
1400 5387 1681 5460 opinione
1717 5404 1851 5444 san-

184 5474 422 5530 ctitatis.
448 5477 596 5532 Nam
618 5476 910 5532 hactenus
936 5480 1179 5533 sanctus
1209 5481 1455 5535 vocatur
1474 5494 1509 5534 a
1530 5477 1847 5534 Tutelensi-

184 5561 320 5623 hus.
347 5566 710 5639 Quanquam
733 5581 976 5623 necesse
997 5582 1121 5623 non
1142 5571 1386 5625 esteum
1406 5568 1470 5625 in
1491 5567 1739 5625 ecclesia
1765 5585 1850 5624 se-

184 5653 427 5731 pultum
449 5653 629 5713 fuisse
655 5670 727 5712 eo
758 5659 1027 5730 tempore
1051 5672 1175 5730 quo
1203 5660 1478 5715 mortuus
1507 5660 1614 5725 est,
1646 5660 1846 5714 tamen

620 5747 864 5811 Parum.
896 5743 1179 5803 CXXXII.

1953 402 2111 459 uisse
2127 403 2206 458 illi
2239 405 2429 476 potuit
2452 403 2675 475 aliquid
2705 403 2895 459 simile
2920 404 3242 461 narrationi
3264 420 3397 476 quae
3424 410 3615 461 exstat

1953 493 2117 565 apud
2138 492 2361 548 Bedam
2390 493 2463 549 de
2491 508 2740 564 corpore
2767 494 2956 549 sancti
2984 493 3318 563 Augustini,
3345 494 3510 567 quod
3532 494 3615 549 fo-

1954 596 2050 637 ras
2068 582 2241 653 juxta
2270 582 2581 638 ecclesiam
2610 581 2876 654 positum
2917 587 3026 649 est,
3069 582 3213 655 quia
3252 598 3321 640 ea
3354 582 3615 639 necdum

1954 670 2145 727 fuerat
2169 672 2430 743 perfecta
2458 687 2567 727 nec
2593 671 2888 739 dedicata;
2921 687 3061 727 mox
3084 689 3223 728 vero
3250 678 3313 729 ut
3342 672 3617 729 dedicata

1956 765 2064 831 est,
2088 761 2147 816 in
2175 762 2328 818 intro
2352 761 2579 819 illatum
2597 766 2653 817 et
2674 761 2733 816 in
2750 761 2983 834 porticu
3000 761 3154 816 illius
3167 762 3502 835 aquilonari
3518 762 3618 818 de-

1959 855 2157 906 center
2195 851 2493 924 sepultum
2518 855 2604 907 est
2631 870 2643 919 ;
2675 851 2736 906 in
2766 866 2889 923 qua
2915 850 3091 906 etiam
3122 852 3503 924 sequentium
3530 869 3619 907 ar-

1959 939 2477 1014 chiepiscoporum
2523 941 2793 996 omnium
2842 944 2980 996 sunt
3018 955 3271 1013 corpora
3302 942 3616 1008 tumulata,

1957 1033 2171 1102 praeter
2208 1029 2466 1085 duorum
2519 1029 2957 1099 tantummodo,
3008 1029 3067 1084 id
3112 1033 3200 1085 est
3244 1030 3535 1086 Theodori
3565 1035 3621 1085 et

1962 1117 2334 1189 Berhtwaldi,
2356 1134 2618 1190 quorum
2640 1134 2891 1191 corpora
2909 1118 2967 1173 in
2990 1118 3121 1190 ipsa
3147 1118 3396 1174 ecclesia
3422 1119 3621 1190 posita

1960 1210 2118 1275 sunt,
2144 1223 2215 1262 eo
2236 1206 2399 1279 quod
2414 1206 2692 1278 praedicta
2716 1206 2980 1279 porticus
2997 1206 3170 1279 plura
3186 1222 3398 1278 capere
3416 1206 3622 1279 nequi-

1962 1296 2061 1350 vit.
2086 1299 2232 1351 Nam
2264 1296 2408 1368 quia
2440 1295 2703 1351 fortassis
2735 1296 3067 1351 Ademarus
3099 1295 3376 1351 conditus
3406 1300 3531 1351 erat
3558 1295 3621 1350 in

1959 1384 2157 1439 loculo
2204 1384 2377 1454 juxta
2414 1384 2702 1440 humilem
2753 1402 2890 1457 quae
2941 1391 3079 1441 tunc
3139 1389 3263 1441 erat
3306 1384 3623 1440 ecclesiam

1960 1475 2326 1544 monasterii,
2342 1491 2481 1530 cum
2499 1492 2570 1531 ea
2600 1476 2873 1531 ducentis
2893 1482 3031 1548 post
3045 1476 3218 1532 annis
3230 1493 3471 1532 rursum
3488 1475 3625 1532 aedi-

1958 1564 2135 1619 ﬁcata
2161 1568 2218 1618 et
2246 1562 2613 1636 ampliﬁcata
2658 1569 2764 1633 est,
2807 1566 3059 1637 jamque
3101 1566 3321 1621 intrare
3347 1566 3408 1620 in
3441 1565 3625 1621 eccle-

1890 1666 1929 1720 B
1961 1652 2112 1708 siam
2143 1652 2466 1725 coepissent
2503 1669 2756 1725 corpora
2787 1658 3160 1709 mortuorum
3210 1654 3473 1726 proclive
3518 1654 3626 1709 fuit

1960 1742 2274 1798 monachis
2290 1741 2722 1809 Tutelensibus,
2752 1743 2831 1798 ob
2855 1747 3126 1799 sanctam
3144 1743 3252 1799 viri
3268 1742 3626 1799 memoriam

1961 1835 2017 1886 et
2040 1829 2373 1899 ingentium
2400 1831 2531 1901 ejus
2559 1830 3012 1898 beneﬁciorum,
3048 1830 3347 1887 tumulum
3374 1831 3503 1903 ejus
3529 1847 3624 1887 ec-

1960 1919 2138 1975 clesia
2164 1918 2540 1975 concludere.
2564 1923 2709 1975 Nam
2732 1919 2826 1975 ille
2846 1924 2936 1976 est
2955 1920 3015 1975 in
3051 1924 3318 1976 extrema
3352 1920 3622 1989 ecclesia,

1959 2008 2018 2064 in
2037 2008 2281 2079 angulo,
2300 2008 2433 2064 loco
2456 2008 2726 2064 videlicet
2744 2009 3150 2066 romotissimo
3173 2010 3251 2065 ab
3268 2009 3438 2066 altari
3458 2009 3625 2082 quod

1961 2102 2179 2154 vocant
2203 2098 2421 2169 majus.
2458 2103 2519 2152 In
2550 2098 2748 2170 lapide
2780 2099 3094 2171 sepulcrali
3122 2100 3251 2155 haec
3294 2098 3624 2170 antiquitus

1961 2186 2180 2257 scripta
2210 2185 2468 2255 fuerunt,
2496 2201 2631 2256 qua:
2664 2202 2824 2241 nunc
2845 2200 3088 2259 quoque
3119 2187 3416 2256 leguntur.

2030 2277 2073 2344 ’ξ’
2098 2292 2204 2330 ΧΡΕ
2236 2291 2410 2330 SERVA
2443 2291 2587 2329 τιτωι
2618 2290 2715 2330 Plllt
2748 2292 2917 2331 SECLA
2952 2292 3271 2331 AllEMARl'M.
3310 2292 3475 2331 ΑΜΕΝ.
3511 2278 3551 2345 ⁶ί⁴

2033 2365 2167 2418 Car.
2207 2368 2325 2419 125.
2352 2396 2421 2403 —
2447 2365 2712 2419 Exedra.
2747 2364 2829 2419 Ita
2860 2368 3027 2419 vetus
3055 2364 3243 2421 codex
3276 2364 3623 2421 Parisieusis

1967 2470 2079 2507 ms.
2093 2469 2202 2525 pro
2225 2469 2295 2508 eo
2314 2452 2481 2524 quod
2498 2452 2675 2507 editio
2700 2452 3433 2510 ilclmzestadiensishabet
3450 2461 3625 2512 extra

1965 2540 2446 2597 ecclesiamHuic
2459 2540 2863 2596 emendationi
2869 2583 2886 2612 ,
2901 2558 3035 2614 quae
3048 2541 3272 2615 alioqui
3285 2544 3625 2599 necessaria

1964 2636 2053 2687 est
2083 2630 2481 2703 astipulantur
2511 2631 2904 2698 Burchardus,
2938 2635 3059 2700 lvo,
3101 2636 3269 2687 vetus
3318 2648 3623 2688 canonum

1962 2719 2239 2775 collector
2263 2736 2376 2774 ms.
2394 2719 2453 2774 in
2474 2718 2834 2775 bibliotheca
2850 2720 3050 2791 Regia,
3080 2725 3136 2775 et
3161 2721 3499 2791 Gratianus,
3520 2721 3624 2777 ubi

1960 2808 2248 2881 scriptum
2274 2809 2439 2864 estin
2466 2808 2720 2864 exedris.
2744 2808 2952 2865 Statuit
2968 2808 3126 2863 enim
3144 2825 3339 2865 canon
3365 2814 3429 2866 ut
3443 2825 3623 2866 nemo

1956 2897 2017 2953 in
2039 2897 2290 2954 ecclesia
2320 2897 2659 2970 sepeliatur,
2688 2897 2793 2953 sed
2815 2898 2874 2953 in
2899 2898 3047 2954 atrio
3074 2898 3247 2955 autin
3267 2899 3500 2971 porticu
3521 2904 3624 2956 aut

1887 3016 1926 3072 Ο
1956 2987 2017 3042 in
2038 2986 2258 3043 exedra
2280 2986 2563 3043 ecclesiae.
2591 2988 2794 3060 Itaque
2819 2987 2924 3060 qui
2940 2987 3290 3057 generaliter
3318 2988 3624 3060 prohibuit

1957 3092 2032 3132 ne
2063 3080 2278 3132 mortui
2299 3075 2661 3150 sepeliantur
2686 3076 2840 3133 intra
2861 3076 3431 3143 ecclesiam,frustra
3451 3078 3622 3149 jube-

1932 3164 2042 3221 ’ret
2061 3181 2132 3221 ea
2163 3164 2396 3238 sepeliri
2423 3169 2588 3221 extra
2608 3164 2942 3235 ecclesiam,
2974 3164 3022 3221 si
3052 3181 3194 3221 vera
3214 3165 3622 3236 essetvulgata

1954 3254 2128 3311 lectio
2147 3255 2363 3327 synodi
2388 3255 2793 3311 Nannetensis.
2810 3254 3059 3325 lgiturin
3078 3255 3268 3311 tribus
3287 3254 3434 3311 locis
3455 3260 3621 3313 extra

1956 3344 2271 3401 ecclesiam
2302 3344 2534 3418 sepeliri
2575 3348 2871 3417 poterant,
2918 3360 3173 3418 corpora
3216 3349 3616 3415 mortuorum,

1955 3433 2017 3489 in
2046 3433 2195 3490 atrio
2215 3433 2507 3504 videlicet,
2541 3434 2599 3489 in
2621 3434 2853 3507 porticu
2883 3437 2941 3489 et
2966 3433 3028 3489 in
3054 3435 3294 3490 exedra.

2034 3523 2209 3595 559
2241 3522 2467 3578 Atrium
2499 3526 2588 3577 est
2615 3521 2856 3595 proprie
2880 3522 3143 3594 spatium
3166 3539 3429 3580 vacuum
3452 3522 3620 3596 quod

1956 3610 2244 3665 remansit
2271 3625 2341 3665 ex
2369 3625 2510 3666 area
2541 3610 2664 3666 sive
2696 3609 2824 3665 solo
2853 3609 2958 3664 ubi
2978 3609 3276 3667 aediﬁcata
3304 3615 3392 3666 est
3432 3610 3620 3667 eccle-

1958 3696 2067 3761 sia,
2100 3701 2281 3769 atque
2304 3696 2386 3753 ita
2412 3696 2629 3752 atrium
2664 3711 2909 3751 omnem
2941 3696 3166 3752 circum
3197 3696 3387 3753 ambit
3432 3697 3619 3753 eccle-

1957 3785 2130 3842 siam.
2162 3784 2391 3841 Atrium
2439 3789 2638 3841 tamen
2683 3801 2821 3840 cum
2871 3784 3077 3840 dicunt
3113 3789 3387 3841 auctores
3432 3784 3619 3841 eccle-

1958 3874 2197 3945 siastici,
2228 3873 2564 3945 intelligunt
2592 3879 2653 3931 ut
2682 3874 3009 3947 plurimum
3039 3890 3174 3931 eam
3211 3879 3445 3949 partem
3488 3875 3620 3932 atrii

1955 3981 2091 4038 quae
2119 3963 2397 4037 proxima
2437 3964 2641 4035 januis
2690 3968 2802 4032 est,
2837 3964 2895 4019 in
2925 3981 3048 4038 qua
3101 3964 3483 4022 vestibulum.
3532 3970 3620 4022 ln-

1955 4054 2045 4109 fra
2074 4051 2177 4109 lib.
2212 4068 2270 4122 u,
2299 4068 2433 4125 cap.
2480 4053 2540 4109 31
2583 4070 2595 4107 :
2648 4076 2675 4102 «
2710 4053 2767 4110 Si
2816 4052 2877 4111 in
2921 4054 3069 4110 atrio
3123 4053 3406 4126 ecclesiae,
3447 4055 3619 4127 cujus

1954 4148 2128 4218 porta
2179 4143 2440 4216 reliquiis
2498 4147 2843 4200 sanctorum
2886 4149 3233 4201 consecrata
3278 4149 3442 4217 est,»
3506 4150 3615 4204 etc.

1956 4233 2304 4290 Anastasius
2351 4233 2411 4288 in
2462 4231 2589 4288 Vita
2641 4232 2825 4302 Sergii
2874 4233 3123 4289 secundi
3158 4251 3170 4288 :
3208 4234 3618 4305 Gonjungente

1958 4337 2097 4377 vero
2145 4320 2362 4377 eodem
2410 4335 2568 4391 rege,
2601 4320 3031 4393 universosque
3080 4322 3305 4391 gradus
3348 4322 3620 4393 ejusdem

1960 4409 2376 4466 sacratissimee
2422 4409 2580 4466 beati
2626 4409 2772 4466 Petri
2820 4409 3081 4465 ecclesiae
3120 4409 3501 4481 ascendente,
3540 4410 3621 4467 ad

1958 4498 2465 4572 pramominatum
2521 4498 3029 4572 appropinquavit
3087 4498 3452 4570 pontiﬁcem,
3514 4498 3621 4569 qui

1958 4587 2019 4644 in
2049 4587 2199 4644 atrio
2222 4603 2403 4659 super
2432 4587 2656 4658 gradus
2679 4586 2851 4657 juxta
2872 4586 3027 4642 fores
3054 4586 3317 4642 ecclesiae
3334 4602 3472 4642 cum
3494 4586 3622 4642 uni-

1955 4694 2130 4734 verso
2157 4677 2313 4733 clero
2344 4682 2399 4733 et
2425 4676 2652 4749 populo
2671 4678 2942 4731 Romano
2973 4675 3304 4732 assistebat.
3340 4700 3364 4723 ››
3399 4675 3619 4732 Ditma-

1956 4784 2059 4823 rus
2090 4765 2591 4838 Mersepurgensis
2621 4763 2680 4820 in
2724 4763 2876 4819 libro
2905 4764 3103 4837 primo
3152 4764 3579 4821 Chronicorum
3604 4782 3616 4820 :

1958 4858 2158 4912 «Cum
2202 4855 2281 4911 ad
2312 4854 2530 4911 atrium
2570 4853 2990 4910 defunctorum
3045 4853 3288 4922 veniret,
3320 4854 3531 4911 videns
3560 4854 3622 4910 in

1957 4961 2029 5001 eo
2060 4959 2350 5015 magnam
2396 4942 2841 5000 multitudinem
2890 4941 3225 4999 oblationes
3273 4944 3620 5000 offerentem

1957 5032 2252 5091 sacerdoti
2282 5049 2488 5089 coram
2516 5031 2719 5104 templi
2768 5031 2997 5087 foribus
3043 5032 3222 5087 stanti
3260 5032 3455 5105 primo
3484 5033 3622 5089 sub-

1959 5123 2116 5179 stitit.
2142 5148 2170 5171 »
2196 5122 2546 5178 Anastasius
2574 5122 2630 5176 in
2650 5120 2775 5176 Vita
2803 5120 2949 5175 Doni
2976 5120 3153 5193 primi
3184 5140 3196 5176 :
3227 5145 3253 5171 «
3276 5123 3378 5177 Hic
3404 5123 3621 5178 atrium

1958 5212 2113 5268 beati
2142 5212 2297 5267 Petri
2324 5210 2586 5283 apostoli.
2606 5209 2901 5281 superius,
2929 5210 3095 5283 quod
3136 5216 3223 5266 est
3255 5216 3391 5268 aute
3440 5212 3621 5267 eccle-

1960 5302 2113 5356 siam
2142 5302 2203 5355 in
2234 5298 2771 5373 quadriporticum,
2798 5300 3035 5369 magnis
3055 5301 3459 5357 marmoribus
3481 5305 3624 5357 stra-

1957 5390 2119 5445 vit.»
2172 5390 2302 5455 Quo
2342 5388 2483 5445 loco
2532 5387 2615 5443 sic
2660 5386 2845 5460 aliqui
2891 5386 3139 5459 legunt:
3202 5390 3355 5446 «Hic
3404 5389 3622 5445 atrium

1957 5478 2116 5537 beati
2140 5477 2290 5535 Petri
2313 5476 2567 5551 apostoli
2600 5476 2897 5549 superius,
2930 5478 3097 5552 quod
3121 5479 3439 5553 paradisus
3485 5478 3626 5533 dici-

1958 5572 2074 5638 tur,
2105 5571 2313 5640 estque
2338 5570 2474 5624 ante
2503 5565 2836 5636 ecclesiam,
2871 5592 2899 5617 »
2930 5572 3040 5625 etc.
3072 5570 3302 5625 Atrium
3327 5568 3489 5624 enim
3520 5565 3624 5620 ali-

1960 5656 2210 5731 quando
2241 5660 2519 5713 vocatum
2547 5659 2639 5712 est
2660 5656 2999 5729 paradisus,
3035 5660 3098 5712 ut
3124 5655 3397 5795 plurilbus
3428 5656 3623 5710 osten.

3304 5746 3335 5795 4

3304 5746 3335 5797 ii
