4034 6182
398 142 497 194 427
1789 125 2124 185 STEPHANI
2154 123 2429 180 BALUZII
3704 132 3805 187 .423

391 263 476 319 dit
497 263 832 320 Heribertus
866 259 1235 331 Rosweydus
1266 257 1327 312 in
1378 256 1535 312 notis
1566 255 1641 311 ad
1688 252 2041 316 Paulinum;
2076 251 2125 304 A
2164 247 2427 320 porticus
2458 253 2515 304 et
2538 249 2776 305 exedra.
2822 248 3308 306 Honoriﬁcentior
3338 255 3537 307 autem
3561 252 3809 324 sepultu-

390 352 494 407 ubi
512 351 690 408 etiam
720 355 857 424 post
886 348 1185 405 Breulium
1229 346 1477 402 adnotat
1526 344 1742 401 atrium
1786 339 2046 398 ecclesiae

390 440 757 505 Parisiensis,
789 436 954 511 quod
976 452 1135 492 nunc
1166 434 1347 505 vulgo
1378 435 1595 491 Parvis
1616 432 1848 502 dicitur,
1879 445 2050 502 para-

392 518 596 593 disum
626 526 825 584 vocari
848 528 907 581 in
930 525 1191 600 antiquis
1213 525 1432 582 chartis
1462 524 1733 595 ejusdem
1763 518 2044 577 ecclesiae.

393 620 509 674 Cur
535 622 734 674 autem
784 615 1000 673 atrium
1047 620 1331 673 vocatum
1381 614 1454 670 sit
1508 611 1824 687 paradisus
1862 607 2052 683 aperit

392 712 560 765 vetus
587 706 793 766 charta
838 704 1026 761 sancti
1077 704 1324 761 Victoris
1380 701 1775 771 Massiliensis,
1803 698 1959 755 edita
1988 697 2049 753 in

393 792 714 850 annalibus
746 791 1235 860 Massiliensibus,
1270 806 1408 865 pag.
1461 793 1584 845 296.
1640 792 1717 847 Ex
1763 784 2049 861 paradiso

391 881 569 952 igitur
601 881 791 939 factus
822 884 909 936 est
950 880 1269 953 parvisius.
1323 881 1451 945 Qua
1504 895 1646 933 voce
1694 878 1872 933 utitur
1920 878 2053 931 Mat-

392 973 584 1029 thazus
616 970 889 1035 Parisius,
922 970 1094 1040 cujus
1124 969 1251 1024 haec
1296 974 1432 1024 sunt
1476 968 1659 1024 verba
1698 966 1776 1023 ad
1822 980 2050 1022 annum

397 1064 553 1128 1230,
614 1076 749 1132 pag.
811 1063 935 1125 798,
991 1058 1214 1114 ultimae
1287 1057 1559 1114 editionis
1618 1053 2047 1123 Londinensis:

396 1149 560 1206 Unde
613 1164 721 1221 pro
760 1147 859 1203 illa
903 1147 1241 1203 substantia
1290 1145 1684 1219 persolveuda
1729 1143 2054 1213 cogebatur

394 1239 489 1299 ille
518 1236 950 1310 pauperculus,
980 1236 1183 1292 multis
1223 1236 1437 1291 diebus
1468 1235 1705 1291 scholas
1746 1247 2052 1303 exercens,

392 1312 651 1387 venditis
682 1325 742 1381 in
772 1325 1032 1398 parvisio
1063 1324 1275 1380 libellis
1304 1325 1490 1380 vitam
1521 1322 1860 1380 famelicam
1888 1324 1944 1376 et
1964 1335 2056 1375 co-

393 1414 632 1475 drinam
658 1413 971 1487 protelare.
1004 1437 1027 1461 η
1060 1415 1250 1486 Atque
1283 1412 1377 1469 hic
1406 1429 1538 1469 mos
1581 1411 1909 1469 etiamnum
1950 1409 2057 1467 du-

393 1510 486 1567 rat
514 1510 579 1561 ut
605 1504 739 1561 libri
764 1503 945 1574 vulgo
984 1498 1323 1559 vendantur
1357 1503 1416 1558 in
1465 1502 1763 1575 parvisiis,
1810 1515 2055 1573 praeser-

2163 353 2242 391 rae
2273 336 2439 393 locus
2470 354 2577 413 per
2606 339 2734 395 illas
2766 343 3147 413 tempestates
3198 342 3323 395 erat
3360 340 3420 396 in
3465 339 3638 410 atrio,
3683 348 3809 399 ante

2161 428 2398 497 portam
2424 427 2707 496 ecclesite,
2734 428 2794 484 id
2825 433 2911 484 est
2940 428 2998 484 in
3032 427 3411 484 nobilissima
3458 429 3591 484 atrii
3630 436 3808 502 parte.

2160 514 2420 573 Adnotat
2451 517 2609 575 enim
2641 520 2942 573 Gretserus
2972 517 3026 572 in
3072 517 3227 573 libro
3278 517 3544 575 secundo
3591 519 3665 573 de
3714 523 3810 576 Fu-

2162 620 2301 660 nere
2349 604 2707 668 Christiano,
2755 624 2886 681 cap.
2936 611 2986 674 8,
3036 607 3492 663 Constantinum
3542 611 3812 681 Magnum

2163 692 2396 766 sepeliri
2436 694 2693 753 voluisse
2744 696 2804 751 in
2848 694 3141 751 vestibulo
3191 695 3357 769 561
3398 696 3665 752 ecclesiae
3720 701 3812 753 ΟΡ.

2162 783 2497 858 eodemque
2527 784 2587 841 in
2634 784 2766 841 loco
2819 784 3103 857 deinceps
3152 786 3415 857 sepultos
3462 803 3597 841 esse
3638 787 3814 860 pluri-

2162 888 2295 928 mos
2324 872 2714 947 imperatores
2744 890 2813 930 ac
2838 874 3171 947 pontiﬁces.
3202 876 3276 930 De
3308 875 3536 932 Othone
3557 877 3817 933 secundo

2162 962 2523 1035 imperatore
2576 968 2821 1019 testatur
2866 966 2978 1019 Leo
3018 963 3381 1020 Marsicanus
3430 964 3489 1020 in
3538 965 3696 1021 libro
3745 984 3821 1021 se-

2164 1051 2362 1107 cundo
2385 1052 2655 1108 Chronici
2696 1052 3080 1123 Cassinensis,
3111 1069 3242 1127 cap.
3278 1058 3327 1121 9,
3356 1070 3494 1111 eum
3524 1054 3819 1129 sepultum

2164 1158 2293 1211 esse
2324 1141 2385 1197 in
2412 1142 2563 1201 atrio
2594 1140 2857 1199 ecclesite
2889 1141 3045 1199 beati
3073 1144 3219 1198 Petri
3262 1143 3533 1217 apostoli.
3581 1147 3647 1201 Et
3676 1143 3820 1201 libro

2164 1248 2241 1297 tv,
2265 1247 2399 1304 cap.
2438 1236 2491 1301 8,
2520 1247 2703 1301 agens
2732 1230 2807 1286 de
2851 1230 3073 1301 Elgaita
3120 1231 3350 1291 Roberti
3393 1233 3566 1288 ducis
3617 1250 3818 1300 uxore,

2166 1322 2245 1379 ait
2271 1338 2408 1378 eam
2440 1322 2499 1378 in
2538 1321 2800 1378 ecclesiae
2835 1321 3119 1394 paradiso
3151 1328 3285 1379 ante
3333 1322 3650 1380 basilicam
3681 1326 3819 1383 Petri

2166 1409 2424 1484 apostoli
2474 1410 2753 1466 tumulari
2800 1409 3081 1466 voluisse.
3131 1411 3220 1467 Sic
3260 1411 3589 1483 antiquitus
3637 1413 3821 1486 sepul-

2166 1516 2281 1561 cra.
2299 1499 2585 1557 comitum
2616 1499 3046 1556 Tolosanorum
3092 1506 3260 1558 erant
3290 1500 3349 1557 in
3380 1501 3532 1557 atrio
3563 1501 3819 1559 ecclesiis.

393 1595 499 1651 tim
526 1594 587 1653 in
620 1592 883 1667 parvisio
914 1592 1177 1649 ecclesiae
1224 1591 1591 1647 Parisiensis.
1642 1590 1876 1647 Fallitur
1913 1605 2054 1659 ergo
2084 1602 2129 1661 Β
2168 1591 2357 1655 sancti
2382 1588 2701 1658 Saturnini,
2742 1605 2930 1664 prope
2961 1594 3219 1662 portam,
3272 1589 3372 1647 ubi
3414 1591 3712 1649 hactenus
3760 1594 3823 1648 vi-

396 1672 658 1753 Vossius,
700 1681 803 1759 qui
839 1680 1170 1755 parvisium
1218 1680 1313 1735 hic
1365 1680 1785 1753 interpretatur
1829 1677 2054 1739 scolam

394 1770 803 1846 parvulorum.

466 1859 727 1923 Porticus
758 1864 847 1915 est
868 1858 1034 1914 locus
1065 1857 1537 1914 deambulationi
1577 1862 1777 1929 aptus,
1824 1859 1888 1912 ut
1918 1859 2058 1910 sunt

393 1950 652 2013 claustra
678 1947 1064 2004 ecclesiarum
1083 1952 1139 2002 et
1152 1947 1680 2003 monasteriorum.
1699 1949 1933 2002 Incertae
1947 1961 2053 2000 au-

395 2044 513 2095 tem
547 2037 876 2110 antiquitus
908 2036 1071 2093 fuere
1110 2036 1280 2092 sedes
1332 2036 1690 2109 porticuum.
1734 2037 1884 2091 Nam
1916 2050 2054 2090 cum

392 2127 572 2183 hodie
596 2127 818 2199 ubique
859 2126 973 2181 sint
1006 2125 1065 2181 in
1104 2126 1285 2181 latere
1335 2126 1618 2194 ecclesiae,
1651 2124 1794 2181 olim
1838 2124 2054 2180 alicubi

394 2216 733 2273 erantinter
767 2216 943 2289 560
973 2215 1292 2271 ecclesiam
1324 2220 1380 2271 et
1414 2214 1794 2284 vestibulum,
1822 2220 1948 2270 tum
1976 2213 2055 2269 ad

396 2311 716 2378 utrumque
738 2302 893 2360 latus
926 2304 1129 2377 templi
1161 2309 1224 2359 ut
1253 2304 1327 2359 de
1362 2304 1583 2376 templo
1614 2304 1791 2375 Tyrio
1812 2308 2057 2359 testatur

394 2394 686 2455 Eusebius
716 2392 818 2449 lib.
851 2410 889 2448 x
922 2392 1186 2448 Historiae
1216 2392 1653 2462 ecclesiasticae,
1678 2408 1810 2465 cap.
1839 2396 1892 2448 4.
1916 2392 2056 2448 Hinc

396 2484 660 2559 porticus
685 2482 1053 2556 aquilonaris
1094 2483 1257 2555 apud
1309 2483 1532 2538 Bedam
1580 2483 1679 2538 lib.
1722 2499 1785 2550 ιι,
1836 2498 1968 2557 cap.
2001 2487 2054 2552 3,

398 2574 663 2632 Historiae
694 2572 1109 2629 ecclesiasticae
1140 2573 1331 2643 gentis
1361 2572 1709 2641 Anglorum,
1743 2578 1799 2628 et
1829 2578 2059 2647 septen-

395 2662 662 2721 trionalis
694 2678 763 2718 ac
814 2660 1151 2721 meridiana
1180 2662 1344 2736 apud
1385 2660 1700 2717 Rabanum
1730 2662 1791 2719 in
1837 2661 2057 2719 descri-

394 2753 598 2827 ptione
628 2750 899 2811 Ecclesize
929 2750 1262 2809 Fuldensis.
1308 2754 1503 2809 Romae
1536 2750 1830 2823 porticum
1862 2751 2061 2807 basili-

398 2860 484 2899 cae
511 2841 699 2901 sancti
740 2840 891 2897 Petri
943 2840 1122 2897 fuisse
1167 2843 1303 2897 ante
1346 2839 1598 2909 januam
1629 2839 1890 2909 ecclesia:
1943 2839 2059 2905 col-

2166 1680 2403 1745 dentur,
2435 1678 2625 1737 donec
2659 1676 2879 1737 Urbani
2910 1678 3156 1735 secundi
3187 1679 3529 1737 auctoritate
3561 1687 3823 1737 coemete

2168 1767 2323 1823 rium
2361 1783 2570 1825 eorum
2598 1767 2981 1823 constitutum
3020 1767 3188 1823 estin
3212 1768 3826 1826 atriobasilicaadeau-

2166 1860 2331 1913 ratae.
2370 1859 2457 1924 Et,
2492 1861 2555 1915 ut
2578 1855 2920 1912 domesticis
2951 1861 3189 1913 utamur
3226 1858 3534 1931 exemplis,
3577 1859 3824 1917 vestibu-

2166 1948 2295 2004 lum
2318 1945 2578 2003 ecclesiae
2607 1945 2931 2003 Tutelensis
2963 1952 3091 2017 erat
3118 1946 3259 2003 olim
3288 1948 3454 2005 locus
3497 1948 3826 2006 destinatus

2169 2036 2523 2112 sepeliendis
2541 2036 2955 2093 vicecomitum
2968 2039 3048 2092 Tu
3057 2036 3437 2094 rennensium
3450 2040 3823 2111 corporibus,

2167 2143 2430 2201 quorum
2451 2131 2619 2183 erant
2631 2124 2834 2199 ampla
2850 2141 2919 2180 ac
2931 2126 3255 2196 magniﬁca
3266 2126 3327 2182 in
3339 2127 3659 2185 ecclesiam
3670 2129 3825 2185 illam

2168 2217 2381 2274 merita
2425 2216 2752 2283 beneﬁcia;
2807 2232 3137 2288 eorumque
3180 2217 3455 2288 sepulcra
3496 2218 3825 2277 etiamnum

2169 2311 2417 2363 manent
2443 2312 2579 2380 post
2605 2310 2689 2362 tot
2705 2304 3177 2374 saecula.A_licubi
3197 2311 3390 2363 tamen
3413 2309 3690 2381 porticus
3712 2312 3829 2366 erat

2168 2394 2807 2461 honoriﬁcentissimus
2828 2394 3146 2466 sepulturae
3166 2394 3643 2467 locus.Legimus
3670 2398 3828 2455 enim

2169 2483 2337 2559 apud
2363 2485 2582 2540 Bedam
2613 2483 2672 2540 in
2703 2482 2854 2538 libro
2877 2482 3142 2539 secundo
3171 2483 3314 2541 Hist.
3349 2484 3585 2552 eccles.,
3612 2501 3751 2560 cap.
3777 2491 3804 2542 3

2168 2573 2568 2643 Augustinum
2594 2576 2651 2629 et
2675 2576 2918 2627 caeteros
2947 2570 3401 2627 Cantuarienses
3430 2573 3829 2646 archiepisco-

2169 2662 2361 2734 posin
2378 2661 2608 2734 porticu
2631 2660 3071 2719 Cantuariensis
3082 2660 3343 2717 ecclesiae
3366 2661 3639 2735 sepultos
3656 2663 3829 2721 fuisse

2168 2752 2361 2817 donec
2411 2749 2815 2821 necessarium
2869 2749 2977 2806 fuit
3018 2765 3120 2805 eos
3170 2750 3406 2822 sepeliri
3450 2751 3611 2815 intra
3656 2753 3834 2809 eccle-

2170 2842 2341 2907 siam,
2374 2840 2519 2912 quia
2548 2839 2810 2911 porticus
2840 2839 2939 2895 illa
2967 2838 3167 2912 plures
3195 2855 3409 2912 capere
3431 2856 3558 2899 non
3580 2848 3829 2913 poterat.

397 2932 497 3002 ligi
529 2934 727 3004 potest
751 2945 821 2984 ex
848 2928 981 2984 loco
1010 2945 1195 3001 supra
1223 2927 1409 2984 relato
1440 2944 1511 2983 ex
1548 2928 1669 2995 Vita
1694 2928 1839 2989 Doni
1860 2944 2056 3001 papae,
2087 2950 2131 3005 ο
2242 2933 2453 2987 Praeter
2482 2932 2695 2985 atrium
2727 2928 2871 2985 illud
2902 2929 3065 3001 quod
3098 2935 3223 2987 erat
3247 2934 3385 2987 ante
3435 2932 3836 3004 principalem

396 3020 505 3093 ubi
543 3018 761 3076 atrium
810 3015 1023 3073 dicitur
1073 3016 1258 3072 fuisse
1316 3020 1451 3072 ante
1494 3016 1803 3073 ecclesiam
1836 3018 1897 3073 in
1917 3033 2065 3091 qua-

399 3104 813 3179 driporticum.
837 3105 1007 3171 Quod
1024 3105 1203 3163 etiam
1218 3104 1412 3175 colligi
1433 3110 1702 3177 potestex
1722 3106 1945 3162 Isidoro
1957 3105 2059 3161 lib.

400 3211 481 3251 xv
507 3191 840 3263 Originum,
892 3209 1023 3265 cap.
1053 3198 1105 3261 3,
1156 3192 1259 3266 qui
1289 3192 1537 3249 adnotat
1566 3193 1781 3250 atrium
1816 3194 1955 3251 hinc
1982 3193 2067 3253 di-

403 3288 565 3341 ctum
587 3282 748 3355 quod
768 3283 1079 3341 addantur
1106 3283 1159 3337 ei
1186 3288 1302 3339 (res
1328 3283 1594 3352 porticus
1626 3285 1906 3339 exterius.

472 3371 721 3441 Exedra,
752 3372 797 3427 si
842 3371 1121 3429 vocabuli
1167 3371 1455 3441 originem
1508 3372 1897 3439 attendimus,
1939 3377 2066 3430 erat

399 3462 569 3525 locus
594 3460 820 3529 circum
846 3460 1156 3517 ecclesiam
1194 3460 1255 3517 in
1295 3477 1417 3533 quo
1466 3461 1668 3516 sedere
1710 3478 1779 3517 ac
1830 3461 2062 3534 requie-

398 3569 565 3626 scere
588 3551 823 3610 licebat.
858 3553 920 3609 In
956 3550 1177 3624 templo
1225 3551 1397 3623 Tyrio
1436 3551 1667 3607 exedra:
1722 3557 1891 3608 erant
1919 3568 2061 3609 con-

402 3642 616 3715 stitutae
638 3646 803 3709 extra
819 3640 982 3698 illam
1003 3645 1238 3717 partem
1255 3639 1517 3697 ecclesiae
1529 3640 1723 3713 inqua
1740 3656 1851 3707 nos
1864 3641 2063 3712 majus

400 3730 584 3791 altare
614 3730 1001 3797 collocamus,
1032 3730 1093 3789 in
1115 3730 1364 3787 circuitu
1389 3730 1575 3798 chori,
1607 3729 1690 3786 sic
1724 3735 1788 3789 ut
1816 3731 2065 3801 conjun-

400 3824 679 3891 gerentur
732 3820 948 3876 deinde
1000 3836 1137 3877 cum
1190 3818 1376 3890 portis
1421 3818 1643 3890 quibus
1685 3818 1746 3877 in
1794 3819 2065 3879 medium

401 3908 695 3980 templum
724 3907 1077 3965 intrabatur.
1105 3907 1385 3962 Existimo
1420 3912 1621 3963 autem
1648 3907 1899 3964 exedras
1925 3924 2063 3966 con-

402 3996 656 4053 stituisse
683 4000 916 4069 partem
947 4010 1260 4050 murorum
1286 3994 1567 4063 ecclesiae,
1605 3994 1663 4050 id
1696 4001 1802 4065 est,
1853 3996 2060 4066 factas,

401 4084 463 4141 in
495 4099 669 4140 muro
693 4072 864 4139 sedes
887 4082 947 4138 in
974 4082 1221 4139 circuitu
1252 4083 1881 4151 ecclesize,etiamnum
1906 4085 2063 4142 vide-

403 4188 539 4233 mus
569 4171 630 4227 in
655 4172 957 4247 aliquibus
984 4171 1264 4229 ecclesiis.
1295 4176 1354 4228 In
1384 4189 1559 4239 muro
1598 4172 1735 4229 dein
1784 4173 1881 4231 illo
1930 4192 2064 4249 pro-

2170 3025 2403 3099 portam
2429 3018 2712 3089 ecclesiae,
2740 3018 2800 3076 in
2826 3035 2949 3091 quo
2978 3018 3087 3077 viri
3115 3019 3414 3093 principes
3463 3020 3835 3097 sepelieban-

2173 3116 2287 3180 tur,
2317 3109 2479 3167 aliud
2506 3108 2723 3165 atrium
2768 3108 2977 3164 eratin
3006 3124 3129 3180 quo
3160 3107 3611 3181 sepeliebantur
3641 3110 3840 3167 omnis

2170 3198 2527 3255 conditionis
2557 3197 2850 3253 homines.
2884 3199 3020 3251 Erat
3049 3202 3247 3252 autem
3281 3195 3503 3253 atrium
3530 3186 3685 3265 illud
3712 3215 3840 3272 pro-

2170 3290 2295 3365 prie
2326 3287 2749 3346 caemeterium.
2804 3290 2979 3343 Vetus
3019 3287 3225 3347 charta
3273 3286 3717 3345 Archambaldi
3763 3288 3839 3343 vi-

2171 3378 2472 3434 cecomitis
2503 3375 2967 3433 Combornensis
2988 3391 3096 3447 pro
3113 3375 3479 3433 monasterio
3494 3376 3803 3435 Tutelensi
3826 3395 3839 3431 :

2175 3489 2201 3516 ‹‹
2236 3467 2355 3522 Hoc
2390 3469 2588 3523 autem
2623 3464 2748 3536 ipse
2780 3462 3133 3527 Gaucelinus
3164 3463 3236 3533 de
3277 3463 3695 3525 Petrabut'eria
3740 3482 3841 3539 po—

2172 3561 2261 3612 sta
2287 3554 2498 3613 devote
2529 3552 2877 3629 adimplevit
2916 3552 2994 3607 ad
3025 3552 3244 3609 ostium
3292 3553 3607 3615 cimmterii
3656 3555 3844 3613 sancti

2172 3644 2420 3715 Martini,
2449 3643 2615 3718 quod
2642 3647 2729 3700 est
2753 3646 2889 3698 ante
2914 3634 3153 3716 portam
3184 3643 3447 3701 ecclesia:
3478 3646 3685 3703 sancti
3706 3649 3847 3707 Mar-

2170 3735 2319 3807 tyris
2347 3732 2582 3809 Juliani.
2616 3758 2641 3781 »
3194 3724 3205 3739 “

2245 3826 2380 3880 Car.
2420 3827 2538 3883 129.
2564 3823 2766 3879 —Per
2793 3837 2963 3878 suam
2998 3823 3315 3889 incuriam.
3369 3824 3610 3889 Statuta
3662 3841 3846 3900 syno-

2172 3912 2334 3971 dalia
2357 3911 2617 3970 Simonis
2644 3910 2910 3984 episcOpi
2942 3909 3261 3968 Sodorensi
3292 3926 3426 3985 cap.
3452 3914 3485 3967 4
3518 3930 3530 3967 :
3579 3937 3615 3965 «
3640 3913 3849 3987 Capel—

2170 4002 2293 4061 lani
2323 4004 2576 4059 caveant
2621 4016 2696 4056 ne
2732 4015 2840 4072 per
2885 3998 3311 4070 negligentiam
3363 3999 3590 4073 aliquis
3646 4004 3849 4060 infans

2171 4092 2297 4149 sine
2326 4091 2648 4164 baptismo,
2681 4088 2844 4161 quod
2866 4088 3041 4157 absit,
3072 4088 3383 4147 moriatur.
3408 4108 3437 4141 »

2245 4183 2378 4237 CAP.
2411 4183 2532 4241 132.
2556 4210 2623 4217 -
2651 4178 2881 4235 Tabula
2916 4182 3281 4235 consecrata.
3318 4176 3633 4254 Hincmari
3678 4177 3850 4251 Capi.

403 4260 650 4361 minenti
679 4278 818 4317 cum
856 4260 1129 4361 nonnulli
1156 4261 1459 4361 cupisscnt
1488 4261 1742 4361 sepeliri,
1793 4280 2063 4323 cameras
2090 4307 2133 4361 ι)
2174 4268 2317 4338 tula,
2346 4268 2410 4325 tit
2454 4273 2506 4336 3,
2540 4283 2673 4339 cap.
2698 4271 2727 4322 3
2758 4282 2770 4320 :
2807 4288 2833 4314 «
2858 4264 3148 4361 Tabulam
3190 4264 3447 4339 quisque
3498 4267 3853 4341 presbyter,

401 4349 704 4425 quasdam
740 4367 808 4409 ac
853 4346 1106 4413 fornices
1132 4350 1561 4419 construebant
1606 4351 1667 4408 in
1716 4353 1956 4425 exedra,
2001 4354 2063 4411 in

401 4437 622 4513 quibus
648 4456 858 4497 eorum
903 4456 1156 4517 corpora
1197 4440 1649 4507 condebantur;
1684 4447 1864 4516 atque
1897 4445 2061 4501 istiu-

404 4530 600 4595 smodi
631 4547 886 4588 camerae
911 4529 1112 4605 plures
1154 4530 1486 4587 etiamnum
1536 4531 1813 4590 videntur
1854 4535 1914 4591 in
1958 4534 2063 4591 cir-

401 4618 561 4679 cuitu
599 4620 863 4677 ecclesiae
894 4619 1234 4676 Tutelensis.
1291 4622 1460 4676 Recte
1514 4636 1656 4690 ergo
1707 4622 2061 4685 adnotatum

399 4713 489 4765 est
520 4725 556 4767 a
582 4708 1019 4766 Bartholomaao
1052 4709 1336 4765 Brixiensi
1378 4709 1459 4779 13,
1493 4727 1552 4783 q.
1586 4715 1637 4766 2.
1665 4727 1796 4783 cap.
1843 4713 2059 4769 Praaci-

396 4800 703 4868 piendum,
737 4799 990 4855 exedras
1020 4799 1137 4854 dici
1164 4798 1463 4871 quasdam
1496 4799 1685 4856 voltas
1725 4817 1861 4873 quae
1907 4806 2062 4858 exte-

400 4888 523 4943 rius
541 4887 849 4945 adluurent
864 4888 1192 4962 parietibus
1209 4888 1490 4945 ecclesiae.
1524 4889 1888 4951 Exedrarum
1909 4907 2060 4949 usus

363 4976 591 5045 \desiit,
642 4994 801 5045 cum,
851 4977 1139 5047 gliscente
1185 4977 1400 5045 ubusu,
1451 4978 1655 5052 palam
1704 4997 1772 5037 ac
1826 4981 2061 5053 publice

399 5081 611 5120 omnes
644 5066 701 5120 in
733 5066 981 5123 ecclesia
1012 5067 1215 5121 sedere
1248 5069 1589 5141 coepissent,
1621 5070 1801 5126 etiam
1834 5071 1966 5128 laici
1991 5088 2060 5128 ac

398 5153 653 5225 feminee.
713 5157 853 5210 Hinc
895 5160 975 5211 tot
1017 5156 1264 5214 diversa:
1314 5158 1827 5231 interpretationes
1879 5160 2061 5231 hujus

397 5241 699 5313 vocabuli,
732 5259 871 5299 cum
903 5243 1049 5301 nihil
1078 5246 1217 5302 certi
1264 5246 1444 5304 statui
1485 5252 1689 5320 posset
1729 5247 1804 5306 de
1833 5264 1895 5306 re
1922 5266 2059 5323 quia

392 5329 521 5403 jam
550 5335 845 5389 vetustate
876 5334 1231 5392 exoleverat.

469 5418 673 5495 Itaque
701 5426 760 5477 ut
787 5422 862 5477 ad
890 5423 951 5479 id
986 5424 1307 5481 redeamus
1334 5424 1493 5493 unde
1519 5425 1772 5497 digressi
1820 5443 2055 5499 sumus,

398 5509 507 5565 tria
536 5516 699 5567 extra
730 5512 1044 5570 ecclesiam
1073 5514 1204 5570 loca
1233 5518 1402 5571 erant
1447 5518 1507 5572 in
1548 5516 1769 5590 quibus
1822 5519 2058 5594 sepeliri

396 5604 667 5671 poterant
718 5619 975 5674 corpora
1027 5607 1422 5672 mortuorum,
1484 5606 1699 5687 atrium
1762 5608 2053 5678 videlicet,

2169 4356 2265 4413 cui
2294 4355 2699 4413 necessarium
2727 4353 2921 4421 fuerit,
2952 4352 3028 4409 de
3065 4368 3367 4423 marmore
3399 4353 3496 4411 vel
3527 4354 3721 4425 nigra
3748 4371 3855 4430 pe-

2170 4451 2260 4505 tra
2273 4450 2377 4503 aut
2394 4445 2516 4503 litio
2538 4443 2961 4503 honestissimo
2976 4443 3309 4503 secundum
3334 4459 3517 4505 suam
3536 4444 3858 4518 possibili-

2170 4540 2351 4593 tatem
2377 4536 2628 4593 honeste
2650 4534 2987 4591 atfectatam
3008 4532 3251 4601 habeat,
3294 4538 3352 4591 et
3376 4534 3563 4592 nobis
3593 4536 3685 4593 ad
3714 4551 3860 4595 con-

2170 4624 2529 4682 secrandum
2563 4622 2793 4693 afferat,
2839 4638 3024 4694 quam
3056 4638 3282 4685 secum,
3314 4638 3455 4679 cum
3484 4624 3855 4698 expedierit.

2169 4714 2416 4785 deferat,
2432 4715 2493 4771 in
2516 4730 2638 4787 qua
2667 4728 2838 4769 sacra
2864 4711 3150 4785 mysteria
3183 4712 3357 4789 562
3392 4714 3757 4772 secundum
3788 4716 3861 4771 ῆι

2168 4810 2296 4863 tum
2323 4803 2790 4861 ecclesiasticum
2816 4817 2992 4873 agere
3020 4801 3235 4859 valeat.
3264 4826 3290 4852 ››
3312 4802 3528 4861 Litium
3546 4820 3771 4878 porro,
3796 4808 3863 4860 ut

2168 4895 2282 4953 hoc
2305 4909 2550 4968 quoque
2569 4892 2761 4949 obiter
2779 4890 3076 4959 dicamus,
3099 4906 3171 4949 ea
3187 4890 3403 4963 lapidis
3421 4892 3588 4963 nigri
3607 4894 3865 4967 species

2169 5000 2298 5041 esse
2322 4983 2553 5038 videtur
2581 4998 2705 5054 quo
2721 4981 2900 5050 vulgo
2924 4981 3147 5037 utimur
3175 4981 3253 5037 ad
3275 4982 3866 5054 cooperiendasdo-

2171 5088 2326 5139 mos,
2372 5087 2554 5143 quem
2600 5088 2635 5125 a
2685 5069 2980 5126 vocabulo
3018 5068 3242 5125 Gallico
3291 5069 3533 5128 ardoise
3577 5072 3871 5129 Nicotius

2168 5161 2404 5220 vocavit
2432 5160 2757 5225 ardosiam,
2809 5161 3075 5217 Monetus
3119 5157 3506 5217 lithostilben.
3542 5159 3870 5219 Tabulata

2166 5251 2328 5309 illam
2361 5254 2794 5319 consecratam,
2848 5264 2973 5323 qua
3016 5248 3100 5305 uti
3146 5247 3452 5306 debebant
3499 5249 3872 5325 presbyteri

2167 5358 2307 5398 cum
2332 5356 2504 5398 sacra
2531 5338 2817 5412 mysteria
2860 5337 3246 5396 celebrabant
3286 5341 3455 5396 extra
3493 5339 3870 5409 ecclesiam,

2166 5429 2348 5486 altare
2379 5428 2652 5503 portatile
2681 5432 3049 5485 vocaverunt
3075 5426 3383 5502 sequentia
3431 5426 3696 5491 secula.
3752 5432 3873 5489 Ex-

2165 5522 2278 5574 stat
2306 5521 2507 5575 autem
2533 5517 2594 5575 in
2628 5514 2951 5574 Pontiﬁcali
2992 5517 3263 5574 Romano
3305 5514 3458 5572 ordo
3502 5515 3580 5573 de
3634 5534 3871 5576 conse-

2164 5609 2425 5667 cratione
2457 5607 2672 5677 tabulae
2700 5606 2822 5665 sive
2845 5606 3046 5665 altaris
3074 5604 3383 5680 portatilis.
3482 5640 3483 5643 η
