3980 6182
269 155 358 217 429
900 176 905 183 ·
1001 185 1005 189 -
1276 155 1478 211 NOTAE
1516 154 1613 209 AD
1656 153 1782 213 LIB.
1824 154 1866 213 ι.
1909 151 2004 213 DE‘
2036 150 2317 213 ECCLES.
2361 156 2649 215 DlSCIPL.

3556 174 3670 229 430

329 275 460 333 CAP.
500 277 620 333 142.
645 306 714 315 --
741 276 815 331 In
848 275 1031 335 hosta.
1069 276 1134 339 In
1158 275 1439 346 exercitu,
1471 278 1538 341 ut
1579 273 1777 337 statim
1820 272 1911 333 di—
1942 275 1990 335 Α
2026 288 2175 347 sem,
2202 274 2306 356 qui
2332 278 2454 336 sub
2476 280 2688 339 Carolo
2716 284 2926 354 Magno
2955 280 3129 352 vixit;
3160 282 3221 340 in
3247 300 3371 358 qua
3394 292 3680 360 perstrin-

268 367 361 420 cet.
396 362 677 423 Prohibet
708 368 910 427 autem
938 380 1013 422 ne
1055 364 1192 437 quis
1244 381 1454 437 eorum
1493 364 1596 438 qui
1637 362 1910 430 militant,

270 449 402 507 alios
455 453 634 520 cogat
704 450 783 507 ad
834 450 1193 521 bibendum,
1257 451 1541 515 nimirum
1588 466 1780 526 usque
1836 448 1915 507 ad

268 538 620 597 ebrietatem.
655 538 890 613 Alioqui
910 540 1070 601 enim
1101 540 1376 605 nullalex
1397 540 1718 615 vetatquin
1739 537 1914 605 θρωὶαὶ

268 628 512 687 invicem
536 628 766 697 bibant,
800 629 984 691 modo
1010 646 1105 695 res
1123 631 1252 689 hinc
1282 635 1394 697 stet
1420 631 1575 697 intra
1632 629 1916 695 terminos

268 717 611 773 sobrietatis.

327 807 460 865 Car.
498 810 617 866 169.
646 839 715 847 —
742 808 1162 878 Disciplinam.
1196 809 1261 869 Id
1303 814 1411 878 est,
1460 808 1752 882 privatam
1804 806 1914 863 ila-

262 894 549 966 gallorum
576 896 1049 966 castigationem.
1086 897 1478 963 Existimabat
1519 898 1601 955 vir
1637 896 1913 961 doctissi-

263 1000 390 1045 mus
417 987 678 1045 Joannes
708 984 965 1048 Marinus
990 984 1153 1045 istud
1182 1001 1377 1059 pmnaa
1436 1002 1543 1049 seu
1599 984 1913 1049 medicinae

259 1072 673 1146 paenitentialis
719 1088 908 1144 sonus
951 1074 1291 1141 inauditum
1338 1076 1400 1135 in
1456 1074 1721 1137 Ecclesia
1775 1073 1914 1133 fuis-

261 1179 317 1217 se
380 1165 520 1223 ante
585 1177 816 1223 annum
881 1164 1408 1235 nongentesimum
1475 1161 1913 1237 quinquagesi-

257 1266 444 1317 mum,
501 1250 969 1323 exemplumque
1014 1250 1225 1315 datum
1283 1251 1464 1313 fuisse
1510 1268 1546 1311 a
1601 1250 1913 1313 Dominico

262 1340 544 1407 loricato,
572 1340 746 1410 cujus
774 1341 1052 1403 virtutem
1083 1357 1154 1399 ac
1174 1342 1589 1403 fortitudinem
1644 1342 1915 1407 humana

260 1430 554 1499 majorem
591 1429 853 1491 celebrat
906 1432 1111 1499 Petrus
1166 1430 1457 1491 Damiani.
1519 1430 1633 1489 Sed
1688 1445 1800 1500 ego
1850 1429 1912 1489 in

260 1517 479 1587 Regula
512 1518 701 1583 sancti
750 1518 1050 1581 Aureliani
1103 1519 1371 1592 episcopi
1421 1518 1779 1581 Arelatensis
1832 1519 1914 1579 ita

2025 361 2109 433 git
2136 366 2422 454 acerrime
2443 370 2759 444 episcopos
2784 372 3083 445 quosdam
3116 373 3210 429 sui
3240 378 3545 449 temporis,
3574 382 3677 454 qui

2024 454 2235 509 cratera
2257 453 2440 512 dediti
2469 456 2880 533 voluptatibus
2909 460 3032 517 suis
3088 475 3196 534 per
3248 467 3439 524 totum
3496 466 3678 535 diem,

2025 537 2290 603 ofﬁcium
2323 560 2501 600 suum
2528 545 2861 605 recitabant
2886 548 3106 623 partim
3136 565 3275 606 cum
3303 550 3474 610 ibant
3514 554 3682 612 cubi-

2022 630 2171 698 tum,
2201 632 2422 705 partim
2465 651 2603 691 cum
2658 651 2723 692 se
2773 652 2955 693 mane
3010 638 3278 697 vestibus
3331 640 3679 702 induebant.

2024 717 2211 777 Lubet
2233 719 2328 779 hic
2354 720 2570 779 referre
2600 723 2733 796 ipsa
2760 723 3023 785 hominis
3054 726 3240 784 verba
3270 745 3283 784 :
3312 752 3337 777 ‹‹
3371 729 3483 788 Alii
3542 748 3683 789 vero

2021 806 2148 881 qui,
2179 809 2344 881 quod
2375 810 2562 882 pudet
2581 811 2797 882 dicere,
2843 812 3022 871 etiam
3072 814 3359 889 episcopi,
3422 824 3541 877 tota
3589 821 3683 877 die

2022 894 2313 953 conviviis
2338 902 2395 953 et
2439 898 2672 972 poculis
2724 906 3028 969 vacantes,
3077 906 3134 958 et
3184 918 3336 976 pene
3375 921 3569 978 usque
3624 908 3684 963 in

2021 983 2212 1043 noctis
2268 986 2537 1045 medium
2595 988 2690 1044 vel
2748 1006 2938 1063 usque
2997 989 3077 1047 ad
3107 989 3404 1061 gallorum
3437 999 3682 1053 cantum

2022 1077 2127 1137 aut
2149 1088 2220 1129 eo
2250 1075 2511 1149 amplius
2541 1076 2790 1135 diversis
2812 1078 3053 1138 student
3075 1079 3422 1153 potionibus
3450 1099 3572 1142 suae
3594 1099 3684 1140 sa-

2023 1162 2290 1223 tisfacere
2317 1164 2624 1238 voluntati,
2657 1166 2749 1224 isti
2780 1168 2947 1235 tales,
2978 1169 3173 1241 magis
3212 1171 3517 1229 studentes
3574 1174 3682 1230 ho-

2020 1252 2286 1311 minibus
2314 1253 2549 1329 placere
2574 1271 2762 1328 quam
2792 1260 2933 1329 Deo,
2992 1258 3157 1332 prius
3211 1275 3399 1334 quam
3452 1261 3677 1319 dormi-

2025 1344 2148 1399 tum
2182 1346 2339 1411 eant,
2371 1349 2698 1401 nocturnas
2726 1345 2959 1416 vigilias
2988 1346 3285 1406 desidiose
3336 1350 3682 1421 persolven-

2024 1433 2129 1495 tes,
2162 1434 2349 1487 stratu
2376 1447 2516 1486 mox
2548 1432 2869 1500 decubant,
2930 1434 3123 1493 donec
3175 1436 3390 1493 iterum
3443 1422 3682 1512 tempus

2021 1517 2433 1577 manducandi
2460 1524 2516 1575 et
2554 1519 2805 1578 bibendi
2862 1522 3087 1579 redeat.
3149 1526 3470 1595 Surgentes
3520 1543 3681 1594 vero,

254 1606 387 1676 lego
418 1607 610 1680 capite
639 1611 699 1663 41
742 1625 755 1663 :
792 1630 820 1659 ιι
870 1612 977 1665 Pro
1032 1609 1298 1681 qualibet
1341 1609 1520 1681 culpa
1574 1609 1625 1667 si
1670 1625 1913 1671 necesse
1945 1625 1985 1679 υ
2020 1605 2169 1663 dum
2196 1622 2258 1665 se
2290 1606 2553 1663 vestibus
2582 1608 2862 1677 induunt,
2889 1609 3108 1668 diurna
3137 1617 3437 1685 peragunt
3463 1613 3682 1681 ofﬁcia,

255 1694 429 1752 fuerit
460 1694 678 1765 ﬂagelli
709 1694 977 1768 accipere
1016 1696 1419 1769 disciplinam,
1472 1712 1790 1770 nunquam
1836 1696 1915 1753 le-

257 1784 496 1855 gitimus
522 1784 844 1851 excedatur
875 1801 1187 1853 numerus,
1251 1786 1311 1847 id
1355 1791 1465 1857 est,
1521 1786 1802 1858 tringinta
1858 1790 1916 1849 et

256 1886 494 1931 novem.
532 1894 562 1929 η
594 1874 659 1927 Et
688 1872 1009 1933 concilium
1034 1874 1475 1943 Hoguntiacum
1530 1873 1644 1935 sub
1702 1874 1913 1935 Carolo

256 1962 467 2030 Magno
492 1959 767 2017 habitum
797 1960 878 2023 ita
910 1961 1118 2019 statuit
1146 1961 1206 2018 in
1227 1962 1421 2034 capite
1440 1965 1542 2021 45:
1569 1984 1597 2013 α
1627 1961 1913 2023 Volumus

256 2054 321 2104 ut
369 2048 750 2122 disciplinam
826 2051 1193 2122 condignam
1249 2052 1517 2111 habeant
1589 2052 1696 2125 qui
1785 2053 1913 2111 haec

253 2137 484 2197 discere
548 2138 877 2210 negligant,
946 2140 1070 2199 sive
1132 2141 1194 2196 in
1253 2141 1486 2213 jejunio
1531 2141 1655 2199 sive
1686 2141 1745 2199 in
1800 2141 1916 2204 alia

253 2226 641 2298 castigatione
671 2229 1086 2296 emendentur.
1120 2252 1148 2279 υ
1178 2229 1554 2302 Descriptum
1577 2234 1668 2291 est
1714 2234 1916 2293 autern

250 2320 436 2388 caput
462 2316 620 2375 istud
640 2316 703 2373 in
726 2317 882 2375 libro
905 2317 1119 2390 quinto
1152 2317 1497 2390 Capitular.,
1521 2322 1609 2375 95.

323 2407 462 2469 CAP.
488 2409 608 2463 176.
638 2438 706 2446 -
730 2407 829 2463 Ad
850 2407 1209 2471 venandum.
1242 2406 1386 2467 Vide
1406 2408 1648 2467 Petrum
1675 2406 1916 2464 Blesen-

248 2510 383 2555 sem
412 2494 586 2568 epist.
605 2498 675 2563 56
705 2498 763 2552 et
779 2495 869 2561 61,
892 2499 951 2555 et
964 2500 1139 2557 notas
1155 2500 1392 2554 nostras
1406 2496 1485 2555 ad
1506 2495 1914 2566 Agebat-dum.

323 2586 465 2641 CAP.
503 2586 623 2639 191.
652 2584 790 2639 -Α
822 2586 1219 2643 monasteriis.
1254 2585 1460 2657 Itaque
1488 2585 1617 2647 hac
1637 2586 1918 2647 constitu-

247 2670 335 2739 tio
356 2670 520 2735 edita
540 2669 653 2733 fuit
673 2670 972 2735 adversus
999 2674 1336 2737 monachos
1363 2692 1376 2741 ;
1396 2673 1505 2746 qui
1526 2690 1666 2735 cum
1687 2674 1764 2735 de
1804 2674 1919 2733 sin-

249 2758 569 2831 galaritata
596 2765 998 2830 censerentur,
1030 2762 1248 2823 missas
1278 2762 1571 2823 solitarius
1616 2763 1917 2825 celebrare

249 2847 718 2922 praesumebant.

324 2938 460 3027 cur.
500 2938 617 3027 l92.
651 2939 1119 3003 -Ξααθνάοιαιὶ
1146 2943 1442 3012 catalogo.
1478 2940 1543 3001 Id
1570 2946 1774 3007 est,“
1830 2941 1914 3001 eis
1943 2971 1985 3027 ο

250 3027 361 3101 qui
384 3026 446 3091 in
477 3026 634 3095 clero
663 3028 927 3102 cooptati
957 3032 1117 3099 sunt,
1148 3045 1222 3093 eo
1246 3031 1491 3091 nomine
1520 3046 1558 3088 a
1587 3029 1760 3103 plebe
1795 3029 1912 3087 dis—

326 3205 466 3259 CAP.
497 3236 564 3244 —
593 3207 712 3260 194.
746 3237 812 3244 -
846 3205 1116 3272 Quotidie
1150 3208 1629 3273 eucharistiam;
1661 3206 1915 3269 Libellus

254 3293 515 3366 ωθριεκ
539 3294 982 3363 ωοωοὶιωιιω
1002 3296 1408 3367 Ftudensium,
1440 3297 1652 3359 Carolo
1705 3300 1914 3369 Magno

248 3387 924 3457 pormctuacaptzit
974 3386 1147 3455 Quod
1197 3387 1379 3459 563
1426 3386 1917 3451 communicatio-

247 3489 401 3535 nem
419 3472 595 3531 fracti
620 3472 798 3545 panis
830 3478 966 3533 ante
997 3473 1201 3533 cibum
1228 3475 1494 3547 quotidie
1526 3491 1764 3539 sumere
1792 3491 1915 3533 non

243 3565 572 3635 respuatur
595 3562 933 3629 secundum
958 3563 1234 3636 exempla
1278 3564 1745 3636 praecedentium
1805 3566 1915 3621 Pa-

250 3657 503 3715 κω.»

326 3742 467 3799 Cu.
505 3740 624 3805 ltili.
669 3740 900 3801 —Non
925 3746 1067 3801 ante
1092 3741 1378 3799 discedat.
1410 3740 1555 3801 Vide
1606 3741 1917 3805 homiliam

242 3833 535 3893 aetnam
556 3828 799 3893 omni
823 3828 1199 3891 Arelatensis.

238 3968 247 3972 -
328 3918 463 3979 Cu.
502 3919 622 3975 199.
646 3949 717 3959 ~——
745 3918 1097 3981 Tomnensi.
1129 3921 1210 3975 Ne
1237 3918 1375 3990 quis
1405 3922 1579 3991 putet.
1608 3917 1707 3975 hic
1757 3933 1918 3981 errar-

246 4010 391 4065 ιω
416 4021 549 4065 esse
569 4021 606 4062 a
627 4005 1029 4081 typographo.
1064 4020 1284 4067 moneo
1310 4006 1395 4065 sic
1444 4006 1734 4080 scriptum
1789 4023 1919 4065 esse

240 4096 312 4153 in
341 4094 606 4155 editione
638 4094 1149 4153 Helmaastadiensi
1172 4099 1231 4154 et
1259 4094 1321 4151 in
1346 4094 1551 4155 codice
1602 4113 1715 4155 ms.
1768 4096 1919 4154 Pari-

242 4183 437 4241 siensi
464 4198 587 4259 quo
612 4199 724 4241 nos
753 4182 847 4239 usi
876 4198 1087 4240 sumus
1110 4183 1173 4239 in
1192 4183 1307 4242 hac
1330 4183 1607 4247 editione.

325 4274 482 4333 Cum
512 4274 604 4331 Itis
636 4275 850 4331 verbis.
875 4274 1064 4347 Supra
1092 4289 1224 4348 cap.
1255 4278 1324 4331 70
1357 4291 1371 4330 :
1404 4275 1637 4346 Corpus
1679 4282 1733 4332 et
1784 4291 1920 4333 san-

242 4366 417 4435 guis,
449 4331 559 4421 em.
586 4366 729 4421 Evo
759 4331 1001 4421 Roberti
1028 4331 1391 4422 Francorum
1616 4331 1684 4422 ut
1713 4364 1771 4421 in
1794 4331 1920 4422 Vita
1947 4331 1994 4388 Β

244 4452 389 4523 ejus
413 4454 663 4509 testatur
694 4450 1034 4523 Helgaldus,
1067 4451 1150 4509 ita
1173 4451 1486 4509 dicebant:
1514 4452 1745 4524 Corpus
1802 4455 1918 4511 Do-

248 4541 411 4597 mini
438 4540 632 4597 nostri
657 4541 799 4598 Jesu
833 4540 1063 4597 Clm'sti
1089 4542 1166 4597 sit
1218 4541 1327 4598 tibi
1375 4543 1541 4599 satus
1594 4544 1812 4601 anitum
1868 4550 1924 4600 et

244 4628 551 4697 corporis.
587 4630 667 4682 Ea
720 4627 980 4683 formula
1034 4643 1159 4684 non
1204 4633 1525 4702 usurpatur
1574 4629 1669 4685 his
1702 4631 1924 4691 ultimis

247 4714 654 4790 temporibus.
679 4715 1053 4794 Nobisenim,
1072 4733 1215 4779 cum
1234 4716 1777 4786 communicamus,
1795 4719 1924 4777 hinc

246 4806 499 4863 tantum
540 4803 853 4877 presbyter
909 4804 1097 4862 dicit:
1159 4805 1389 4877 Corpus
1446 4806 1690 4863 Domini
1737 4809 1932 4865 nostri

242 4894 402 4953 Iesu
447 4892 678 4953 Christi
734 4894 1029 4951 custodiat
1083 4895 1349 4957 animam;
1403 4900 1569 4953 tuam
1627 4894 1690 4950 in
1742 4896 1926 4954 vitam

243 4987 574 5043 (uernam.
605 4983 817 5041 Amen.

330 5071 471 5129 CAP.
506 5074 629 5127 203.
663 5102 728 5109 —
753 5071 1041 5141 Capitula
1067 5071 1302 5141 habeat.
1338 5071 1399 5129 id
1432 5075 1538 5139 est,
1598 5072 1653 5128 si
1694 5076 1927 5146 tempo-

243 5172 402 5215 rum
431 5161 779 5216 nostrorum
809 5158 1011 5216 verbis
1037 5158 1207 5232 loqui
1262 5158 1560 5230 volumus,
1614 5160 1928 5217 Summam

246 5262 525 5307 casuum
553 5248 951 5306 conscientiae.

331 5335 474 5397 Cu.
504 5338 633 5394 208.
672 5367 742 5376 —
791 5337 1052 5394 Pensum
1103 5338 1406 5397 servitutis
1460 5353 1602 5403 suae.
1653 5336 1928 5395 Ofﬁcium

250 5440 472 5501 ωυω,
496 5431 563 5483 ul
590 5426 770 5483 hodie
800 5426 1126 5500 loquimur.
1156 5430 1355 5489 Exstat
1376 5427 1549 5501 apud,
1573 5427 1926 5489 Stevartium

248 5512 513 5589 elegans
553 5515 821 5590 prmfatio
876 5517 1087 5574 veteris
1144 5516 1463 5590 cuiusdam
1520 5516 1819 5593 scriptoris
1864 5517 1927 5573 in

248 5604 541 5681 psalmos
564 5606 642 5665 ad
699 5607 1084 5671 Bathuricum
1130 5608 1481 5681 episcopum
1538 5607 1926 5667 Ratisbonen-

2018 1699 2299 1769 putantes
2329 1695 2442 1751 sibi
2498 1696 2771 1755 sufﬁcere
2820 1714 2998 1771 posse
3053 1698 3103 1755 si
3159 1700 3370 1759 saltem
3428 1718 3683 1775 quoquo

2020 1783 2206 1845 modo
2236 1782 2337 1841 illa
2365 1784 2704 1842 decantent.
2740 1809 2768 1837 »
2795 1790 2875 1843 Ne
2907 1802 3047 1843 vero
3072 1787 3338 1862 episcopi
3388 1794 3683 1847 nostrates

2019 1876 2230 1947 putent
2256 1872 2317 1933 id
2348 1873 2462 1930 sibi
2483 1890 2520 1930 a
2548 1891 2645 1930 me
2666 1874 2895 1932 dictum
2924 1892 3078 1946 esse,
3105 1878 3282 1949 quasi
3304 1877 3435 1935 illos
3486 1879 3687 1936 tradu-

2023 1977 2153 2020 cere
2181 1961 2492 2031 voluerim,
2548 1963 2725 2037 564
2779 1963 2995 2022 iisdem
3051 1965 3216 2038 apud
3266 1965 3433 2040 ipsos
3486 1968 3684 2025 verbis

2022 2056 2155 2113 utar
2179 2051 2401 2127 quibus
2426 2052 2608 2109 utitur
2635 2052 2798 2109 idem
2823 2058 3032 2111 auctor
3060 2069 3202 2124 erga
3252 2056 3633 2115 Bathuricum
3669 2075 3681 2111 :

2024 2158 2056 2195 ς
2084 2141 2215 2196 Non
2244 2139 2407 2197 enim
2438 2139 2580 2197 talia
2602 2139 2938 2210 referendo,
2968 2140 3182 2213 inquit,
3236 2157 3347 2198 vos
3401 2143 3685 2201 denotare

2022 2228 2183 2297 volo,
2216 2228 2318 2285 sed
2341 2244 2416 2286 ne
2445 2229 2538 2285 his
2568 2228 3007 2303 participemini
3059 2230 3389 2291 admonere
3440 2244 3684 2291 summa

2024 2316 2376 2373 humilitatis
2403 2317 2773 2389 subjectione
2802 2334 3129 2391 praesumo.
3165 2343 3195 2371 ››

2097 2406 2233 2463 (λιι).
2268 2406 2393 2461 213.
2426 2436 2497 2445 -
2518 2408 2669 2462 (tum
2702 2422 2860 2464 urso.
2892 2407 3177 2467 Solebant
3200 2408 3360 2467 enim
3387 2410 3448 2466 in
3473 2409 3686 2468 Kalen-

2025 2495 2117 2549 dis
2142 2495 2437 2551 Januariis
2459 2495 2885 2555 transformare
2917 2513 2981 2553 se
3012 2498 3291 2557 homines
3308 2499 3371 2555 in
3398 2499 3682 2574 pecudes,

2026 2587 2132 2641 aut
2158 2583 2220 2640 in
2240 2581 2417 2653 feras,
2449 2588 2553 2642 aut
2573 2584 2634 2640 in
2663 2588 2960 2659 portenta,
2988 2589 3055 2643 ut
3079 2602 3150 2644 ex
3166 2586 3402 2643 Maximi
3417 2587 3687 2661 episcopi

2026 2671 2406 2733 Taurinensis
2430 2672 2678 2730 homilia
2707 2673 2783 2730 de
2814 2673 3096 2735 Kalendis
3126 2675 3396 2733 Januarii
3439 2675 3689 2750 jampri-

2024 2761 2166 2823 dem
2206 2760 2572 2829 collegerunt
2625 2762 2735 2818 viri
2789 2763 2968 2821 docti.
3029 2764 3433 2822 Assumebant
3485 2764 3686 2839 itaque

2023 2866 2342 2913 cervorum
2373 2867 2444 2908 ac
2474 2851 2801 2925 vitulorum
2827 2852 3075 2923 formas,
3120 2858 3249 2912 tum
3292 2854 3469 2915 etiam
3524 2872 3711 2912 urso-.

2021 2956 2179 3008 rum,
2201 2944 2266 2999 ut
2287 2944 2596 2998 mutorum
2617 2941 2973 3003 animalium
2987 2942 3270 3005 insanam
3292 2944 3686 3016 petulantiam

2022 3027 2268 3087 liberius
2298 3044 2369 3085 ac
2396 3028 2669 3089 licentius
2693 3030 2914 3091 imitari
2962 3036 3227 3106 possent.
3288 3035 3495 3091 Postea
3548 3048 3687 3090 cum

2022 3116 2085 3177 id
2114 3117 2361 3175 vetitum
2392 3117 2596 3177 fuisset
2630 3123 2751 3181 tam
2805 3118 3217 3177 ecclesiasticis
3271 3136 3459 3195 quam
3507 3120 3687 3178 civili-

2022 3205 2137 3260 bus
2164 3204 2421 3275 legibus,
2452 3207 2608 3263 hane
2633 3207 2937 3265 insaniam
2966 3207 3280 3267 Christiani
3313 3224 3349 3266 a
3399 3208 3686 3267 Kalendis

2019 3293 2314 3355 Januariis
2344 3295 2771 3355 transtulerunt
2798 3296 2861 3355 in
2885 3297 3015 3354 dies
3044 3296 3177 3355 illos
3197 3298 3301 3371 qui
3329 3298 3689 3357 antecedunt

2021 3381 2256 3437 initium
2283 3382 2790 3453 Quadragesimas.
2844 3385 2983 3442 Vide
3042 3385 3349 3459 synodum
3404 3386 3689 3443 Autissio-

2023 3470 2345 3529 dorensem
2368 3472 2753 3540 Annacharii,
2782 3473 3102 3545 epistolam
3127 3473 3425 3531 Zacharias
3448 3474 3527 3529 ad
3582 3476 3691 3528 Bo-

2022 3560 2330 3625 nifacium,
2362 3575 2498 3630 quoe
2530 3564 2623 3615 est
2656 3563 2756 3615 142
2789 3559 2943 3619 inter
2964 3559 3405 3628 Bonifacianas,
3430 3566 3486 3616 et
3538 3560 3691 3616 edic-

2025 3653 2157 3711 tum
2178 3646 2559 3709 Carlomanni
2583 3647 2649 3704 in
2666 3646 2833 3705 initio
2854 3647 2991 3704 libri
3020 3647 3216 3722 quinti
3237 3648 3687 3724 Capitularium.

2105 3737 2506 3795 Tatamascas.
2549 3735 2613 3791 Id
2642 3739 2733 3793 est
2758 3734 2979 3804 larvas,
3014 3740 3081 3794 ut
3125 3740 3305 3794 antea
3325 3736 3691 3810 explicatum

2024 3828 2130 3885 est.
2166 3821 2289 3881 Hoc
2320 3827 2521 3898 caput,
2551 3823 2611 3883 in
2644 3822 2948 3897 epitomen
2971 3823 3306 3893 redactum,
3340 3840 3413 3882 ex
3458 3828 3691 3881 vetusto

2026 3912 2343 3969 Rhemensi
2371 3912 2622 3971 concilio
2645 3912 2822 3972 refert
2853 3912 3092 3971 Vossius
3121 3914 3183 3970 in
3213 3913 3367 3973 libro
3416 3914 3690 3971 secundo

2023 4002 2103 4061 de
2146 4001 2303 4061 Vitiis
2359 4003 2655 4060 sermonis
2696 4022 2708 4059 :
2763 4026 2790 4053 «
2837 4004 3061 4063 Larvas
3117 4004 3483 4076 daemonum,
3534 4020 3689 4079 quas

2026 4091 2242 4162 vulgus
2271 4090 2634 4151 talamascas
2665 4097 2858 4158 vocat,
2889 4092 3005 4152 sub
3046 4093 3429 4155 anathemate
3486 4095 3690 4168 prohi-

2023 4180 2261 4238 bemus.
2290 4202 2318 4230 ››
2352 4180 2496 4237 Hinc
2544 4197 2787 4254 masque
2824 4181 2992 4255 apud
3036 4198 3150 4245 n08
3196 4199 3309 4257 pro
3359 4182 3549 4240 larva.
3610 4187 3692 4239 Ex

2028 4269 2244 4329 eodem
2270 4268 2435 4329 fonte
2460 4274 2658 4329 ortum
2700 4276 2789 4329 est
2840 4272 3007 4345 quod
3054 4272 3301 4329 occultae
3357 4272 3691 4330 litterarum

2026 4364 2206 4430 noue,
2228 4358 2450 4433 quibus
2476 4359 2702 4433 aliquid
2729 4360 2860 4418 aliis
2882 4361 3140 4420 celatum
3170 4362 3448 4421 volumus
3503 4378 3690 4435 quam

2029 4449 2082 4504 ei
2108 4449 2187 4505 ad
2205 4463 2390 4521 quem
2413 4448 2753 4517 scribimus,
2782 4450 3123 4507 talamascae
3152 4449 3433 4507 dicuntur
3454 4449 3513 4504 in
3539 4449 3693 4519 frag-

2029 4542 2233 4595 mento
2263 4537 2485 4595 Odonis
2508 4537 2761 4594 Ariberti
2789 4538 2865 4593 de
2910 4537 3073 4595 crede
3130 4537 3413 4593 Bernardi
3458 4536 3692 4593 comitis

2027 4626 2507 4694 Barcinonensis,
2540 4627 2713 4698 cujus
2738 4629 2973 4698 partem
2997 4624 3295 4682 edidimus
3322 4625 3383 4681 in
3424 4624 3581 4682 notis
3612 4625 3691 4682 ad

2028 4714 2461 4788 Agobardum:
2497 4737 2523 4763 «
2552 4716 2773 4773 Caetera
2796 4730 2932 4787 qum
2975 4713 3243 4787 pandere
3286 4713 3690 4786 periculosum

2030 4809 2122 4867 est
2148 4804 2353 4865 litteris
2380 4803 2723 4865 talamascis
2747 4802 3093 4861 inscribam.
3145 4822 3176 4856 ›
3227 4803 3290 4860 In
3340 4802 3456 4859 hoc
3510 4817 3691 4875 porro

2030 4894 2185 4966 loco,
2210 4909 2321 4968 pro
2350 4909 2421 4951 eo
2460 4892 2629 4968 quod
2682 4892 2863 4951 editio
2920 4891 3458 4951 Helmmstadiensrs
3512 4891 3697 4951 habet

2032 4999 2181 5057 quas
2212 4985 2391 5055 vulgo
2416 4983 2841 5043 datamaschas
2869 4988 3107 5053 vocant,
3136 4998 3249 5040 nos
3280 4982 3466 5040 secuti
3488 4987 3693 5042 aucto-

2032 5072 2269 5135 ritatem
2340 5070 2563 5129 codicis
2660 5070 3004 5129 Parisiensis
3084 5074 3141 5126 et
3193 5070 3511 5143 Hincmari,
3568 5076 3693 5128 tum

2032 5162 2214 5220 etiam
2242 5176 2319 5223 ne
2348 5159 2730 5219 turbaremus
2758 5158 2953 5216 fontes
2982 5174 3055 5217 ex
3100 5159 3323 5232 quibus
3379 5176 3490 5219 sua
3548 5162 3693 5218 Bur-

2033 5249 2296 5308 chardus
2314 5248 2546 5321 accepit
2573 5247 2891 5315 edidimus,
2923 5262 3074 5319 quas
3102 5250 3280 5322 vulgo
3331 5250 3695 5307 talamascas

2035 5338 2265 5393 dicunt.
2299 5336 2410 5401 Qui
2439 5352 2583 5393 vero
2614 5336 2884 5392 codicem
2915 5336 3509 5396 Helmaastadiensem
3538 5338 3696 5397 anti-

2036 5427 2239 5499 quitus
2281 5423 2613 5498 descripsit,
2664 5424 2899 5483 videtur
2950 5430 3088 5483 ante
3135 5428 3346 5487 oculos
3405 5426 3696 5487 habuisse

2039 5511 2361 5577 concilium
2391 5513 2719 5575 Rbemense
2741 5530 2777 5572 a
2801 5514 3003 5572 Vossio
3032 5513 3365 5577 laudatum.

2113 5607 2249 5662 Cu.
2273 5603 2821 5681 216.-—P€esbyteri
2829 5620 2940 5677 per
2955 5606 3099 5665 Kal.
3126 5606 3473 5663 Constitutio
3492 5601 3696 5661 Riculﬁ
