4034 6182
379 116 479 172 431

1765 102 2110 164 STEPHANI
2150 104 2422 161 BALUZII

3696 113 3789 168 432

380 238 643 312 episcopi
676 236 1139 304 Suessionensis,
1173 251 1304 306 cap.
1337 238 1407 289 '20
1442 253 1453 289 :
1490 256 1517 283 ‹‹
1544 231 1773 289 Rationi
1790 246 2033 304 quoque
2063 232 2109 283 Α
2143 245 2346 286 caram
2401 229 2793 287 durissimam
2850 230 3250 287 sustinebunt.
3282 252 3309 279 ››
3366 231 3636 289 Adnotat
3693 236 3791 291 Sir-

379 329 725 401 proximum
754 343 882 384 esse
905 325 1217 382 sanximus
1242 327 1307 379 ut
1331 324 1392 379 in
1424 338 1789 396 unoquoque
1805 336 2031 387 mense,

380 422 599 474 statuta
633 417 807 489 565
839 414 957 485 die,
990 414 1051 469 id
1093 417 1180 468 est
1221 411 1283 468 in
1324 412 1604 468 Kalendis
1657 409 2033 479 uniuscujus-

379 523 497 578 que
529 503 773 573 mensis,
805 518 913 574 per
942 500 1211 570 singulas
1239 500 1524 556 decanias
1574 497 1905 572 presbyteri
1962 496 2036 551 si-

381 594 502 649 mul
524 590 884 647 conveniant
914 608 926 657 ;
957 594 1012 645 et
1044 588 1484 655 convenientes,
1536 605 1660 644 non
1707 586 1895 660 pastis
1942 584 2035 640 vel

378 679 781 754 potationibus
804 683 1035 747 vacent,
1063 678 1171 734 sed
1199 678 1272 733 de
1300 694 1409 733 suo
1442 677 1766 733 ministerio
1791 680 1847 731 et
1900 674 2032 730 reli-

376 767 543 835 giosa
573 769 1025 826 conversatione
1057 772 1236 840 atque
1267 767 1341 822 de
1372 767 1463 822 his
1509 783 1647 839 quae
1704 766 1763 821 in
1822 780 2031 821 eorum

374 857 693 928 parocchiis
736 858 1016 913 accidunt
1045 852 1383 912 Sermonem
1416 855 1698 912 habeant.
1752 879 1778 903 ››

444 947 728 1015 Singulos
788 946 1027 1001 biberes.
1090 977 1158 984 ——
1215 945 1372 999 Infra
1427 944 1579 1000 libro
1626 960 1682 1009 ιι,
1713 958 1846 1015 cap.
1877 946 2026 998 432:

375 1060 400 1082 ‹‹
435 1034 660 1105 Singuli
693 1034 959 1103 singulos
988 1033 1226 1089 biberes
1253 1032 1568 1105 accipiant.
1609 1055 1635 1081 ››
1664 1031 1728 1087 Id
1776 1036 1863 1087 est
1910 1031 2028 1085 sin-

373 1125 546 1194 gulos
577 1123 697 1179 vini
717 1124 1005 1195 scyphos,
1043 1126 1104 1178 ut
1155 1122 1399 1178 Vossius
1450 1122 1883 1194 interpretatur.
1928 1123 2030 1176 Re-

372 1213 512 1281 gula
539 1212 729 1267 sancti
758 1202 1079 1280 Benedicti,
1114 1227 1244 1283 cap.
1280 1215 1345 1266 35
1382 1229 1393 1265 :
1433 1234 1455 1257 ‹‹
1497 1206 2029 1282 Septimanariiac-

370 1301 783 1373 cipiantsuper
804 1304 1087 1357 statutam
1107 1316 1414 1357 annonam
1435 1299 1703 1370 singulos
1721 1297 2025 1352 biberes.»

371 1390 592 1459 Regula
616 1389 801 1446 sancti
831 1389 1130 1445 Aureliani
1154 1390 1217 1444 in
1247 1389 1507 1462 epilogo.
1540 1412 1565 1437 «
1599 1386 1833 1444 Cibaria
1873 1400 2026 1457 quo-

371 1480 505 1536 tidie
537 1479 615 1534 ad
645 1479 1026 1535 refectionem
1054 1478 1184 1546 tria,
1232 1479 1311 1534 ad
1363 1478 1686 1550 prandium
1743 1476 1888 1547 duo,
1946 1474 2025 1530 ad

2142 318 2405 375 mondus
2448 319 2527 376 ad
2582 319 2852 392 Capitula
2905 319 3097 375 Caroli
3157 318 3318 375 Calvi
3364 320 3794 380 harmiscaram

2144 409 2477 478 graviorem
2500 409 2787 466 mulctam
2816 409 3017 478 fuisse,
3041 426 3177 481 quae
3209 426 3244 465 a
3276 409 3543 483 principe
3570 428 3682 484 pro
3713 430 3794 469 ar-

2143 498 2317 554 bitrio
2348 505 2513 556 extra
2534 500 2807 556 ordinem
2838 499 3069 572 imponi
3094 498 3325 555 soleret.
3361 500 3502 557 Vide
3526 503 3793 560 Vossium

2143 586 2202 642 in
2230 586 2384 644 libro
2407 588 2674 659 secundo
2699 588 2774 644 de
2804 587 2963 644 Vitiis
2993 588 3307 654 sermonis,
3348 588 3453 661 qui
3497 596 3657 647 recte
3708 593 3793 648 hic

2144 674 2333 731 Vitum
2369 678 2834 734 Amerbachium
2860 676 3262 750 reprehendit.

2213 766 2347 819 CAP.
2378 769 2502 821 242.
2527 798 2595 806 -
2619 767 2689 822 Si
2708 768 2937 836 plures.
2994 764 3361 821 Breviarium
3414 771 3503 823 est
3550 770 3795 825 canonis

2142 855 2209 907 3'2
2240 852 2894 921 conciliiTriburiensis,
2928 858 2990 909 ut
3020 853 3374 926 plerumque
3402 855 3552 911 solet
3578 857 3796 927 Regina

2139 940 2221 996 ita
2249 941 2463 997 referre
2496 958 2760 999 canones
2780 942 2938 998 illius
2961 943 3199 1015 synodi.
3232 943 3437 1013 Agitur
3454 950 3658 1002 autem
3686 947 3798 1003 illic

2139 1028 2214 1085 de
2237 1029 2371 1099 jure
2391 1035 2764 1103 patronatus.
2787 1032 2960 1086 Jubet
3002 1047 3145 1101 ergo
3172 1048 3366 1088 canon
3396 1037 3459 1089 ut
3502 1034 3551 1089 si
3597 1035 3798 1107 plures

2139 1116 2318 1172 unius
2348 1118 2615 1173 ecclesiae
2640 1119 2875 1191 patroni
2898 1119 3130 1187 fuerint,
3175 1125 3229 1175 et
3286 1122 3603 1178 convenire
3652 1123 3801 1180 inter

2136 1206 2267 1262 illos
2294 1223 2417 1263 non
2438 1208 2697 1281 potuerit
2726 1209 2799 1264 de
2824 1209 3177 1282 presbytero
3199 1210 3303 1283 qui
3324 1210 3489 1267 illam
3513 1220 3689 1283 regat
3744 1220 3797 1271 et

2136 1297 2447 1365 gubernet,
2477 1298 2797 1371 episcopus
2822 1298 3139 1354 ecclesiam
3169 1299 3411 1356 claudat
3450 1307 3507 1358 et
3556 1320 3796 1361 sacrum

2133 1386 2195 1441 in
2226 1404 2297 1442 ea
2329 1387 2724 1444 ministerium
2759 1388 3045 1444 celebrari
3072 1390 3390 1461 prohibeat
3439 1392 3637 1449 donec
3693 1411 3795 1467 pa-

2134 1476 2319 1532 tronis
2349 1477 2673 1533 concordia
2697 1478 2904 1533 redeat
2937 1496 2950 1545 ;
2979 1478 3146 1550 quod
3177 1484 3353 1535 antea
3409 1483 3797 1540 constitutum

369 1584 606 1625 coenam
635 1568 777 1623 duo.
816 1567 1048 1623 Biberes
1079 1568 1157 1624 ad
1215 1567 1619 1635 refectionem,
1680 1566 1742 1622 id
1798 1569 1906 1630 est,
1963 1564 2021 1620 in
2053 1579 2097 1631 Β
2135 1564 2405 1620 fueratin
2433 1566 2668 1637 synodo
2703 1566 3080 1622 Cabilonensi
3108 1568 3392 1624 secunda.
3424 1572 3603 1643 Apud
3665 1574 3801 1628 Bur-

366 1661 536 1713 uatate
563 1672 821 1727 merum,
852 1659 909 1712 et
930 1660 1046 1712 tres
1074 1655 1381 1712 caldellos.
1419 1678 1446 1703 η
1481 1656 1655 1711 infra.
1708 1674 1737 1707 ‹
1786 1654 2023 1709 Biberes

366 1746 541 1802 binas
572 1746 649 1801 ad
703 1745 1049 1817 prandium.
1110 1770 1135 1794 ››
1194 1745 1585 1801 Ekkehardus
1641 1744 1703 1800 in
1757 1744 1909 1799 libro
1948 1742 2023 1797 de

365 1834 613 1890 Casibus
636 1833 981 1889 monasterii
1012 1834 1201 1889 sancti
1233 1833 1396 1899 Galli,
1427 1850 1558 1906 cap.
1594 1838 1647 1888 Η
1683 1850 1695 1887 :
1754 1855 1781 1883 ‹‹
1813 1831 2026 1887 Invitat

369 1923 609 1980 tandem
639 1922 830 1979 abbas
869 1922 1089 1995 pariter
1119 1922 1197 1978 ad
1217 1922 1466 1978 nonales
1488 1922 1759 1991 fratrum,
1800 1920 2022 1994 quibus

365 2012 685 2084 conscripti
733 2016 954 2080 essent,
1014 2010 1271 2066 biberes.
1336 2034 1363 2061 ››
1418 2014 1493 2066 Ex
1553 2011 1646 2067 his
1699 2027 1841 2081 ergo
1863 2013 2025 2083 patet

364 2101 520 2176 male
548 2102 610 2156 in
671 2100 928 2157 editione
982 2100 1496 2156 Helmmstadiensi
1544 2101 1833 2173 scriptum
1886 2115 2022 2155 esse

361 2193 634 2263 singulos
662 2191 846 2247 libere
870 2191 1150 2259 excipiat.
1177 2189 1319 2246 Male
1345 2189 1485 2245 item
1517 2190 1681 2263 apud
1732 2191 2021 2245 Burchar-

363 2281 511 2337 dum
540 2281 805 2350 singules
829 2280 1024 2336 bibere
1048 2280 1305 2348 faciant.

441 2372 614 2427 Ultra
639 2371 875 2426 tertiam
906 2370 1106 2426 vicem.
1141 2368 1282 2424 Vide
1329 2368 1432 2423 ΙΙΙ).
1485 2386 1518 2423 v
1577 2369 1650 2425 de
1692 2368 2023 2425 Concordia

362 2458 675 2517 sacerdotii
698 2463 754 2514 et
782 2457 1036 2530 imperii,
1061 2474 1192 2530 cap.
1229 2462 1314 2524 51,
1345 2464 1371 2523 §
1397 2463 1449 2513 ‘2.

434 2553 565 2607 CAP.
594 2551 719 2604 218.
752 2548 1117 2617 —Proprizc
1147 2548 1421 2603 ecclesia’.
1457 2546 1795 2603 Admonitio
1837 2562 2019 2618 syno-

360 2640 513 2695 dalis
545 2638 794 2710 antiqua
830 2640 979 2694 :Res
1008 2644 1061 2693 et
1108 2639 1436 2706 facultates
1495 2652 1643 2707 quas
1680 2643 1819 2706 post
1866 2638 2018 2692 diem

360 2729 756 2786 ordinationis
802 2733 1014 2784 vestra?
1063 2727 1392 2797 acquiritis,
1448 2727 1529 2782 ad
1582 2728 1887 2783 ecclesiam
1943 2726 2023 2781 ad

359 2836 539 2892 quam
572 2818 807 2874 titulati
833 2819 970 2872 estis
1006 2817 1309 2885 pertinere
1364 2802 1583 2871 sciatis.
1644 2814 1943 2871 Paschalis
1974 2815 2019 2868 ΙΙ

2135 1655 2428 1709 chardum
2455 1658 2654 1710 tamen
2682 1655 2784 1710 lib.
2821 1672 2877 1721 ιι,
2908 1672 3040 1727 cap.
3072 1659 3162 1722 43,
3186 1661 3243 1711 et
3271 1657 3333 1711 in
3364 1659 3562 1730 prima
3589 1661 3798 1718 collec-

2134 1742 2291 1798 tione
2322 1743 2713 1799 Decretalium
2741 1760 2873 1816 cap.
2914 1745 2958 1811 l,
2983 1746 3055 1801 de
3073 1748 3220 1814 jure
3241 1753 3512 1819 patron.,
3545 1749 3647 1804 hic
3702 1768 3798 1807 ca-

2132 1846 2276 1898 non,
2310 1831 2414 1904 qui
2440 1832 2730 1904 reperitur
2755 1831 2947 1888 editus
2978 1832 3036 1888 in
3093 1833 3345 1890 concilio
3391 1836 3797 1909 Cabiloncnsi,

2132 1918 2408 1974 tribuitur
2434 1920 2685 1975 concilio
2716 1920 3187 1976 Mediomatricis.
3245 1924 3634 1981 Burchardus
3693 1945 3795 1983 au-

2133 2012 2252 2064 tem
2283 2012 2339 2064 et
2368 2009 2704 2064 Bernardus
2736 2009 2904 2064 Circa
2935 2026 3005 2065 ex
3045 2010 3295 2067 diversis
3349 2015 3795 2087 exemplaribus

2130 2098 2293 2153 hunc
2339 2114 2635 2154 canonem
2689 2102 3003 2155 Metensem
3056 2101 3441 2175 descripsisse
3494 2105 3794 2173 videntur,

2131 2203 2271 2242 cum
2292 2186 2543 2241 diversae
2570 2186 2682 2242 sint
2709 2203 2919 2243 eorum
2938 2187 3221 2245 lectiones
3245 2191 3308 2245 in
3358 2192 3671 2249 nonnullis
3720 2194 3797 2250 lo-

2131 2274 2215 2330 cis
2245 2275 2517 2346 ejusdem
2548 2276 2777 2348 capitis.
2807 2277 3012 2349 Itaque
3048 2278 3177 2334 ﬁeri
3231 2285 3430 2352 potest
3477 2286 3545 2338 ut
3603 2283 3799 2338 editus

2130 2380 2373 2436 quoque
2404 2364 2575 2420 fuerit
2601 2365 2659 2419 in
2694 2366 2931 2421 Metensi
2961 2368 3251 2440 quapiam
3285 2371 3542 2442 synodo.
3576 2375 3796 2428 Immu-

2136 2458 2325 2509 tatum
2348 2469 2526 2525 porro
2557 2459 2767 2527 postea
2797 2455 3023 2511 esthoc
3068 2457 3168 2527 jus
3224 2459 3577 2516 auctoritate
3628 2466 3797 2518 Inno-

2132 2542 2306 2598 centii
2338 2544 2405 2598 Ill
2433 2543 2686 2600 Romani
2716 2544 3030 2617 pontiﬁcis.
3067 2546 3166 2601 llic
3196 2547 3358 2603 enim
3388 2550 3599 2606 statuit
3642 2557 3711 2607 ut
3752 2552 3797 2607 si

2130 2630 2205 2686 de
2222 2632 2355 2703 jure
2384 2636 2736 2704 patronatus
2764 2634 3169 2690 controversia
3191 2638 3501 2694 emerserit
3523 2638 3683 2695 inter
3698 2640 3798 2697 lai-

2129 2735 2252 2787 cos,
2282 2724 2337 2775 et
2367 2721 2462 2776 cui
2517 2720 2802 2793 competit
2851 2722 3008 2777 infra
3063 2728 3323 2796 quatuor
3374 2742 3620 2784 menses
3674 2744 3799 2786 non

2128 2808 2301 2865 fuerit
2325 2809 2658 2875 deﬁnitum,
2688 2826 2757 2865 ex
2786 2815 2928 2866 tunc
2955 2811 3266 2870 ecclesiam
3285 2814 3488 2886 ipsam
3506 2815 3798 2874 dimcesa-

358 2907 418 2962 in
447 2905 702 2978 epistola
737 2904 815 2960 ad
873 2902 1283 2974 Norigaudum
1307 2902 1659 2976 episcopum
1719 2905 2016 2973 Augusto-
2049 2932 2089 2987 η
2127 2914 2242 2987 nus
2267 2898 2586 2970 episcopus
2614 2915 2737 2955 non
2768 2899 3003 2956 differat
3022 2901 3097 2957 de
3127 2918 3387 2974 persona
3424 2904 3653 2963 idonea
3706 2925 3797 2963 or-

357 2994 692 3051 dunensem
718 3010 730 3047 :
766 2991 916 3047 Illud
946 2996 1147 3048 autem
1179 2991 1506 3061 apostolica
1536 2991 1879 3048 auctoritate
1902 2997 2016 3049 sta-

358 3081 601 3149 tuimus,
634 3085 696 3137 ut
728 3080 873 3136 nulli
894 3080 1270 3153 presbytero,
1308 3105 1333 3130 n
1358 3085 1490 3149 etc.,
1521 3086 1584 3136 ut
1614 3081 1767 3137 infra
1794 3081 1853 3136 in
1904 3087 2016 3154 Ap-

356 3170 607 3244 pendice
637 3174 909 3226 actorum
950 3174 1236 3238 veterum,
1272 3170 1352 3225 tit.
1387 3170 1475 3224 21.

427 3260 560 3314 CAP.
585 3263 710 3315 220.
742 3291 811 3298 —
832 3258 1289 3329 Inquirendum.
1326 3257 1472 3313 Vide
1502 3262 1677 3314 notas
1709 3257 1783 3313 ad
1835 3263 2015 3331 caput

355 3348 749 3404 centesimum
779 3351 1062 3420 quartum
1240 3362 1243 3365 ·

427 3438 560 3492 CAP.
593 3440 717 3493 230.
743 3469 811 3476 —
845 3437 1067 3491 Usuris.
1102 3434 1429 3493 Concilium
1455 3435 1877 3492 Suessionense
1906 3435 2009 3491 ha-

351 3525 544 3582 bitum
576 3542 737 3582 anno
767 3528 924 3594 £078,
959 3515 1072 3580 sub
1088 3528 1360 3581 Manasse
1378 3524 1832 3596 archiepiscopo
1861 3525 2007 3580 Rhe-

350 3616 540 3672 mensi
577 3634 588 3670 :
620 3638 646 3665 ‹‹
685 3618 753 3672 Ut
780 3614 981 3671 nullus
1004 3614 1250 3671 clericus
1281 3619 1385 3670 aut
1411 3610 1599 3669 laicus
1642 3614 2006 3671 Christianus

351 3721 564 3761 usuras
594 3704 868 3777 accipiat.
896 3707 961 3760 Et
992 3704 1039 3759 si
1067 3704 1201 3777 quis
1226 3720 1320 3759 res
1342 3703 1595 3774 alicujus
1626 3703 1686 3758 in
1731 3703 2005 3760 vadimo-

352 3796 448 3849 nio
475 3794 750 3866 suscepit,
786 3797 841 3848 et
861 3793 991 3863 jam
1013 3793 1153 3849 inde
1186 3792 1436 3866 capitale
1466 3808 1645 3847 suum
1671 3792 1872 3861 habet,
1914 3809 2008 3848 res

347 3882 511 3954 ipsas
540 3882 772 3949 reddat,
806 3884 861 3935 et
891 3896 1013 3935 non
1044 3880 1182 3953 plus
1213 3881 1483 3953 accipiat.
1516 3900 1546 3932 ›

418 3972 550 4026 CAP.
574 3971 668 4024 2-H
687 3970 1147 4026 .—Rewadiare.
1177 3970 1260 4026 Ita
1287 3987 1535 4043 prorsus
1560 3970 1747 4027 codex
1762 3988 1875 4027 ms.
1902 3971 2007 4027 Re-

348 4058 604 4129 ginonis.
642 4060 751 4113 Pro
780 4074 903 4129 quo
930 4058 1108 4114 editio
1137 4057 1645 4115 Helmaatadiensis
1702 4059 1883 4116 habet
1942 4067 2006 4116 ut

349 4149 535 4203 ban‘ni
562 4148 755 4203 nostri
782 4149 874 4203 rei
892 4162 1001 4215 per
1029 4148 1429 4217 ﬁdejussores,
1483 4152 1571 4204 etc
1626 4149 2004 4206 Emendatio-

345 4252 484 4292 nem
515 4240 782 4291 nostram
814 4236 1176 4292 confirmant
1203 4232 1382 4292 etiam
1413 4236 1546 4292 libri
1576 4238 2003 4311 Capitularium

344 4330 401 4380 et
428 4324 576 4380 liber
596 4324 743 4395 legis
765 4324 1323 4394 Longobardorum.
1348 4325 1695 4383 Rewadiant
1707 4326 2000 4400 bannum,

344 4418 407 4469 ut
434 4414 784 4470 Sirmondus
812 4413 911 4479 ait,
940 4415 1043 4487 qui
1075 4414 1153 4469 ad
1213 4413 1399 4470 banni
1442 4415 1726 4472 mulctam
1776 4417 2002 4487 judicio

341 4503 630 4571 damnati,
664 4520 774 4576 pro
807 4519 879 4559 ea
911 4502 1058 4559 dant
1088 4504 1262 4575 566
1294 4504 1582 4561 wadium.
1629 4506 1844 4562 Charta
1894 4509 2004 4563 Ma-

341 4593 537 4649 thildis
592 4595 812 4662 reginae
873 4609 979 4666 pro
1033 4593 1401 4649 monasterio
1455 4596 1644 4651 sancti
1700 4595 1913 4651 Bertini
1940 4595 2001 4650 in

342 4683 524 4737 Sithiu
553 4701 563 4737 :
591 4707 615 4731 ‹‹
651 4683 1077 4738 Judicaverunt
1109 4683 1288 4739 etiam
1319 4683 1588 4755 praedicti
1610 4676 1813 4739 arbitri
1834 4684 2002 4757 quod

338 4771 386 4825 si
417 4774 672 4827 rusticus
694 4773 911 4827 ostium
949 4788 1129 4826 suum
1180 4776 1388 4828 contra
1442 4772 1888 4829 ministerialem
1947 4778 2003 4830 et

338 4860 618 4915 scabinos
645 4860 879 4916 abbatis
907 4860 1238 4927 clausisset,
1266 4861 1463 4917 liceret
1496 4862 1757 4918 scabinis
1788 4868 1845 4919 et
1887 4864 1998 4919 mi-

336 4947 613 5002 nisteriali
640 4950 857 5003 ostium
883 4948 1245 5020 impellendo
1303 4951 1554 5022 aperire,
1614 4955 1671 5006 et
1728 4952 1995 5023 vadium,

334 5036 511 5089 etiam
544 5036 776 5089 scriniis
808 5036 1027 5105 fractis,
1055 5037 1099 5090 si
1128 5042 1293 5093 extra
1326 5054 1519 5093 seram
1569 5055 1687 5093 non
1744 5040 1993 5095 invenis-

335 5129 482 5187 sent,
514 5129 846 5195 asportare.
904 5148 929 5172 »
991 5127 1464 5197 Lindenbrogius
1524 5133 1581 5183 et
1636 5129 1995 5201 Spelmauus

333 5213 668 5267 rewadiare
692 5213 991 5285 explicant
1046 5218 1348 5272 relaacare.
1414 5217 1550 5272 Vide
1608 5220 1882 5274 Vossium
1934 5221 1991 5275 in

330 5300 483 5357 libro
505 5306 719 5374 quarto
749 5302 822 5358 de
856 5304 1013 5360 Vitiis
1043 5307 1360 5362 sermonis.

400 5393 831 5450 Armiscaram.
891 5394 1077 5450 Editio
1134 5395 1697 5466 Helmaestadiensis,
1749 5415 1991 5457 arusca-

329 5497 481 5551 ram,
509 5483 674 5554 quod
708 5482 1153 5541 Hildebrandus
1178 5485 1596 5557 interpretatur
1618 5504 1865 5559 pernam
1895 5506 1991 5547 ar-

329 5571 620 5629 bitrarim.
654 5570 808 5627 Infra
840 5572 943 5627 lib.
977 5589 1035 5628 ιι.
1063 5587 1195 5644 cap.
1230 5577 1329 5631 423
1357 5592 1369 5629 :
1406 5579 1990 5636 «Nostramharmis—

2127 2986 2352 3042 dinare.
2386 2989 2584 3043 Exstat
2610 2988 2735 3044 haec
2776 2989 3115 3045 constitutio
3179 2992 3347 3064 567
3408 2995 3579 3067 apud
3628 3000 3796 3053 Inno-

2127 3076 2386 3132 centium
2415 3077 2506 3147 III,
2540 3076 2641 3132 lib.
2678 3095 2716 3146 1,
2751 3078 2921 3151 epist.
2956 3084 3082 3150 521,
3114 3085 3171 3137 et
3194 3080 3333 3137 inde
3356 3082 3419 3137 in
3442 3099 3584 3157 cap.
3643 3086 3797 3143 Cum

2121 3171 2389 3234 propter.
2422 3168 2509 3222 De
2520 3169 2665 3235 jure
2688 3172 2932 3236 patron.

2196 3256 2329 3309 CAP.
2358 3257 2557 3310 243.-
2582 3256 2787 3311 Dividi
2812 3257 2974 3313 inter
2991 3259 3221 3327 plures.
3263 3260 3446 3315 Vetus
3506 3264 3601 3317 est
3664 3262 3801 3318 haec

2124 3343 2352 3413 regula,
2372 3348 2437 3399 ut
2451 3343 2726 3416 pluribus
2741 3345 3031 3418 exemplis
3055 3346 3299 3419 probari
3320 3354 3555 3421 posset,
3572 3351 3800 3409 eodem

2125 3432 2557 3502 nimirumjure
2606 3450 2729 3506 quo
2759 3434 3008 3490 Vetitum
3057 3441 3182 3492 erat
3222 3452 3298 3492 ne
3349 3437 3476 3493 duo
3520 3439 3803 3514 episcopi

2124 3526 2322 3579 essent
2350 3522 2407 3577 in
2443 3539 2565 3579 una
2592 3524 2867 3581 Ecclesia.
2929 3528 3143 3582 Verum
3182 3528 3476 3600 quoniam
3533 3532 3803 3587 nonnuli

2123 3613 2426 3669 interdum
2456 3613 2533 3669 ab
2562 3614 2675 3670 hac
2701 3615 2908 3685 regula
2927 3615 3335 3687 discedebant,
3363 3618 3694 3678 admoneri
3735 3621 3800 3678 il-

2121 3700 2212 3757 los
2240 3701 2494 3757 subinde
2536 3704 2798 3775 oportuit
2841 3720 2917 3760 ne
2950 3705 3326 3762 sanctissima
3371 3706 3651 3766 instituta
3698 3711 3805 3767 de-

2122 3794 2401 3846 sererent.
2438 3790 2756 3847 Recruduit
2785 3795 2985 3848 tamen
3015 3809 3173 3865 saepe
3202 3793 3264 3849 id
3319 3795 3578 3867 malum,
3632 3798 3801 3855 adeo

2120 3882 2185 3933 ut
2213 3878 2391 3934 etiam
2420 3877 2747 3952 aliquando
2778 3880 3026 3938 ecclesia
3056 3897 3179 3938 una
3204 3882 3446 3939 duobus
3477 3886 3807 3958 presbyte—

2118 3967 2199 4023 ris
2228 3969 2443 4024 eodem
2464 3972 2732 4042 tempore
2761 3971 3227 4028 committeretur
3278 3989 3417 4029 cum
3476 3992 3805 4033 consensu

2116 4060 2174 4112 et
2203 4057 2549 4114 auctoritate
2579 4057 3023 4132 episcoporum.
3058 4063 3303 4118 Exstant
3354 4063 3519 4119 enim
3548 4048 3808 4123 littera:

2115 4146 2498 4202 Bodhmundi
2521 4148 3080 4217 Augustodunensis
3107 4150 3391 4224 episcopi,
3425 4153 3581 4210 dataa
3627 4156 3810 4213 circa

2114 4251 2345 4292 annum
2370 4239 2493 4309 940,
2517 4237 2738 4309 quibus
2768 4239 3070 4313 Capellam
3120 4241 3311 4297 sancti
3364 4245 3662 4301 Germani
3727 4246 3812 4302 de

2114 4324 2380 4381 Centissa
2409 4326 2725 4383 committit
2754 4326 2994 4384 duobus
3018 4327 3263 4397 clericis,
3298 4352 3323 4379 ‹‹
3358 4336 3423 4387 ut
3458 4348 3601 4389 eam
3663 4335 3810 4391 die-

2112 4414 2227 4470 bus
2299 4414 2519 4487 quibus
2599 4417 2934 4473 advixerint
2986 4422 3247 4486 teneant,
3298 4425 3527 4491 regant,
3582 4425 3815 4495 possi-

2111 4506 2310 4563 deant.
2347 4530 2374 4556 n
2405 4508 2705 4577 [ntegrum
2736 4508 3004 4582 diploma
3025 4510 3233 4567 edetur
3256 4510 3415 4569 infra
3452 4513 3511 4569 in
3531 4514 3817 4588 Appen-

2111 4596 2240 4661 dice
2268 4601 2540 4654 actorum
2569 4602 2856 4656 veterum.

2183 4690 2315 4745 CAP.
2348 4690 2621 4745 2z'i6.——Si
2631 4696 2850 4746 autem.
2866 4690 3250 4747 Burchardus
3265 4691 3367 4746 lib.
3387 4709 3466 4760 ιιι,
3487 4708 3641 4767 cap.
3661 4699 3815 4758 249,

2108 4775 2454 4833 referthunc
2469 4794 2766 4834 canonem
2786 4802 2815 4828 «
2829 4795 2902 4834 ex
2913 4779 3164 4836 concilio
3180 4781 3818 4854 Rhemensiprazsen-

2107 4870 2161 4921 te
2188 4866 2493 4922 Ludovico
2516 4868 2893 4940 imperatore,
2919 4884 3051 4941 cap.
3102 4874 3156 4939 5,
3192 4893 3220 4919 »
3253 4886 3395 4925 cum
3425 4871 3497 4927 sit
3530 4874 3823 4930 concilii

2106 4955 2444 5011 Meldensis.
2510 4961 2592 5013 Ita
2649 4957 2845 5012 visum
2901 4958 3241 5014 Bnrchardo
3273 4960 3483 5015 omnia
3507 4968 3821 5020 mutare.

2180 5045 2363 5100 Canes
2438 5051 2541 5100 aut
2616 5046 3023 5102 Gem‘tiarias.
3115 5050 3255 5102 Puto
3357 5048 3453 5103 hic
3553 5066 3828 5109 vocem

2102 5136 2455 5205 genitiarias
2519 5135 2808 5191 invidiose
2881 5136 3142 5208 positam
3186 5153 3338 5206 esse,
3419 5144 3483 5194 ut
3548 5139 3830 5199 innue-

2102 5227 2233 5278 rent
2288 5223 2553 5296 episcopi
2618 5223 2887 5279 decimas
2925 5242 3080 5297 quas
3145 5226 3278 5281 laici
3345 5228 3839 5299 percipiebant

2100 5311 2159 5367 in
2200 5328 2420 5385 pravos
2472 5328 2619 5367 usus
2684 5312 2863 5368 fuisse
2921 5329 3261 5382 conversas,
3324 5315 3646 5373 nimirum
3738 5320 3829 5375 ad

2100 5418 2321 5459 canum
2360 5405 2417 5458 et
2455 5407 2791 5459 scortorum
2856 5409 3151 5477 sumptus.
3192 5406 3370 5461 Juvat
3425 5405 3604 5463 hanc
3658 5427 3843 5467 con-

2092 5488 2388 5563 jecturam
2449 5496 2631 5565 caput
2697 5493 2791 5549 132
2849 5492 3020 5550 istius
3058 5494 3212 5562 libri,
3254 5494 3360 5550 ubi
3400 5495 3481 5550 sic
3516 5494 3835 5568 legitur,

2099 5580 2309 5637 «inter
2338 5597 2559 5638 canum
2610 5580 2915 5638 discursus
2968 5587 3023 5638 et
3073 5587 3409 5640 scortorum
3457 5580 3757 5658 greges.
3810 5616 3841 5639 υ
