3980 6182
236 209 335 263 433

1299 208 1501 265 ΝΟΤιΕ
1526 210 1620 265 ΑΙ)
1655 210 1777 265 LIB.
1809 208 1830 261 Ι
1861 210 1951 264 DE
1982 210 2262 267 ECCLES.
2300 212 2584 267 DISCIPL.

3444 260 3453 265 .
3559 216 3663 269 434

238 331 523 385 Praeterea
561 326 712 382 inter
748 327 915 384 varia
944 328 1142 401 capita
1185 331 1259 387 de
1298 331 1521 404 quibus
1570 331 1705 388 laici
1747 331 1890 387 olim
1929 336 1975 389 A
2085 334 2260 406 569
2302 337 2407 388 An.
2441 334 2576 389 Car.
2622 338 2746 389 254.
2794 366 2861 373 -—
2909 334 3230 404 Presbyter
3276 351 3478 391 unam.
3524 336 3664 391 Vide

237 414 755 484 interrogabantur
793 417 871 472 ab
915 418 1223 492 episcopo,
1254 420 1414 477 istud
1442 436 1685 494 quoque
1732 420 1900 493 poni-

238 515 327 565 tur
355 504 509 562 infra
538 521 670 577 cap.
700 510 806 561 37:
863 530 889 555 ‹‹
922 507 979 564 Si
1028 508 1244 581 aliquis
1288 510 1346 565 in
1380 526 1489 566 sua
1539 510 1900 577 domo_con-

239 596 405 653 sentit
433 610 572 650 cum
600 594 857 666 propriis
905 597 1133 652 ancillis
1160 598 1256 654 vel
1301 599 1651 669 geneciariis
1682 599 1803 654 suis
1833 614 1897 655 a-

238 683 555 740 dulterium
584 687 949 755 perpetrare.
980 709 1009 735 »
1042 686 1306 760 Denique
1337 691 1546 743 auctor
1571 688 1794 759 dialogi
1823 687 1899 743 de
1926 740 1938 748 .

239 776 397 830 Statu
428 771 750 843 ,Ecclesiae,
787 773 893 845 qui
946 790 982 830 a
1031 775 1313 831 Cordesio
1364 776 1558 832 editus
1618 780 1705 833 est
1757 793 1897 833 cum

236 861 492 936 epistolis
522 862 840 929 Hincmari,
868 864 1185 920 saeculares
1215 865 1492 922 homines
1527 866 1897 937 redarguens

234 953 334 1025 qui
381 951 650 1007 redditus
705 951 1134 1010 ecclesiasticos
1185 955 1598 1039 possidebant,
1629 955 1722 1012 his
1765 955 1898 1011 illos

233 1041 428 1097 verbis
459 1040 766 1113 increpat:
804 1064 832 1090 «
864 1044 978 1097 Vos
1020 1059 1161 1098 cum
1214 1043 1508 1100 uxoribus
1557 1048 1615 1100 et
1663 1044 1895 1101 ancillis

234 1130 460 1198 vestris,
520 1133 596 1201 et,
629 1130 794 1202 quod
826 1131 1001 1202 pejus
1033 1137 1139 1199 est,
1171 1132 1443 1188 nonnulli
1494 1150 1634 1189 cum
1691 1135 1899 1189 scortis

232 1218 497 1275 decimas
553 1224 607 1275 et
660 1219 994 1275 oblationes
1052 1220 1321 1277 ﬁdelium
1369 1223 1835 1279 manducabitis.
1870 1246 1897 1273 »

228 1308 387 1365 Alias
418 1309 578 1364 enim
620 1308 944 1379 genitiariae
992 1310 1357 1367 vocabulum
1411 1312 1735 1369 honestum
1784 1316 1896 1378 est,

233 1396 397 1468 quod
419 1396 581 1452 idem
601 1396 758 1452 valet
778 1414 847 1453 ac
870 1397 1106 1454 ancilla.
1134 1398 1288 1454 Infra
1311 1398 1415 1454 lib.
1445 1416 1504 1465 ιι,
1525 1416 1661 1472 cap.
1690 1404 1808 1465 176,
1824 1416 1896 1455 ex

232 1484 481 1541 concilio
500 1487 857 1541 Dannetensi
883 1504 895 1540 :
922 1488 1081 1543 inter
1099 1488 1452 1557 genitiarias
1468 1504 1607 1544 suas
1630 1490 1894 1545 residen-

230 1577 333 1629 tes.
375 1573 710 1629 Ludovicus
744 1590 846 1629 rex
884 1574 1294 1646 Bajoariorum
1331 1575 1391 1631 in
1434 1581 1596 1635 tomo
1631 1577 1896 1633 secundo

227 1663 561 1735 Metropolis
585 1662 1072 1733 Salisburgensis,
1087 1679 1229 1737 pag.
1264 1667 1388 1732 I2,»
1408 1665 1700 1738 Mancipia
1715 1666 1893 1738 568
1931 1686 1971 1739 Β

226 1750 380 1806 infra
403 1756 628 1807 curtem
654 1752 805 1808 inter
843 1767 1062 1824 pueros
1084 1757 1141 1808 et
1170 1752 1424 1809 feminas
1465 1755 1740 1824 genecias
1780 1770 1895 1810 nu-

224 1855 398 1895 mero
424 1841 630 1911 viginti
653 1841 797 1896 duo.
824 1865 850 1891 »
877 1841 1099 1897 Titulus
1122 1846 1190 1898 80
1211 1842 1358 1912 legis
1378 1843 1852 1900 Alamannorum
1876 1862 1889 1899 :

222 1931 310 1984 De
339 1946 405 1986 eo
427 1931 533 2001 qui
550 1947 684 1985 cum
706 1932 936 1987 ancilla
952 1933 1235 1989 vestiaria
1253 1938 1306 1989 et
1323 1934 1662 2003 geneciaria
1685 1949 1896 1990 concu-

226 2018 444 2073 buerit.
469 2022 579 2074 Lex
599 2024 800 2075 autem
818 2019 1074 2093 explicat
1100 2021 1248 2093 quid
1274 2021 1348 2077 sit
1374 2021 1590 2078 ancilla
1620 2022 1891 2093 genecia-

219 2110 312 2165 ria
339 2128 353 2164 :
382 2131 409 2157 ‹‹
448 2111 512 2164 Et
537 2108 583 2163 si
615 2125 753 2164 cum
782 2109 983 2182 puella
1025 2110 1099 2165 de
1130 2110 1377 2180 genecio
1424 2111 1621 2183 priore
1669 2128 1891 2168 concu-

218 2196 421 2253 buerit
450 2196 666 2270 aliquis
688 2202 896 2263 contra
918 2198 1287 2256 voluntatem
1318 2200 1469 2269 ejus,
1502 2216 1643 2255 cum
1688 2217 1745 2255 v1
1778 2200 1889 2256 sol.

215 2289 571 2358 componat.
595 2286 650 2341 Si
668 2286 804 2359 quis
829 2303 969 2342 cum
1001 2286 1203 2359 aliqua
1223 2287 1298 2342 de
1319 2287 1436 2344 alio
1458 2288 1665 2358 geneci
1686 2292 1895 2345 contra

212 2375 594 2431 voluntatem
636 2376 768 2445 ejus
797 2375 1206 2440 concubuerit,
1231 2392 1370 2431 cum
1413 2392 1473 2431 ιιι
1504 2376 1613 2432 sol.
1651 2392 1893 2449 compo-

219 2469 393 2520 nat.»
416 2463 744 2519 Genitiariee
767 2478 910 2531 ergo
935 2463 1104 2519 dictae
1130 2463 1359 2519 ancilla:
1380 2464 1523 2536 quia
1548 2465 1609 2520 in
1641 2480 1888 2535 genecio

210 2553 348 2608 sive
374 2567 660 2623 gynteceo
684 2551 893 2623 positae
915 2557 1101 2619 erant,
1128 2551 1188 2606 id
1210 2558 1298 2607 est
1313 2552 1373 2607 in
1396 2568 1468 2609 ea
1489 2557 1657 2626 parte
1678 2553 1895 2609 domus

204 2641 324 2696 ubi
351 2639 613 2709 feminea,
639 2644 706 2696 ut
724 2640 1116 2696 Nannetensis
1142 2641 1374 2697 concilii
1404 2642 1600 2698 verbis
1628 2647 1893 2711 utamur,

207 2730 285 2785 de
322 2727 604 2784 laniﬁciis
632 2729 752 2806 suis
778 2733 834 2783 et
864 2730 1150 2801 operibus
1187 2730 1488 2787 textilibus
1513 2736 1569 2787 et
1597 2730 1898 2793 muliebri-

209 2819 335 2874 bus
386 2818 539 2873 inter
577 2833 639 2873 se
688 2819 1044 2874 tractabant.
1083 2820 1477 2876 Geneciorum
1522 2824 1723 2877 autem
1773 2820 1896 2876 duo

213 2922 448 2976 genera
477 2905 656 2962 fuisse
688 2906 883 2977 colligi
912 2911 1111 2980 potest
1141 2924 1214 2962 ex
1239 2907 1372 2963 loco
1391 2908 1521 2979 jam
1550 2908 1797 2965 laudato
1817 2909 1894 2965 le-

212 2996 301 3065 gis
338 2994 838 3061 Alamannorum,
882 2995 1156 3067 superius
1186 3001 1242 3051 et
1284 2995 1549 3062 inferius,
1582 2996 1644 3052 id
1693 3001 1799 3065 est,
1831 3001 1898 3053 ut

213 3085 647 3156 interpretatur
680 3083 1099 3157 Spelmannus,
1132 3084 1465 3144 honestius.
1494 3090 1552 3141 et
1592 3085 1892 3142 servilius.

213 3173 537 3229 Existimat
565 3173 724 3228 enim
772 3173 863 3228 vir
912 3173 1301 3229 doctissimus
1352 3174 1663 3244 genecium
1706 3175 1894 3231 fuisse

212 3262 427 3317 locum
474 3277 669 3334 pcenae
725 3261 1046 3317 mulierum
1102 3262 1488 3331 destinatum,
1545 3263 1695 3319 sicut
1750 3263 1893 3320 olim

213 3351 274 3406 in
306 3365 484 3406 more
514 3350 623 3406 fuit
652 3350 810 3406 viros
835 3351 981 3406 dare
1007 3352 1065 3407 in
1091 3351 1412 3423 pristinum
1454 3367 1647 3424 pugnae
1677 3368 1890 3408 causa.

215 3441 381 3495 Sane
408 3438 470 3493 in
490 3438 641 3494 libro
681 3438 947 3495 secundo
972 3439 1121 3509 legis
1162 3439 1640 3509 Longobardor.,
1672 3440 1760 3496 tit.
1803 3445 1891 3506 37,

215 3544 363 3600 cap.
394 3535 449 3599 7,
478 3527 738 3596 legimus
769 3544 904 3583 eam
936 3528 1263 3601 antiquitus
1290 3545 1534 3600 poenam
1568 3529 1892 3585 sanctimo-

214 3616 490 3672 nialibus
521 3617 813 3688 corruptis
842 3618 1166 3688 irrogatam
1200 3617 1381 3672 fuisse
1410 3622 1476 3673 ut
1501 3618 1746 3688 genecio
1772 3622 1892 3674 tra-

215 3706 529 3773 derentur,
559 3706 1037 3779 abrogatamque
1063 3711 1379 3779 propterea
1409 3722 1544 3762 eam
1591 3707 1786 3776 legem
1816 3706 1896 3761 ab

216 3795 585 3868 imperatore
630 3794 931 3864 Lothario,
965 3810 1041 3850 ne
1072 3800 1282 3867 postea
1308 3794 1511 3850 locum
1548 3794 1895 3851 mcechandi

220 3900 368 3938 cum
414 3883 689 3957 pluribus
738 3884 1047 3953 haberent,
1081 3884 1127 3939 si
1176 3884 1236 3938 in
1287 3884 1534 3953 genecio
1577 3883 1898 3939 constitue-

218 3976 450 4028 rentur.
482 3975 575 4028 Eze
618 3987 783 4040 vero,
811 3973 1101 4045 quoniam
1148 3972 1409 4028 stamina
1448 3972 1625 4028 etiam
1676 3987 1893 4044 pensa-

218 4078 365 4134 que,
397 4077 533 4133 qute
562 4061 945 4117 muliebrium
982 4078 1233 4135 operum
1258 4061 1559 4117 vocabulo
1590 4061 1896 4117 continen-

218 4155 343 4221 tur,
372 4150 694 4223 ducebant,
726 4150 984 4223 pensiles
1014 4150 1244 4207 ancillse
1290 4155 1583 4206 vocantur
1628 4150 1689 4205 in
1740 4150 1895 4205 libro

218 4239 493 4296 secundo
540 4239 687 4308 legis
740 4240 1211 4310 Longobardor.,
1261 4240 1346 4296 tit.
1391 4243 1446 4310 9,
1485 4256 1620 4312 cap.
1681 4244 1733 4306 2,
1791 4238 1896 4295 ubi

217 4328 567 4400 praecipitiu'
594 4328 877 4384 ministris
904 4328 1247 4402 reipublicae
1281 4333 1342 4384 ut
1369 4329 1682 4384 mulierem
1733 4328 1882 4384 libe-

2008 426 2186 479 Notas
2216 424 2295 479 ad
2319 422 2633 496 epistolam
2663 428 2729 479 29
2763 423 2907 495 Lupi
2940 423 3341 479 Ferrariensis.

2077 533 2159 583 Αι)
2186 531 2320 586 CAP.
2353 532 2478 584 259.
2512 561 2579 567 —
2618 523 3013 585 Pcenitentem
3043 531 3271 587 invitet.
3299 528 3440 586 Vide
3468 528 3664 585 homi-

2006 618 2148 675 liam
2182 619 2443 691 primani
2474 618 2730 683 Caesarii,
2761 617 3140 674 Arelatensis.

2076 731 2160 782 An
2178 730 2310 783 CAP.
2338 730 2464 781 285.
2490 758 2556 765 —
2573 726 2780 793 Qualis
2799 724 3136 780 tribulatio.
3160 727 3308 781 Cum
3325 725 3663 798 prodigium

2004 815 2317 889 quoddam
2339 814 2669 884 eveniebat,
2694 813 2936 885 jejuniis
2958 813 3124 880 illud,
3148 814 3427 886 precibus
3449 820 3504 870 et
3526 814 3666 869 mis-

2006 923 2210 963 sarum
2225 905 2558 961 celebratio:
2569 923 2578 958 ι
2590 905 2723 960 ibus
2736 903 3428 975 expiabant.Bonifacius
3442 908 3670 975 martyr

2005 996 2174 1069 epist.
2199 1001 2442 1067 72,quze
2466 998 2585 1050 tota
2610 998 2695 1050 cst
2726 994 2800 1050 de
2834 994 2948 1049 hac
2979 993 3268 1049 materia:
3307 1014 3333 1042 «
3354 993 3488 1048 Illas
3523 994 3664 1048 mis—

2007 1100 2105 1139 sas
2136 1100 2271 1157 quee
2301 1099 2412 1157 pro
2454 1082 2912 1155 tempestatibus
2944 1082 3073 1136 ﬁeri
3103 1081 3337 1137 soleant
3366 1080 3665 1136 celebrare

2004 1189 2137 1242 vos,
2157 1171 2935 1245 presbytcri,recordamini.
2949 1195 2972 1219 η
2988 1173 3191 1226 Exstat
3208 1170 3269 1224 in
3292 1169 3444 1225 libro
3463 1171 3669 1225 Sacra-

2005 1266 2346 1317 mentorum
2359 1260 2543 1315 missa
2556 1276 2665 1331 pro
2682 1276 3045 1332 quacunque
3059 1258 3454 1314 tribulatione.
3472 1261 3668 1329 Nuper

2004 1368 2146 1407 vero
2168 1366 2280 1419 ego
2302 1350 2482 1406 aliam
2507 1349 2701 1421 reperi
2720 1348 2782 1404 in
2802 1349 2980 1405 veteri
3002 1348 3205 1404 codice
3227 1365 3363 1414 ms.,
3386 1364 3572 1420 quam
3604 1347 3663 1401 in

2004 1438 2349 1511 Appendice
2378 1442 2649 1493 actorum
2680 1441 2950 1493 veterum
2980 1438 3154 1493 edere
3183 1438 3379 1493 visum
3412 1441 3521 1493 est.

2072 1528 2353 1581 Edictum
2384 1532 2673 1581 nostrum.
2707 1526 2852 1581 Hinc
2883 1526 3076 1593 colligi
3110 1542 3289 1597 posse
3320 1525 3551 1581 videtur
3574 1525 3662 1595 je-

1996 1613 2170 1685 junia
2199 1617 2254 1669 et
2286 1613 2751 1686 supplicationes
2781 1628 2917 1684 quae
2968 1616 3133 1668 extra
3162 1613 3434 1668 ordinem
3462 1613 3662 1681 injun-

2002 1702 2316 1772 gebantur,
2360 1718 2480 1756 non
2514 1702 2743 1773 absque
2774 1700 3119 1757 auctoritate
3158 1699 3442 1773 principis
3488 1700 3662 1754 inter-

2001 1792 2148 1848 dum
2200 1791 2579 1847 consuevisse
2609 1789 2868 1845 decerni.
2906 1793 3143 1845 Frustra
3181 1789 3342 1844 enim
3379 1789 3660 1860 princeps

2002 1879 2229 1935 tolleret
2258 1879 2670 1934 necessitatem
2702 1876 3087 1950 exspectandi
3115 1876 3292 1932 edicti
3321 1876 3367 1931 si
3398 1891 3470 1932 ea
3497 1875 3663 1932 nulla

2001 1969 2224 2025 fuisset.
2256 1968 2499 2025 Carolus
2521 1971 2768 2038 Magnus
2789 1966 2851 2022 in
2878 1966 3044 2022 brevi
3074 1966 3472 2038 capitulorum
3493 1965 3661 2038 quod

2001 2074 2035 2114 a
2070 2058 2388 2116 Sirmondo
2418 2057 2645 2113 editum
2677 2060 2765 2112 est
2801 2056 2863 2111 in
2894 2060 3058 2112 tomo
3085 2055 3350 2111 secundo
3378 2054 3662 2111 Concilio-

1999 2165 2135 2203 rum
2167 2147 2389 2218 Galliae,
2421 2161 2563 2219 pag.
2595 2150 2718 2201 262.
2757 2168 2784 2194 ››
2814 2144 3011 2200 Primo
3057 2143 3660 2200 commemorandum

1999 2241 2091 2293 est
2120 2236 2285 2309 quod
2313 2250 2475 2291 anno
2504 2233 2801 2306 praeterito
2833 2234 2941 2289 tria
2969 2233 3250 2288 triduana
3275 2232 3505 2303 jejunia
3530 2231 3664 2287 feci-

2000 2343 2157 2392 mus,
2188 2328 2373 2381 Deum
2407 2323 2637 2379 orando
2662 2327 2728 2378 ut
2752 2322 2845 2377 ille
2874 2321 3052 2377 nobis
3082 2321 3430 2391 dignaretur
3471 2325 3663 2377 osten-

2001 2413 2141 2469 dere
2198 2414 2260 2467 in
2315 2410 2537 2483 quibus
2604 2401 2976 2465 convchatio
3034 2413 3239 2464 nostra
3305 2425 3509 2465 coram
3561 2408 3661 2465 illo

2002 2500 2312 2556 emendari
2341 2498 2681 2555 debuisset:
2715 2498 2879 2569 quod
2909 2512 3071 2553 nunc
3120 2498 3314 2553 facere
3357 2497 3660 2555 desidera-

2001 2606 2161 2646 mus.
2197 2612 2223 2639 ››
2258 2588 2594 2644 Ludovicus
2623 2587 2757 2642 Pius
2787 2587 2847 2642 in
2893 2586 3061 2642 tertio
3093 2585 3405 2659 capitulari
3454 2584 3665 2658 Aquis-

2002 2679 2303 2751 granensi,
2332 2682 2540 2751 cap.3:
2573 2700 2601 2725 ‹‹
2625 2676 2943 2733 Recordari
2972 2692 3084 2731 vos
3115 2675 3416 2731 credimus
3468 2673 3661 2747 quali-

2001 2771 2129 2827 liter
2159 2770 2274 2824 hoc
2299 2784 2460 2824 anno
2505 2767 2752 2823 consilio
2783 2768 3164 2823 sacerdotum
3208 2770 3264 2821 et
3308 2764 3563 2821 aliorum
3590 2763 3661 2818 ﬁ-

2002 2859 2223 2915 delium
2266 2862 2609 2913 nostrorum
2664 2857 2938 2927 generale
2963 2855 3261 2927 jejunium
3315 2870 3424 2927 per
3472 2857 3663 2910 totum

2002 2962 2258 3017 regnum
2278 2950 2625 3002 nostrorum
2649 2945 2947 3001 celebrare
2965 2944 3276 3014 jussimus.
3294 2968 3321 2993 ››
3350 2942 3583 2999 Etinfra
3603 2959 3616 2997 :
3636 2966 3662 2991 »

2003 3035 2289 3092 Volumus
2322 3040 2385 3091 ut
2417 3034 2691 3105 generale
2708 3034 3055 3090 triduanum
3071 3032 3370 3105 jejunium
3397 3031 3664 3087 secunda

2004 3125 2149 3180 feria
2174 3128 2311 3197 post
2335 3129 2578 3180 octavas
2604 3126 2979 3178 Pentecostes
3000 3120 3428 3178 celebrandum
3448 3120 3666 3176 indice-

2001 3217 2098 3269 tur
2122 3218 2179 3269 et
2208 3212 2558 3283 generaliter
2592 3211 2670 3267 ab
2700 3211 2984 3267 omnibus
3015 3227 3155 3266 cum
3204 3225 3446 3266 summa
3492 3209 3666 3264 devo-

2004 3302 2163 3357 tione
2205 3302 2627 3357 observetur.»
2671 3300 2819 3355 Vide
2870 3298 3189 3355 concilium
3232 3296 3557 3354 Parisiense
3587 3310 3665 3362 vr,

2002 3391 2061 3446 in
2091 3391 2341 3457 epistoia
2371 3390 2449 3447 ad
2482 3390 2849 3446 Ludovicum
2880 3392 2937 3445 et
2968 3387 3310 3444 Lotbarium
3341 3387 3665 3458 imperato—

2000 3496 2115 3545 res,
2150 3485 2207 3536 ct
2232 3480 2336 3535 lib.
2369 3496 2425 3533 γι
2459 3479 2805 3552 Capitular.,
2838 3494 2969 3550 cap.
3009 3478 3128 3533 184.

2076 3591 2210 3644 CAP.
2240 3591 2365 3642 286.
2394 3619 2461 3625 ——
2492 3587 2776 3640 Prmstat.
2813 3583 3188 3651 Commodat,
3217 3586 3492 3636 mutuum
3542 3580 3666 3634 dat.

2005 3674 2243 3744 Gallice,
2277 3675 2382 3744 qui
2426 3669 2615 3742 préte.
2668 3670 2938 3725 Ruricius
3000 3667 3436 3724 Lemoviccnsis
3491 3668 3595 3722 lib.
3629 3685 3665 3731 ι,

2004 3761 2170 3835 epist.
2204 3768 2257 3827 7,
2292 3760 2370 3815 ad
2402 3757 2717 3814 Bassulum
2749 3757 3180 3825 Cadurcorum,
3213 3758 3297 3811 uti
3335 3770 3488 3824 reor,
3521 3755 3671 3826 epis-

2005 3866 2259 3923 copum:
2297 3848 2586 3904 «Librum
2617 3862 2799 3919 quem
2812 3844 3214 3918 praestiteratis
3244 3859 3341 3899 me
3371 3843 3669 3898 remisisse

2005 3938 2350 4009 signiﬁco.»
2383 3936 2507 3992 Lib.
2544 3953 2581 3990 ιι
2609 3936 2756 4007 legis
2788 3935 3203 4006 Wisigothor.,
3236 3935 3316 3990 tit.
3350 3939 3403 4006 5,
3434 3948 3567 4006 cap.
3594 3935 3664 3987 2:

2005 4052 2032 4079 «
2060 4029 2117 4086 Si
2145 4028 2281 4101 quis
2320 4026 2497 4083 alicui
2522 4027 2866 4097 jumentum
2908 4030 3011 4081 aut
3040 4024 3343 4081 caballum
3375 4028 3478 4080 aut
3506 4022 3667 4091 aliud
3756 4078 3769 4097 κ

2004 4117 2231 4176 animal
2282 4115 2691 4190 praestiterit.»
2739 4115 2928 4170 Titulo
2973 4118 3038 4171 54
3075 4114 3225 4184 legis
3287 4113 3529 4171 Salicee:
3557 4137 3583 4161 ‹‹
3611 4113 3667 4169 Si

2002 4209 2137 4282 quis
2183 4207 2349 4263 alteri
2391 4206 2465 4261 de
2509 4206 2690 4261 rebus
2724 4205 2849 4261 suis
2878 4205 3103 4278 aliquid
3144 4204 3498 4279 praestiterit,
3531 4207 3587 4259 et
3615 4203 3665 4257 ci

2002 4297 2250 4353 reddere
2277 4294 2551 4351 noluerit.
2578 4319 2606 4344 ››

215 4434 375 4483 ram,
408 4433 545 4489 quis
572 4433 747 4472 servo
782 4421 995 4489 sponte
1026 4417 1314 4490 nupserit,
1344 4417 1406 4472 in
1438 4422 1687 4488 curtem,
1711 4416 1772 4472 id

2091 4405 2255 4476 570
2271 4406 2405 4460 CAP.
2437 4405 2561 4458 289.
2599 4434 2667 4442 —
2697 4402 3005 4457 Absidam.
3040 4400 3228 4456 Editio
3260 4397 3663 4459 Helmmstad.,

217 4506 515 4577 palatium
553 4506 707 4572 regis
757 4505 985 4561 ducant
1021 4510 1077 4561 et
1128 4506 1283 4561 inter
1333 4505 1592 4578 pensiles
1644 4504 1895 4561 ancillas

220 4594 611 4649 constituant.
643 4594 779 4649 Haec
806 4598 933 4650 erat
960 4594 1138 4663 igitur
1168 4609 1350 4667 paena
1379 4594 1509 4664 ejus
1538 4609 1673 4665 quae
1697 4608 1758 4647 se
1780 4607 1896 4647 ser-

216 4699 293 4736 vo
338 4684 759 4754 conjunxerat.
817 4684 1095 4756 Superest
1141 4688 1206 4737 ut
1252 4682 1679 4751 investigemus
1729 4681 1897 4754 quod

218 4771 547 4827 discrimen
562 4777 715 4826 esset
734 4772 886 4828 inter
901 4772 1024 4827 duo
1036 4772 1304 4841 genecia.
1322 4774 1471 4827 Nam
1488 4770 1894 4842 Spelmannus

218 4858 376 4915 hanc
414 4865 645 4931 partem
673 4860 907 4932 reliquit
933 4860 1239 4916 intactam.
1273 4864 1335 4915 In
1363 4858 1668 4931 superiore
1718 4858 1897 4928 igitur

220 4949 387 5004 haud
415 4949 599 5004 dubie
631 4951 876 5021 genecio
908 4950 1241 5005 constitutae
1268 4953 1438 5005 erant
1463 4948 1692 5003 ancillae
1722 4947 1895 5017 origi-

219 5037 413 5105 nales,
444 5037 506 5092 id
537 5043 627 5093 est
652 5054 786 5110 quae
819 5054 941 5093 non
968 5041 1384 5110 peccaverant,
1433 5036 1541 5092 sed
1591 5052 1664 5092 ex
1710 5036 1896 5092 servis

219 5131 378 5181 nata:
405 5131 575 5183 erant
600 5127 663 5182 in
691 5126 976 5183 domibus
998 5126 1405 5183 dominarum.
1434 5129 1549 5182 Has
1568 5126 1770 5199 itaque
1790 5125 1897 5181 ho-

230 5216 461 5270 nestius
490 5216 848 5272 tractabant.
883 5218 1024 5281 Quae
1049 5231 1190 5273 vero
1229 5219 1640 5289 peccaverant,
1671 5232 1755 5271 eae
1783 5215 1893 5271 for-

218 5305 403 5360 tassis
451 5305 512 5361 in
544 5306 863 5375 ergastulis
902 5306 1257 5373 constitutae,
1292 5321 1367 5361 ne
1398 5304 1459 5360 in
1504 5309 1893 5377 conspectum

216 5393 470 5466 quidem
500 5394 889 5451 dominarum
920 5394 1428 5461 admittebantur;
1467 5394 1573 5449 sed
1617 5393 1677 5448 id
1726 5394 1893 5465 quod

214 5482 400 5537 vilius
427 5488 555 5539 erat
607 5484 764 5540 intra
821 5484 1072 5539 domum
1125 5484 1440 5553 curabant,
1471 5482 1669 5538 felices
1727 5482 1891 5553 quod

216 5570 422 5625 adhuc
453 5573 766 5628 autvivere
793 5572 1311 5644 permittebantur,
1341 5578 1443 5629 aut
1467 5571 1739 5627 exsilium
1765 5586 1887 5627 non

238 5658 579 5717 olerabant.

2002 4496 2285 4553 absidem.
2340 4496 2666 4565 Utrumque
2710 4492 2944 4560 dicitur,
2981 4490 3088 4544 scd
3131 4490 3343 4544 absida
3387 4489 3664 4559 frequen-

2000 4585 2139 4640 tius.
2171 4582 2359 4652 Vulgo
2400 4586 2600 4636 autem
2642 4579 2921 4635 absidam
2954 4579 3416 4650 interpretantur
3460 4575 3662 4631 sedem

2002 4673 2126 4728 sive
2156 4670 2439 4726 thronum
2470 4670 2671 4736 fuisse,
2707 4668 2790 4723 uti
2820 4682 2981 4723 nunc
3007 4680 3251 4737 quoque
3283 4668 3389 4733 est,
3420 4664 3481 4718 in
3512 4663 3675 4719 absi—

2001 4760 2100 4827 da,
2134 4759 2195 4814 id
2217 4763 2324 4826 est,
2356 4757 2511 4812 intra
2542 4756 2805 4829 spatium
2832 4771 2947 4810 arte
2979 4752 3195 4824 majori
3228 4752 3660 4824 propinquum,

2002 4847 2166 4921 quod
2197 4851 2262 4903 ut
2315 4846 2645 4920 plurimum
2699 4842 2977 4900 cancellis
3036 4845 3349 4914 separatur
3375 4857 3410 4896 a
3434 4839 3665 4913 reliqua

2000 4940 2168 5009 parte
2200 4936 2482 4991 ecclesiae.
2515 4934 2627 4991 Sed
2655 4950 2794 4988 cum
2827 4931 2991 5004 apud
3020 4929 3403 4985 Anastasium
3446 4929 3508 4984 in
3538 4928 3663 4985 Vita

2004 5025 2214 5080 Leonis
2246 5026 2335 5096 IlI,
2369 5024 2664 5097 reperiam
2710 5021 2879 5077 illum
2912 5021 3201 5076 fenestras
3244 5019 3319 5075 de
3351 5018 3561 5075 absida
3590 5035 3660 5074 ex

2002 5112 2152 5169 vitro
2177 5113 2424 5170 diversis
2454 5110 2754 5169 coloribus
2781 5108 3143 5167 conclusisse
3192 5112 3371 5181 atque
3413 5108 3660 5164 decora—

1999 5202 2178 5267 visse,
2231 5217 2415 5272 cogor
2458 5199 2733 5256 absidem
2784 5197 3156 5271 interpretari
3203 5197 3279 5253 de
3327 5198 3523 5271 spatio
3558 5196 3658 5252 illo

2000 5291 2187 5362 quod,
2218 5295 2283 5345 ut
2310 5289 2454 5359 dixi,
2485 5288 2898 5361 propinquum
2928 5291 3020 5342 est
3043 5302 3162 5342 aras
3184 5286 3420 5359 majori,
3443 5292 3499 5343 et
3525 5301 3660 5344 can-

2000 5378 2161 5434 cellis
2189 5382 2535 5451 separatum
2569 5380 2658 5433 est
2688 5392 2724 5433 a
2751 5376 2981 5449 reliqua
3011 5375 3280 5433 ecclesia.
3312 5376 3452 5432 Vide
3500 5373 3659 5430 Glos-

1998 5467 2223 5523 sarium
2273 5466 2561 5523 Francisci
2604 5465 2828 5535 Pithoei,
2856 5470 2913 5522 et
2964 5465 3279 5539 Rosweydi
3324 5463 3658 5522 Onomasti-

1996 5569 2110 5609 con
2139 5554 2217 5609 ad
2250 5553 2403 5609 Vitas
2435 5555 2699 5610 Patrum.

2075 5663 2207 5717 CAP.
2222 5665 2346 5718 290.
2365 5693 2434 5703 -—
2448 5662 2745 5719 Ciliciam.
2769 5662 2941 5728 Quod
2957 5660 3218 5718 ecclesiae
3233 5623 3652 5715 vestimentum
