4034 6182
348 250 453 301 435
1728 234 1941 293 STEPH

2163 240 2385 297 ALUle
3662 230 3756 292 438

328 353 505 427 vocat
528 368 797 426 Ruricius
828 367 911 423 lib
936 380 994 433 ιι,
1023 366 1193 439 epist.
1225 370 1315 422 20.
1346 366 1485 424 Vide
1517 371 1690 421 notas
1747 367 1984 419 nostras
2025 370 2072 423 Α
2106 370 2274 422 erant
2307 380 2434 423 aevo
2463 365 2727 438 Gregorii
2753 366 2817 422 XI
2848 369 2904 422 et
2941 363 3226 422 Bomfacii
3254 364 3341 434 IX,
3373 380 3409 420 a
3440 378 3537 419 me
3579 374 3762 436 nuper

329 462 407 517 ad
438 459 714 516 homilias
745 455 981 512 Caesarii
1011 453 1394 512 Arelatensis.
2101 454 2373 512 inventas
2404 457 2466 512 in
2491 455 2675 513 veteri
2703 454 2905 511 codice
2932 471 3048 512 ms.
3081 452 3453 510 bibliothecae
3480 451 3691 523 Regius.

377 543 532 604 CAP.
552 548 676 603 291.
696 577 764 587 ——
792 545 1145 613 Expellam.
1181 547 1262 600 Ex
1284 538 1468 601 veteri
1499 543 1765 600 Ecclesiae
1797 555 1984 609 more,
2174 546 2306 600 Car.
2333 544 2455 602 316.
2486 578 2554 585 —
2587 544 2951 617 Quicunque.
2987 542 3053 599 Id
3079 548 3183 612 est,
3212 542 3559 617 quicunque
3583 555 3655 597 ex
3671 541 3758 597 his

327 655 462 711 quae.
481 636 831 709 pmnitentes
849 637 1194 690 aconventu
1210 640 1265 690 et
1281 634 1986 691 communioneremove-
2097 632 2203 704 qui
2242 631 2657 706 paenitentiam
2701 636 3081 706 acceperunt,
3115 644 3185 688 ac
3233 634 3421 687 vestes
3477 630 3760 704 pmnitem

326 728 449 782 bat.
484 724 736 794 Insignis
764 727 855 779 est
880 723 940 779 in
962 738 1097 779 eam
1118 738 1247 804 rem
1267 722 1514 780 homilia
1534 722 1732 796 prima
1752 719 1987 777 Caesarii
2098 721 2248 778 tium
2271 729 2748 797 assumpserunt.
2773 723 3005 796 Alioqui
3034 721 3195 778 enim
3220 720 3476 778 ridicula
3493 723 3648 776 esset
3668 718 3761 776 illa

325 814 706 871 Arelatensis.
746 813 859 870 Sed
897 813 1054 869 hanc
1090 813 1363 884 regulam
1388 816 1598 886 postea
1630 811 1692 867 in
1732 808 1983 881 gratiam
2099 812 2502 869 constitutio.~

324 902 829 959 monasteriorum
857 900 1223 971 infregerunt
1253 900 1507 957 Romani
1534 899 1866 973 pontifices.
2170 900 2304 956 CAP.
2338 902 2461 957 327.
2495 932 2562 941 -—
2597 898 2976 971 Spectacula.
3015 902 3295 955 Larvatos
3342 898 3639 963 homines,
3665 897 3765 954 de:

406 994 477 1049 Ut
499 1006 811 1061 peccemus
835 991 1102 1061 instigat.
1127 992 1290 1047 Hanc
1317 989 1639 1045 formulam
1663 1004 1792 1044 esse
1816 991 1982 1042 vetu-
2094 991 2494 1047 mascarades.
2549 990 2681 1046 Hec
2733 990 2896 1046 enim
2943 991 3082 1045 sunt
3137 986 3481 1051 spectacula
3531 986 3762 1043 ultimo-

327 1086 482 1137 stam
506 1080 679 1136 facile
701 1079 992 1151 colligitur
1012 1095 1084 1135 ex
1107 1079 1344 1135 Ruricio
1376 1076 1797 1145 Lemovicensi,
1820 1074 1983 1148 apud
2094 1091 2230 1132 rum
2260 1081 2621 1153 temporum.
2653 1078 2795 1135 Vide
2830 1094 3019 1152 supra
3046 1077 3150 1134 ubi
3173 1077 3247 1133 de
3281 1076 3625 1134 talamascis
3651 1075 3767 1133 dic‘

326 1187 510 1243 quem
533 1170 647 1226 ista
665 1169 944 1240 leguntur
970 1168 1072 1224 lib.
1106 1185 1167 1238 ιι,
1199 1168 1368 1241 epist.
1400 1168 1462 1223 12
1488 1184 1499 1222 :
1538 1190 1565 1216 «ι
1587 1168 1661 1222 At
1689 1182 1810 1239 quo
1833 1165 1989 1238 prio-
2098 1170 2225 1220 tum
2257 1171 2365 1223 est.
2730 1170 2741 1175 ’

326 1276 420 1314 res
448 1259 663 1314 dicturi
694 1274 904 1314 sumus
933 1257 1273 1329 iniquitates
1288 1261 1527 1313 nostras
1553 1272 1758 1312 coram
1788 1254 1986 1311 Domi-
2170 1255 2301 1310 Car.
2335 1256 2457 1311 328.
2496 1284 2565 1295 -
2589 1254 2868 1327 Synodus
2897 1251 3208 1312 Heltbern.
3244 1250 3309 1309 in
3336 1254 3580 1310 duobus
3612 1257 3770 1310 vetu-

326 1363 406 1403 no
459 1347 552 1401 vel
605 1346 892 1418 prolaturi
920 1346 1033 1401 nisi
1089 1345 1335 1402 diabolo
1384 1346 1608 1418 utique,
1664 1344 1769 1417 qui
1808 1344 1988 1399 delic-
2099 1336 2371 1420 stisspimis
2442 1345 2751 1401 codicibus
2832 1342 3299 1416 manuscriptis,
3371 1354 3495 1399 uno
3568 1343 3762 1414 Regio,

326 1442 524 1491 torum
546 1439 603 1490 et
628 1436 899 1489 incentor
926 1439 1017 1489 est
1038 1437 1096 1490 et
1123 1433 1354 1489 delator
1373 1435 1401 1489 ‘?
1430 1438 1557 1506 Ipse
1582 1434 1742 1489 enim
1766 1436 1831 1489 ut
1856 1449 1991 1506 pec-
2099 1434 2157 1488 et
2223 1432 2408 1490 altero
2467 1439 2692 1502 nostro,
2750 1433 2965 1504 legitur
2997 1451 3008 1488 :
3071 1432 3351 1503 Synodus
3402 1432 3767 1489 Ebernensia

326 1539 532 1580 cemus
558 1522 819 1592 instigat.
856 1524 1004 1596 ipse,
1038 1539 1176 1578 cum
1221 1524 1695 1595 peccaverimus,
1726 1525 1988 1578 accusat.
2100 1521 2342 1578 dicitur.
2384 1522 2451 1578 In
2501 1522 2690 1579 tribus
2740 1521 3236 1595 quadragesimts,
3282 1525 3390 1578 etc.
3424 1521 3603 1577 Vetus
3648 1519 3763 1577 col-

330 1616 394 1668 Et
423 1611 558 1668 ideo
606 1611 667 1666 in
697 1610 1072 1667 confessione
1113 1611 1435 1667 criminum
1466 1628 1502 1667 a
1543 1610 1719 1667 nobis
1766 1626 1993 1684 prreve-
2102 1610 2276 1667 lectio
2303 1624 2606 1668 canonum
2638 1610 3112 1677 Hibernicorum,
3151 1609 3323 1682 572
3373 1608 3535 1666 edita
3577 1609 3635 1664 in
3684 1612 3770 1664 θοι

325 1701 524 1757 niatur
552 1700 613 1757 in
663 1700 910 1767 saeculo,
940 1703 1007 1756 ut
1034 1704 1242 1757 contra
1272 1716 1384 1756 nos
1416 1715 1538 1755 non
1570 1700 1792 1756 habeat
1826 1699 1993 1773 quod
2033 1718 2076 1773 Β
2101 1712 2205 1756 mo
2232 1696 2309 1753 1X
2358 1699 2648 1774 Spicilegii
2703 1698 3052 1756 Dacheriani
3100 1712 3174 1755 ex
3220 1697 3629 1755 vetustissimo
3677 1712 3771 1753 co-

328 1790 593 1864 proferat
614 1790 677 1845 in
706 1789 929 1846 futuro.
964 1813 993 1839 ››
2101 1789 2234 1846 dice
2266 1802 2378 1845 ms.
2411 1788 2753 1846 monasterii
2784 1786 3179 1853 Corbeiensis,
3201 1784 3304 1844 lib.
3334 1799 3484 1855 xuv,
3509 1788 3770 1857 synodus

400 1880 643 1937 Necasti
668 1885 904 1950 partus.
939 1911 1007 1920 ——
1052 1879 1355 1936 Obscurus
1403 1884 1491 1935 est
1528 1879 1625 1936 hic
1671 1879 1861 1935 locus.
1894 1882 1998 1934 Pa-
2104 1877 2510 1936 themensis.
2547 1878 2620 1934 In
2668 1878 2878 1947 tribus,
2923 1881 3033 1934 etc.
3077 1876 3309 1933 Viderat
3353 1878 3555 1932 autem
3614 1874 3770 1931 illus-

328 1969 597 2025 rentibus
625 1969 788 2024 enim
822 1969 1080 2041 impenit
1107 1968 1316 2024 decem
1362 1983 1663 2025 annorum
1708 1969 1999 2041 poeniten.
2106 1968 2401 2025 trissimus
2472 1965 2967 2041 archiepiscopus
3024 1964 3362 2022 Parisiensis
3423 1966 3627 2022 Petrus
3700 1964 3771 2021 de

327 2060 474 2116 tiam
508 2059 612 2131 qui
642 2058 862 2114 liberos
893 2074 1037 2114 suos
1062 2057 1388 2115 voluntarie
1417 2058 1760 2125 occiderint,
1796 2059 1992 2115 statim
2103 2060 2295 2114 Mai-ea
2324 2059 2626 2112 vetustum
2660 2055 2928 2111 codicem
2961 2066 3098 2125 ms.,
3130 2053 3192 2110 in
3229 2066 3352 2127 quo
3396 2058 3582 2127 caput
3616 2053 3769 2109 istud

329 2163 472 2204 vero
501 2163 604 2203 eos
655 2146 979 2203 duodecim
1018 2162 1213 2204 annos
1262 2147 1551 2219 paenitere
1590 2147 1762 2219 jubet
1791 2147 1895 2220 qui
1924 2149 1994 2202 11-
2102 2144 2469 2218 descriptum
2512 2160 2643 2202 esse
2690 2144 3003 2201 dicebatur
3032 2158 3107 2202 ex
3136 2143 3387 2201 concilio
3426 2142 3766 2199 Hibemico.

327 2236 475 2292 lium
531 2235 869 2292 vel’ﬁliam
920 2233 1265 2292 occiderint.
1315 2239 1395 2292 Ne
1443 2236 1581 2309 quis
1637 2252 1777 2293 vero
1830 2241 1999 2309 putet
2106 2234 2282 2291 Erant
2332 2235 2535 2308 itaque
2590 2234 2693 2308 qui
2730 2232 3217 2291 constitutionem
3274 2233 3439 2289 illam
3500 2233 3774 2290 tribuunt

328 2326 621 2382 mendum
663 2325 760 2380 hic
792 2340 942 2392 esse,
976 2329 1283 2393 constans,
1314 2329 1402 2382 est
1428 2325 1556 2381 haec
1578 2325 1752 2382 lectio
1788 2326 1847 2381 in
1879 2326 2000 2382 edi—
2104 2323 2358 2380 concilio
2403 2322 2781 2381 Eliberitano.
2835 2324 2985 2380 illud
3034 2319 3511 2393 admonendum,
3545 2321 3775 2395 aliquos

326 2415 486 2471 tione
535 2413 1048 2470 Helmmstadiensi
1076 2418 1133 2470 et
1159 2413 1221 2469 in
1250 2413 1455 2471 codice
1498 2414 1833 2483 Parisiensi,
1868 2419 1999 2471 tum
2104 2416 2393 2486 praeterea
2438 2423 2700 2470 canones
2734 2409 3114 2469 Eliberitano'
3143 2411 3393 2475 concilio
3441 2410 3697 2468 tributus
3737 2426 3769 2467 a

328 2503 507 2558 etiam
532 2502 594 2558 in
612 2502 792 2558 veteri
813 2501 967 2558 libro
983 2502 1372 2575 pmnitentiali
1393 2518 1578 2576 quem
1599 2503 1860 2560 Morinus
1876 2503 2011 2578 edi:
2105 2501 2447 2559 Burchardo
2497 2507 2553 2559 et
2599 2501 2797 2574 Ivone,
2848 2502 3091 2575 reperiri
3140 2502 3199 2558 in
3240 2501 3588 2558 collectione
3646 2515 3768 2556 mo-

327 2591 415 2647 dit
445 2607 520 2647 ex
542 2590 965 2663 antiquissimo
993 2591 1200 2648 codice
1230 2592 1444 2649 Siculo.
1480 2595 1603 2649 Lux
1630 2597 1829 2649 autem
1856 2593 1998 2648 huic
2103 2591 2344 2648 nasterii
2376 2590 2765 2649 Corbeiensis.
2800 2593 2967 2648 Unde
3012 2590 3164 2648 trahi
3207 2592 3400 2665 potest
3452 2604 3766 2660 argumen-

327 2679 661 2737 difﬁcultati
691 2679 889 2735 atferri
920 2686 1118 2754 potest
1138 2697 1212 2737 ex
1236 2682 1599 2750 Burchardo,
1626 2681 1791 2754 apud
1810 2698 1997 2754 quem
2103 2686 2233 2738 tum
2263 2680 2470 2755 quoad
2497 2677 2649 2739 alios
2669 2681 2772 2755 qui
2818 2694 2939 2738 non
2973 2681 3356 2738 inveniuntur
3398 2680 3554 2737 inter
3593 2696 3767 2763 cano:

326 2770 440 2825 ista
468 2768 748 2839 leguntur
775 2768 837 2824 in
866 2768 1027 2825 libro
1050 2786 1187 2825 xxx:
1228 2792 1256 2818 ‹‹
1282 2771 1487 2827 Fecisti
1517 2770 1683 2843 quod
1711 2771 1995 2843 quaedam
2102 2784 2211 2827 nes
2240 2769 2515 2842 vulgatos
2557 2768 2771 2843 synodi
2806 2768 3198 2826 Eliberitanae.
3232 2772 3378 2826 Fusc
3406 2782 3593 2844 porro
3637 2767 3769 2825 alibl

326 2856 608 2914 mulieres
663 2856 856 2913 facere
915 2858 1127 2928 solent,
1184 2874 1320 2931 quae
1400 2859 1549 2915 dum
1603 2859 1997 2927 fornicamur,
2103 2856 2551 2933 disputabimus
2575 2859 2649 2917 de
2679 2863 2802 2916 toto
2827 2857 2927 2916 illo
2955 2858 3194 2929 negotio
3223 2856 3297 2914 de
3328 2872 3452 2931 quo
3482 2858 3771 2929 agiturin

330 2948 436 3019 57
456 2949 500 3017 1
534 2951 591 3003 et
616 2950 824 3018 partus
854 2962 996 3002 suos
1025 2962 1243 3004 necare
1291 2947 1522 3020 volunt,
1553 2952 1744 3018 agunt
1774 2952 1837 3005 ut
1870 2954 1994 3005 ute-
2102 2948 2221 3005 isto
2242 2949 2457 3021 capite.

319 3051 388 3125 ro
417 3038 741 3125 conceptos
772 3034 1081 3125 excutiant
1104 3036 1228 3091 suis
1262 3036 1570 3093 maleﬁciis
1624 3041 1681 3094 et
1709 3038 1831 3094 suis
1856 3038 1993 3095 her-
2034 3073 2075 3125 ο
2177 3040 2309 3094 Car.
2340 3040 2463 3094 332.
2490 3036 2918 3125 A—ﬂEutogias.
2972 3036 3033 3092 id
3063 3041 3173 3102 est,
3222 3050 3446 3110 panem
3493 3033 3767 3093 benedic-

322 3123 437 3189 bis,
471 3122 682 3179 decem
714 3137 911 3178 annos
930 3138 1039 3196 per
1069 3124 1371 3195 legitimas
1390 3125 1568 3182 ferias
1590 3127 1876 3199 paenitere
1896 3128 1991 3184 de-
2051 3122 2065 3125 ’
2104 3130 2255 3195 tum,
2288 3129 2351 3182 ut
2378 3122 2557 3182 hodie
2586 3124 2910 3198 loquimur.

323 3211 453 3266 bes.
486 3232 513 3261 η
544 3213 613 3267 Et
634 3210 827 3267 infra:
862 3211 1204 3269 interfecisti
1227 3212 1421 3270 filium
1448 3214 1545 3270 vel
1571 3214 1758 3272 ﬁliam
1787 3216 1996 3272 volun.
2175 3213 2305 3270 Car.
2354 3212 2475 3270 333.
2513 3244 2580 3255 -—
2619 3210 2821 3270 Exstat
2860 3214 3023 3286 apud
3075 3212 3485 3270 iiurchardum
3538 3211 3643 3269 lib.
3692 3230 3765 3281 vr,

324 3299 471 3354 tarie
500 3303 640 3371 post
668 3303 912 3373 partum
932 3301 962 3356 ‘2
990 3300 1046 3357 Si
1070 3300 1277 3372 fecisti,
1308 3301 1630 3359 duodecim
1661 3319 1855 3360 annos
1884 3319 1995 3378 per
2105 3314 2238 3375 cap.
2272 3302 2359 3359 33.

321 3388 624 3458 legitimas
655 3388 835 3446 ferias
858 3391 1146 3463 pcenitere
1175 3391 1379 3448 debes.
1406 3414 1435 3441 ‹‹
2172 3388 2309 3446 Car.
2338 3390 2460 3447 335.
2495 3422 2562 3430 —
2588 3389 2841 3447 Cottam.
2877 3389 3066 3446 Editio
3097 3388 3502 3455 Helmzestad.,
3528 3390 3765 3446 collum.

396 3478 554 3533 Ante
610 3484 981 3548 conceptum.
1036 3479 1097 3535 id
1147 3485 1255 3547 est,
1286 3480 1634 3554 potionibus
1681 3485 1740 3538 et
1792 3482 1997 3539 herbis
2103 3479 2213 3537 Sed
2273 3479 2460 3535 codex
2517 3479 2857 3536 Parisiensis
2934 3478 3149 3535 diserte
3225 3479 3517 3551 scriptum
3594 3479 3769 3536 habet

323 3564 641 3620 mortiferis
689 3565 937 3623 effecisti
990 3584 1065 3624 ne
1113 3568 1477 3642 conciperes,
1523 3585 1754 3626 annum
1801 3587 1991 3627 unum
2100 3570 2341 3625 cottam.
2368 3566 2748 3625 Burchardus
2768 3573 2824 3625 et
2854 3568 2955 3625 ivo
2984 3572 3153 3641 parte
3182 3584 3264 3627 vr.
3290 3582 3424 3641 cap.
3461 3570 3593 3637 283,
3622 3572 3769 3626 ωηο

322 3654 638 3727 poeniteas.
670 3658 740 3712 At
770 3656 820 3712 si
862 3661 1262 3731 posteaquam
1311 3659 1654 3732 concepisti,
1684 3677 1824 3716 cum
1857 3675 1991 3731 gra-
2100 3656 2225 3715 sive
2248 3667 2461 3729 cappa.
2495 3657 2823 3715 Concilium
2855 3660 3130 3725 Metcnse,
3150 3656 3423 3714 habitum
3452 3672 3621 3714 anno
3650 3656 3767 3715 888.

319 3740 463 3799 vida
490 3759 576 3811 es,
610 3748 845 3801 uterum
883 3750 1050 3803 tuum
1089 3747 1401 3804 excussisti
1471 3752 1595 3804 tum
1636 3753 1754 3805 tres
1802 3766 1996 3806 annos
2102 3762 2152 3804 c.
2188 3752 2260 3804 6:
2295 3770 2321 3797 «
2353 3748 2422 3804 Ut
2454 3762 2633 3804 nemo
2679 3746 3031 3803 clericorum
3078 3760 3247 3821 arma
3296 3749 3515 3820 portet,
3548 3747 3645 3803 vel
3692 3747 3772 3803 in-

323 3831 610 3904 pcenitere
631 3833 836 3891 debes.
860 3835 1263 3892 Posuitentiale
1293 3836 1729 3907 Andegavense
1761 3838 1992 3894 editum
2101 3834 2393 3893 (iumenta
2421 3834 2657 3894 Iaicalia
2686 3834 2917 3907 induat,
2951 3836 3013 3892 id
3041 3838 3148 3909 est,
3178 3839 3366 3893 cottos
3395 3836 3495 3892 vel
3520 3836 3770 3893 mantel-

322 3938 360 3979 a
389 3925 649 3981 Marino:
677 3948 703 3975 ‹‹
730 3926 933 3983 Mulier
961 3933 1201 3998 partum
1256 3945 1433 3984 suum
1484 3932 1621 3984 ante
1667 3929 1794 3985 dies
1840 3946 1990 4004 qua-
2099 3924 2191 3981 163
2218 3924 2349 3981 sine
2376 3938 2571 3998 cappa
2599 3939 2720 3981 non
2751 3929 2965 3998 portet,
2994 3929 3050 3981 et
3078 3924 3213 3981 laici
3237 3935 3463 3998 cappas
3491 3938 3620 3981 non
3644 3938 3775 3998 por-

319 4010 598 4082 draginta
628 4017 842 4087 sponte
872 4015 1153 4086 perdens,
1198 4032 1429 4073 annum
1462 4032 1653 4072 unum
1680 4019 1986 4090 pmniteat.
2100 4014 2240 4070 teut.
2262 4034 2289 4064 »
2321 4014 2635 4070 Cunradus
2665 4014 2987 4087 episcOpus
3012 4013 3073 4069 in
3097 4010 3387 4069 Chronico
3417 4026 3629 4070 rerum
3661 4012 3773 4070 Mo—

325 4100 384 4157 Si
404 4116 548 4156 vero
598 4107 735 4172 post
762 4102 1166 4182 quadraginta
1195 4104 1342 4173 dies,
1372 4111 1489 4161 tres
1519 4122 1730 4162 annos.
1763 4108 1819 4164 Si
1848 4124 1990 4166 vero
2101 4100 2541 4173 gnuﬁacarum,
2564 4102 2729 4176 apud
2760 4101 3118 4171 Heuberum,
3151 4116 3292 4176 pag.
3326 4102 3431 4159 453
3460 4121 3473 4157 ε
3513 4124 3543 4153 α
3568 4102 3776 4159 Αγησι-

321 4193 646 4262 postquam
674 4191 977 4247 animatus
1001 4192 1197 4264 fuerit,
1227 4194 1402 4268 quasi
1428 4195 1753 4253 homicida.
1792 4222 1817 4247 ››
1849 4198 1989 4255 Vide
2098 4192 2219 4249 dus
2240 4197 2439 4250 autem
2473 4192 2801 4266 primordia
2833 4194 2923 4248 sui
2974 4204 3330 4249 consecrans
3386 4192 3771 4266 praesulatus,

320 4278 735 4335 Burchardum
763 4278 847 4336 lib
881 4296 998 4337 χιχ.
2097 4292 2431 4356 purpuram
2446 4282 2738 4354 optimam
2755 4282 2831 4337 de
2848 4279 3101 4338 almaria
3116 4278 3471 4350 tollens,sibi
3494 4281 3635 4337 fecit
3650 4294 3775 4336 ves

400 4367 645 4437 Veguta.
678 4368 822 4425 Vide
853 4372 1164 4441 Hugonem
1211 4373 1561 4431 Menardum
1601 4375 1661 4431 in
1700 4376 1862 4433 Notis
1910 4378 1987 4434 ad
2032 4429 2074 4444 ,-
2099 4379 2211 4443 tes,
2239 4371 2522 4437 tunicam,
2539 4371 2934 4428 sorcotiumet
2953 4368 3325 4443 mantellum,
3345 4374 3410 4426 ut
3430 4372 3494 4426 in
3516 4372 3770 4444 impera-

317 4429 538 4512 libruin
571 4429 1122 4532 Sacramentourum,
1152 4476 1292 4534 pag,
1326 4429 1494 4519 252,“
1521 4429 1560 4431 ﬁ
1701 4429 1858 4512 “vf-
1912 4429 1987 4434 W—
2030 4429 2074 4484 Π
2100 4429 2244 4518 toris
2286 4458 2452 4517 curia
2497 4429 2817 4530 gloriosior
2854 4462 3226 4533 appareret.»
3251 4429 3417 4517 Cdtta
3458 4429 3623 4530 ergo‘
3654 4458 3767 4513 sive

387 4544 724 4603 Clementia
750 4550 806 4603 et
834 4548 1089 4605 mz‘scrz'c.
1122 4548 1208 4606 Ita
1236 4551 1485 4607 omnino
1520 4552 1709 4609 codex
1737 4570 1849 4609 ms.
1883 4556 1983 4610 Pa-
2098 4554 2295 4606 cottns'
2314 4550 2441 4605 erat
2460 4549 2641 4606 vestis
2661 4548 2946 4620 oblonga,
2973 4547 3079 4604 sed
3108 4562 3245 4621 quael
3283 4548 3549 4620 caputio,
3574 4552 3637 4603 ut
3668 4547 3769 4602 ho-

318 4632 586 4713 risiensis
618 4639 674 4691 et
710 4636 1091 4693 Burchardus
1247 4655 1368 4712 xxx,
1402 4656 1534 4714 cap.
1577 4647 1630 4710 7,
1655 4645 1781 4697 tum
1810 4643 1989 4699 etiam
2096 4639 2191 4695 die
2234 4636 2562 4712 loquimur,
2605 4636 2866 4694 carebat.
2910 4636 3043 4693 Haec
3091 4642 3215 4693 erat
3241 4637 3419 4693 vestis
3450 4637 3759 4700 laicorum,

317 4716 672 4793 Halitgarius
696 4722 756 4781 in
796 4724 950 4782 libro
990 4712 1177 4784 sexto
1214 4728 1365 4785 Nam
1407 4712 1586 4787 editio
1642 4730 1986 4787 Helmres'ta-
2096 4742 2219 4801 qua
2260 4723 2617 4799 prohibetur
2637 4725 2862 4783 clericis
2888 4740 2965 4781 ne
2994 4726 3256 4782 utantur.
3292 4724 3657 4799 Spelmanus
3685 4729 3764 4778 ta-

314 4809 541 4867 diensis
603 4812 685 4870 ita
733 4812 936 4886 habet,
987 4818 1361 4875 clementiam
1409 4825 1466 4875 et
1517 4821 1988 4876 misericordiam
2096 4826 2234 4872 men
2266 4819 2323 4871 et
2363 4814 2603 4870 Vossius
2631 4814 3081 4881 voiunt;cottae
3109 4810 3411 4869 vocabqu
3440 4809 3759 4882 signiﬁcari

318 4904 485 4956 tuam
514 4908 581 4958 ut
599 4903 857 4974 famulo,
891 4907 1000 4961 etc.
1036 4906 1293 4963 Morinus
1341 4912 1565 4980 autem,
1613 4910 1987 4967 clementiam
2094 4904 2432 4977 latibulum,
2481 4900 2852 4976 speluncam,
2887 4913 3114 4970 casam,
3146 4903 3482 4973 tugurium,
3516 4912 3763 4973 gurgus—

317 4994 482 5045 tuam
515 4996 570 5047 et
599 4995 1071 5052 misericordiam
1103 5001 1270 5055 tuam
1299 5006 1355 5055 et
1405 5001 1778 5071 majestatem
1822 5005 1989 5056 tuam
2094 4994 2265 5063 tium,
2298 4995 2421 5050 imo
2463 4994 2645 5050 etiam
2684 4991 2864 5049 cellas
2896 4995 2953 5049 et
2996 4991 3415 5049 dormitorium
3444 4991 3767 5049 monacho-

315 5081 383 5132 ut
404 5077 657 5146 famulo.
677 5083 1010 5139 Lectionem
1033 5099 1212 5156 porro
1232 5087 1454 5145 codicis
1475 5088 1821 5145 Parisiensis
1850 5104 1989 5144 con-
2094 5099 2250 5139 rum.
2285 5087 2521 5139 Frustra
2552 5098 2697 5139 sane
2742 5087 2830 5138 est
2874 5082 3135 5149 Vossius,
3167 5072 3282 5154 'qui
3322 5086 3553 5139 coitum
3602 5076 3766 5154 apud

316 5163 518 5220 ﬁrmat
533 5166 710 5223 etiam
734 5170 904 5227 Liber
928 5172 1347 5232 Poenitentialis
1374 5174 1611 5248 Egberti
1657 5176 1987 5233 Eboracen-
2093 5176 2329 5229 Petrum
2378 5170 2651 5229 Damiani
2680 5168 2783 5228 lib.
2814 5186 2877 5237 ιι,
2907 5169 3077 5243 epist.
3120 5168 3219 5239 ib;
3249 5169 3674 5245 interpretatur
3693 5164 3773 5223 de

315 5253 396 5308 Sis
453 5255 911 5332 arChiepiscopi,
969 5262 1132 5335 apud
1174 5267 1467 5324 Morinum
1515 5267 1577 5323 in
1617 5266 1980 5341 Appendice,
2092 5261 2189 5317 vili
2221 5256 2401 5318 cubili
2427 5259 2531 5318 aut
2558 5256 2792 5333 lectulo,
2810 5260 2956 5317 eum
2988 5258 3082 5317 hic
3112 5264 3329 5330 agatur
3349 5259 3431 5317 de
3455 5263 3615 5317 veste
3642 5266 3771 5314 moa

313 5354 455 5415 pag.
487 5342 569 5415 l9,
592 5348 648 5400 et
678 5346 869 5403 codex
898 5349 1298 5425 Dionysianus
1350 5354 1575 5413 ibidem
1617 5357 1811 5412 editus
1837 5371 1978 5428 pag.
2089 5351 2344 5421 nachali,
2376 5350 2492 5407 sub
2522 5366 2644 5424 qua
2676 5350 3013 5407 monachus
3064 5348 3157 5406 ille
3199 5346 3471 5422 quotidie
3504 5349 3563 5405 in
3614 5344 3767 5403 lecto

311 5434 402 5486 70.
431 5433 611 5488 Fuere
628 5433 955 5508 antiquitus
980 5442 1143 5498 varia
1166 5443 1615 5501 absolutionum
1640 5459 1880 5515 genera,
1905 5443 1981 5500 de
2092 5441 2553 5514 completorium
2575 5436 3011 5496 insusurrabat.
3049 5440 3194 5495 Nam
3215 5438 3536 5495 monachis
3552 5446 3769 5495 exuere

312 5519 535 5614 quibus
566 5520 695 5614 fuse
724 5528 781 5580 et
810 5529 1037 5586 erudite
1068 5536 1291 5614 tractat.
1306 5533 1467 5592 idem
1499 5536 1782 5592 Morinus.
1816 5537 1981 5589 Nunc
2090 5534 2320 5586 vestem
2381 5542 2503 5586 non
2558 5529 2774 5585 licebat
2826 5545 2965 5584 cum
3012 5526 3163 5584 irent
3220 5526 3519 5584 cubitum.
3580 5530 3767 5614 Beguf

309 5623 448 5663 vero
467 5607 563 5664 hic
593 5610 655 5667 in
683 5616 1029 5686 Appendice
1069 5607 1340 5679 actorum
1381 5628 1651 5681 veterum
1692 5623 1867 5678 edere
1904 5621 1982 5678 vi-
2090 5620 2148 5677 la
2206 5619 2397 5677 sancti
2447 5618 2764 5689 Benedicti,
2798 5633 2929 5691 cap.
2976 5617 3042 5674 22
3078 5632 3095 5672 τ
3152 5638 3182 5666 ‹‹
3211 5614 3413 5673 Vestiti
3461 5612 3769 5673 dormiant

309 5713 443 5753 sum
470 5702 563 5755 est
604 5706 836 5761 veteres
868 5706 1159 5766 formulas
1183 5709 1582 5781 absolutionis
1612 5728 1749 5784 quae
1774 5713 1835 5768 in
1867 5727 1982 5768 usu
2092 5715 2145 5766 et
2191 5709 2364 5783 cincti
2407 5709 2661 5781 cingulis
2703 5711 2807 5765 aut
2863 5706 3130 5763 funibus.
3158 5729 3185 5756 ››
3235 5705 3462 5777 Regula
3500 5699 3764 5776 Magistri
