4034 6182
223 131 327 184 437

1297 128 1504 184 NOTAE
1545 131 1641 185 AD
1684 130 1811 185 LIB.
1855 132 1873 184 Ι
1916 129 2005 185 DE
2045 130 2327 190 ECCLES.
2371 131 2707 192 DlSClPL.

3658 167 3768 219 438

229 251 406 360 ξτβ
437 265 573 360 cap.
617 249 673 304 ll
718 266 732 303 :
772 271 799 297 ι(
836 251 989 305 Cum
1020 245 1355 318 dormiunt,
1403 251 1597 309 vestiti
1623 252 1925 309 dormiant
1961 252 2007 307 Α
2036 259 2246 360 rector,
2273 256 2378 360 qui
2409 268 2564 310 rem
2601 255 2665 313 in
2694 265 3015 333 praestitum
3069 266 3488 344 concedebat,
3544 287 3602 340 et
3635 287 3771 360 qui-

337 340 496 395 incti.
537 364 572 388 ~»

337 345 496 395 incti.
537 364 572 388 ~»

224 345 426 487 etEAP.
461 432 591 485 336.
658 460 729 467 -—
785 428 890 483 Ex
918 425 1172 482 concilio
1225 423 1647 497 Adrisphach.
1709 433 1926 485 Locum

224 521 397 576 fuisse
417 518 481 574 in
508 517 806 589 Bajoaria
839 515 1065 572 indicat
1091 513 1296 569 titulus
1331 514 1513 573 istius
1547 518 1777 592 capitis.
1813 518 1925 575 Sed

220 612 275 666 in
297 624 422 681 qua
447 612 629 681 parte
662 606 954 679 Bajoariae
987 603 1132 660 situs
1164 603 1370 672 fuerit,
1400 612 1640 680 autquo
1660 613 1924 680 tempore

218 698 591 755 celebratum
627 697 708 753 sit
723 696 877 753 illud
907 692 1248 763 concilium,
1274 708 1415 750 non
1451 696 1724 769 explicat.
1788 701 1920 753 For-

216 790 382 846 sitam
412 787 686 857 intelligi
717 786 901 842 debet
929 786 1002 841 de
1033 781 1284 839 concilio
1323 786 1502 856 quod
1527 787 1698 857 juxta
1727 787 1923 860 ripam

214 878 467 935 Danubii
502 877 827 934 celebrare
861 892 922 932 se
949 872 1093 931 velle
1115 872 1357 946 scripsit
1378 876 1457 930 ad
1478 876 1824 945 Gregorium
1852 878 1921 932 1H

211 966 554 1023 Bonifacius
591 965 1008 1036 Moguntinus,
1035 967 1101 1018 ut
1114 962 1335 1031 legitur
1361 964 1423 1020 in
1442 964 1691 1038 epistola
1711 965 1922 1038 quinta

206 1055 484 1128 ejusdem
510 1055 820 1126 Gregorii,
846 1070 980 1127 quae
1014 1056 1104 1108 est
1141 1055 1238 1107 i30
1270 1051 1436 1108 inter
1484 1053 1917 1109 Bonifacianas.

210 1151 355 1205 Nam
388 1144 512 1201 illic
545 1145 761 1215 agitur
785 1143 861 1200 de
898 1145 1071 1213 gente
1124 1141 1574 1210 Bajoariorum,
1635 1141 1792 1197 unde
1842 1141 1921 1198 ad

217 1235 570 1307 Gregorium
603 1233 939 1305 scripserat
969 1228 1335 1287 Bonifacius.
1370 1230 1708 1301 Bajoariam
1739 1246 1920 1303 porro

219 1324 524 1382 Bonifacio
555 1322 1023 1381 commissama
1056 1320 1350 1388 Gregorio
1407 1334 1562 1391 esse,
1620 1325 1677 1377 et
1732 1337 1768 1376 a
1818 1324 1920 1376 Za-

225 1415 428 1473 charia
480 1413 939 1480 conﬁrmatam,
996 1408 1171 1464 docet
1218 1409 1489 1481 epistola
1519 1408 1792 1480 ejusdem
1823 1412 1923 1465 Za-

227 1505 440 1562 charias
464 1503 543 1559 ad
574 1503 785 1576 ipsum
817 1499 977 1567 data,
1009 1513 1141 1571 qum
1173 1502 1272 1553 est
1339 1500 1436 1554 143
1491 1499 1642 1555 inter
1689 1498 1922 1555 Bonifa-

2035 342 2150 438 bus
2172 344 2404 414 legibus
2433 357 2601 399 eam
2629 353 2972 410 concederet
2993 354 3369 428 exponebat
3391 379 3406 430 ;
3431 342 3770 438 precariam

2035 432 2267 504 petitor,
2301 434 2404 506 qui
2437 447 2590 521 rem
2625 442 2887 509 precario
2915 444 3281 516 accipiebat,
3325 432 3458 521 qua
3511 477 3765 516 censum

2036 525 2093 576 et
2122 521 2270 577 alias
2303 519 2699 581 conditiones
2721 530 3024 602 impositas
3050 519 3468 604 expleturum
3498 564 3558 602 se
3608 564 3758 620 pro-

2036 609 2330 667 ﬁtebatur.
2366 614 2600 704 Verum
2632 615 2692 670 id
2720 618 2980 690 quidem.
3013 622 3106 676 Set
3135 625 3370 682 tamen
3414 648 3583 704 mque
3608 609 3750 688 ‘cer-

2033 704 2162 756 tum
2185 706 2272 757 est
2290 701 2588 775 precariae
2619 710 2676 761 et
2697 709 3015 779 prmstariae
3057 709 3381 772 vocabula
3442 701 3739 775 confundi

2032 788 2177 844 olim
2205 789 2396 860 solita,
2431 790 2581 864 quia
2603 808 2697 848 res
2728 810 2863 866 quae
2888 796 3158 868 precario
3187 800 3531 871 tenebatur,
3561 820 3725 876 prae-

2033 879 2311 934 stata'vel
2337 881 2603 952 praestita
2634 882 2959 941 dicebatur.
2991 884 3051 940 id
3083 889 3172 940 est
3205 885 3288 941 ad
3323 895 3546 945 certum
3561 873 3718 946 tem-

2032 981 2148 1038 pus
2180 967 2414 1033 tradita,
2464 966 2686 1039 prétée.
2727 971 2847 1027 Lib.
2882 989 2897 1027 ι
2929 973 3279 1044 Antiquitat.
3317 976 3711 1031 Fuldensium

2032 1055 2200 1129 apud
2243 1057 2580 1128 Pistorium,
2632 1075 2772 1132 pag.
2828 1064 2954 1129 459,
3012 1061 3225 1117 lustrat
3282 1064 3532 1134 quidam
3589 1061 3708 1117 tria

2032 1145 2336 1217 mancipia
2394 1146 2630 1203 donans
2688 1150 3052 1205 monasterio
3127 1149 3427 1216 Fuldensi,
3488 1148 3703 1204 abbati

2034 1234 2311 1304 Ratgario
2337 1236 2633 1305 significat
2656 1253 2716 1293 se
2747 1238 3047 1310 mancipia
3076 1236 3178 1293 illa
3206 1237 3433 1294 donare
3460 1253 3531 1292 ea
3554 1252 3702 1291 con-

2031 1320 2256 1377 ditione
2279 1342 2308 1375 «
2344 1329 2405 1378 ut
2428 1329 2484 1379 et
2511 1340 2622 1395 ego
2652 1324 2783 1395 illis,
2818 1341 3009 1397 usque
3026 1325 3175 1380 dum
3199 1325 3381 1395 hujus
3406 1324 3537 1379 vitae
3563 1338 3700 1377 cur-

2028 1408 2218 1465 ricula
2241 1411 2454 1484 patior,
2489 1413 2567 1468 ad
2596 1414 3090 1470 sustentationem
3120 1429 3228 1484 per
3254 1416 3515 1468 vestram
3555 1426 3698 1486 pre-

2031 1498 2278 1555 cariam.
2310 1524 2333 1549 ››
2362 1503 2681 1558 lnnumera
2696 1503 2880 1558 ferme
2903 1506 3041 1558 sunt
3060 1501 3390 1557 istiusmodi
3415 1497 3697 1575 exempla

228 1596 451 1661 cianas,
486 1595 545 1648 et
571 1590 785 1647 scribit
808 1589 988 1645 etiam
1014 1584 1390 1642 Wilibaldus
1416 1587 1477 1643 in
1508 1592 1700 1661 capite
1753 1602 1919 1643 nono
1952 1604 1991 1656 Β
2030 1589 2090 1645 in
2135 1589 2227 1645 his
2264 1589 2430 1647 libris
2485 1592 2918 1665 Antiquitatum
2972 1591 3352 1648 Fuldensium
3417 1593 3477 1661 et
3524 1588 3693 1644 alibi.

226 1686 301 1741 de
331 1685 453 1739 Vita
483 1682 640 1753 ejus.
676 1686 722 1736 Α
750 1678 1054 1735 Bonifacio
1082 1675 1266 1745 igitur
1283 1677 1521 1733 fortean
1547 1672 1917 1732 celebratum

230 1778 317 1829 est
344 1770 677 1827 concilium
706 1768 765 1823 in
817 1768 949 1839 ripa
977 1764 1231 1821 Danubii
1289 1765 1456 1838 apud
1511 1762 1913 1836 Adrisphach.

232 1862 370 1917 Haec
400 1863 487 1917 est
518 1874 662 1915 mea
692 1857 1058 1928 conjectura,
1109 1870 1247 1926 quae
1283 1859 1489 1910 tamen
1514 1869 1638 1909 non
1688 1854 1777 1909 est
1806 1854 1915 1908 ad-

231 1949 487 2006 modum
512 1950 698 2003 certa.
734 1945 893 2001 Infra
921 1943 1112 2017 capite
1167 1947 1274 1999 378
1305 1943 1488 2014 hujus
1541 1940 1677 1998 libri
1725 1946 1917 1999 exstat

231 2034 396 2095 aliud
423 2037 740 2093 decretum
768 2032 1046 2106 ejusdem
1088 2030 1331 2105 synodi.
1393 2035 1458 2087 Et
1508 2030 1777 2087 fortassis
1836 2031 1915 2086 ad

229 2145 366 2185 eam
392 2142 643 2201 quoque
664 2124 965 2199 pertinent
989 2137 1123 2195 cap.
1155 2125 1261 2178 380
1291 2126 1347 2177 et
1386 2120 1510 2188 382,
1560 2119 1778 2176 usitato
1808 2122 1914 2176 Re-

231 2216 471 2287 ginonis
496 2230 669 2270 more
696 2212 763 2268 ut
791 2228 932 2267 cum
962 2226 1035 2266 ex
1094 2208 1400 2281 superiore
1447 2207 1700 2265 concilio
1760 2223 1912 2264 non-

232 2304 399 2362 nulla
421 2320 532 2379 per
557 2302 782 2358 saltum
801 2300 964 2374 petit,
997 2299 1059 2355 in
1086 2298 1255 2354 titulo
1278 2302 1484 2371 ponat.
1518 2298 1686 2355 Unde
1700 2312 1908 2367 supra.

232 2394 407 2462 Quod
432 2392 738 2450 interdum
765 2388 1004 2446 errandi
1032 2387 1273 2445 occasio
1308 2386 1653 2444 Burchardo
1683 2387 1812 2443 fuit.
1900 2412 1911 2417 ν

303 2488 437 2542 CAP.
473 2487 600 2539 342.
649 2514 717 2522 -
770 2481 858 2535 De
884 2479 1248 2534 ministeriis.
1301 2476 1365 2532 Id
1395 2480 1502 2548 est,
1534 2477 1609 2533 de
1639 2476 1819 2533 bonis
1853 2481 1911 2533 et

228 2574 415 2633 rebus
444 2571 732 2639 ecclesiae,
755 2574 817 2625 ut
838 2582 1050 2623 sensus
1067 2566 1334 2639 postulat
1350 2569 1407 2622 et
1426 2567 1602 2622 (locet
1618 2569 1908 2639 praeterea

229 2663 436 2722 titulus
465 2660 698 2735 capitis.
734 2657 890 2713 Infra
922 2672 1053 2729 cap.
1088 2660 1190 2712 275
1244 2675 1255 2711 :
1311 2679 1338 2704 ‹‹
1374 2655 1432 2713 Si
1453 2655 1671 2728 aliquis
1690 2654 1766 2711 de
1793 2654 1906 2711 mi-

227 2754 475 2811 nisterio
505 2748 767 2806 ecclesiae
784 2746 1055 2820 quolibet
1069 2744 1255 2801 modo
1276 2742 1504 2817 aliquid
1526 2743 1758 2799 furatus
1775 2743 1902 2800 fue-

223 2845 318 2914 rit,
350 2846 582 2915 septem
613 2853 805 2894 annos
826 2836 1132 2910 poeniteat.
1170 2857 1197 2883 ››
1231 2834 1321 2891 Sic
1352 2834 1414 2889 in
1444 2833 1626 2889 veteri
1657 2848 1903 2889 concor-

2029 1679 2248 1735 Oharta
2281 1680 2616 1738 Salomonis
2642 1682 2877 1739 abbatis
2910 1681 3099 1738 sancti
3129 1678 3297 1753 Galli,
3331 1677 3495 1753 apud
3556 1677 3695 1733 Gol-

2026 1766 2268 1823 dastum
2295 1768 2353 1823 in
2384 1772 2547 1825 tomo
2569 1770 2834 1827 secundo
2868 1773 3084 1826 Rerum
3130 1766 3692 1840 Alamannicarum,

2024 1871 2166 1929 pag.
2220 1860 2286 1912 69
2340 1874 2351 1911 :
2410 1879 2437 1904 «
2473 1859 2843 1931 Complacuit
2905 1858 3079 1914 nobis
3110 1863 3177 1914 ut
3202 1874 3297 1915 res
3321 1872 3482 1932 quas
3508 1848 3699 1912 nbb’is

2026 1944 2266 2000 tradidit
2299 1946 2677 2016 lngelboldus
2700 1963 2806 2020 per
2830 1948 2990 2004 hanc
3011 1948 3350 2019 precariam
3375 1946 3428 2002 ei
3450 1949 3696 2018 praesta-
3792 1962 3797 1969 ’

2024 2050 2245 2091 remus.
2282 2058 2308 2084 »
2334 2037 2544 2108 Supra,
2578 2053 2719 2109 pag.
2754 2041 2844 2104 65,
2880 2060 2906 2087 ‹‹
2937 2037 3251 2109 praestaria
3275 2038 3334 2094 in
3353 2035 3693 2111 quinquen-

2023 2124 2125 2179 nio
2154 2128 2456 2195 renovata,
2492 2148 2519 2177 ››
2538 2126 2711 2197 juxta
2741 2125 2939 2195 legem
2974 2124 3047 2179 de
3080 2127 3365 2199 precariis
3394 2140 3690 2181 renovan-

2024 2214 2117 2270 dis
2147 2230 2334 2288 quam
2360 2217 2584 2287 Regino
2610 2216 2791 2272 refert
2818 2214 2973 2270 infra
2996 2231 3130 2288 cap.
3165 2220 3268 2273 365
3312 2215 3492 2287 hujus
3527 2213 3685 2272 libri.

2024 2303 2322 2359 Precarias
2349 2319 2490 2374 ergo
2520 2304 2753 2359 dabant
2781 2306 2838 2358 et
2865 2302 2926 2358 hi
2978 2303 3083 2375 qui
3120 2321 3250 2362 rem
3295 2303 3682 2379 praestabant.

2024 2395 2200 2449 Porro
2221 2409 2331 2466 pro
2360 2393 2451 2448 his
2482 2391 2683 2448 verbis
2715 2390 2994 2447 dicebant
3019 2393 3201 2449 etiam
3254 2394 3683 2468 precationem,

2021 2479 2387 2552 petitionem,
2414 2478 2884 2554 priestationem,
2916 2479 3304 2549 beneﬁcium,
3335 2487 3399 2539 ut
3416 2487 3579 2557 patet
3608 2499 3683 2540 ex

2022 2567 2279 2624 laudatis
2304 2569 2742 2642 Antiquitatum
2761 2568 3147 2627 Fuldensium
3173 2571 3358 2628 libris.

2090 2659 2227 2712 CAP.
2262 2662 2387 2714 363.
2421 2690 2489 2697 ——
2527 2656 3010 2725 Usu/‘ructuario.
3051 2657 3115 2716 Id
3146 2665 3253 2728 est,
3311 2675 3416 2734 per
3471 2677 3681 2735 preca-

2016 2745 2189 2801 riam.
2227 2749 2378 2802 Nam
2400 2744 2506 2817 qui
2534 2743 2677 2798 olim
2697 2760 2803 2817 per
2821 2746 3158 2819 precariam
3187 2748 3494 2821 possidere
3520 2749 3681 2807 dice—

2010 2834 2254 2899 bantur,
2284 2830 2561 2908 sequenti
2593 2834 2858 2906 tempore
2908 2851 3001 2891 res
3046 2835 3436 2894 ecclesiarum
3482 2841 3681 2896 tenere

221 2934 326 2989 dia
356 2928 799 2986 monachorum
849 2923 1251 2981 Tutelensium
1283 2937 1422 2978 cum
1471 2921 1903 2978 Aureliacensi-
1931 2953 1972 3006 ο
2011 2923 2374 2980 dicebantur
2404 2918 2865 2991 usufructuario,
2898 2928 2961 2980 ut
2988 2929 3153 2997 patet
3182 2943 3255 2983 ex
3284 2925 3498 2983 iisdem
3515 2924 3695 2984 libris'

220 3024 341 3079 bus
366 3018 613 3076 nomine
634 3013 1062 3091 presbyteralis
1122 3011 1431 3068 ministerii
1485 3010 1899 3081 intelliguntur
2009 3012 2459 3085 Antiquitatum
2492 3009 2893 3069 Fuldensium.
2921 3013 3089 3071 ldem
3115 3015 3276 3072 enim
3296 3013 3455 3072 valet
3483 3020 3680 3073 tenere

220 3113 390 3169 bona
420 3115 479 3166 et
509 3124 604 3163 res
636 3104 895 3162 ecclesiae
947 3122 960 3160 :
993 3127 1021 3153 «
1058 3100 1465 3174 Presbyterale
1497 3100 1891 3157 ministerium

220 3200 493 3258 ecclesias
524 3195 712 3252 sancti
740 3192 1008 3250 Amancii
1032 3193 1107 3248 de
1130 3191 1403 3253 Faurcie,
1428 3192 1485 3245 et
1498 3192 1617 3244 tres
1638 3205 1890 3245 mansos

219 3292 282 3348 in
317 3289 537 3345 eadem
566 3289 745 3342 curte.
779 3302 809 3337 ›
865 3283 1005 3339 Vide
1036 3298 1168 3356 quae
1212 3280 1287 3336 de
1315 3279 1466 3335 ﬁsco
1496 3277 1889 3351 presbyterali

221 3390 412 3453 supra
442 3376 707 3431 diximus
732 3374 791 3429 in
822 3372 976 3429 notis
999 3370 1078 3429 ad
1107 3375 1291 3445 caput
1317 3372 1411 3424 24.

294 3471 434 3523 CAP.
496 3469 617 3521 347.
678 3495 744 3504 -—
796 3464 1117 3533 Ignorante
1158 3458 1433 3515 concilio.
1481 3455 1545 3510 Id
1577 3458 1665 3510 est
1711 3455 1890 3520 clero,

218 3558 381 3615 infra
439 3572 575 3629 cap.
632 3556 755 3621 349,
806 3550 1134 3608 Concilium
1188 3547 1352 3603 enim
1400 3542 1706 3600 interdum
1741 3546 1894 3602 dice-

220 3649 373 3704 bant
442 3660 584 3702 cum
664 3642 888 3699 clerum
966 3637 1381 3707 intelligerent.
1466 3631 1624 3688 Infra
1701 3635 1895 3708 capite

294 3744 353 3805 7,
408 3750 611 3792 coram
671 3731 919 3788 concilio
969 3726 1275 3784 Ecclesia.
1342 3725 1674 3794 Imperator
1754 3725 1897 3780 30n-

226 3826 527 3882 stantinus
591 3840 603 3876 :
689 3842 715 3869 ‹‹
777 3818 1008 3873 Habeat
1088 3810 1515 3885 unusquisque
1591 3809 1893 3868 licentiam

228 3912 609 3970 sanctissimo
664 3907 966 3965 catholicae
1012 3900 1461 3972 venerabilique
1514 3898 1769 3957 concilio
1799 3901 1897 3957 de-

224 4002 474 4072 cedens,
501 3999 800 4056 bonorum
838 3993 1006 4069 quod
1043 3991 1273 4068 optavit
1313 3988 1675 4062 relinquere.
1700 4007 1730 4042 ›
1768 3993 1894 4045 Non

224 4094 445 4149 licebat
497 4105 637 4160 ergo
680 4086 977 4162 episcopis
1024 4082 1356 4140 distrahere
1408 4078 1575 4135 bona
1624 4079 1899 4137 ecclesia-

228 4199 363 4239 rum
416 4180 651 4251 absque
704 4176 957 4234 concilio
1006 4178 1064 4231 et
1117 4186 1373 4230 assensu
1431 4168 1705 4237 fratrum,
1782 4170 1896 4227 nisi

232 4273 377 4328 forte
434 4267 682 4325 terrulas
730 4270 834 4323 aut
897 4266 1106 4321 vineas
1162 4261 1414 4329 exiguas
1462 4262 1568 4315 aut
1630 4256 1894 4316 ecclesias

232 4362 432 4416 minus
454 4357 630 4414 utiles
670 4362 771 4412 aut
813 4355 995 4425 longe
1039 4351 1291 4426 positas,
1349 4347 1527 4420 514.
1573 4353 1640 4405 ut
1671 4348 1896 4422 placuit

237 4447 555 4519 Agathensi
585 4445 852 4503 concilio.

306 4544 440 4597 Car.
503 4540 626 4592 349.
680 4566 750 4577 -—
812 4536 887 4590 In
937 4544 1044 4589 suo
1098 4532 1278 4588 clero.
1334 4527 1681 4599 Legendum
1728 4528 1893 4585 haud

234 4629 415 4685 dubie
499 4628 684 4683 inscio
756 4626 936 4681 clero.
1023 4625 1241 4677 Verum
1304 4620 1449 4692 quia
1512 4623 1570 4674 et
1615 4618 1895 4675 Martinus

240 4715 638 4783 Bracarensis,
709 4730 781 4769 ex
868 4728 994 4785 quo
1084 4713 1267 4782 caput
1342 4708 1502 4764 istud
1584 4712 1893 4780 sumptum

238 4812 341 4874 est,
394 4810 525 4862 tum
588 4803 972 4860 Burchardus
1031 4801 1091 4855 in
1161 4798 1402 4855 duobus
1453 4796 1619 4859 locis,
1669 4800 1724 4852 et
1794 4800 1893 4852 lvo

237 4895 615 4954 Carnotensis
689 4897 857 4965 parte
912 4907 993 4955 ιιι,
1062 4903 1113 4945 c.
1190 4893 1293 4945 172
1340 4888 1498 4944 hanc
1572 4886 1891 4943 lectionem

240 4985 622 5053 retinuerunt,
676 4996 786 5038 nos
835 4992 1081 5053 quoque
1148 4976 1524 5033 retinendam
1578 4979 1895 5049 propterea

239 5088 367 5132 esse
407 5072 772 5147 putavimus,
819 5068 1152 5143 praesertim
1192 5080 1344 5122 cum
1401 5068 1457 5121 et
1527 5063 1706 5121 editio
1763 5064 1893 5121 Hel-

237 5160 668 5221 mteatadiensis
716 5163 772 5216 et
828 5158 1018 5214 codex
1075 5155 1422 5212 Parisiensis
1479 5154 1643 5211 illam
1677 5154 1894 5210 diserte

238 5251 575 5311 exhibeant.

306 5342 444 5397 Car.
500 5342 622 5398 362.
670 5371 743 5381 —
785 5339 1107 5395 Preca‘riw.
1153 5358 1181 5385 «
1206 5332 1317 5400 Qui
1365 5348 1492 5388 rem
1539 5330 1893 5388 Ecclesiae.»

238 5432 425 5489 verba
456 5435 591 5488 sunt
618 5428 942 5498 Sirmondi,
997 5446 1025 5477 ‹‹
1057 5425 1137 5482 ad
1176 5422 1616 5480 usumfructum
1648 5420 1764 5477 sub
1793 5436 1896 5477 an-

237 5537 365 5578 nuo
390 5534 569 5577 censu
592 5518 1017 5594 impetrabant,
1047 5517 1119 5572 iis
1147 5530 1254 5588 per
1297 5511 1632 5586 precariam
1661 5515 1718 5567 et
1740 5526 1893 5584 prae-

240 5609 483 5668 stariam
510 5609 643 5683 dari
671 5606 920 5665 solebat.
971 5602 1340 5662 Prasstariam
1392 5600 1579 5659 dabat
1631 5597 1892 5655 ecclesiae

2005 3102 2277 3179 precario
2306 3107 2369 3161 et
2401 3100 2861 3159 usufruetuario.
3018 3154 3021 3157 .

2079 3193 2254 3266 575
2286 3195 2489 3268 Caput
2519 3190 2677 3249 istud
2700 3209 2822 3250 non
2867 3197 2955 3250 est
3001 3193 3263 3252 divisum
3310 3195 3372 3251 in
3420 3193 3677 3253 editione

2004 3282 2545 3353 Helmaestadiensi,
2577 3299 2774 3357 neque
2812 3281 2873 3339 in
2920 3283 3194 3355 capitulis
3251 3283 3441 3342 Caroli
3491 3285 3674 3357 Calvi,

2004 3371 2166 3428 unde
2197 3376 2518 3447 sumptum
2550 3375 2657 3429 est.
2675 3372 2937 3429 Divisum
2953 3371 3315 3447 itaqueillud
3327 3373 3567 3432 exhibet
3579 3392 3675 3433 co-

2004 3461 2123 3517 dex
2143 3462 2503 3518 Parisiensis
2534 3462 2616 3520 ita
2642 3466 2706 3518 ut
2730 3479 2765 3517 a
2785 3461 2960 3518 nobis
2991 3462 3217 3518 editum
3253 3468 3358 3520 est.
3409 3464 3674 3522 Primum

2008 3549 2219 3606 vetusti
2248 3550 2476 3606 codicis
2509 3551 2829 3607 auctoritas
2859 3550 3052 3607 effecit
3072 3555 3135 3607 ut
3164 3548 3243 3607 ab
3261 3551 3519 3608 editione
3541 3552 3673 3609 Hel-

2006 3637 2413 3696 maestadiensi
2440 3639 2856 3696 recederemus
2885 3640 2948 3695 in
2972 3639 3087 3695 hoc
3116 3640 3269 3697 loco.
3313 3638 3533 3697 Deinde
3588 3642 3671 3700 ita

2006 3728 2182 3784 nobis
2212 3727 2557 3783 faciendum
2592 3729 2700 3784 fuit
2728 3733 2792 3785 ut
2819 3727 3110 3798 originem
3145 3727 3315 3784 istius
3360 3728 3668 3786 divisionis

2005 3815 2483 3885 ostenderemus,
2515 3833 2653 3872 cum
2678 3820 2860 3891 caput
2877 3816 3039 3873 istud
3068 3816 3281 3873 eodem
3303 3816 3485 3873 modo
3502 3818 3668 3890 apud

2007 3904 2420 3961 Burchardum
2451 3910 2508 3960 et
2538 3906 2780 3962 Ivonem
2802 3905 3065 3962 divisum
3084 3906 3414 3979 reperiatur
3444 3922 3566 3980 quo
3604 3902 3695 3964 in.

2006 3994 2209 4051 codice
2240 3992 2579 4049 Parisiensi.
2616 3994 2728 4051 Sed
2757 3994 3155 4063 Burchardus,
3188 4010 3327 4050 cum
3388 3994 3551 4068 apud
3603 4012 3691 4069 se,

1959 4078 1963 4091 ”
2007 4082 2305 4140 statuisset
2326 4096 2401 4137 ne
2429 4085 2693 4139 uteretur
2724 4084 3069 4140 auctoritate
3103 4081 3532 4157 Capitularium
3579 4100 3666 4140 re-

2006 4186 2151 4244 gum
2180 4170 2573 4239 Francorum,
2605 4171 2758 4228 duas
2787 4170 2955 4228 istius
2982 4171 3190 4244 capitis
3219 4176 3420 4246 partes
3449 4171 3667 4228 tribue-

2006 4248 2068 4317 re
2096 4259 2310 4316 maluit
2338 4259 2590 4315 concilio
2621 4260 2954 4317 Matiscensi
2984 4265 3041 4318 et
3069 4260 3322 4318 concilio
3367 4260 3531 4334 apud
3562 4262 3666 4319 Oa-

2004 4350 2308 4407 risiacum.
2341 4348 2513 4414 Quod
2544 4349 2739 4405 fraudi
2762 4349 2871 4405 fuit
2896 4350 3080 4417 Ivoni,
3107 4351 3212 4423 qui
3233 4356 3400 4422 parte
3422 4367 3500 4421 xu,
3525 4366 3659 4424 cap.

2003 4443 2106 4497 233
2136 4441 2195 4495 et
2222 4441 2347 4505 234,
2376 4436 2722 4494 describens
2741 4438 3177 4508 Burchardum,
3210 4437 3660 4495 constitutiones

2003 4530 2133 4586 illas
2167 4527 2466 4600 accepisse
2498 4543 2559 4583 se
2591 4528 2766 4584 docet
2795 4543 2867 4583 ex
2911 4527 3239 4584 Matiscensi
3296 4526 3547 4583 concilio
3604 4531 3662 4585 et

2003 4635 2075 4675 ex
2103 4617 2353 4674 concilio
2384 4616 2552 4689 apud
2583 4616 2966 4672 Carisiacum.
2998 4620 3132 4672 Arte
3162 4616 3341 4686 igitur
3367 4621 3426 4673 et
3450 4616 3659 4672 indus-

2003 4709 2111 4764 tria
2128 4705 2451 4763 Burchardi
2472 4704 2749 4762 effectum
2798 4709 2883 4761 est
2941 4708 3007 4761 ut
3055 4705 3341 4779 pleraque
3397 4706 3659 4779 capitula

1999 4800 2351 4871 putarentur
2405 4790 2564 4850 edita
2636 4794 2697 4850 in
2752 4790 3001 4867 synodis
3079 4793 3473 4867 quibusdam,
3520 4811 3657 4869 qua;

1999 4892 2203 4944 tamen
2259 4900 2295 4942 a
2351 4899 2562 4954 regum
2618 4887 2960 4941 nostrorum
3018 4883 3363 4941 auctoritate
3391 4883 3659 4957 profecta

2002 4978 2188 5032 erant.

2075 5097 2143 5104 —
2173 5058 2307 5119 Nisi
2327 5062 2409 5119 ad
2436 5059 2790 5117 libertatem.
2848 5060 3140 5116 Fortassis
3167 5061 3329 5118 istud
3352 5061 3657 5119 decretum

2003 5157 2091 5210 est
2106 5152 2390 5210 adversus
2410 5147 2739 5205 barbaram
2755 5152 2811 5205 et
2831 5149 3073 5205 stultam
3093 5150 3501 5223 quorumdam
3520 5167 3659 5208 con-

2004 5239 2404 5306 suetudinem,
2436 5236 2537 5310 qui
2570 5236 2875 5312 mancipia
2905 5240 2963 5295 et
3015 5254 3218 5296 servos
3270 5239 3656 5298 ecclesiarum

2002 5327 2458 5384 commutabant
2482 5343 2621 5382 cum
2650 5327 2835 5384 mutis
2867 5328 3257 5403 animalibus,
3317 5334 3463 5404 puta
3516 5345 3655 5386 cum

2002 5419 2193 5491 equis,
2225 5421 2290 5473 ut
2317 5419 2564 5473 testatur
2594 5416 2795 5475 Lullus
2834 5419 3320 5495 archiepiscopus
3369 5418 3655 5489 Mogunti-

2002 5523 2115 5563 nus
2139 5507 2202 5564 in
2218 5507 2469 5581 epistola
2491 5508 2816 5567 centesima
2834 5508 2988 5569 inter
3005 5508 3440 5569 Bonifacianas.

2070 5597 2207 5654 Car.
2241 5600 2364 5655 376.
2386 5628 2458 5637 —
2487 5597 2709 5658 Nullus
2722 5601 3053 5676 episcopor.
3068 5595 3446 5656 Prohibethic
3458 5610 3655 5652 canon
