4034 6182
372 130 476 185 439

1739 125 2076 183 STEPHANI
2116 123 2205 178 BA
2216 122 2414 178 LUZII.

3691 124 3797 205 499

370 268 448 309 ne
477 252 572 309 die
607 251 911 320 Dominico
938 252 1261 325 quisquam
1292 266 1363 306 ex
1390 252 1459 306 iis
1480 252 1584 323 qui
1618 252 1675 308 in
1709 251 1865 307 clero
1886 264 2023 306 con—
2062 251 2107 303 A
2140 247 2220 304 ad
2246 247 2441 318 legem
2461 248 2940 317 ecclesiasticam,
2982 247 3106 303 duo
3128 251 3441 320 sequentes
3473 247 3553 304 ad
3600 247 3796 318 legem

375 342 557 397 stituti
584 345 722 397 sunt
761 341 987 412 judicet
1015 339 1282 412 aliquam
1334 356 1603 396 causam.
1670 340 1839 407 Quod
1891 338 2026 395 ideo

373 434 658 486 statutum
692 445 819 484 esse
851 432 1121 501 apparet,
1154 444 1227 485 ne
1255 429 1390 502 quis
1426 435 1713 485 avocatus
1757 428 1834 484 ab
1888 444 2023 484 ora-

371 519 529 575 tione
558 517 879 574 Ecclesiam
906 517 1006 572 Dei
1035 517 1375 588 negligeret.
1408 518 1835 575 Noveratbanc
1857 533 2026 588 regu-

368 606 489 663 lam
516 609 725 677 Agano
750 606 1308 676 Augustodunensis
1338 607 1676 679 cpiscopus.
1732 610 1796 663 Et
1822 611 2024 662 tamen

367 696 498 767 ipsa
531 695 939 751 sacratissima
960 699 1330 752 Pentecostes
1365 696 1458 751 die
1491 697 1796 765 negotium
1826 695 2022 768 quod-

366 782 508 837 dam
540 784 800 855 suscepit
814 784 1236 854 judicandum.
1274 785 1386 841 Sed
1411 785 1725 839 sciendum
1756 791 1843 840 est
1877 784 2021 839 illud

366 870 545 926 fuisse
578 873 723 927 tanti
754 873 1041 928 momenti
1072 878 1131 929 ut
1159 873 1477 929 Ecclesium
1501 874 1781 930 turbaret.
1818 873 2022 929 Praefa-

363 966 458 1017 tus
500 961 700 1035 itaque
733 965 795 1018 in
828 970 997 1019 tanta
1028 964 1122 1019 die
1142 981 1259 1019 non
1289 965 1676 1019 smcularibus
1716 965 1818 1020 sed
1868 966 2020 1020 (livi-

362 1052 456 1107 m’s
479 1053 703 1123 ofﬁciis
730 1055 1067 1109 vacandum
1099 1053 1299 1121 fuisse,
1341 1054 1646 1123 negotium
1678 1054 1821 1109 illud
1853 1055 1934 1109 ait
1959 1072 2021 1111 se

365 1141 699 1213 suscepisse
726 1141 1148 1211 judicandum,
1180 1148 1421 1215 propter
1465 1143 1817 1213 gravitatem
1870 1144 2019 1216 ejus,

362 1229 891 1301 divinum,inquit,
938 1232 1113 1286 etiam
1168 1232 1564 1300 formidantes
1602 1232 1925 1301 judicium,
1973 1236 2026 1290 si

360 1319 568 1369 nostra
629 1332 748 1370 non
802 1317 1225 1387 mitigarentur
1282 1321 1657 1376 auctoritate.
1721 1324 2021 1392 lntegrum

361 1403 670 1470 Aganonis
697 1404 992 1476 diploma,
1042 1422 1177 1460 cum
1231 1407 1420 1463 multa
1472 1409 1770 1465 contineat
1814 1415 2022 1466 notatu

359 1490 566 1559 digna,
599 1492 848 1548 edemus
877 1493 937 1549 in
971 1496 1312 1568 Appendice
1343 1502 1612 1553 actorum
1644 1503 1926 1554 veterum.

2137 335 2533 393 mundanam.
2567 337 2727 393 Prior
2760 337 2927 410 577
2965 334 3205 409 respicit
3261 335 3579 409 episcopos
3619 340 3680 391 et
3708 352 3796 392 se-

2134 424 2446 496 quentium
2473 425 2752 482 ordinum
2771 424 3012 481 clericos
3043 440 3115 480 ac
3147 423 3501 494 monachos,
3520 423 3796 480 secunda

2136 512 2341 568 laicos.

2204 603 2339 657 Car.
2373 607 2496 659 404.
2531 637 2597 643 -
2628 605 2699 659 In
2721 610 2897 674 pacto
2928 605 3219 659 Francor.
3265 603 3455 675 Caput
3513 602 3683 657 istud
3714 603 3797 658 in-

2135 696 2364 761 tegrum
2395 693 2588 749 retulit
2612 692 2989 749 Burchardus
3016 691 3077 746 in
3110 706 3219 746 suo
3246 693 3508 757 Decreto,
3543 708 3617 747 ex
3651 706 3793 747 con-

2132 779 2263 834 cilio
2285 780 2587 850 'l‘oletano,
2615 786 2679 836 ut
2704 781 2920 837 assolet
2951 780 3055 836 sed
3085 783 3326 852 pactum
3360 796 3483 836 non
3527 782 3795 854 descrip-

2134 867 2224 923 sit.
2260 869 2465 941 Itaque
2487 868 2779 925 obscurus
2806 868 2913 924 erit
2942 868 3038 924 hic
3060 868 3228 922 locus
3259 867 3473 937 legenti
3508 869 3796 924 Burchar-

2130 957 2298 1027 dum,
2330 959 2442 1014 nisi
2479 958 2816 1014 subsidium
2846 963 3009 1031 petat
3036 974 3071 1013 a
3099 956 3798 1030 Reginone,quipaetum

2131 1046 2326 1101 statim
2367 1047 2567 1119 posuit
2596 1047 2655 1102 in
2684 1047 2796 1103 hoc
2827 1046 2980 1102 loco.
3018 1045 3287 1115 intelligit
3316 1050 3513 1102 autem
3544 1050 3797 1120 pactum
3844 1115 3848 1118 ξ

2131 1152 2163 1189 a
2187 1135 2425 1190 Francis
2456 1135 2669 1191 initum
2695 1152 2834 1191 cum
2864 1135 3179 1209 Ripuariis.
3216 1137 3331 1191 Hoc
3373 1134 3634 1190 solemni
3693 1150 3797 1190 vo-

2130 1223 2346 1279 cabulo
2368 1227 2495 1280 tum
2530 1224 2849 1281 utebantur
2902 1230 2965 1280 ut
3010 1224 3206 1280 foedus
3237 1223 3647 1294 signiﬁcarent
3704 1223 3796 1278 vel

2130 1314 2553 1370 conaentiones
2595 1314 2780 1388 pacis,
2830 1314 2997 1387 quod
3051 1330 3160 1370 nos
3213 1313 3389 1371 hodie
3445 1313 3796 1370 diceremus

2131 1408 2313 1460 traité
2341 1407 2414 1462 de
2438 1407 2591 1475 pain:
2611 1422 2686 1461 ou
2713 1407 3056 1463 d’a/tiance.
3107 1405 3382 1477 Synodus
3441 1404 3793 1474 Dingolvin-

2129 1495 2346 1565 gensis,
2376 1512 2509 1567 cap.
2532 1501 2561 1549 7
2610 1514 2623 1551 :
2671 1518 2696 1543 «
2728 1498 2803 1551 De
2853 1511 2924 1550 eo
2966 1499 3027 1550 ut
3057 1493 3254 1549 nullus
3298 1494 3652 1550 haereditate
3685 1511 3797 1550 sua

431 1580 563 1635 CAP.
598 1585 722 1637 378.
756 1614 824 1621 —
852 1583 1009 1639 Ante
1034 1586 1293 1641 missam.
1323 1585 1502 1641 Hodie
1555 1586 1719 1642 aliud
1771 1588 2014 1646 obtinet.
2061 1603 2099 1657 Β
2128 1583 2391 1656 privetur
2419 1584 2536 1639 nisi
2566 1600 2672 1656 per
2697 1589 2813 1640 tres
2844 1599 3061 1639 causas
3091 1584 3303 1656 quaain
3325 1588 3499 1656 pacto
3526 1583 3795 1639 scriben-

360 1668 506 1722 Nam
541 1668 587 1723 si
614 1684 685 1725 ea
715 1673 1054 1743 temporum
1077 1674 1398 1729 necessitas
1422 1674 1643 1731 incidat
1668 1681 2022 1749 utoporteat

357 1754 631 1825 agricolis
665 1758 841 1830 576
873 1765 977 1816 aut
1004 1761 1132 1817 aliis
1157 1764 1443 1835 operariis
1475 1767 1811 1835 permittere
1844 1771 1907 1822 ut
1931 1766 2013 1823 la-

355 1845 605 1902 boribus
627 1848 749 1903 suis
788 1848 1142 1908 incumbant
1190 1853 1250 1908 in
1281 1853 1493 1910 diebus
1546 1856 1864 1911 Dominicis
1915 1863 2019 1913 aut

358 1933 602 2005 festivis,
633 1935 693 1990 id
717 1937 847 2007 jam
872 1954 995 1994 non
1020 1939 1155 1996 licet
1173 1946 1308 1996 ante
1370 1942 1639 2015 missam,
1698 1945 1802 2000 sed
1861 1951 2018 2017 post-

356 2037 544 2093 quam
582 2039 653 2079 ea
679 2025 977 2083 celebrata
1000 2032 1109 2084 est.

427 2113 559 2169 Car.
592 2117 716 2170 382.
749 2148 817 2156 --
848 2118 1214 2174 Bannialur.
1255 2120 1548 2190 Ejiciatur,
1579 2122 1927 2195 expellatur.

427 2203 560 2259 CAP.
594 2208 715 2259 394.
751 2236 817 2246 -
850 2207 1197 2280 Quicunque
1234 2211 1428 2266 libert.
1467 2214 1544 2267 Ex
1600 2212 1712 2268 isto
1756 2229 2009 2283 canone,

355 2291 459 2363 qui
500 2308 707 2349 revera
736 2299 823 2351 est
849 2296 1077 2352 concilii
1122 2298 1382 2355 Toletani
1436 2301 1653 2371 quarti,
1710 2303 1817 2359 orti
1876 2310 2013 2361 sunt

354 2381 748 2454 quamplures
774 2385 959 2455 spurii
984 2402 1249 2442 canones
1277 2388 1569 2445 Toletanis
1600 2392 1862 2448 conciliis
1877 2409 2010 2466 per-

352 2484 565 2540 peram
619 2471 840 2540 tributi,
900 2490 1039 2530 cum
1094 2475 1153 2531 in
1205 2477 1316 2533 illis
1375 2494 1496 2534 non
1551 2485 1785 2537 exstent
1816 2497 2011 2555 neque

355 2563 586 2614 exstare
615 2561 867 2631 possint.
904 2567 1085 2620 Istum
1109 2567 1330 2636 Regina
1368 2568 1720 2626 laudaverat
1750 2587 1819 2626 ex
1871 2589 2010 2629 eon-

354 2646 489 2702 eilio
518 2649 817 2707 Toletano.
851 2654 999 2708 Tum
1028 2660 1208 2727 caput
1238 2660 1340 2713 396
1368 2657 1554 2729 (quod
1588 2664 1896 2731 sumptum
1923 2666 2011 2719 est

354 2751 427 2790 ex
446 2734 596 2792 libro
626 2738 822 2810 primo
880 2742 1328 2814 Capitularium,
1384 2747 1907 2818 quemadmodum
1954 2756 2009 2807 et

353 2826 475 2895 395)
508 2826 817 2883 retulitEx
843 2831 1061 2900 eodem,
1090 2847 1227 2901 cap.
1247 2836 1335 2903 82,
1360 2833 1417 2888 id
1447 2839 1553 2905 est,
1584 2852 1657 2891 ex
1701 2838 1915 2894 eodem
1944 2839 2007 2895 li-

352 2912 461 2967 bro
493 2914 943 2985 Capitularium.
978 2920 1374 2989 Burchardus,
1417 2938 1524 2979 seu
1554 2925 1667 2981 ista
1704 2942 1825 2982 non
1885 2928 2009 2987 ani-
2048 2954 2087 3007 Β

352 3000 759 3073 madvertcns,
811 3019 889 3059 an
920 3005 1060 3076 quia
1118 3006 1520 3068 destinaverat
1577 3014 2005 3087 Capitularium

348 3087 641 3176 librorum
682 3093 1047 3150 mentionem
1103 3096 1331 3153 nullam
1392 3099 1604 3168 facere,
1672 3109 1854 3176 caput
1902 3109 2004 3162 396

348 3175 619 3234 laudavit
637 3195 709 3234 ex
738 3182 990 3238 concilio
1023 3176 1330 3253 Téletano,
1362 3204 1496 3261 cap.
1531 3194 1618 3248 82.
1641 3175 1787 3249 Tum
1809 3194 2005 3250 eidem

348 3265 600 3322 concilio
627 3268 831 3325 tribuit
859 3271 1037 3328 etiam
1070 3274 1265 3345 capita
1316 3280 1439 3344 397,
1472 3279 1562 3345 98,
1594 3284 1682 3350 99,
1706 3285 1829 3347 402,
1865 3299 2005 3339 cum

346 3353 587 3411 duobus
617 3359 1023 3431 sequentibus,
1055 3363 1200 3435 quia
1228 3365 1289 3420 in
1313 3366 1516 3423 codice
1548 3371 1868 3440 Reginonis
1902 3373 2005 3428 ad-

345 3448 621 3502 notatum
649 3463 773 3504 non
811 3454 937 3505 erat
966 3452 1125 3508 unde
1154 3452 1252 3509 illa
1274 3461 1515 3531 sumpta
1536 3464 1752 3516 essent.
1786 3463 1865 3516 Ex
1880 3477 2003 3533 quo

345 3534 724 3592 Burchardus
754 3538 1071 3609 colligebat
1099 3548 1340 3616 sumpta
1370 3547 1577 3603 omnia
1597 3563 1731 3604 esse
1760 3565 1831 3604 ex
1860 3566 2003 3605 con-

342 3621 475 3678 cilio
504 3625 802 3685 Toletano.
832 3630 1240 3688 Burchardum
1273 3635 1461 3690 secuti
1493 3640 1632 3693 sunt
1663 3641 1832 3694 lvoet
1856 3640 2002 3695 Gra-

341 3710 563 3794 tianus.
600 3715 713 3771 Sed
736 3719 966 3789 Loaysa
990 3719 1180 3777 noluit
1202 3738 1311 3794 pro
1344 3725 1678 3782 cauonibus
1709 3727 2003 3784 Toletanis

342 3792 668 3867 agnoscere
716 3805 912 3877 capita
988 3806 1108 3875 illa,
1156 3792 1432 3880 quamvis
1484 3828 1555 3868 ea
1630 3814 1893 3871 retulerit
1941 3817 2003 3872 in

339 3886 462 3944 ﬁne
511 3892 745 3955 concilii
804 3894 983 3966 primi
1041 3896 1324 3968 Toletani,
1375 3900 1518 3956 satis
1586 3901 1848 3958 innuens
1910 3905 2003 3961 his

338 3977 537 4032 verbis
576 3995 699 4034 non
756 3986 968 4053 putare
1020 4000 1080 4038 se
1132 3986 1371 4043 condita
1442 3987 1621 4045 fuisse
1671 3990 1733 4046 in
1809 3994 2003 4049 conci-

336 4065 431 4120 liis
482 4067 776 4124 Toletanis
834 4087 847 4125 :
902 4073 1323 4144 «Fragmenta
1388 4077 1502 4132 sub
1575 4078 1742 4136 titulo
1799 4085 2000 4140 conci-

336 4154 556 4211 liorum
625 4158 1044 4218 Toletanorum
1141 4164 1231 4219 vel
1313 4173 1588 4239 corrupte
1674 4170 1769 4226 vel
1850 4172 1999 4231 falso

338 4336 451 4390 tur.
488 4358 515 4382 ››

411 4424 543 4479 ΟΜ).
577 4428 700 4481 399.
734 4459 803 4466 -
831 4429 919 4484 De
938 4428 1184 4497 familia
1200 4434 1500 4490 Ecclesia'.
1524 4436 1585 4492 ld
1604 4442 1711 4508 est,
1739 4455 1811 4495 ex
1833 4457 2000 4497 man-

337 4512 506 4601 cipiis
528 4518 585 4569 et
610 4515 799 4585 servis
828 4518 1110 4576 ecclesiae.
1146 4521 1286 4577 Vide
1318 4521 1421 4578 lib.
1454 4541 1509 4579 ιν
1538 4524 1685 4595 legis
1745 4528 1999 4601 Wisigo-

335 4599 488 4656 thor.
524 4601 608 4658 tit.
643 4607 695 4671 5,
730 4620 862 4677 cap.
892 4611 946 4660 7.

406 4692 539 4746 CAP.
574 4694 700 4748 402.
733 4725 802 4733 -
835 4695 949 4762 Qui
997 4697 1281 4755 debitum.
1319 4702 1594 4760 Formula
1645 4704 1759 4761 ista
1808 4709 2001 4764 exstat

332 4777 513 4866 etiam
540 4781 705 4854 apud
735 4783 1083 4842 Marculfum
1112 4786 1216 4843 lib.
1241 4805 1302 4853 ιι,
1336 4806 1469 4863 cap.
1500 4796 1621 4858 32,.
1647 4793 1753 4849 sed
1812 4794 1996 4866 paulo

332 4864 588 4925 diversa.
616 4872 759 4928 item
789 4871 852 4927 in
877 4873 1237 4933 chartulario
1264 4880 1604 4937 monasterii
1660 4864 1996 4940 Usereensis

334 4954 500 5025 apud
522 4959 883 5017 Lemovices.

404 5044 537 5134 Car.
567 5048 691 5134 403.
725 5080 795 5088 -
821 5050 975 5120 Lege
997 5055 1329 5114 mundana.
1362 5059 1484 5116 Lib.
1512 5076 1572 5128 ιι,
1606 5077 1740 5134 cap.
1770 5066 1890 5129 112,
1914 5079 1997 5120 se-

331 5130 596 5222 cundum
621 5133 1189 5203 tegemmundanam
1213 5146 1506 5218 ﬁniatur;
1529 5152 1587 5204 et
1615 5130 1748 5222 cap.
1768 5152 1893 5217 238,
1912 5167 1997 5208 se-

331 5218 594 5309 cundum
623 5223 997 5293 mundanam
1030 5230 1213 5301 legem
1237 5241 1483 5293 mortem
1499 5218 1813 5309 suscipias.
1836 5242 1995 5296 Mun-

330 5306 493 5397 d‘ana
522 5308 617 5365 lex
639 5309 1165 5382 distinguitur'illic
1189 5323 1267 5379 ab
1315 5306 1735 5397 ecclesiastica,
1788 5328 1848 5385 id
1905 5336 1995 5387 est

328 5394 511 5491 civilis
542 5415 579 5491 ᾳ
607 5400 918 5460 canonica.
955 5407 1067 5464 Sed
1105 5413 1233 5468 tum
1271 5414 1353 5471 ita
1380 5415 1547 5491 loqui
1577 5394 1905 5476 malebant.
1926 5420 1991 5477 In

326 5484 679 5555 prmfatiene
712 5492 1142 5563 Capitularium
1170 5500 1331 5572 leges
1353 5484 1703 5564 dividuntur
1728 5508 1787 5564 in
1818 5524 1990 5565 mun-

327 5572 520 5633 danas
540 5582 596 5635 et
615 5580 1066 5649 ecclesiasticas.
1091 5590 1326 5652 Priores
1352 5595 1476 5653 duo
1509 5598 1643 5655 libri
1689 5599 1988 5673 pertinent

2130 1677 2239 1729 tur.
2278 1697 2304 1721 ››
2338 1674 2713 1742 Eginbardus
2752 1674 2829 1730 ad
2862 1668 3093 1729 annum
3124 1677 3226 1729 812
3257 1672 3515 1746 loquens
3535 1672 3614 1727 de
3635 1672 3796 1743 lega-

2127 1762 2198 1816 tis
2228 1761 2523 1818 Michaelis
2552 1762 2929 1835 imperatoris
2957 1764 3059 1819 CP.
3085 1761 3164 1818 ad
3201 1760 3477 1817 Caralum
3505 1764 3794 1831 Magnuu.

2128 1852 2327 1907 missis
2365 1868 2377 1906 :
2409 1874 2435 1899 ‹‹
2454 1851 3019 1925 Aquisgraniubiad
3033 1852 3453 1926 imperatorem
3469 1859 3791 1919 venerunt,

2126 1938 2416 2011 scriptum
2440 1940 2600 2012 pacti
2630 1940 2709 1996 ab
2740 1957 2811 1996 eo
2836 1941 2898 1996 in
2921 1939 3170 2013 epistola
3201 1939 3618 2012 suscipientes,
3653 1940 3711 1995 ir.
3740 1940 3792 1995 ’ρ

2123 2029 2341 2084 reversi
2365 2031 2640 2102 Romam,
2672 2030 2734 2085 in
2762 2029 3010 2087 basilica
3060 2029 3246 2085 sancti
3296 2029 3445 2084 Petri
3499 2029 3789 2086 eumdem

2123 2118 2282 2191 pacti
2313 2134 2419 2174 seu
2450 2118 2688 2197 traderis
2717 2118 2980 2175 libellum
3042 2135 3077 2175 a
3133 2121 3321 2175 Leone
3375 2133 3542 2191 papa
3583 2118 3791 2176 denuo

2125 2212 2537 2278 susceperunt.
2573 2231 2599 2255 υ

2231 2297 2366 2351 CAP.
2399 2299 2525 2353 443.
2548 2329 2615 2337 —
2648 2298 2760 2365 Qui
2788 2299 3115 2368 episcopus.
3149 2299 3337 2370 Caput
3366 2296 3527 2353 istud
3583 2295 3791 2369 aliqua

2123 2400 2268 2440 cura
2296 2390 2501 2442 nostra
2532 2386 2774 2455 indiget.
2807 2389 3124 2459 Sumptum
3154 2390 3239 2443 est
3278 2390 3439 2442 enim
3465 2403 3539 2442 ex
3600 2392 3788 2442 statu-

2123 2474 2197 2529 tis
2224 2474 2493 2532 Ecelesize
2512 2476 2794 2549 antiquis,
2820 2490 2955 2549 quae
2981 2477 3298 2550 unicuique
3320 2476 3617 2551 episcopo
3645 2476 3786 2533 olim

2121 2561 2476 2631 legebantur
2496 2564 2557 2619 in
2596 2566 3042 2621 consecratione
3067 2581 3195 2621 sua.
3240 2568 3470 2622 Statuta
3525 2565 3784 2638 antiqua

2123 2652 2510 2709 Orientalium
2542 2659 2717 2710 vocat
2745 2659 2875 2711 Atto
2904 2654 3279 2712 Vercellensis
3306 2655 3368 2711 in
3399 2654 3666 2728 epistola
3695 2671 3790 2727 oc;

2121 2745 2279 2806 tava,
2312 2741 2413 2797 ubi
2438 2741 2612 2799 docet
2630 2758 2701 2799 ea
2719 2743 3103 2801 dinumerata
3119 2743 3298 2801 fuisse
3319 2743 3379 2799 in
3413 2749 3665 2800 centum
3692 2761 3789 2801 ca-

2118 2829 2793 2903 pitula,initiumautem
2815 2849 3025 2888 eorum
3075 2833 3257 2889 fuisse
3308 2833 3425 2902 Qui
3448 2836 3784 2904 episcopus,

2116 2923 2228 2974 etc.
2258 2918 2489 2975 Viderat
2513 2919 2636 2977 duo
2668 2920 2921 2978 istorum
2968 2926 3326 2978 statutorum
3382 2922 3784 2993 exemplaria.

2119 3007 2428 3064 Severinus
2456 2997 2681 3077 Binius,
2706 3026 2896 3065 unum
2935 3011 3277 3071 monasterii
3304 3011 3785 3076 Gemblacensis,

2116 3096 2369 3153 alterum
2393 3100 2580 3155 sancti
2608 3100 2857 3155 Bavonis
2883 3098 2944 3155 in
2974 3100 3281 3158 Gandavo.
3306 3101 3436 3164 Quo
3454 3102 3657 3173 magis
3680 3101 3790 3157 mi-

2114 3202 2250 3242 rum
2279 3192 2370 3244 est
2399 3188 2559 3245 edita
2584 3188 2662 3246 ab
2692 3188 2789 3245 illo
2821 3205 2941 3246 non
2966 3190 3166 3247 fuisse.
3186 3194 3337 3248 Nam
3362 3191 3501 3248 licet
3519 3191 3793 3264 descrip-

2118 3280 2172 3332 ta
2185 3276 2243 3331 in
2258 3277 2583 3349 plurimum
2603 3278 2788 3335 sintin
2801 3280 3053 3336 concilio
3067 3281 3787 3355 Carthaginensiquarto,

2114 3368 2315 3420 tamen
2333 3365 2448 3422 illic
2470 3382 2592 3422 non
2608 3371 2841 3446 exstant
2860 3383 2932 3424 eo
2949 3368 3156 3425 ordine
3178 3385 3303 3441 quo
3328 3370 3617 3441 leguntur
3636 3370 3698 3425 in
3720 3370 3789 3425 li-

2113 3453 2235 3509 bris
2265 3455 2544 3528 antiquis.
2578 3456 2822 3525 Regino,
2854 3457 2997 3529 quia
3022 3459 3134 3514 ista
3159 3458 3496 3531 accipiebat
3519 3476 3597 3515 ex
3645 3475 3791 3515 eon-

2114 3542 2246 3599 cilio
2276 3543 2372 3599 illo
2391 3545 2862 3615 Carthaginensi,
2889 3563 3012 3602 non
3035 3546 3236 3603 citavit
3257 3553 3482 3605 statuta
3502 3548 3791 3604 Ecclesiae

2113 3632 2380 3705 antiqua.
2415 3636 2550 3697 Nos,
2582 3650 2721 3691 cum
2751 3650 2846 3691 res
2874 3636 3082 3707 magni
3112 3638 3402 3694 momenti
3435 3638 3532 3706 sit,
3563 3643 3624 3694 et
3663 3642 3790 3694 sta-

2114 3725 2238 3777 tuta
2268 3721 2368 3778 illa
2398 3723 2610 3794 perdiu
2640 3724 2939 3794 vigueriut
2967 3726 3027 3782 in
3064 3725 3339 3793 Ecclesia,
3374 3726 3475 3783 illa
3499 3726 3794 3800 quando-

2111 3826 2230 3882 que
2261 3811 2511 3868 edemus
2538 3829 2611 3868 ex
2642 3814 3041 3871 vetustissimo
3071 3815 3272 3871 codice
3304 3832 3418 3872 ms.

2117 3949 2425 4036 NO'I‘JE
2487 3954 2627 4036 Al)
2688 3953 3218 4041 CAPITULA
3264 3954 3585 4042 LIBIII
3652 3958 3786 4044 II.

2183 4096 2312 4150 CAP.
2354 4101 2401 4151 1.
2435 4126 2504 4136 --
2533 4098 2629 4153 Ea:
2657 4098 2909 4154 concilio
2928 4099 3280 4170 Rothomag.
3307 4100 3552 4157 Concilii
3571 4103 3797 4173 cujus-

2112 4185 2276 4256 piam
2322 4186 2817 4257 Rothomagensis
2882 4204 3146 4245 canones
3184 4188 3529 4262 frequenter
3565 4190 3799 4247 laudat

549 4288 563 4312 9
654 4262 792 4302 cum
862 4249 925 4304 in
981 4251 1073 4306 his
1144 4253 1408 4310 CODCiliiS
1468 4272 1589 4313 non
1673 4259 1997 4320 invenian-
2039 4311 2083 4364 Β
2118 4274 2293 4345 578
2325 4274 2568 4344 Regina,
2600 4275 2705 4348 qui
2734 4280 2933 4332 tamen
2964 4292 3085 4333 non
3116 4279 3495 4350 reperiuntur
3524 4279 3589 4335 in
3603 4280 3802 4336 colle-

2113 4362 2408 4419 ctionibus
2419 4363 2830 4420 conciliorum.
2853 4368 3003 4421 Nam
3021 4370 3233 4438 printer
3244 4366 3428 4423 istum
3448 4383 3797 4436 eanonem,

2112 4452 2332 4522 Regina
2357 4468 2427 4508 ex
2455 4454 2668 4509 eodem
2701 4454 2953 4511 concilio
2985 4455 3157 4511 refert
3180 4456 3377 4529 capita
3406 4460 3497 4523 68,
3529 4461 3623 4523 69,
3656 4464 3797 4523 167,

2109 4545 2234 4612 390,
2261 4545 2384 4611 406,
2418 4543 2520 4598 415
2551 4547 2609 4599 et
2636 4546 2739 4600 416
2768 4543 2937 4599 istius
2967 4544 3215 4601 secundi
3255 4545 3409 4601 libri.
3437 4547 3797 4620 Autiquum

2107 4635 2306 4687 autem
2338 4646 2470 4687 esse
2486 4631 2747 4704 oportuit
2775 4633 3094 4689 concilium
3116 4634 3282 4705 illud,
3311 4652 3453 4692 cum
3492 4636 3798 4694 habitum

2107 4718 2181 4775 sit
2206 4723 2345 4776 ante
2368 4719 2758 4790 Reginonem.
2786 4723 3071 4779 Fortassis
3090 4724 3269 4780 etiam
3312 4725 3628 4797 antiquius
3699 4732 3807 4783 est

2106 4824 2268 4868 anno
2297 4812 2419 4877 858,
2439 4826 2578 4866 eum
2602 4810 2899 4867 Herardus
2920 4813 3277 4868 Turonensis
3302 4817 3504 4869 utatur
3523 4815 3803 4887 quibus-

2104 4897 2248 4954 dam
2277 4897 2471 4954 verbis
2495 4914 2630 4971 quaa
2661 4903 2895 4954 exstant
2919 4900 2980 4955 in
3002 4900 3112 4956 isto
3143 4901 3355 4973 capite,
3382 4903 3672 4960 utstatim
3690 4904 3801 4960 di-

2105 4991 2288 5043 cetur.
2315 4986 2426 5042 Sed
2457 4985 2599 5042 alibi
2631 4988 3008 5044 commodior
3026 4989 3133 5044 erit
3148 4989 3222 5044 de
3234 4990 3326 5045 his
3338 4990 3805 5059 agendilocus.

2173 5071 2504 5142 Synodum.
2537 5073 2601 5128 Id
2623 5078 2732 5141 est,
2765 5079 3128 5131 conventum
3162 5076 3218 5131 in
3248 5077 3515 5135 Ecclesia
3545 5079 3805 5138 haben-

2103 5159 2251 5215 dum
2273 5175 2413 5216 cum
2439 5160 2760 5234 episcopus
2808 5162 2887 5217 ad
2918 5162 3081 5219 illam
3124 5163 3367 5221 accedet
3395 5165 3807 5227 visitaturus.

2106 5246 2331 5320 Duplex
2359 5263 2502 5319 ergo
2516 5249 2806 5321 synodus,
2822 5251 2903 5307 uti
2917 5266 3101 5323 supra
3112 5251 3395 5307 diximus.
3412 5255 3809 5327 Una,quam

2101 5333 2420 5407 episcopus
2449 5335 2511 5391 in
2537 5336 2768 5392 civitate
2795 5338 3035 5408 agebat,
3063 5339 3141 5397 ad
3170 5356 3357 5412 quam
3387 5342 3593 5398 venire
3609 5347 3811 5402 tene.

2099 5420 2321 5479 bantur
2345 5424 2681 5497 presbyteri
2701 5442 2774 5482 ex
2787 5428 3108 5485 rusticanis
3120 5428 3417 5503 parmeiis,
3440 5446 3554 5503 pro
3570 5430 3810 5505 inqui-

2101 5509 2311 5567 sitione
2323 5512 2629 5570 ministerii
2657 5515 2765 5571 sui.
2784 5515 2930 5586 Alia,
2958 5533 3145 5591 quam
3172 5518 3496 5591 episcopus
3526 5519 3627 5577 vel
3641 5524 3806 5591 ejus

2101 5598 2355 5659 ministri
2367 5602 2721 5661 tenebantin
2738 5620 3105 5679 unaquaque
3120 5606 3392 5678 ecclesia,
3404 5624 3549 5666 cum
3566 5609 3699 5667 visi
3709 5618 3812 5671 ιιι-η
