3980 6182
179 180 283 237 441

1195 186 1406 242 ΝΟΤΔΕ
1443 188 1537 243 ΑΙ)
1578 186 1708 242 LIB.
1752 184 1799 242 lI
1836 187 1927 242 DE
1966 187 2247 250 ECCLES.
2292 188 2581 245 DISCIPL.

3489 192 3594 244 442

172 304 344 361 tionis
366 318 589 359 munus
617 302 885 374 obibant,
899 306 960 362 in
980 322 1105 379 qua
1129 308 1461 382 presbyteri
1489 308 1822 366 reddebant
1849 311 1896 365 Α
1935 310 2198 379 tentiam,
2245 315 2311 367 ut
2354 315 2518 384 patet
2568 327 2641 367 ex
2680 327 2856 384 capp.
2908 315 3032 382 238,
3081 314 3207 379 278,
3238 313 3342 367 318
3389 316 3447 368 et
3488 315 3594 370 426

169 393 461 450 rationem
514 392 825 450 ministerii
874 396 986 467 sui,
1018 402 1073 453 et
1120 398 1181 453 in
1235 415 1359 471 qua
1396 399 1824 470 judicabantur

169 498 366 539 causa
426 480 752 554 synodales
798 484 1273 559 uniuscujusque
1320 488 1616 560 parcecia.
1670 487 1824 543 Infra

168 586 297 642 cap.
334 572 469 625 234:
524 591 553 618 «
584 572 664 625 De
694 570 811 626 hoc
854 573 1020 644 quod
1072 573 1217 630 mihi
1267 579 1609 648 reputatum
1647 579 1735 631 est
1763 576 1824 630 in

166 660 277 715 hac
303 658 562 731 synodo,
584 681 613 708 ››
646 663 756 714 etc.
790 663 857 716 Et
890 677 1036 735 cap.
1071 666 1211 719 238:
1247 686 1273 712 ‹‹
1298 667 1377 719 De
1406 664 1521 720 hoc
1565 665 1731 737 quod
1762 668 1823 720 tu

165 752 444 805 accusata
474 764 537 802 es
566 748 628 803 in
659 750 977 820 prasentia
1006 750 1175 807 istius
1200 752 1461 825 episcopi
1489 752 1551 808 in
1580 753 1694 809 hac
1720 770 1822 824 sy-

166 837 347 904 nodo,
372 859 398 885 »
430 840 540 892 etc.
577 838 655 892 De
693 837 806 893 hac
856 837 1065 894 ultima
1103 840 1338 910 synodo
1368 840 1821 911 intelligendum

162 930 306 997 puto
335 939 635 979 canonem
663 925 1100 982 Triburiensem
1141 943 1177 983 a
1208 928 1508 999 Reginone
1553 929 1707 985 infra
1733 945 1822 984 re-

160 1014 347 1070 latum
374 1030 507 1087 cap.
540 1018 665 1071 296.
696 1015 851 1081 Quin
882 1019 937 1071 et
968 1016 1303 1073 Richardus
1324 1018 1700 1074 Bituricensis
1727 1034 1820 1074 ar-

164 1103 602 1177 chiepiscopus,
635 1102 740 1176 qui
769 1108 1057 1175 regnante
1108 1106 1383 1180 Philippo
1411 1108 1607 1180 primo
1637 1109 1817 1163 Fran-

157 1207 369 1248 corum
397 1206 537 1261 rege
566 1192 730 1259 vixit,
764 1198 1126 1251 conventum
1168 1211 1280 1268 pro
1310 1196 1684 1254 dedicatione
1716 1212 1819 1252 cu-

150 1280 398 1351 jusdam
450 1279 713 1336 ecclesia
769 1282 995 1339 factum
1046 1289 1223 1340 vocat
1279 1285 1621 1355 concilium,
1679 1286 1823 1359 quia

150 1369 325 1426 haud
348 1369 528 1426 dubie
583 1373 724 1426 tunc
778 1370 892 1427 illic
922 1371 1059 1428 fecit
1085 1374 1249 1446 quod
1296 1380 1424 1430 tum
1454 1374 1648 1431 facere
1679 1374 1826 1431 sole-

148 1458 308 1515 bant
332 1459 599 1532 episcopi
631 1476 770 1515 cum
800 1460 1087 1517 dioecescs
1118 1477 1258 1518 suas
1289 1462 1640 1519 circuibant.

220 1550 601 1619 Inpraterm.
648 1565 882 1606 occurr.
915 1550 1187 1623 Capitula
1241 1552 1483 1608 Herardi
1532 1553 1819 1626 archiepi-

1931 397 2100 455 istius
2134 400 2381 456 secundi
2407 400 2560 456 libri.
2590 404 2766 456 Vetus
2796 402 3001 457 charta
3029 400 3302 457 nondum
3332 401 3489 457 edita
3517 402 3594 457 de

1929 503 2079 561 pace
2109 489 2453 546 Morinensis
2496 489 2762 545 ecclesia
2794 493 3061 562 tempore
3091 488 3308 545 Callisti
3343 489 3591 546 secundi

1929 572 2216 630 confecta.
2246 597 2275 624 «
2303 574 2471 640 Quod
2501 574 2549 629 si
2579 573 2900 647 episcopus
2927 573 3023 630 vel
3053 574 3283 645 legatus
3311 574 3500 647 ipsius
3530 574 3588 629 in

1926 660 2060 717 loco
2088 662 2193 717 ubi
2237 663 2311 718 de
2357 662 2753 736 synodalibus
2782 663 2980 719 causis
3010 663 3279 736 placitari
3309 664 3457 720 solet
3501 663 3592 719 in-

1924 751 2179 822 juriatus
2222 752 2311 807 vel
2350 751 2712 831 inquietatus
2742 751 2934 821 fuerit,
2969 755 3027 807 et
3058 752 3307 824 paciﬁce
3338 752 3599 825 synoda-

1926 840 2005 896 lia
2039 840 2436 897 determinare
2463 841 2815 913 nequiverit,
2849 841 3140 897 canonico
3182 841 3410 911 judicio
3451 841 3597 896 deﬁ-

1928 928 2119 985 nitum
2151 935 2238 986 est
2267 934 2331 986 ut
2375 929 2787 986 universaliter
2820 930 3102 1003 deinceps
3151 930 3226 985 ad
3277 929 3589 984 matricem

1929 1019 2288 1076 conveniant
2316 1019 2651 1089 ecclesiam,
2683 1019 2798 1075 illic
2846 1020 2919 1075 de
2965 1018 3252 1074 omnibus
3296 1016 3591 1087 justitiam

1928 1106 2177 1175 negotiis
2230 1108 2440 1164 facturi
2487 1108 2561 1164 de
2603 1108 2823 1183 quibus
2867 1107 3178 1165 admonitii
3226 1105 3444 1162 fuerint
3485 1120 3595 1177 per

1928 1195 2197 1269 episcopi
2223 1197 2605 1267 legationem.
2637 1221 2664 1248 »

1999 1284 2140 1357 Cap.
2177 1290 2230 1355 5,
2261 1290 2296 1353 §
2330 1291 2377 1343 l.
2422 1320 2478 1327 —
2515 1287 2689 1360 580
2717 1288 2991 1343 Faidam.
3028 1287 3091 1342 ld
3118 1290 3205 1342 est
3234 1288 3505 1358 apertam
3536 1287 3594 1340 et

1928 1373 2245 1445 capitalem
2278 1376 2669 1448 inimicitiam,
2703 1377 2783 1432 ob
2814 1392 3036 1432 casum
3067 1375 3331 1448 aliquem
3359 1374 3433 1429 de
3460 1388 3593 1445 pro-

1925 1461 2168 1533 pinquis
2200 1469 2565 1535 susceptam,
2601 1469 2665 1520 ut
2692 1470 2847 1520 recte
2878 1463 3240 1537 explicatum
3267 1479 3303 1519 a
3331 1463 3592 1517 Sirmon-

1925 1547 2005 1603 do
2034 1553 2140 1615 est,
2169 1554 2225 1605 et
2249 1556 2411 1622 patet
2441 1551 2618 1608 etiam
2652 1568 2722 1607 ex
2754 1552 2864 1606 isto
2887 1551 3208 1621 Reginonis
3236 1550 3390 1617 loco,
3420 1550 3591 1604 item-

147 1637 324 1709 scopi
354 1637 735 1709 Turonensis,
763 1654 895 1711 cap.
933 1640 1029 1696 133
1054 1657 1067 1695 :
1122 1662 1149 1689 «
1176 1645 1242 1697 ut
1271 1642 1464 1697 vocati
1513 1642 1591 1696 ad
1634 1658 1816 1715 syno-
1848 1660 1887 1713 Β
1924 1652 2041 1709 que
2071 1654 2145 1694 ex
2173 1640 2363 1712 capite
2389 1644 2514 1695 221.
2544 1640 2845 1695 Interdum
2873 1643 3075 1695 tamen
3104 1639 3267 1694 {alda
3294 1637 3594 1706 signiﬁcat

143 1728 301 1782 dum
328 1726 793 1800 inpratermisso
823 1734 1159 1784 occurrant.
1190 1728 1290 1784 Sin
1337 1729 1505 1799 alias,
1538 1732 1818 1787 condem-

143 1819 392 1872 nentur.
423 1839 452 1865 »

210 1905 493 1977 Nequaq.
522 1906 585 1961 in
609 1906 785 1977 facil.
808 1907 986 1962 Juxta
1014 1907 1286 1977 regulam
1313 1910 1499 1966 sancti
1528 1909 1810 1979 Gregorii,

136 1994 250 2067 qui
285 1993 369 2050 sic
393 1994 595 2050 scribit
620 1995 698 2051 ad
728 1995 1154 2053 Maximianum
1180 1997 1533 2072 episcopum
1563 2001 1815 2071 Syracu-

134 2098 370 2140 sanum
396 2082 499 2140 lib.
530 2101 593 2156 ιι,
623 2083 826 2140 indict.
865 2089 949 2155 tO,
978 2085 1149 2158 epist.
1178 2090 1244 2141 4:
1276 2087 1373 2143 «Si
1400 2103 1524 2160 qua
1548 2087 1813 2144 fortassis

130 2170 414 2229 difﬁcilia
435 2173 715 2243 existunt,
742 2189 878 2246 qua
908 2173 1289 2232 fraternitatis
1320 2181 1434 2231 tua
1461 2176 1685 2247 judicio
1714 2192 1814 2231 ne-

127 2272 460 2333 quaquam
484 2260 683 2317 dirimi
706 2262 1105 2334 possint,hac
1128 2262 1514 2320 solummodo
1540 2268 1810 2319 nostrum

122 2347 441 2419 judicium
492 2348 793 2419 ﬂagitent;
850 2355 914 2405 ut
961 2350 1255 2407 sublevati
1309 2351 1384 2406 de
1434 2351 1720 2418 minimis,
1752 2351 1813 2406 in

125 2437 346 2493 causis
378 2437 718 2509 majoribus
747 2436 1050 2493 efﬁcacius
1079 2453 1466 2510 occupamur.
1498 2463 1527 2488 ››

192 2529 352 2585 Car.
384 2531 440 2581 2.
473 2558 542 2566 —
570 2525 902 2595 Episcopus
926 2528 990 2581 in
1018 2528 1266 2597 synodo.
1297 2527 1679 2584 Burchardus
1699 2527 1813 2583 ista

122 2620 177 2672 et
203 2631 369 2687 qua
392 2614 679 2687 deinceps
699 2619 1032 2686 sequuntur
1050 2631 1246 2688 usque
1266 2616 1344 2672 ad
1374 2621 1554 2690 caput
1578 2621 1811 2673 sextum

124 2702 349 2761 tribuit
382 2704 561 2775 579
586 2703 959 2775 Eutychiano
984 2719 1180 2777 papa,
1209 2706 1304 2761 cui
1330 2706 1510 2762 etiam
1536 2707 1809 2762 tribuun-

124 2798 224 2849 tur
258 2792 327 2848 in
354 2791 539 2848 veteri
582 2791 787 2847 codice
829 2808 943 2849 ms.
976 2793 1321 2849 monasterii
1368 2793 1805 2866 Rivipullensis.

121 2883 361 2937 Verum
386 2880 524 2935 hinc
572 2879 958 2936 manifestum
990 2885 1079 2937 est
1117 2880 1217 2937 illa
1262 2881 1561 2954 descripta
1587 2897 1716 2937 esse
1747 2881 1808 2937 in

121 2970 328 3027 veteri
374 2968 578 3059 codice
633 2985 706 3025 ex
756 2971 998 3059 Decreto
1030 2970 1351 3026 Burchardi
1380 2970 1547 3043 quod
1573 2970 1807 3026 numeri
1837 3004 1878 3059 ο

123 3059 254 3115 illic
280 3057 523 3131 ascripti
538 3061 678 3114 sunt
698 3057 909 3130 quales
930 3062 1164 3115 exstant
1184 3059 1348 3133 apud
1371 3059 1803 3116 Burchardum.

127 3152 192 3205 In
229 3147 408 3203 titulo
437 3147 597 3203 enim
625 3147 738 3204 ista
786 3147 1066 3217 leguntur
1098 3168 1111 3205 :
1154 3150 1482 3206 Decretatis
1512 3150 1808 3205 institutio

121 3236 457 3293 Euticiani
474 3251 673 3307 papa,
704 3237 851 3307 quid
897 3239 1159 3308 episcopi
1208 3239 1269 3293 in
1299 3239 1528 3308 synodo
1558 3239 1810 3295 debeant

121 3326 470 3398 inquirere.
505 3325 771 3395 Capitul.
804 3342 921 3381 XCI.
950 3329 1099 3382 Tum
1123 3344 1136 3382 :
1163 3328 1609 3398 Jusjurandum
1635 3344 1809 3397 syno-

123 3415 284 3471 dale
326 3429 466 3468 xcn.
504 3416 710 3469 Postea
740 3431 753 3468 :
804 3416 1227 3471 Juramentum
1270 3422 1617 3472 cam-orum
1649 3431 1806 3471 xcm.

126 3506 202 3560 Et
236 3503 326 3558 sic
355 3502 431 3558 de
460 3503 703 3559 cateris.
730 3503 911 3574 Igitur
939 3507 1075 3560 ante
1104 3505 1520 3561 Burchardum
1547 3506 1659 3561 ista
1686 3521 1810 3561 non

127 3593 502 3650 dicebantur
529 3608 659 3649 esse
687 3593 1043 3666 Rutychiani
1068 3610 1244 3668 papa
1271 3613 1284 3661 ;
1317 3600 1383 3651 ut
1400 3611 1463 3651 re
1490 3611 1629 3652 vera
1656 3595 1813 3651 illius

127 3698 272 3739 esse
301 3698 425 3738 non
458 3686 733 3755 possunt,
766 3699 904 3739 cum
935 3683 1123 3739 multa
1153 3683 1269 3739 illic
1309 3684 1647 3740 habeantur
1675 3700 1813 3757 qua

129 3771 339 3830 Caroli
368 3772 561 3843 Magni
598 3788 796 3828 avum
833 3777 1037 3845 aperte
1082 3772 1371 3837 redolent,
1406 3773 1812 3844 Entychianus

127 3864 352 3918 autem
377 3863 578 3917 Romae
609 3861 824 3917 sederit
852 3861 970 3917 sub
994 3860 1180 3917 ﬁnem
1210 3861 1362 3916 tertii
1392 3861 1615 3917 saculi.
1648 3860 1814 3916 Adeo

129 3953 353 4006 autem
399 3954 541 4006 nota
569 3965 693 4006 non
743 3953 914 4009 erant
943 3965 1069 4005 avo
1122 3948 1312 4007 Caroli
1356 3949 1571 4020 Magni,
1605 3949 1815 4006 saltem

130 4040 259 4096 sub
289 4040 538 4096 nomine
568 4039 919 4111 Eutychiani
949 4043 1052 4096 aut
1082 4038 1337 4111 alicujus
1376 4038 1531 4095 alius
1564 4039 1815 4095 Romani

131 4129 467 4203 pontiﬁcis,
493 4132 559 4185 ut
585 4144 783 4202 neque
808 4132 1042 4185 exstent
1071 4127 1130 4183 in
1161 4128 1507 4184 collectione
1534 4128 1814 4201 epistola-

131 4234 277 4274 rum
308 4216 757 4290 pontiﬁciarum
788 4233 861 4274 ex
881 4216 1106 4289 quibus
1131 4216 1378 4273 Galliam
1403 4217 1814 4273 Germaniam-

133 4323 259 4380 que
285 4306 541 4380 replevit
587 4305 849 4363 Biculfus
896 4306 1386 4379 archiepiscopus
1415 4307 1812 4377 Moguntinus,

134 4411 342 4468 neque
383 4412 461 4451 ex
514 4395 886 4467 Eutychiano
916 4394 1237 4451 laudentur
1266 4411 1302 4451 a
1332 4395 1653 4464 Reginone.
1689 4396 1816 4458 Quo

133 4485 373 4542 factum
418 4484 639 4558 pariter
668 4488 755 4540 est
783 4488 847 4539 ut
883 4484 989 4557 qui
1018 4483 1395 4541 collectiones
1424 4484 1817 4540 conciliorum

132 4578 567 4649 procurarunt,
600 4589 739 4629 cum
770 4573 895 4628 sine
924 4573 1160 4629 delectu
1182 4577 1395 4629 cuncta
1424 4573 1668 4630 ederent
1691 4573 1821 4645 qui-

136 4665 260 4721 bus
288 4662 640 4720 veneranda
658 4662 993 4735 priscorum
1024 4662 1378 4734 pontiﬁcum
1409 4665 1818 4718 Romanorum

135 4754 399 4811 nomina
423 4752 717 4825 praﬁgun
727 4757 837 4822 tur,
854 4752 966 4809 ista
987 4756 1189 4808 tamen
1206 4751 1558 4823 Eutychiani
1582 4751 1821 4807 decreta

139 4843 480 4898 omiserint.
513 4844 638 4898 Mea
657 4840 862 4914 opinio
891 4846 998 4908 est,
1032 4840 1133 4896 illa
1160 4856 1285 4896 non
1306 4856 1435 4895 esse
1465 4855 1539 4894 ex
1568 4838 1821 4895 concilio

137 4933 463 5005 quopiam,
498 4947 695 5004 neque
725 4947 799 4986 ex
827 4930 1080 4986 decretis
1110 4930 1364 5001 alicujus
1395 4928 1643 4984 Romani
1675 4944 1821 5001 pon-

137 5020 341 5087 tiﬁcis,
374 5020 480 5076 sed
510 5018 838 5075 formulam
868 5017 1054 5073 fuisse
1101 5017 1436 5073 secundum
1484 5033 1669 5089 quam
1701 5017 1820 5090 epi-

136 5110 316 5181 scopi
360 5109 730 5178 interrogare
776 5105 1083 5163 debebant
1131 5105 1316 5162 laicos
1356 5105 1420 5160 in
1452 5121 1821 5178 unaquaque

135 5197 435 5270 parnasia,
469 5211 606 5252 eam
633 5209 815 5267 porro
845 5192 1167 5249 formulam
1198 5192 1413 5249 eodem
1441 5197 1707 5266 tempore
1740 5194 1824 5249 in-

132 5292 395 5343 ventam
451 5285 634 5341 fuisse
676 5299 800 5356 quo
847 5282 1151 5355 inquisitio
1198 5281 1274 5338 de
1303 5282 1425 5339 vita
1470 5283 1821 5339 clericorum

134 5392 285 5448 qua
315 5374 617 5448 premisSa
645 5376 735 5429 est
762 5371 931 5428 initio
958 5370 1094 5427 libri
1118 5370 1321 5444 primi.

219 5470 359 5521 CAP.
392 5468 450 5520 3.
480 5495 552 5504 —
578 5462 945 5533 Synodalem
971 5475 1233 5517 causam.
1268 5459 1312 5516 ll
1336 5465 1425 5516 est
1448 5476 1583 5532 qua
1610 5459 1687 5515 ad
1704 5459 1825 5532 epi-

134 5555 314 5625 scopi
344 5551 753 5621 cognitionem
800 5549 1114 5623 pertineat,
1149 5566 1285 5622 qua
1319 5548 1572 5621 judicari
1606 5547 1823 5603 debeat

131 5643 211 5698 in
231 5640 548 5698 audientia
569 5638 917 5713 episcopali,
934 5637 1220 5694 nimirum
1241 5638 1318 5694 ad
1343 5638 1614 5694 dandam
1634 5636 1824 5709 pani-

1927 1726 2274 1799 simpliciter
2328 1728 2700 1784 inimicitiam
2766 1728 3042 1801 quamvis
3101 1728 3175 1783 de
3241 1726 3408 1783 caede
3468 1740 3590 1779 non

1922 1820 2152 1885 agatur,
2182 1822 2248 1873 ut
2274 1817 2334 1872 in
2363 1817 2517 1873 libro
2547 1817 2813 1873 secundo
2842 1817 2992 1888 legis
3028 1815 3587 1887 Langobardorum,

1922 1903 2003 1959 tit.
2067 1904 2150 1974 l3,
2202 1921 2333 1979 cap.
2388 1909 2442 1961 2.
2498 1909 2575 1962 De
2624 1906 2799 1962 faidis
2855 1905 3199 1962 coercendis
3249 1902 3589 1960 constitutio

1919 1996 2115 2048 exstat
2162 1992 2316 2050 infra
2366 2009 2498 2067 cap.
2528 1996 2615 2051 81.
2646 2000 2693 2050 A
2722 1994 2885 2050 faida
2914 1994 3242 2050 deductum
3292 1996 3380 2047 est
3410 1990 3591 2047 faido-

1920 2098 2043 2152 sus,
2097 2081 2158 2137 id
2214 2087 2304 2139 est
2360 2083 2411 2139 is
2466 2084 2569 2155 qui
2632 2083 2858 2140 faidam
2922 2083 3165 2156 patitur,
3230 2081 3403 2151 cujus
3467 2079 3591 2133 vita

1918 2169 1980 2224 in
2008 2174 2138 2225 tuto
2165 2185 2289 2226 non
2349 2175 2440 2226 est
2485 2175 2729 2244 propter
2780 2170 3117 2226 inimicitias
3166 2168 3474 2241 capitales.
3507 2168 3590 2221 Ex

1919 2257 2134 2313 eodem
2184 2259 2348 2314 fonte
2401 2259 2573 2315 ﬂuxit
2606 2260 2975 2315 vocabulum
3002 2259 3278 2328 faiditus,
3311 2254 3476 2328 quod
3509 2253 3592 2309 si-

1920 2345 2166 2415 gniﬁcat
2194 2348 2435 2419 proprie
2491 2347 2774 2403 rebellem
2816 2364 2883 2403 ac
2924 2346 3316 2420 proditorem,
3344 2343 3424 2399 ob
3453 2358 3588 2399 eam

1920 2449 2172 2490 causam
2201 2434 2605 2507 proscriptum
2638 2439 2694 2490 et
2723 2434 2980 2505 exulem,
3012 2438 3077 2490 ut
3114 2433 3470 2489 adnotatum
3502 2434 3592 2485 est

1920 2536 1957 2577 a
1986 2521 2162 2577 nobis
2212 2523 2273 2577 in
2316 2523 2473 2578 notis
2510 2522 2588 2578 ad
2639 2521 2899 2579 Concilia
2928 2521 3127 2577 Gallia
3158 2518 3579 2576 Narbonensis.

1923 2610 2162 2666 Fallitur
2207 2610 2368 2666 enim
2403 2611 2645 2666 Vossius
2675 2626 2813 2666 cum
2847 2626 2920 2665 ex
2947 2625 3138 2682 prava
3166 2608 3417 2664 lectione
3447 2623 3589 2680 qua

1917 2704 2109 2755 exstat
2158 2700 2321 2772 apud
2373 2703 2609 2757 Petrum
2658 2699 3027 2755 monachum
3072 2697 3322 2755 Vallium
3364 2694 3576 2753 Cernai

1915 2788 1976 2843 in
2003 2789 2192 2861 capite
2221 2792 2287 2845 85
2314 2790 2579 2845 Historiae
2610 2788 3044 2860 Albigensium,
3078 2787 3182 2844 ubi
3206 2791 3348 2860 post
3374 2790 3583 2859 rupta-

1914 2877 2035 2934 rios
2059 2878 2449 2934 nominantur
2470 2879 2708 2949 faydici
2746 2882 2873 2934 tum
2903 2877 3083 2934 etiam
3122 2876 3409 2949 deceptus
3435 2880 3580 2930 nota

1916 2966 2251 3036 marginali,
2287 2967 2389 3023 ubi
2420 2967 2707 3040 scriptum
2737 2971 2823 3021 est
2867 2967 3028 3035 forte
3051 2965 3316 3035 fatidici,
3348 2963 3582 3035 putavit

1914 3056 2010 3112 hic
2036 3055 2132 3127 agi
2161 3055 2236 3111 de
2266 3056 2360 3111 his
2383 3055 2487 3128 qui
2516 3056 2639 3111 fata
2668 3054 2797 3111 aliis
2822 3053 3214 3127 pradicturos
3247 3067 3308 3107 se
3337 3050 3591 3124 promit-

1916 3150 2066 3214 tunt,
2098 3161 2238 3201 cum
2268 3152 2471 3202 tamen
2495 3146 2570 3201 de
2602 3145 2821 3201 faiditis
2852 3148 3083 3215 agatur,
3115 3142 3177 3199 id
3208 3146 3296 3198 est
3321 3138 3586 3213 prodito-

1915 3236 2085 3291 ribus
2114 3232 2464 3308 proscriptis
2516 3250 2621 3292 seu
2666 3234 2964 3291 bannitis.
2998 3232 3145 3288 Hinc
3173 3230 3593 3287 faidimentum

1918 3339 2029 3396 pro
2057 3323 2412 3396 proditione.

1989 3417 2017 3482 §
2049 3417 2099 3468 6.
2134 3413 2305 3480 Quod
2329 3415 2528 3470 morth
2554 3415 2784 3469 dicunt.
2822 3412 2949 3467 Lib.
2982 3410 3167 3481 ilegis
3189 3406 3589 3479 l.ongobard.,

1920 3502 2003 3557 tit.
2035 3507 2089 3571 9,
2123 3518 2255 3574 cap.
2296 3503 2377 3567 lii,
2411 3507 2467 3557 et
2510 3502 2594 3556 tit.
2638 3505 2725 3567 36,
2774 3515 2907 3572 cap.
2947 3504 3003 3553 l:
3056 3521 3083 3546 «
3110 3498 3168 3553 Si
3198 3513 3405 3552 servus
3432 3493 3591 3562 regis

1920 3590 2122 3645 morth
2148 3589 2367 3654 fecerit,
2400 3588 2482 3643 ita
2509 3586 2912 3652 decernimus,
2944 3591 3007 3640 ut
3039 3585 3367 3656 componat
3394 3582 3590 3651 ipsam

1920 3693 2248 3752 personam
2274 3677 2425 3731 sicut
2450 3670 2786 3748 appretiat‘a
2814 3674 3008 3739 fuerit,
3027 3676 3085 3727 et
3105 3686 3314 3726 servus
3344 3669 3469 3739 ipse
3497 3682 3595 3752 su‘

1919 3750 2028 3836 per
2058 3761 2288 3817 fossam
2312 3759 2500 3832 ipsius
2530 3758 2752 3814 mortui
2775 3756 3175 3829 appendatur,
3201 3757 3267 3808 ut
3290 3753 3352 3807 in
3374 3767 3446 3807 eo
3466 3750 3591 3806 vin-

1921 3851 2081 3907 dicta
2111 3850 2303 3915 detur,
2336 3852 2395 3904 et
2424 3847 2497 3903 sit
2526 3862 2715 3903 causa
2742 3846 2932 3902 ﬁnita.
2956 3868 2983 3895 »

1992 3942 2136 4007 §53.
2176 3936 2491 3993 Ordiendis
2543 3936 2694 3991 telis.
2748 3934 2937 3990 Editio
2978 3932 3381 3999 Helmastad.,
3428 3929 3592 3986 ordi-

1919 4028 2158 4086 nandis.
2213 4025 2415 4082 Codex
2457 4041 2628 4094 mss.,
2673 4024 2995 4079 ordiendis.
3044 4022 3208 4078 Isaia
3261 4036 3393 4093 cap.
3443 4035 3588 4088 xxv,

1922 4117 2121 4173 Telam
2149 4131 2329 4187 quam
2360 4115 2591 4171 orditas
2620 4121 2724 4171 est.

1991 4210 2026 4269 ἓ
2051 4208 2137 4259 55.
2171 4203 2305 4259 Nisi
2342 4204 2404 4257 in
2434 4203 2702 4259 ecclesia.
2737 4202 2918 4272 Igitur
2966 4216 3070 4273 per
3108 4198 3238 4255 illas
3271 4201 3590 4271 tempesta—

1924 4297 2008 4349 tes
2034 4308 2289 4365 corpora
2315 4296 2691 4347 mortuorum
2714 4290 3138 4347 deferebantur
3158 4288 3235 4345 ad
3256 4286 3594 4352 ecclesiam,

1924 4381 2125 4454 ibique
2168 4379 2659 4436 custodiebantur
2704 4379 2764 4434 in
2812 4377 3027 4448 vigiliis
3071 4375 3397 4432 nocturnis.
3434 4373 3595 4428 Istud

1924 4470 2142 4526 deinde
2189 4473 2487 4525 mutatum
2516 4473 2626 4525 est.
2675 4468 2787 4524 Sed
2831 4484 2954 4539 quo
3001 4471 3268 4536 tempore
3316 4461 3598 4517 acciderit

1925 4560 2039 4615 ista
2068 4558 2405 4614 immutatio
2426 4564 2555 4612 non
2584 4556 2737 4612 adeo
2763 4554 2938 4610 facile
2966 4551 3225 4609 discerni
3253 4553 3467 4624 potest.
3500 4548 3596 4603 Vir

1926 4648 2295 4705 clarissimus
2349 4646 2696 4702 Laurentius
2753 4642 3068 4700 Bochellus
3110 4642 3171 4697 in
3200 4641 3372 4695 libro
3423 4637 3594 4694 tertio

1930 4740 2311 4793 Decretorum
2365 4733 2637 4790 Ecclesia
2682 4731 3019 4798 Gallicana,
3066 4730 3153 4787 tit.
3198 4732 3283 4795 18,
3335 4741 3468 4798 cap.
3509 4725 3593 4793 ll,

1928 4826 2106 4883 refert
2128 4825 2435 4881 decretum
2458 4821 2769 4895 quoddam
2797 4835 2873 4877 ea:
2899 4817 3290 4889 synodalibus
3313 4815 3598 4871 Ecclesia

1930 4915 2295 4984 Rhemensis,
2327 4913 2385 4968 in
2425 4910 2647 4984 quibus
2686 4912 2929 4964 cavetur
2956 4911 3023 4963 ut
3045 4921 3299 4979 corpora
3328 4907 3595 4960 mortuo-

1930 5020 2067 5059 rum
2117 5025 2143 5051 «
2167 5018 2292 5057 non
2318 5000 2638 5070 vigilentur
2665 4998 2727 5053 in
2755 4995 3006 5052 ecclesia
3046 4996 3122 5051 de
3151 4999 3323 5051 nocte
3353 4998 3598 5067 propter

1930 5091 2231 5150 maleﬁcia
2282 5106 2418 5162 qua
2466 5105 2538 5143 ex
2588 5087 2704 5142 hoc
2753 5084 3021 5141 accidere
3064 5087 3311 5156 possent
3352 5087 3408 5139 et
3438 5098 3595 5155 sape

1930 5185 2277 5241 acciderunt
2333 5176 2709 5250 temporibus
2766 5174 3089 5231 retroactis.
3119 5197 3146 5224 ››
3201 5176 3349 5229 Tum
3394 5173 3457 5227 in
3504 5186 3600 5227 ca-

1931 5275 2049 5347 pite
2119 5275 2188 5329 30
2259 5268 2532 5341 ejusdem
2612 5265 2761 5321 tituli
2835 5263 3113 5320 describit
3198 5262 3367 5335 581
3434 5260 3597 5318 aliud

1930 5364 2235 5419 decretum
2305 5374 2381 5415 ea:
2454 5354 2845 5427 synodalibus
2918 5354 3205 5410 Ecclesia
3274 5352 3593 5417 Trecensis,

1932 5455 1991 5509 in
2056 5467 2180 5525 quo
2254 5450 2335 5505 ita
2414 5446 2701 5519 scriptum
2770 5448 2904 5500 est:
2973 5442 3337 5499 «lnhibeant
3408 5438 3598 5495 curati

1932 5542 2056 5597 suis
2128 5535 2508 5612 parochianis
2583 5549 2658 5588 ne
2727 5532 2969 5603 vigilent
3049 5531 3111 5587 in
3194 5529 3448 5585 ecclesia
3522 5526 3596 5579 de

1933 5634 2104 5686 nocte
2171 5626 2418 5699 quando
2473 5637 2724 5694 corpora
2776 5621 3118 5693 aliquorum
3173 5618 3593 5674 defunctorum
