3980 6182
266 164 472 262 ’443

1730 186 2085 250 STEPHANI
2118 186 2420 245 BALUZII.

3694 192 3799 248 μς

366 327 594 385 ibidem
636 325 1028 398 deportantur
1074 320 1165 376 vel
1221 318 1385 389 alibi,
1434 320 1678 391 propter
1731 310 2027 371 maleﬁcia
2056 311 2105 363 A
2134 308 2348 379 legitur
2395 330 2527 372 cum
2576 333 2661 373 xu
2683 320 2876 388 juvet.
2911 319 3041 382 Quo
3089 314 3267 371 etiam
3316 312 3501 370 modo
3540 313 3803 370 habetur

368 432 505 491 quas
528 414 753 471 ibidem
782 414 933 468 iiunt
959 414 1015 465 et
1046 407 1419 482 temporibus
1440 405 1746 462 retroactis
1771 402 2029 470 contige-

369 511 528 562 runt.
555 524 581 554 ››
614 503 726 560 Sed
755 501 841 557 vir
869 498 1235 555 clarissimus
1274 512 1399 553 non
1454 493 1765 552 adnotavit
1792 498 2028 564 tempus

376 610 491 667 quo
520 594 739 647 statuta
766 588 866 644 illa
894 587 1138 643 condita
1167 586 1426 642 fuerunt.
1458 588 1591 640 Jam
1629 587 1805 640 antea
1834 578 2028 667 conci-

367 682 514 736 lium
548 677 971 735 Eliberitanum
1001 678 1285 732 statuerat
1311 673 1372 730 in
1402 687 1631 729 canone
1649 676 1715 727 35
1741 690 1753 727 :
1789 692 1816 720 ‹‹
1841 673 1921 724 Ne
1942 666 2027 723 fe-

368 768 548 826 mina
575 768 638 823 in
666 764 1006 823 cosmeterio
1033 763 1405 837 pervigilent,
1422 777 1494 817 eo
1524 759 1689 833 quod
1721 774 1881 831 saepe
1910 756 2024 812 sub

369 857 617 914 obtentu
645 854 932 912 orationis
962 853 1186 910 scelera
1210 851 1458 908 latenter
1487 848 1885 907 committant.
1910 868 1936 896 ››

445 981 579 1035 CAP.
610 982 661 1036 6.
695 1012 763 1019 —
792 976 1174 1053 Burchardus
1202 976 1317 1032 ista
1342 974 1653 1048 descripsit
1680 974 1742 1028 in
1772 971 1935 1028 initio
1959 968 2027 1024 li-

371 1069 464 1125 bri
490 1069 657 1135 sexti,
692 1084 768 1125 es:
798 1068 1047 1123 concilio
1096 1064 1480 1121 Triburiensz‘.
1518 1067 1581 1119 Et
1603 1065 1806 1119 tamen
1831 1059 2029 1115 verbis

374 1157 691 1228 Reginonis
743 1157 943 1223 utitur,
986 1172 1122 1228 qua:
1171 1154 1540 1225 elegantiora
1591 1154 1730 1207 sunt
1776 1148 2031 1220 vulgatis

374 1246 736 1303 editionibus
790 1244 1006 1318 synodi
1046 1241 1461 1299 Triburiensis.
1490 1244 1638 1298 Tum
1686 1239 1889 1297 tribuit
1934 1234 2034 1293 illa

373 1333 648 1407 primitus
677 1332 982 1391 Melchiadi
1011 1348 1209 1405 papas,
1244 1331 1338 1387 cui
1370 1347 1406 1388 a
1433 1330 1599 1386 nullo
1650 1328 1767 1385 alia
1815 1327 2034 1383 tributa

375 1426 535 1479 sunt.
567 1422 679 1479 Sed
710 1438 850 1477 cum
878 1422 1103 1477 videret
1149 1420 1516 1491 Reginonem
1570 1435 1641 1474 ea
1669 1420 1932 1489 repetere
1962 1431 2033 1469 ex

375 1511 785 1567 sanctionibus
816 1511 1120 1567 canonicis
1150 1515 1207 1566 et
1235 1526 1309 1564 ex
1330 1508 1558 1580 judicio
1589 1507 2033 1579 episcoporum,

376 1599 711 1655 canonibus
758 1596 991 1655 concilii
1040 1597 1452 1664 Triburiensis,
1487 1595 1828 1653 sanctiones
1859 1607 2037 1648 cano-

376 1688 542 1743 nicas
590 1686 819 1759 putavit
867 1686 1214 1742 tribuendas
1262 1700 1394 1741 esse
1452 1686 1721 1740 Romano
1773 1680 2037 1753 cuipiam
2065 1662 2109 1716 Β

377 1775 664 1850 pontifici.
716 1776 863 1832 Tum
924 1792 1064 1831 vero
1118 1779 1455 1848 opportune
1507 1772 1589 1829 illi
1644 1772 1810 1829 haud
1855 1769 2037 1825 dubie

378 1866 633 1923 occurrit
690 1881 912 1921 nomen
978 1863 1334 1922 Melchiadis.
1405 1864 1523 1919 Hoc
1590 1868 1711 1918 erat
1778 1859 2038 1917 hominis

378 1950 710 2027 ingenium.

451 2063 586 2117 CAP.
620 2067 673 2118 9.
701 2094 769 2102 —
793 2063 1038 2118 Missam
1069 2063 1132 2119 S.
1166 2063 1345 2118 Joan.
1380 2061 1445 2116 Id
1476 2064 1584 2129 est,
1616 2060 1864 2116 festum.

450 2170 586 2224 Car.
611 2170 669 2224 41
687 2199 775 2222 .—-
802 2169 993 2240 Caput
1022 2168 1179 2225 istud
1206 2184 1329 2224 non
1349 2171 1542 2223 exstat
1554 2168 1617 2223 in
1638 2164 2039 2222 vetustissimo

378 2259 530 2314 libro
562 2258 991 2330 Capitularium
1020 2256 1396 2313 bibliotheca:
1428 2256 1626 2326 Regiaa
1668 2272 1743 2311 ex
1772 2270 1895 2328 quo
1923 2253 2040 2327 pri-

381 2362 484 2403 ma
513 2346 860 2403 Parisiensis
899 2345 1077 2402 editio
1118 2344 1547 2418 Capitularium
1579 2344 1817 2417 prodiit,
1844 2358 2040 2414 neque

379 2435 443 2491 in
496 2434 855 2503 Colberttno,
886 2450 1009 2490 non
1052 2434 1299 2491 demum
1347 2433 1409 2489 in
1452 2432 1855 2506 Rivipullensi.
1890 2430 2041 2497 Quia

382 2529 584 2580 tamen
614 2540 688 2580 ex
716 2524 897 2580 veteri
926 2523 1080 2580 libro
1101 2523 1327 2579 editum
1354 2527 1460 2591 est,
1486 2538 1625 2578 cum
1648 2521 1730 2578 illi
1754 2525 2043 2594 praeterea

380 2612 566 2669 ﬁdem
591 2612 770 2669 faciat
798 2613 913 2669 ista
941 2612 1209 2669 collectio
1241 2610 1558 2681 Reginonis
1582 2611 1846 2682 itemque
1869 2613 2041 2665 vetus

382 2701 649 2758 collectio
702 2717 1007 2758 canonum
1045 2717 1161 2758 ms.
1198 2701 1258 2757 in
1306 2699 1665 2756 bibliotheca
1696 2698 1896 2769 Regia,
1928 2697 2041 2752 du-

381 2791 552 2847 bium
582 2806 707 2847 non
751 2795 838 2847 est
867 2790 1014 2863 quin
1043 2789 1219 2846 fuerit
1266 2788 1408 2845 olim
1460 2789 1522 2844 in
1551 2788 1716 2843 libris
1747 2786 2044 2860 Capitula-

381 2879 557 2934 rium.
593 2877 709 2934 Sed
739 2882 940 2933 utrum
970 2877 1145 2934 fuerit
1171 2876 1538 2949 descriptum
1586 2876 1647 2931 in
1676 2875 1830 2930 libro
1858 2890 2039 2947 quar-

382 2970 464 3036 to,
492 2971 558 3023 ut
597 2966 822 3022 habent
844 2966 1104 3035 vulgatae
1145 2964 1579 3038 Capitularium
1609 2963 1919 3034 editiones,
1950 2963 2040 3019 vel

382 3054 443 3108 in
475 3054 762 3122 secundo,
794 3059 859 3110 ut
886 3054 1112 3123 Regino
1136 3054 1299 3123 citat,
1330 3053 1420 3109 vel
1444 3053 1693 3109 demum
1718 3052 1779 3107 in
1808 3052 2042 3124 quinto,

384 3146 450 3199 ut
470 3141 532 3198 in
559 3143 737 3199 veteri
762 3143 1108 3200 collectione
1131 3159 1319 3216 quam
1345 3158 1487 3199 mox
1514 3142 1918 3219 laudavimus,
1933 3141 2043 3199 dif-

383 3231 537 3288 ﬁcile
566 3231 730 3289 dictu
759 3238 864 3289 est.
902 3237 964 3288 In
1013 3232 1357 3289 collectione
1410 3237 1608 3289 autem
1652 3231 1753 3288 illa
1792 3231 1874 3287 sic
1903 3231 2043 3301 legi~

383 3324 513 3376 tur:
553 3320 999 3390 Capitularium
1046 3323 1148 3377 lib.
1184 3339 1235 3389 v,
1287 3338 1419 3391 cap.
1453 3323 1546 3377 .90.
1575 3322 1922 3391 Presbyter:
1948 3325 2041 3377 in-

385 3412 620 3481 terfecti
664 3413 935 3482 episcopo
977 3413 1059 3469 ad
1105 3415 1278 3482 cujus
1317 3413 1693 3482 paraechiam
1735 3413 2042 3481 pertinent

381 3501 714 3557 solvantur.
750 3501 914 3557 Unde
962 3500 1237 3572 colligere
1282 3516 1616 3573 possumus
1659 3500 2042 3556 librariorum

383 3589 753 3663 quandoque
782 3589 1078 3647 industria
1121 3590 1399 3647 effectum
1450 3606 1580 3647 esse
1632 3595 1697 3646 ut
1742 3590 2043 3663 permulta

382 3678 792 3735 omitterentur
816 3679 880 3735 in
908 3680 1352 3753 exemplaribus
1376 3679 1546 3736 novis
1576 3695 1711 3752 quas
1744 3679 2045 3736 faciebant

383 3767 832 3840 Capitularium,
864 3784 999 3841 quae
1036 3773 1239 3826 tamen
1285 3769 1601 3825 exstabant
1630 3769 1690 3824 in
1739 3768 1851 3824 illis
1900 3768 2045 3823 anti-

381 3856 713 3927 quioribus.
744 3857 1142 3924 Burchardus,
1176 3860 1241 3913 ut
1269 3857 1506 3920 assolet,
1529 3862 1713 3929 caput
1738 3856 1897 3913 istud
1918 3872 2043 3912 non

382 3944 589 4000 laudat
613 3961 685 3999 ex
708 3945 877 4001 libris
920 3944 1370 4018 Capitularium,
1403 3945 1509 4000 sed
1535 3961 1608 4000 ex
1644 3946 1896 4002 concilio
1927 3947 2042 4002 Tri-

382 4028 666 4100 buriensi,
695 4049 827 4105 cap.
860 4038 913 4090 ὅ.
946 4038 1009 4089 In
1040 4035 1232 4106 capite
1264 4051 1408 4091 sane
1427 4039 1642 4107 quarto
1672 4034 1830 4090 illius
1866 4035 2039 4107 582

383 4121 613 4178 concilii
641 4124 915 4180 statuitur
945 4124 1019 4180 de
1050 4125 1482 4197 compositione
1512 4125 1847 4197 presbyteri
1890 4127 2042 4181 occi-

384 4212 450 4266 si.
484 4216 757 4268 Attamen
787 4214 993 4269 omnia
1037 4214 1278 4270 diversa
1306 4219 1444 4270 sunt
1473 4231 1509 4271 a
1539 4230 1720 4270 sensu
1748 4216 1919 4271 istius
1949 4233 2042 4272 ca-

382 4301 542 4373 pitis.
576 4301 717 4358 Hinc
741 4317 884 4373 ergo
913 4302 1198 4375 deceptus
1228 4308 1318 4359 est
1338 4303 1716 4360 Burchardus
1738 4305 1905 4377 quod
1934 4321 2040 4377 pu-

383 4394 532 4447 taret
578 4390 775 4464 capita
804 4408 940 4465 quaa
990 4396 1323 4465 sequuntur
1371 4397 1508 4466 post
1557 4397 1738 4467 caput
1775 4398 1841 4451 37
1870 4394 2037 4451 istius

378 4478 534 4547 libri,
567 4482 734 4553 quod
785 4496 1137 4555 expressum
1194 4487 1281 4538 est
1323 4497 1394 4538 ex
1445 4482 1780 4539 canonibus
1807 4483 2039 4539 concilii

378 4566 788 4638 Triburiensis,
821 4571 901 4628 ad
952 4572 1091 4628 item
1138 4571 1460 4629 concilium
1506 4572 1799 4646 pertinere
1846 4573 2039 4629 donec

379 4659 679 4715 veniretur
698 4674 767 4715 ac
798 4660 1285 4716 constitutionem
1313 4662 1546 4717 concilii
1574 4661 2034 4717 Wormatiensis.

382 4746 485 4803 Hic
530 4752 618 4803 est
665 4747 799 4804 fons
845 4752 904 4805 et
943 4748 1131 4817 origo,
1165 4748 1330 4821 quod
1366 4764 1527 4822 sirpe
1558 4749 1880 4805 dicendum
1928 4753 2035 4821 est,

380 4835 706 4892 multorum
734 4848 1005 4893 errorum
1034 4837 1199 4909 apud
1233 4838 1664 4894 Burchardum.
1691 4837 1805 4894 Sed
1837 4842 2037 4894 tamen

383 4923 540 4979 idem
587 4924 649 4981 in
700 4924 816 4981 hoc
862 4924 993 4982 loco
1025 4925 1257 4981 videtur
1303 4941 1426 4981 non
1475 4926 1666 4996 egisse
1704 4926 1868 4982 bona
1895 4926 2034 4982 ﬁde.

382 5014 530 5067 Nam
545 5028 680 5084 quae
704 5013 824 5069 illic
850 5014 1131 5070 dicuntur
1158 5015 1232 5070 de
1262 5014 1583 5087 Capitulari
1604 5014 1796 5071 Caroli
1822 5016 2035 5087 Magni,

381 5115 453 5155 ea
482 5101 700 5167 omisit,
724 5118 799 5159 ne
827 5104 963 5175 quis
993 5106 1204 5176 putare
1231 5108 1435 5166 posset
1462 5103 1764 5175 accepisse
1793 5118 1857 5159 se
1878 5104 2039 5160 istud

382 5194 563 5262 caput
581 5205 653 5245 ex
680 5191 846 5247 libris
870 5192 1320 5265 Capitularium.
1340 5197 1541 5266 Itaque
1566 5193 1670 5266 qui
1703 5192 2038 5250 clausulam

380 5276 545 5334 illam
570 5277 693 5336 suis
723 5278 1085 5337 editionibus
1118 5282 1419 5354 adjectam
1447 5295 1570 5338 non
1590 5280 1826 5344 habent
1853 5282 1955 5338 Ivo
1981 5287 2040 5339 et

381 5367 712 5435 Gratianus,
743 5369 784 5425 ii
814 5369 1046 5443 decepti
1076 5388 1112 5427 a
1144 5372 1490 5428 Burchardo
1520 5377 1681 5428 sunt.

452 5485 585 5540 CAP.
618 5489 706 5542 43.
741 5519 809 5526 -
856 5488 1006 5543 Cum
1037 5488 1367 5543 duodecim.
1400 5488 1577 5561 Apud
1622 5488 2037 5544 Burchardum

378 5575 435 5630 et
464 5575 811 5631 Gratianum
855 5576 1070 5649 legitur
1121 5591 1253 5632 cum
1285 5591 1437 5630 Lxxn
1468 5578 1656 5646 juret.
1692 5576 1756 5633 ln
1787 5575 2038 5633 concilio

379 5664 581 5720 autem
621 5664 985 5735 Moguntino,
1018 5663 1180 5720 unde
1230 5668 1541 5737 sumptum
1582 5668 1671 5720 est
1692 5664 1809 5720 hec
1834 5669 2036 5737 caput,

2136 400 2299 472 apud
2332 405 2695 473 Reginonem
2744 411 2867 464 tam
2910 407 2972 462 in
3000 404 3259 461 editione
3288 402 3800 460 Helmaestadiensi

2135 505 2323 562 quam
2352 492 2413 548 in
2440 495 2643 551 codice
2672 495 3006 553 Parisiensi.
3040 493 3384 549 Absurdum
3403 497 3697 565 praeterea
3720 496 3808 550 est

2135 594 2507 654 quemquam
2534 584 2666 653 cogi
2695 584 2772 639 ad
2804 583 3235 639 inveniendum
3260 584 3345 638 tot
3367 583 3803 654 conjuratores.

2137 669 2402 741 Denique
2426 670 2748 728 duodecim
2780 676 3013 728 tantum
3043 670 3227 740 vulgo
3256 674 3382 726 tum
3414 669 3693 726 adhiberi
3715 685 3809 725 so-

2134 756 2269 813 litos
2299 763 2460 830 patet
2510 776 2582 816 ex
2632 760 2785 817 libro
2825 760 3091 816 secundo
3139 759 3485 833 Capitular.,
3520 773 3657 831 cap.
3695 762 3764 814 23
3794 777 3807 827 ;

2134 844 2236 903 lib.
2270 862 2344 911 Iv,
2378 863 2509 921 cap.
2548 853 2610 905 i3
2643 852 2701 905 et
2718 852 2825 917 26;
2879 848 2982 904 lib.
3014 854 3065 917 5,
3100 864 3233 921 cap.
3267 847 3365 903 201
3405 865 3418 914 ;
3458 851 3588 903 tum
3614 846 3805 903 etlam

2137 949 2209 988 ex
2234 933 2385 991 libro
2415 937 2607 1009 primo
2638 937 2784 1007 legis
2813 937 3282 1007 Longobardor,
3318 935 3402 990 tit.
3443 939 3525 1004 l3,
3557 948 3704 1009 cap.
3734 939 3804 1005 3;

2140 1023 2222 1079 tit.
2262 1025 2343 1095 16,
2373 1041 2503 1099 cap.
2534 1031 2600 1093 2;
2634 1027 2717 1083 tit.
2751 1032 2840 1096 25,
2870 1030 3118 1100 cap.73;
3147 1030 3203 1082 et
3226 1025 3329 1081 lib.
3365 1040 3427 1094 ιι,
3454 1025 3542 1079 tit.
3583 1025 3633 1090 l,
3672 1040 3813 1097 cap.

2140 1118 2209 1180 2;
2245 1114 2325 1170 tit.
2363 1115 2443 1183 14,
2494 1132 2624 1189 cap.
2663 1117 2710 1181 l,
2743 1121 2800 1172 et
2827 1116 2913 1172 tit.
2948 1121 3035 1183 55,
3079 1132 3211 1188 cap.
3244 1120 3297 1181 2,
3333 1120 3385 1183 3,
3419 1120 3449 1170 ὅ
3483 1118 3541 1170 et
3569 1119 3680 1183 33;
3734 1130 3814 1171 ex

2142 1202 2308 1259 titulo
2333 1203 2592 1277 denique
2623 1210 2688 1261 53
2716 1205 2862 1276 legis
2902 1204 3399 1271 Alamannorum,
3433 1207 3490 1259 et
3514 1219 3588 1259 ex
3644 1202 3817 1259 titulo

2142 1295 2173 1347 8
2205 1296 2261 1347 et
2290 1296 2356 1347 52
2384 1293 2531 1362 legis
2566 1294 3084 1364 Burgundionum.
3119 1296 3393 1350 Attamen
3428 1291 3829 1365 septuaginta.

2142 1380 2296 1435 duos
2323 1382 2785 1439 sacramentales
2816 1382 3118 1438 adhibitos
3165 1381 3346 1437 fuisse
3376 1381 3437 1436 in
3470 1396 3659 1437 causa
3687 1382 3811 1436 Otse

2144 1469 2364 1540 reginae
2392 1471 2567 1527 docet
2594 1476 2801 1528 auctor
2831 1471 3150 1527 Annalium
3184 1469 3570 1526 Fuldensium
3603 1468 3683 1525 ad
3710 1484 3815 1525 an-

2146 1574 2294 1614 num
2319 1563 2443 1630 898,
2478 1560 2525 1615 si
2554 1576 2697 1616 vera
2724 1565 2811 1616 est
2840 1560 3033 1616 lectio.

2222 1649 2474 1706 Umorem
2522 1652 2779 1706 amittat.
2814 1648 2993 1722 Apud
3042 1648 3455 1704 Burchardum
3500 1652 3555 1704 et
3592 1648 3819 1704 Gratia-

2146 1752 2316 1807 num,
2345 1742 2470 1793 tum
2502 1739 2681 1794 etiam
2711 1739 2774 1794 in
2802 1738 2956 1794 libro
2984 1738 3196 1811 quinto
3225 1736 3643 1804 Decretalium,
3676 1737 3816 1807 legi-

2146 1830 2261 1892 tur,
2291 1832 2346 1882 et
2394 1827 2615 1899 absque
2661 1842 2761 1897 spe
2812 1827 3083 1896 conjugii
3107 1832 3374 1893 maneat,
3408 1836 3635 1896 magno
3665 1826 3819 1881 inter

2147 1915 2275 1970 haec
2300 1914 2660 1983 discrimine,
2691 1920 2755 1971 ut
2783 1926 2963 1971 nemo
2988 1928 3112 1970 non
3142 1914 3319 1970 videt.
3348 1916 3502 1970 Sane
3529 1920 3719 1986 caput
3748 1918 3816 1969 Ἡ

2148 2004 2380 2059 concilii
2425 2004 2769 2075 Moguntini,
2822 2003 3001 2071 unde,
3036 2004 3120 2060 uti
3168 2003 3450 2070 diximus,
3496 2008 3817 2076 sumptum

2148 2096 2237 2148 est
2258 2093 2373 2148 hoc
2402 2098 2603 2166 caput,
2631 2093 2813 2150 habet
2837 2098 2893 2149 et
2921 2106 3170 2150 uxorem
3200 2095 3460 2149 amittat.

2218 2182 2353 2237 CAP.
2381 2182 2468 2238 61.
2504 2214 2572 2223 —
2598 2183 3035 2254 Reginbaldum
3066 2182 3408 2252 chcrepisc.
3441 2181 3709 2238 Levabat
3728 2181 3822 2237 hic

2153 2269 2462 2325 Otherium
2489 2271 2896 2339 Mogontinum
2941 2270 3463 2343 archiepiscopum
3493 2269 3662 2324 fasce
3693 2267 3822 2340 cpi-

2151 2358 2398 2430 scopali,
2426 2362 2490 2414 ut
2534 2363 2697 2431 patet
2743 2372 2815 2415 ex
2845 2359 3100 2415 Rudolfo
3149 2358 3211 2414 in
3241 2358 3368 2415 Vita
3399 2357 3629 2414 Rabani
3659 2360 3720 2413 et
3750 2364 3820 2411 ex

2149 2446 2331 2502 veteri
2359 2446 2747 2520 inscriptione
2777 2460 2965 2521 quam
2994 2451 3305 2504 Browerus
3346 2446 3532 2502 edidit
3559 2446 3625 2501 in
3662 2444 3821 2502 libre

2152 2536 2417 2591 secundo
2449 2536 2883 2609 Antiquitatum
2913 2536 3325 2607 Fuldensium,
3371 2550 3505 2608 cap.
3542 2535 3631 2602 l5,
3679 2548 3818 2607 qua:

2151 2625 2234 2680 sic
2263 2624 2445 2681 habet
2471 2642 2485 2680 :
2521 2626 2693 2698 533
2725 2648 2750 2675 «
2781 2628 2955 2682 Anno
2982 2626 3214 2682 Domini
3241 2629 3344 2682 808
3375 2625 3526 2696 (lege
3549 2626 3709 2691 838),
3736 2627 3825 2678 In.

2150 2713 2408 2770 dictione
2457 2716 2540 2782 l5,
2573 2714 2918 2772 dedicatum
2965 2716 3205 2771 esthoc
3254 2708 3586 2772 oratorium
3637 2712 3816 2785 jussu

2152 2803 2369 2872 Otgarii
2402 2804 2835 2877 archiepiscopi
2882 2821 2919 2861 a
2964 2804 3336 2875 Reginbaldo
3380 2804 3821 2875 chorepiscopo

2148 2908 2210 2948 Vl
2244 2891 2484 2948 kalend.
2527 2893 2868 2950 Octobris.»
2920 2892 3180 2966 Epistola
3229 2906 3411 2966 porro
3459 2890 3694 2947 Rabani
3742 2891 3817 2944 ad

2150 2996 2289 3036 eum
2318 2981 2559 3054 scripta,
2585 2994 2774 3053 quam
2803 2982 2898 3038 hic
2930 2982 3066 3038 citat
3098 2982 3349 3052 Regina,
3382 2979 3659 3036 nondum
3701 2979 3822 3035 edi-

2149 3074 2208 3126 ta
2238 3073 2327 3125 est
2351 3069 2600 3140 integra.
2632 3073 2987 3140 Fragmenta
3012 3075 3213 3127 autem
3240 3069 3363 3126 alia.
3388 3070 3466 3125 ab
3488 3069 3607 3125 isto
3637 3067 3818 3124 refert

2150 3162 2373 3229 Regmo
2426 3160 2581 3216 intra
2627 3174 2758 3233 cap.
2793 3163 2897 3215 202
2945 3164 3001 3216 et
3050 3163 3173 3216 344.
3216 3159 3572 3229 Reginbaldi
3624 3158 3820 3231 epita-

2148 3248 2359 3322 phium
2408 3252 2604 3305 exstat
2654 3249 2807 3306 inter
2856 3252 3139 3322 poemata
3191 3248 3443 3305 Rabani.
3478 3249 3562 3304 Eo
3615 3248 3821 3320 itaque

2152 3341 2407 3403 mortuo,
2443 3336 2827 3393 Thiotmarus
2873 3337 2981 3393 fuit
3017 3336 3493 3411 phorepiscopus
3531 3335 3825 3406 Mogunti-

2151 3442 2285 3493 nus,
2311 3431 2377 3481 ut
2404 3427 2687 3482 Rabanus
2715 3431 2968 3483 testatur
2997 3427 3058 3482 in
3101 3425 3354 3500 epistola
3385 3424 3463 3482 ad
3493 3441 3637 3482 eum
3668 3425 3816 3480 scri-

2150 3520 2273 3587 pta,
2306 3531 2443 3587 quas
2473 3520 2664 3571 exstat
2688 3515 2748 3570 in
2780 3516 2943 3571 initio
2963 3515 3098 3571 libri
3139 3514 3215 3571 de
3248 3516 3435 3571 sacris
3465 3514 3817 3571 Ordinibus.

2151 3604 2287 3659 Htec
2320 3608 2461 3660 sunt
2479 3605 2610 3676 ejus
2640 3604 2829 3661 verba
2857 3621 2868 3659 :
2906 3627 2934 3653 α
2958 3607 3024 3660 Et
3041 3604 3187 3677 quia
3217 3604 3336 3659 mei
3361 3608 3822 3677 cooperatorem

2150 3692 2211 3748 in
2243 3708 2418 3748 sacro
2447 3691 2775 3749 ministerio
2806 3696 2860 3749 te
2891 3691 3062 3763 elegi,
3085 3694 3292 3748 hortor
3320 3696 3385 3747 ut
3411 3692 3582 3764 quod
3602 3707 3719 3764 pro
3739 3693 3825 3747 in-

2150 3781 2427 3837 ﬁrmitate
2459 3781 2728 3854 corporis
2759 3796 2964 3837 coram
2995 3780 3195 3836 multis
3216 3796 3516 3854 exponere
3538 3796 3665 3836 non
3688 3796 3822 3854 pos-

2152 3887 2311 3939 sum,
2340 3877 2423 3939 tu,
2457 3870 2563 3944 qui
2582 3871 2787 3942 junior
2815 3874 2985 3927 atate
3006 3874 3064 3926 et
3092 3869 3342 3926 validior
3367 3886 3430 3926 es
3456 3882 3737 3943 corpore,
3761 3870 3825 3925 il-

2149 3959 2220 4015 lis
2248 3960 2353 4032 qui
2382 3960 2459 4016 ad
2486 3958 2887 4016 sacerdotium
2904 3958 3161 4014 ordinati
3188 3963 3328 4014 sunt
3346 3959 3821 4015 etministerium

2152 4049 2521 4106 sacerdotale
2574 4064 2753 4119 agere
2786 4047 3006 4105 debent
3055 4052 3266 4104 notum
3312 4047 3517 4104 facias.
3542 4069 3573 4097 ››
3617 4052 3821 4121 Itaque

2149 4134 2340 4194 codex
2381 4143 2553 4194 vetus
2582 4137 2959 4193 bibliothecae
2991 4136 3183 4206 Hegias
3217 4153 3291 4193 ex
3328 4153 3452 4210 quo
3482 4152 3597 4194 nos
3627 4152 3823 4211 nuper

2148 4227 2448 4283 edidimus
2501 4226 2724 4283 librum
2777 4225 3013 4282 Rabani
3059 4226 3137 4282 de
3181 4226 3656 4301 chorepiscopis,
3692 4226 3817 4282 ﬁnit

2148 4315 2421 4387 ejusdem
2451 4314 2797 4383 Thiotmari,
2831 4331 2971 4371 cum
3009 4314 3071 4370 in
3114 4315 3307 4371 fronte
3336 4314 3472 4371 libri
3500 4315 3620 4371 ista
3659 4316 3819 4371 anti-

2146 4405 2350 4479 quitus
2383 4404 2602 4477 scripta
2633 4404 2785 4461 sint:
2822 4405 3132 4461 Thiotmar
3156 4406 3577 4475 corepiscopus
3606 4406 3824 4476 adqui-

2145 4496 2304 4550 sivit.
2339 4497 2417 4549 De
2446 4508 2568 4566 quo
2598 4492 2773 4562 libro,
2807 4492 3098 4565 quoniam
3147 4492 3386 4549 occasio
3412 4492 3566 4562 tulit,
3598 4493 3819 4549 admo-

2147 4582 2416 4639 nendum
2465 4586 2555 4639 est
2597 4583 2964 4639 mentionem
3016 4582 3238 4638 factam
3289 4598 3419 4638 esse
3466 4598 3502 4638 a
3554 4581 3823 4637 Rudolfo

2146 4673 2498 4747 presbytero
2518 4673 2579 4728 in
2594 4672 2720 4728 Vita
2744 4672 3000 4728 Rabani:
3035 4690 3062 4721 (ι
3090 4674 3238 4729 Sunt
3259 4687 3504 4745 quoque
3533 4671 3656 4727 alia
3672 4687 3825 4745 opu-

2149 4761 2318 4818 scula
2347 4763 2497 4834 ejus,
2530 4762 2742 4835 inquit,
2770 4778 2905 4835 quas
2933 4761 3012 4818 ad
3042 4762 3408 4832 interrogata
3435 4760 3821 4817 diversorum

2147 4851 2200 4906 ei
2224 4851 2588 4923 respondere
2616 4849 3025 4907 necessarium
3049 4850 3190 4919 fuit;
3224 4864 3489 4922 quorum
3513 4864 3711 4905 unum
3730 4854 3824 4904 est

2147 4940 2222 4995 de
2261 4941 2833 5013 chorepiscoporum
2882 4938 3295 5007 ordinatione;
3350 4952 3531 5011 super
3570 4952 3699 5011 quo
3737 4938 3823 4994 ad

2148 5031 2490 5099 Drugonem
2509 5027 3033 5101 archiepiscopum
3064 5027 3299 5100 scripsit
3317 5026 3540 5083 librum
3562 5042 3823 5082 unum.»

2146 5118 2260 5174 Sed
2290 5122 2355 5173 ut
2375 5117 2450 5174 ad
2483 5118 2891 5174 Thiotmarum
2925 5117 3268 5185 redeamus,
3301 5115 3495 5172 fuerat
3516 5115 3615 5172 ille
3636 5121 3827 5172 antea

2147 5208 2483 5265 monachus
2514 5206 2822 5263 Fuldensis
2874 5206 2987 5262 sub
3036 5207 3306 5273 Rabano,
3337 5210 3405 5263 ut
3430 5204 3608 5261 docet
3654 5205 3823 5263 idem

2148 5297 2435 5355 Rudolfus
2512 5298 2604 5353 his
2668 5296 2902 5353 verbis:
2979 5317 3005 5348 ει
3036 5296 3294 5360 Quidam
3360 5295 3685 5369 presbyter
3750 5311 3823 5351 ex

2149 5387 2462 5444 monachis
2510 5387 2749 5455 nostris,
2789 5386 3035 5443 nomine
3084 5387 3403 5452 Thiotmar,
3461 5400 3573 5457 pro
3618 5386 3829 5441 causis

2148 5478 2518 5550 quibusdam
2570 5477 2647 5533 ab
2693 5476 2909 5533 abbate
2946 5476 3025 5532 ad
3066 5475 3376 5547 Otgarium
3421 5473 3831 5547 archiepisco—

2150 5584 2297 5641 pum
2327 5568 2567 5623 missus.
2587 5585 2616 5618 ν

2221 5666 2357 5721 CAP.
2383 5666 3005 5735 69.—Antejanuam.
3030 5662 3203 5720 lubet
3226 5662 3323 5720 hic
3338 5677 3534 5721 canon
3556 5667 3624 5719 ut
3646 5661 3835 5736 pueri
