3980 6182
151 230 236 287 448

1172 235 1375 291 ΝΟΤΛΕ
1413 236 1506 291 AD
1537 233 1667 292 LIB.
1701 228 1749 289 ΙΙ
1775 229 1867 290 DE
1899 231 2178 291 ECCLES.
2211 235 2498 294 DISCIPL.

3445 248 3561 305 446

152 364 385 427 quorum
416 354 640 407 matres
667 352 915 423 agnosci
943 353 1178 425 nolunt,
1233 373 1355 414 non
1415 354 1784 428 occidantur,
1821 358 1863 413 Α
1890 357 2176 425 referens,
2198 374 2334 432 quae
2364 359 2655 417 adversus
2686 360 2852 418 illum
2882 378 2919 418 a
2952 361 3187 420 ‘licolao
3208 363 3363 422 facta
3390 374 3545 437 sunt,

154 440 239 499 sed
265 442 395 497 ante
419 439 677 511 januam
704 443 972 501 ecclesiae
1010 447 1424 520 projiciantur,
1454 454 1520 505 ut
1539 448 1677 504 dein
1707 448 1785 505 ab

152 531 327 603 aliquo
356 528 517 585 ﬁdeli
546 529 950 602 suscipiantur
1003 535 1324 597 nutriendi.
1379 537 1516 593 Vide
1565 536 1667 594 lib.
1728 554 1785 592 VI

154 615 467 693 Capitular.,
492 634 625 693 cap.
660 623 779 689 142,
809 626 865 678 et
920 624 1332 682 Burchardum
1358 625 1461 683 lib.
1514 641 1599 697 ιιι,
1649 643 1781 700 cap.

151 712 233 766 201
264 710 314 763 et
340 708 464 763 202.

211 799 326 853 CAP.
358 799 446 851 75.
476 829 546 837 —
575 796 765 871 Caput
793 797 953 855 istud
982 813 1104 856 non
1136 804 1326 858 exstat
1345 801 1407 859 in
1430 803 1584 860 libro
1615 803 1784 861 tertio

151 886 569 959 Capitularium,
603 892 669 944 ut
694 889 874 945 hodie
892 890 1088 947 editus
1117 896 1225 963 est,
1258 894 1359 949 sed
1394 894 1453 949 in
1482 896 1699 967 primo.
1721 899 1785 952 Et

148 980 320 1033 tamen
348 976 608 1033 habetur
643 978 704 1033 in
746 978 865 1035 ﬁne
886 978 1021 1035 libri
1047 982 1198 1037 tertii
1246 984 1307 1038 in
1349 981 1531 1040 veteri
1578 985 1783 1041 codice

147 1082 241 1122 ms.
261 1080 327 1122 ex
357 1081 482 1138 quo
512 1066 733 1139 prodiit
752 1069 1095 1126 Parisiensis
1122 1072 1318 1143 prima
1344 1073 1524 1130 editio
1547 1075 1784 1147 Capitu-

144 1154 296 1223 rium,
322 1153 466 1209 item
490 1154 550 1209 in
579 1155 788 1212 codice
846 1157 1255 1232 Rivipullensi,
1313 1166 1442 1217 tum
1494 1162 1675 1218 etiam
1722 1162 1781 1217 in

146 1242 474 1299 Colbertino.
507 1243 572 1299 In
602 1243 767 1300 nullo
797 1251 996 1303 autem
1031 1253 1297 1306 veterum
1329 1250 1605 1307 codicum
1623 1266 1779 1324 quos

139 1332 245 1388 vidi
258 1335 443 1389 exstat
461 1332 522 1388 in
539 1332 694 1390 libro
709 1336 906 1407 primo
931 1338 1127 1411 584.
1146 1340 1229 1407 Et,
1244 1341 1411 1414 quod
1430 1342 1648 1397 mirum
1665 1346 1773 1408 est,

139 1435 248 1477 non
266 1424 420 1477 extat
442 1421 503 1476 in
531 1421 736 1479 codice
757 1439 880 1497 quo
911 1426 1005 1481 usi
1032 1432 1171 1503 s_unt
1199 1427 1304 1500 qui
1334 1429 1596 1501 primam
1652 1428 1777 1503 edi-

84 1522 91 1533 '
136 1510 336 1564 tionem
364 1509 707 1567 Pariensem
732 1497 1122 1571 adornaruBt.
1169 1497 1369 1572 Simile
1424 1518 1639 1573 accidit
1686 1500 1781 1574 ca-

134 1597 225 1670 piti
242 1598 312 1653 de
335 1598 674 1670 mqualibus
706 1603 1002 1659 mensuris
1021 1608 1079 1660 et
1105 1605 1496 1677 ponderibus,
1557 1612 1621 1662 ut
1670 1607 1778 1663 ad-

130 1687 460 1744 notabimus
482 1688 637 1745 infra
669 1690 746 1746 ad
772 1697 955 1764 caput
976 1694 1079 1749 427
1112 1693 1284 1750 istius
1307 1694 1464 1751 libri.

192 1778 317 1833 CAP.
348 1778 442 1833 77.
477 1808 546 1818 -—
574 1779 867 1850 Campum
898 1783 1233 1852 appellant.
1270 1784 1363 1839 Sic
1384 1784 1775 1840 emendatum

130 1870 206 1922 est
231 1867 530 1923 excodice
560 1884 672 1923 ms.
709 1868 1042 1926 Parisiensi.
1086 1873 1234 1928 Nam
1292 1873 1473 1929 editio
1527 1873 1774 1929 Helmaa‘

130 1955 431 2011 stadiensis
483 1956 769 2025 habebat,
830 1961 992 2029 quod
1039 1963 1373 2030 capitulum
1429 1964 1767 2032 appellant.

129 2043 381 2116 Diploma
409 2045 648 2103 Boberti
670 2048 828 2118 regis
848 2062 886 2103 a
916 2048 1228 2106 Francisco
1288 2051 1518 2107 Pithceo
1562 2052 1770 2108 lauda~

126 2137 237 2188 tum
260 2151 272 2189 :
295 2157 322 2183 ‹‹
356 2137 575 2205 Legem
602 2136 805 2208 duelli,
829 2138 995 2211 quod
1010 2140 1191 2209 vulgo
1210 2140 1426 2196 dicitur
1450 2157 1716 2211 campus.
1740 2165 1768 2192 ››

126 2221 389 2292 Synodus
422 2223 964 2296 Dingolvingensis,
1015 2244 1147 2300 cap.
1181 2232 1249 2283 24
1287 2247 1299 2283 :
1364 2252 1389 2278 ‹‹
1424 2231 1533 2295 Qui
1585 2246 1773 2302 supra

121 2310 401 2380 prtedictaa
433 2328 677 2385 pugnae,
709 2315 876 2386 quod
906 2314 1192 2372 Camfwic
1220 2318 1497 2385 dicimus,
1525 2322 1770 2390 peracto

116 2398 346 2467 judicio,
375 2416 441 2456 se
469 2401 647 2457 simili
678 2402 941 2459 vindicta
965 2403 1190 2473 erigere
1249 2410 1458 2462 contra
1510 2422 1770 2478 queren-

119 2490 219 2542 tem
239 2490 725 2561 praesumpserit,
752 2496 1199 2548 sacramentum
1228 2494 1396 2566 quod
1434 2494 1635 2549 ahteid
1684 2493 1771 2549 di-
1826 2558 1839 2567 ,

118 2574 246 2631 citur
270 2577 446 2646 juret
477 2581 533 2632 et
561 2576 622 2632 in
652 2577 903 2635 ecclesia
958 2596 1097 2636 cum
1146 2581 1339 2637 tribus
1368 2598 1551 2655 supra
1580 2584 1771 2639 nomi-

116 2665 250 2720 natis
313 2665 926 2721 sacramentalibus.»
985 2669 1126 2724 Hinc
1184 2671 1465 2744 camphio
1515 2672 1576 2726 in
1640 2672 1769 2739 lege

118 2752 562 2822 Longobardor.
587 2752 691 2810 lib.
719 2771 777 2822 ιι,
810 2755 893 2811 tit.
919 2761 1006 2823 55,
1031 2773 1163 2830 cap.
1202 2764 1256 2814 11
1293 2764 1350 2815 et
1377 2763 1465 2815 24.
1503 2763 1565 2815 Et
1603 2776 1767 2815 cam-

112 2841 196 2913 pio
222 2843 458 2898 ibidem
483 2841 587 2899 lib.
618 2860 656 2912 ι,
689 2844 773 2900 tit.
808 2849 861 2913 3,
884 2848 937 2913 4,
969 2862 1020 2901 c.
1078 2851 1129 2902 6.
1194 2848 1337 2904 Vide
1394 2849 1767 2906 Glossarium

118 2931 574 3002 Lindembrogii.

1892 462 1963 502 ea
1991 446 2068 502 ab
2089 447 2221 520 ipso
2251 448 2409 506 facta
2435 466 2566 505 esse
2600 450 2803 507 scribit
2831 451 2885 507 vi
2910 450 3088 508 ofﬁcii
3120 470 3188 509 ac
3236 458 3546 527 potestatis

1893 551 2039 591 suae.
2068 559 2093 584 «
2124 540 2379 595 Putasne
2408 539 2620 613 inquit,
2682 540 3002 611 magniﬁce
3049 557 3172 611 rex,
3222 544 3387 616 quod
3441 542 3549 602 etsi

1892 624 2175 698 praefatus
2228 627 2638 700 prmdecessor
2683 634 2887 686 noster
2925 632 3305 703 praestantior
3376 634 3548 691 nobis

1891 713 2067 771 fuerit
2094 713 2307 773 merito
2339 720 2396 774 et
2426 715 2742 791 sapientia,
2774 735 2885 775 nos
2929 735 3000 775 eo
3033 718 3220 777 simus
3250 721 3447 779 ofﬁcio
3494 726 3551 781 et

1890 807 2182 876 potestate
2215 805 2527 863 minores?
2558 826 2590 861 ›
2635 810 2780 865 Data
2823 808 3114 877 Laterani,
3177 827 3210 864 v
3266 810 3401 868 ldus
3445 815 3549 870 De-

1891 892 2169 955 cembris.
2203 909 2365 951 anno
2401 898 2558 952 1208.

1961 981 2097 1038 CAP.
2133 986 2253 1039 126.
2288 1017 2356 1024 -
2380 982 2522 1041 Sine
2548 985 2810 1043 licentia.
2844 984 2984 1042 Vide
3015 989 3187 1043 notas
3219 986 3296 1043 ad
3345 986 3547 1060 apolo-

1892 1067 2154 1139 geticum
2180 1070 2509 1142 Agobardi,
2539 1088 2671 1146 cap.
2701 1076 2751 1129 9.

1964 1160 2096 1215 CAP.
2139 1161 2255 1217 130.
2289 1193 2357 1201 ——
2381 1162 2557 1235 Apud
2586 1162 2858 1233 Paulum,
2890 1162 2972 1219 lib
3027 1181 3088 1220 ιι.
3126 1166 3411 1238 Sentent.,
3459 1167 3543 1224 tit.

1894 1246 1977 1315 l9,
2013 1252 2193 1322 caput
2216 1248 2375 1306 istud
2404 1250 2486 1306 sic
2517 1266 2870 1325 expressum
2900 1256 2987 1309 est
3016 1272 3027 1309 :
3059 1276 3085 1302 «
3117 1256 3316 1326 Neque
3369 1252 3547 1310 furio-

1890 1351 1991 1390 sus
2016 1352 2214 1410 neque
2242 1336 2466 1395 furiosa
2496 1338 2949 1397 matrimonium
3006 1342 3354 1399 contrahere
3408 1358 3548 1416 pos-

1889 1429 2063 1492 sunt;
2099 1424 2203 1481 sed
2235 1428 2610 1484 contractum
2666 1429 3119 1486 matrimonium
3168 1430 3365 1487 furore
3422 1446 3546 1488 non

1887 1511 2165 1569 tollitur.»
2200 1512 2303 1569 Cui
2324 1514 2627 1572 sententiae
2654 1519 2811 1574 hanc
2836 1518 3384 1591 interpretationem
3402 1517 3545 1576 sub-

1879 1599 2079 1671 junxit
2104 1602 2413 1659 Anianus:
2453 1628 2477 1653 ‹‹
2514 1604 2569 1662 Si
2595 1605 2698 1678 qui
2742 1607 3194 1663 matrimonium
3231 1609 3360 1663 sani
3408 1624 3548 1664 con-

1819 1706 1856 1762 3
1884 1690 2186 1758 traxerint,
2212 1696 2267 1747 et
2294 1693 2395 1748 uni
2427 1707 2499 1749 ex
2528 1693 2768 1750 duobus
2813 1694 3077 1751 amentia
3129 1700 3233 1751 aut
3258 1694 3423 1752 furor
3450 1712 3546 1754 ac-

1883 1779 2144 1849 cesserit,
2177 1779 2256 1836 ob
2283 1780 2441 1838 hanc
2470 1780 2877 1840 inﬁrmitatem
2896 1784 3177 1855 conjugia
3195 1783 3402 1840 talium
3425 1785 3541 1841 sol-

1880 1866 1936 1923 vi
1969 1884 2090 1925 non
2121 1875 2432 1941 possunt.»
2463 1872 2597 1927 Hmc
2623 1874 2856 1928 tantum
2888 1870 3055 1946 apud
3086 1873 3340 1930 Paulum
3372 1876 3427 1930 et
3456 1874 3543 1930 in-

1882 1960 2221 2029 terpretem.
2259 1959 2400 2024 Quae
2430 1964 2764 2033 sequuntur
2789 1975 2931 2031 ergo
2954 1958 3118 2034 apud
3168 1962 3541 2032 Reginonem

1879 2047 1934 2099 et
1966 2044 2381 2102 Burchardum
2417 2053 2662 2120 sumpta
2692 2048 2958 2104 fortassis
2989 2054 3128 2104 sunt
3166 2065 3237 2105 cx
3292 2048 3542 2123 epistola

1879 2133 2099 2190 Nicolai
2132 2134 2309 2207 primi
2336 2135 2416 2191 ad
2442 2137 2722 2192 Carolum
2752 2135 3271 2211 archiepiscopum
3301 2140 3542 2207 Mogun-

1879 2221 2092 2295 tinum,
2123 2220 2296 2294 cujus
2323 2222 2662 2291 fragmenta
2692 2225 2955 2281 referunt
2986 2225 3383 2299 Luitprandus
3436 2242 3541 2283 seu

1878 2310 2014 2382 quis
2043 2311 2194 2366 alius
2226 2311 2286 2366 in
2318 2311 2445 2367 Vita
2478 2312 2699 2369 Nicolai
2729 2313 2748 2366 Ι
2775 2333 2787 2381 ;
2824 2314 3206 2370 Burchardus
3230 2313 3291 2369 in
3342 2329 3542 2370 excer-

1879 2399 1995 2471 ptis
2024 2416 2059 2455 a
2092 2400 2400 2467 Stevartio,
2435 2416 2575 2473 pag.
2608 2404 2732 2472 687,
2783 2405 2839 2458 et
2894 2402 3205 2460 Gratianus
3256 2401 3391 2459 dist.
3449 2408 3537 2474 50,

1879 2503 2011 2559 cap.
2041 2490 2106 2545 33
2140 2492 2196 2544 et
2226 2493 2315 2559 32,
2343 2507 2402 2563 q.
2432 2495 2485 2559 7,
2519 2505 2651 2562 cap.
2678 2496 2766 2547 25.
2803 2492 2974 2557 Quod
3007 2492 3285 2547 ultimum
3334 2498 3536 2565 caput,

1879 2575 2047 2646 illud,
2082 2576 2486 2643 nimirum,de
2518 2595 2640 2650 quo
2672 2592 2831 2635 nunc
2887 2580 3145 2650 agimus,
3200 2578 3395 2636 eidem
3447 2582 3543 2637 Ni-’

1880 2663 2050 2721 colao
2083 2665 2286 2721 tribuit
2307 2666 2701 2723 Burchardus.
2739 2668 2851 2725 Sed
2876 2669 3039 2741 apud
3073 2669 3415 2725 Gratianum
3438 2670 3540 2725 ad-

1875 2753 2035 2810 ditur
2059 2753 2327 2811 clausula
2368 2772 2491 2828 qua
2530 2771 2652 2812 non
2707 2761 2897 2814 exstat
2955 2758 3119 2831 apud
3169 2756 3539 2830 Reginonem‘

1876 2846 1933 2899 et
1964 2843 2396 2900 Burchardum.
2435 2845 2525 2902 Sic
2557 2846 2715 2902 enim
2771 2847 2950 2903 habet
3004 2845 3183 2903 editio
3237 2848 3497 2905 Gratiani
3520 2850 3542 2904 ε’

1876 2954 1904 2981 «
1942 2930 2216 2988 Similiter
2243 2934 2623 2990 sentiendum
2656 2934 2730 2991 de
2758 2935 2851 2991 his
2883 2935 2987 3009 qui
3044 2932 3122 2993 ab
3171 2936 3532 2993 adversariis

169 3022 294 3078 CAP.
326 3025 418 3078 80.
455 3054 529 3062 —
562 3022 849 3081 actiones.
883 3025 1241 3082 Hincmarus
1265 3028 1437 3099 epist.
1466 3033 1519 3095 5,
1552 3028 1627 3084 ad
1658 3029 1767 3085 Ca-
1804 3050 1846 3106 ο
1876 3028 2273 3093 excaecantur,
2302 3029 2405 3080 aut
2431 3023 2717 3081 membris
2744 3029 3112 3094 truncantur,
3147 3031 3299 3082 auta
3320 3024 3535 3084 barba-

114 3109 292 3165 rolum
324 3110 584 3167 Calvum
620 3129 632 3167 :
689 3113 895 3170 Etiam
938 3114 1029 3183 ipi
1054 3117 1350 3173 cocciones
1392 3119 1642 3187 rapinas
1670 3120 1766 3188 fa-

109 3198 274 3254 ciunt.
308 3199 454 3256 Vide
490 3200 865 3259 Glossarium
893 3203 1117 3260 Pithaei.

169 3290 293 3344 CAP.
323 3291 413 3345 8t.
447 3322 518 3329 —
563 3290 937 3348 Coercendzs.
972 3294 1054 3348 Ita
1078 3296 1247 3349 vetus
1277 3294 1467 3351 codex
1498 3296 1592 3351 cui
1624 3312 1763 3352 con-

108 3376 347 3434 sentiunt
372 3379 517 3435 libri
552 3379 1003 3452 Capitularium.
1038 3386 1103 3437 In
1128 3382 1384 3439 editione
1419 3384 1764 3442 Helmaasta—

108 3464 279 3522 diensi
310 3467 534 3538 legitur
569 3487 583 3523 :
616 3471 702 3526 De
722 3470 911 3538 faidis
943 3470 1337 3527 coheredum.

167 3555 290 3610 CAP.
358 3556 481 3612 100.
534 3557 770 3613 -Νοη
793 3558 984 3614 homo.
1015 3558 1240 3615 Eodem
1296 3563 1763 3630 argumentandi

104 3654 299 3709 genere
332 3661 482 3701 usus
514 3650 615 3700 est
647 3646 1106 3702 lnnocentiuslll
1143 3649 1760 3707 utostenderettrans-

102 3728 355 3804 lationes,
386 3733 809 3808 depositiones
857 3751 926 3791 ac
982 3735 1287 3791 cessiones
1335 3738 1760 3811 episcoporum

96 3819 213 3887 jure
240 3823 445 3880 divino
480 3825 790 3897 pertinere
811 3824 888 3881 ad
922 3841 1229 3881 summum
1261 3826 1626 3898 pontiﬁcem.
1672 3830 1765 3884 Ait

100 3908 244 3964 enim
276 3912 460 3969 Deum
495 3929 621 3968 suo
655 3918 888 3968 tantum
913 3913 1141 3984 judicio
1178 3930 1514 3970 reservasse
1572 3916 1762 3972 disso-

98 3995 364 4058 lutionem
395 4000 677 4060 carnalis
708 4002 992 4074 conjugii,
1033 4001 1333 4059 vinculum
1365 4010 1564 4061 autem
1599 4005 1761 4078 spiri-

97 4088 238 4144 tuale
259 4090 470 4148 fortius
502 4108 651 4149 esse
676 4107 859 4164 quam
904 4092 1167 4159 carnale,
1198 4096 1253 4148 et
1284 4093 1419 4173 ideo
1446 4095 1559 4150 ista
1588 4094 1761 4150 attin-

99 4191 218 4237 gere
245 4181 485 4238 nullum
518 4196 713 4256 posse
741 4184 954 4254 praeter
994 4181 1340 4253 pontiﬁcem
1397 4185 1756 4239 Romanum.

100 4282 124 4313 ‹
152 4269 266 4323 Non
289 4271 477 4340 enim,
505 4269 732 4344 inquit,
757 4270 1050 4337 h‘umana,
1084 4270 1187 4325 sed
1218 4271 1399 4327 etiam
1425 4271 1630 4328 divina
1654 4287 1759 4344 po-

100 4358 281 4413 testate
309 4359 685 4431 conjugium
719 4358 1022 4430 spirituale
1059 4357 1405 4414 dissolvitur
1462 4374 1602 4415 cum
1650 4374 1760 4431 per

100 4445 535 4505 translationem
566 4447 666 4503 vel
691 4446 1127 4520 depositionem
1158 4452 1262 4502 aut
1304 4449 1483 4504 etiam
1537 4450 1757 4506 cessio-

98 4544 220 4588 nem
247 4539 609 4594 auctoritate
644 4534 896 4592 Romani
936 4534 1254 4607 pontiﬁcis,
1287 4552 1471 4607 quem
1523 4543 1757 4595 constat

99 4634 210 4676 esse
233 4625 528 4684 vicarium
551 4629 699 4683 Jesu
732 4625 964 4693 Christi,
1004 4624 1325 4698 episcopus
1375 4626 1455 4681 ab
1498 4627 1755 4684 Ecclesia

99 4720 432 4770 removetur.
466 4738 498 4764 ››
534 4716 748 4770 Exstat
776 4713 907 4768 haec
936 4713 1281 4769 constitutio
1302 4712 1404 4768 lib.
1436 4731 1451 4768 ι
1478 4714 1757 4786 epistola-

100 4811 214 4855 rum
248 4803 594 4860 Innocentii
619 4805 712 4869 111,
744 4802 915 4873 epist.
951 4805 1076 4868 532,
1103 4806 1160 4858 et
1177 4802 1317 4857 inde
1344 4802 1407 4858 in
1431 4818 1562 4875 cap.
1588 4805 1759 4860 Inter

100 4894 543 4961 corporaliaﬂe
576 4892 988 4947 translatione
1010 4892 1289 4961 episcopi.
1321 4891 1461 4947 Vide
1488 4891 1593 4948 lib.
1624 4908 1643 4946 ι
1680 4892 1757 4973 de

98 4974 405 5038 Concordia
432 4979 766 5039 sacerdotii
796 4983 853 5035 et
876 4979 1130 5051 imperii,
1156 4995 1290 5050 cap.
1320 4984 1410 5047 26,
1437 4984 1464 5046 ἓ
1486 4983 1539 5036 8.

156 5065 275 5125 CAP.
312 5070 435 5128 114.
472 5072 636 5126 Cum
664 5085 769 5125 nos
793 5084 868 5125 ea:
893 5074 1167 5140 utraque.
1202 5067 1307 5123 Hic
1334 5068 1755 5124 adnotandum

96 5157 171 5207 est
194 5158 497 5216 Nicolaum
535 5173 775 5232 papam
805 5173 929 5213 non
961 5156 1212 5212 traxisse
1243 5157 1321 5212 ad
1359 5174 1419 5212 se
1472 5157 1757 5228 cognitio-

95 5255 215 5299 nem
243 5246 478 5306 divertii
510 5246 787 5303 Lotharii
828 5250 886 5301 et
938 5244 1281 5314 Thetbergoe
1340 5262 1409 5300 ex
1443 5245 1753 5319 privilegio

97 5333 305 5392 tantum
354 5337 542 5410 585
610 5351 736 5391 suae
796 5335 973 5402 sedis,
1033 5333 1138 5389 sed
1165 5330 1307 5406 quia
1323 5334 1511 5405 judex
1531 5334 1752 5389 electus

96 5424 200 5478 erat
228 5423 302 5481 ab
334 5431 603 5500 utraque
626 5428 816 5498 parte.
851 5427 991 5490 Quae
1012 5422 1352 5479 observatio
1393 5424 1597 5491 magni
1628 5438 1754 5478 mo-

98 5514 252 5568 menti
275 5521 361 5571 est
392 5517 474 5572 ad
507 5513 957 5571 retundendam
980 5512 1301 5568 lnnocentii
1334 5513 1405 5567 llI
1439 5526 1754 5583 argumen-

96 5599 377 5673 tationem,
407 5604 521 5680 qui
545 5604 632 5662 ad
667 5601 1004 5677 Philippum
1032 5604 1367 5672 Augustum
1390 5601 1659 5657 scribens
1676 5600 1750 5657 de

94 5684 324 5750 divortio
354 5696 493 5765 ejus
524 5706 679 5749 cum
710 5691 1081 5763 lngelburge,
1109 5688 1454 5762 exemplum
1496 5688 1752 5747 Lotharii

1785 4404 1833 4457 A

1874 3110 1954 3167 ris
1986 3110 2207 3168 exsecti
2238 3117 2431 3169 sunt.»
2454 3113 2594 3169 Vide
2624 3114 2948 3170 Antonium
2980 3115 3379 3185 Augustinum
3427 3114 3528 3171 lib.

1871 3216 1932 3270 ιι,
1965 3199 2038 3255 de
2076 3201 2502 3257 Emendatione
2526 3202 2802 3270 Gratiani,
2837 3202 3082 3274 dialogo
3116 3203 3199 3261 18.

1946 3291 2082 3345 CAP.
2116 3293 2235 3346 158.
2268 3323 2338 3331 —
2370 3292 2595 3348 Eadem
2642 3299 2831 3349 nocte.
2868 3292 3145 3348 Hortatur
3191 3291 3287 3349 hic
3336 3304 3532 3349 canon

1872 3377 2067 3434 virum
2096 3383 2152 3435 et
2176 3394 2398 3436 novam
2428 3384 2681 3453 nuptam
2718 3380 2800 3436 uti
2830 3381 3026 3454 prima
3074 3387 3245 3437 nocte
3298 3382 3532 3455 nuptia-

1872 3484 2006 3523 rum
2037 3466 2374 3523 abstineant
2402 3471 2479 3525 ab
2506 3484 2685 3540 opere
2717 3469 3040 3539 conjugali.
3076 3473 3207 3525 lli-ec
3255 3470 3531 3527 exhorta-

1870 3557 1954 3613 tio
1985 3562 2194 3629 postea
2220 3574 2391 3613 versa
2423 3565 2511 3613 est
2534 3558 2595 3613 in
2637 3558 3054 3613 necessitatem
3111 3558 3170 3613 in
3230 3559 3532 3631 aliquibus

1871 3646 2250 3703 dimcesibus.
2284 3651 2451 3715 Nam,
2478 3652 2538 3702 ut
2564 3646 2723 3701 istud
2755 3645 3012 3719 exempli
3038 3647 3338 3715 dicamus,
3367 3648 3533 3721 apud

1875 3733 2123 3789 Abbatis
2163 3734 2389 3803 villam,
2436 3734 2497 3789 in
2546 3733 2789 3789 dioecesi
2818 3734 3228 3806 Ambianensi,
3261 3751 3332 3791 ea
3386 3734 3533 3791 olim

1871 3821 2250 3880 consuetudo
2283 3828 2407 3878 erat
2442 3826 2505 3877 ut
2531 3822 2643 3877 illis
2699 3821 2803 3895 qui
2862 3822 3093 3878 noviter
3148 3822 3531 3880 matrimonio

1866 3912 2056 3985 juncti
2088 3916 2257 3968 erant
2285 3928 2408 3968 non
2439 3911 2637 3968 liceret
2668 3912 2823 3968 coire
2858 3910 3046 3968 tribus
3099 3913 3274 3986 586
3324 3912 3530 3987 priori-

1871 4001 1985 4057 bus
2010 4000 2289 4057 noctibus
2320 4005 2458 4074 post
2487 4000 2749 4073 nuptias.
2786 4001 2980 4066 Quam
3034 4000 3529 4059 consuetudinem

1869 4090 2108 4146 decreto
2132 4106 2241 4145 suo
2272 4087 2508 4145 sustulit
2531 4089 2973 4162 parlamentum
3007 4090 3338 4147 Parisiense
3368 4108 3529 4148 anno

1874 4178 2030 4245 1501,
2063 4176 2158 4233 die
2195 4181 2248 4232 11
2289 4177 2512 4235 Martii:
2550 4177 2747 4243 Quam
2781 4175 2814 4232 ἀ
2847 4194 2963 4233 non
2998 4178 3254 4235 coucher
3272 4180 3345 4236 de
3365 4185 3529 4251 troys

1868 4283 2027 4337 nuyz
2057 4282 2196 4323 avec
2226 4282 2292 4323 sa
2316 4268 2537 4337 femme
2565 4282 2643 4323 an
2678 4273 3168 4324 commencement
3198 4269 3279 4324 du
3310 4270 3531 4325 maria-

1867 4372 1958 4427 ge,
1989 4356 2070 4412 les
2099 4354 2497 4412 demandeurs
2528 4361 2749 4412 auront
2780 4358 2839 4412 la
2862 4372 3178 4413 recreance
3221 4359 3273 4413 le
3318 4374 3528 4427 preces

1865 4444 2147 4514 pendent,
2179 4450 2233 4500 et
2251 4448 2555 4513 pourront
2584 4444 2666 4499 les
2724 4445 2993 4512 espouse’s
3046 4444 3301 4499 coucher
3350 4445 3527 4512 fran-

1868 4534 2136 4590 chement
2160 4534 2243 4589 les
2270 4539 2433 4602 troys
2459 4536 2780 4602 premieres
2808 4547 2963 4601 nuys
3006 4546 3147 4587 avec
3175 4532 3334 4586 leurs
3379 4531 3529 4600 fem-

1865 4639 2003 4680 mes.
2029 4625 2337 4679 Decretum
2361 4621 2507 4677 illud
2535 4620 2833 4690 integrum
2861 4617 2922 4675 in
2939 4619 3060 4675 suis
3081 4618 3321 4675 Statutis
3350 4633 3527 4691 syno-

1866 4710 2170 4767 dabilibus
2230 4709 2475 4765 inseruit
2515 4709 2852 4782 Stephanus
2882 4705 3241 4762 Poncherius
3296 4705 3527 4779 episco-

1867 4816 1981 4873 pus
2007 4798 2377 4856 Parisiensis.
2400 4801 2545 4853 Puto
2568 4803 2770 4854 autem
2797 4796 2892 4852 hic
2925 4798 3183 4851 erratum
3219 4808 3350 4850 esse
3382 4811 3418 4851 a
3443 4800 3531 4867 ty-

1866 4889 2181 4962 pographo
2205 4888 2263 4943 in
2295 4886 2550 4942 editione
2584 4886 2949 4943 Statutorum
2972 4881 3357 4955 synodalium
3404 4884 3526 4939 Ste-

1865 4978 2052 5051 phani
2064 4975 2369 5033 Poncherii
2389 4974 2653 5049 episcopi
2674 4970 3040 5042 Parisiensis,
3055 4974 3111 5027 et
3136 4970 3443 5029 decretum
3458 4970 3526 5028 il-

1868 5067 1969 5123 lud
1984 5071 2104 5124 toto
2119 5065 2335 5122 saeculo
2348 5064 2649 5137 antiquius
2668 5064 2954 5118 esse.Non
2967 5061 3028 5117 in
3040 5059 3222 5117 veteri
3235 5059 3526 5119 collectio-

1867 5172 1941 5212 nc
1968 5158 2341 5211 Arrestorum
2362 5152 2612 5211 Matthaei
2639 5148 2903 5206 Chartier
2920 5146 3208 5207 Advocati
3240 5149 3528 5207 Parisien-

1869 5244 2099 5309 siensis,
2133 5258 2319 5316 quam
2351 5240 2548 5297 habeo
2578 5254 2765 5295 manu
2788 5238 3092 5312 scriptam,
3141 5237 3269 5294 haec
3318 5237 3525 5310 legun-

1867 5335 2003 5386 tur:
2065 5330 2147 5386 Le
2191 5331 2457 5399 premier
2497 5330 2649 5397 jour
2708 5328 2781 5384 de
2808 5328 2975 5383 Mars
3038 5324 3222 5383 1401:
3269 5326 3523 5383 l’Arrest

1865 5419 2061 5475 dmme
2087 5423 2291 5474 conire
2321 5416 2600 5487 l’Eveque
2637 5415 2937 5472 d’Amiens
2985 5431 3092 5471 sur
3150 5416 3207 5471 la
3259 5419 3401 5471 (axe
3424 5416 3523 5471 des

1863 5509 2210 5564 Sacremens
2237 5512 2291 5563 et
2324 5512 2525 5562 autres
2557 5505 2757 5562 choses
2789 5506 3277 5576 ecclesiastiques.
3302 5503 3521 5558 Deinde

1862 5598 1924 5653 in
1957 5596 2072 5653 alio
2100 5595 2283 5652 veteri
2314 5594 2517 5651 codice
2544 5611 2657 5651 ms.
2685 5610 2869 5668 quem
2895 5609 3135 5650 mecum
3166 5592 3307 5648 olim
3361 5606 3522 5647 com-

1860 5686 2189 5745 municavit
2215 5685 2306 5742 vir
2335 5684 2704 5742 clarissimus
2737 5683 3034 5741 Antonius
3068 5682 3210 5738 Vion
3239 5676 3522 5735 Heroval-
