3980 6182
384 149 494 204 447

1767 127 2111 189 STEPHANI
2150 127 2424 186 BALUZII

3704 134 3814 190 448

388 270 504 326 lius
529 269 641 323 ista
662 265 909 322 totidem
932 264 1125 319 verbis
1154 262 1482 319 habentur:
1509 283 1535 310 «
1561 260 1701 316 L’an
1717 256 1822 314 mil
1844 270 1959 311 ccc.
1983 269 2044 308 1x
2076 254 2124 308 A
2153 251 2378 311 indicat
2397 257 2774 313 morchidum
2802 255 3081 329 primitus
3113 256 3399 329 scriptum
3426 257 3687 315 fuissein
3718 257 3817 315 illa

390 380 421 409 ‹‹
452 357 508 413 le
527 373 647 412 xxx.
675 356 814 426 jour
841 353 915 408 de
945 355 1092 409 Mars
1122 351 1211 408 fut
1238 351 1325 407 dit
1339 366 1452 420 par
1474 352 1674 406 Arrest
1701 347 1776 403 de
1804 345 1864 400 1a
1891 344 2046 398 Cour

391 467 422 497 «
450 461 568 518 que
594 444 678 500 les
709 441 1004 497 deffenses
1034 440 1204 497 faites
1226 445 1262 496 a
1290 440 1351 496 la
1396 440 1672 512 requeste
1720 436 1805 491 du
1829 437 2044 489 Procu-

392 556 421 584 «
446 550 583 590 reur
611 530 852 602 general
881 533 938 586 et
979 530 1065 585 les
1106 530 1280 586 Maire
1309 533 1367 585 et
1395 528 1651 585 Echevin
1681 520 2046 582 d’Abbeville

392 646 420 672 «
453 638 528 679 en
553 620 817 689 Pontieu,
835 622 1128 692 parvertu
1143 618 1218 674 de
1241 617 1530 675 certaines
1556 619 1748 673 Letres
1775 617 2046 685 Royaux,

393 735 421 763 ‹‹
449 716 485 768 a
512 712 823 782 l’Evesque
845 709 1125 764 d'Amens
1155 711 1212 764 et
1232 694 1357 765 aux'
1378 709 1560 762 Curez
1589 707 1665 762 de
1686 703 1866 760 ladite
1894 700 2045 770 ville,

389 823 420 851 ‹‹
453 801 595 857 c’est
637 797 908 855 assavoir
962 796 1129 853 audit
1180 799 1444 869 Evesque
1497 793 1643 867 qu’il
1669 808 1745 850 ne
1781 791 1942 865 print
1963 805 2047 861 ny

392 912 423 941 ‹‹
454 889 684 958 exigast
721 891 931 956 argent
949 886 1056 942 des
1080 901 1400 941 nouveaux
1456 883 1674 940 mariez
1732 897 1886 955 pour
1919 879 2049 935 leur

393 1001 423 1029 ‹‹
455 977 689 1034 donner
717 978 907 1046 conge
935 974 1009 1030 de
1031 974 1288 1031 coucher
1307 990 1453 1031 avec
1477 974 1636 1029 leurs
1693 972 1942 1027 femmes
1989 969 2049 1025 1a

395 1088 424 1115 ‹‹
456 1064 768 1138 premiere,
800 1063 979 1130 deux,
1013 1067 1070 1118 et
1098 1062 1395 1119 troisiéme
1418 1066 1600 1133 nuyts
1621 1061 1696 1115 de
1716 1060 1876 1115 leurs
1895 1074 2047 1130 nop-

394 1176 425 1204 «
457 1169 577 1223 ces,
604 1156 660 1208 et
690 1155 889 1207 autres
920 1154 1242 1207 contenues
1269 1150 1436 1206 audit
1461 1151 1678 1217 Arrest,
1702 1147 1869 1204 avoir
1924 1149 2049 1203 este

394 1264 423 1292 «
455 1248 689 1298 bonnes
720 1243 778 1296 et
801 1239 1088 1309 valables,
1106 1243 1163 1294 et
1185 1237 1565 1311 l’opposition
1589 1236 1760 1292 dudit
1786 1238 2050 1306 Evesque

392 1351 426 1386 ‹
456 1331 623 1388 avoir
653 1333 743 1386 été
758 1329 995 1385 donnée
1027 1344 1168 1385 sans
1199 1331 1442 1401 excepte
1464 1343 1542 1383 au
1566 1325 1782 1397 regard
1824 1324 1931 1380 des
1956 1340 2051 1379 ex-

393 1441 422 1468 «
447 1420 715 1491 ceptions
750 1417 1079 1487 generales,
1099 1432 1178 1471 au
1194 1414 1411 1484 regard
1441 1413 1775 1485 desquelles
1795 1412 1835 1467 il
1861 1411 1948 1466 fut
1968 1410 2053 1466 dit

395 1530 423 1557 «
454 1508 541 1563 les
566 1506 862 1563 deﬂ‘enses
893 1504 1062 1561 avoir
1086 1508 1177 1560 éte
1216 1503 1385 1559 faites
1411 1518 1551 1559 sans
1583 1518 1785 1557 cause.
1850 1504 1914 1555 Et
1965 1500 2054 1555 fut

395 1617 424 1645 «
453 1595 540 1651 dit
566 1611 685 1666 que
713 1609 841 1664 ung
870 1586 1137 1648 chascun
1159 1591 1387 1647 desdits
1401 1590 1684 1647 habitans
1705 1588 2053 1662 pourroient
2084 1603 2129 1656 Β

393 1703 423 1732 ‹‹
457 1683 714 1738 coucher
753 1697 886 1736 cum
936 1681 1225 1736 uxoribus
1293 1680 1414 1734 suis
1471 1678 1529 1734 la
1570 1678 1862 1751 premiere
1904 1680 2054 1749 nuyt

395 1793 425 1820 ‹‹
456 1770 531 1827 de
558 1770 717 1826 leurs
746 1785 928 1825 noces
952 1784 1091 1824 sans
1123 1768 1177 1823 le
1235 1771 1425 1836 congé
1485 1767 1560 1823 de
1615 1767 1948 1839 l'Evesque,
1997 1769 2054 1820 et

394 1880 424 1908 ‹‹
456 1873 576 1930 que
599 1856 685 1913 les
714 1856 995 1912 habitans
1011 1856 1115 1927 qui
1136 1855 1506 1911 mourraient
1525 1855 1871 1926 pourraient
1902 1857 2052 1908 estre

395 1967 426 1996 ‹‹
457 1949 717 2001 entcrrez
747 1960 888 1999 sans
915 1946 1103 2013 conge
1132 1943 1207 1998 de
1238 1943 1546 2015 l’Evesque
1577 1947 1632 1998 et
1654 1959 1747 1998 ses
1767 1940 2050 2007 Oﬁiciers,

395 2056 425 2083 «
459 2033 547 2088 s'il
574 2033 676 2104 n’y
706 2048 743 2088 a
800 2032 1291 2104 empeschement
1328 2031 1686 2104 canoniqne.
1731 2032 1907 2089 Outre
1935 2046 2053 2103 que

394 2143 424 2172 ‹‹
456 2122 542 2177 les
574 2121 840 2176 heritiers
870 2124 928 2176 et
957 2124 1304 2176 executeurs
1331 2120 1412 2175 du
1445 2123 1763 2176 testamcnt
1793 2120 2053 2175 d’aucun

395 2233 424 2262 «
454 2214 755 2283 trespassé
784 2226 859 2265 ne
887 2214 1182 2283 pourront
1201 2215 1355 2265 estre
1385 2210 1742 2266 constraints
1762 2225 1839 2265 ne
1867 2209 2055 2281 obeyr

397 2324 426 2352 «
458 2305 494 2357 ὰ
516 2299 843 2372 accomplir
878 2299 964 2354 les
992 2300 1412 2355 ordonnances
1443 2299 1612 2355 faites
1632 2315 1743 2371 par
1768 2299 1855 2355 les
1914 2298 2052 2355 Ofﬁ-

395 2412 425 2439 «
452 2389 602 2446 ciers
635 2388 809 2444 dudit
837 2391 1103 2460 Evesque
1137 2404 1214 2444 ne
1258 2404 1370 2460 par
1423 2389 1529 2460 luy
1589 2403 1666 2444 au
1718 2404 1893 2458 regar
1948 2388 2053 2443 des

394 2501 424 2529 ‹‹
456 2483 801 2535 Testamens
826 2477 958 2534 faits
991 2493 1099 2549 par
1137 2477 1344 2533 lesdits
1398 2478 1697 2533 intestaux
1730 2496 1742 2539 :
1787 2478 1940 2533 mais
1968 2478 2054 2533 les

394 2590 423 2619 ‹‹
454 2583 679 2641 pourra
697 2566 841 2622 ledit
870 2569 1139 2638 Evesque
1161 2565 2055 2622 abmonestercharitablement

397 2676 425 2703 «
456 2653 631 2725 qu’ils
661 2653 859 2711 facent
887 2653 1026 2709 bien
1056 2669 1212 2726 pour
1241 2654 1417 2710 l’ame
1448 2654 1622 2709 dudit
1666 2654 1926 2710 intestat.
1990 2657 2054 2710 Et

394 2758 569 2814 «que
620 2741 705 2797 les
761 2741 1031 2797 heritiers
1082 2757 1162 2797 ou
1215 2747 1564 2798 executeurs
1605 2741 1688 2796 du
1738 2747 2057 2798 testament

396 2853 425 2880 ‹‹
456 2830 718 2886 d’aucun
745 2834 1041 2902 trespassé
1063 2835 1356 2903 pourront
1395 2831 1627 2886 dedans
1655 2831 1773 2887 l’an
1805 2831 1888 2886 du
1917 2836 2057 2887 tres-

394 2941 423 2969 ‹‹
453 2923 802 2991 passement
832 2918 1157 3011 submettre
1183 2918 1534 2975 l’execution
1557 2919 1771 2991 d'icely
1798 2920 1915 2977 ala
1940 2925 2057 2977 lus-
2086 2955 2126 3011 Ο

394 3028 425 3055 ‹‹
452 3006 562 3061 tice
584 3005 720 3077 laye
750 3020 828 3061 ou
860 3006 935 3061 de
964 3005 1374 3076 l‘Eglise.Cum
1401 3007 1673 3080 pluribus
1715 3007 1844 3064 aliis
1869 3008 1930 3064 in
1961 3014 2059 3064 Ar-

398 3116 425 3143 «
455 3097 615 3149 resto
633 3093 980 3149 contentis.»
1015 3094 1106 3151 Sic
1139 3096 1516 3151 Innocentius
1542 3096 1632 3159 ΙΙΙ,
1654 3095 1757 3152 lib.
1792 3113 1849 3152 x.
1881 3098 2054 3171 epist.

395 3186 484 3250 85,
510 3182 791 3255 repressit
816 3183 1129 3239 avaritiam
1155 3184 1421 3256 episcopi
1466 3185 1812 3253 Aniciensis,
1844 3189 1947 3258 qui
1976 3187 2057 3243 le-

394 3271 606 3344 gitima
632 3271 953 3328 viduarum
1012 3272 1393 3329 matrimonia
1451 3273 1819 3347 impediebat
1865 3275 2059 3333 donec

395 3359 527 3430 ejus
547 3374 909 3416 consensum
939 3366 1255 3418 numerata
1271 3362 1527 3434 pecunia
1552 3362 1920 3419 redemisset.

467 3450 851 3506 Genitiarias.
888 3450 1029 3505 Vide
1056 3467 1239 3524 supra
1268 3467 1401 3524 cap.
1434 3455 1538 3506 216
1568 3450 1703 3507 libri
1733 3451 1930 3524 primi.

468 3538 605 3594 CAP.
640 3540 761 3594 178.
790 3570 858 3578 -
886 3539 1333 3596 Mundiburdis.
1364 3540 1424 3595 Id
1477 3545 1565 3596 est
1621 3541 1935 3609 tutoribus,
1996 3543 2061 3595 ut

392 3625 548 3684 infra
574 3627 636 3683 in
658 3642 793 3699 cap.
827 3631 894 3684 28
918 3628 1201 3684 secundae
1230 3629 1610 3702 Appendicis.
1639 3629 1904 3686 Tutelam
1950 3644 2059 3701 pa-

393 3716 626 3772 trocinii
650 3716 895 3773 nomine
921 3716 1197 3786 designat
1225 3718 1506 3787 vulgatus
1540 3734 1735 3774 canon
1788 3722 1855 3773 24
1910 3719 2060 3772 ϐοη-

394 3804 509 3860 cilii
547 3804 963 3876 Triburiensis,
1002 3822 1074 3861 ex
1105 3822 1228 3878 quo
1256 3812 1567 3879 sumptum
1598 3812 1687 3862 est
1741 3806 1901 3862 istud
1958 3822 2055 3862 ea-

393 3897 522 3964 put.
558 3893 982 3948 Mundeburdis
1004 3898 1205 3949 autem
1232 3894 1325 3949 vel
1345 3895 1861 3950 mundeburdium
1884 3894 2059 3964 signi-

394 3978 537 4033 ﬁcat
565 3979 897 4051 tuitionem,
930 3979 1343 4037 defensionem
1383 3982 1834 4054 protectionem.
1892 3986 2056 4039 Mun-

395 4066 692 4123 dualdum
721 4083 833 4140 pro
861 4069 1273 4125 mundiburdo
1302 4070 1423 4125 sive
1450 4075 1640 4127 tutore
1670 4072 1876 4128 dicunt
1896 4072 2057 4142 leges

322 4155 335 4163 ’
398 4155 960 4225 Longobardorum.

466 4245 600 4301 CAP.
639 4244 759 4302 1'79.
799 4278 859 4285 —
888 4247 982 4301 Ab
1004 4247 1212 4303 altari.
1256 4251 1400 4320 ipsae
1433 4249 1592 4304 enim
1634 4250 1833 4306 velum
1856 4251 1934 4308 ab
1976 4253 2057 4309 a1-

396 4333 506 4390 tari
554 4349 793 4390 sumere
844 4334 1147 4391 debebant
1203 4341 1259 4391 et
1314 4337 1425 4393 sibi
1474 4339 1829 4411 imponere;
1888 4342 2054 4413 quod

390 4423 642 4480 vetitum
669 4428 795 4479 erat
819 4424 1134 4498 episcopis.

464 4515 599 4569 CAP’.
631 4516 751 4569 199.
787 4545 855 4553 -
882 4514 1278 4572 Morchidum.
1325 4516 1410 4571 Ita
1479 4516 1658 4573 editio
1715 4519 2054 4575 Helmaasta-

391 4600 636 4663 diensis.
664 4600 744 4656 ita
774 4602 1373 4671 codexl’arisiensis,
1406 4603 1486 4659 ita
1517 4605 1916 4674 Burchardus,
1971 4608 2053 4664 ita

392 4689 797 4745 Pmnitentiale
828 4694 1167 4747 Romanum
1200 4694 1438 4749 Antonii
1475 4693 1813 4765 Augustini,
1867 4695 1950 4752 tit.
1994 4700 2047 4764 3,

392 4792 525 4850 cap.
559 4782 590 4834 8
627 4796 640 4845 ;
673 4778 755 4834 ita
786 4778 1047 4852 denique
1073 4783 1173 4837 Ivo
1197 4785 1364 4854 parte
1395 4797 1475 4850 ix,
1499 4797 1632 4855 cap.
1666 4787 1755 4850 70,
1779 4782 1842 4838 in
1862 4785 2051 4840 omni-

389 4865 507 4920 bus
532 4866 912 4924 editionibus.
948 4871 1013 4924 Et
1042 4872 1245 4925 tamen
1286 4869 1757 4941 Lindenbrogius
1808 4876 1865 4927 et
1916 4875 2051 4929 Vos-

376 4953 519 5015 ,sius
546 4954 629 5011 ita
656 4956 1030 5013 conﬁdenter
1062 4959 1421 5014 mortridum
1452 4957 1658 5028 legunt
1700 4961 1864 5032 apud
1919 4966 2048 5018 Ivo-

392 5054 533 5095 nem
562 5058 632 5099 ac
664 5044 714 5098 si
733 5060 805 5100 ea
825 5046 953 5102 sola
982 5045 1155 5103 lectio
1166 5046 1283 5103 illic
1294 5046 1633 5115 haberetur,
1648 5065 1788 5104 cum
1815 5050 2048 5108 nullum

390 5128 627 5187 interim
655 5135 957 5191 vetustum
986 5136 1256 5192 codicem
1268 5135 1519 5193 laudent
1534 5154 1656 5193 suae
1678 5139 2045 5197 emendatio-

391 5216 486 5272 nis
508 5223 831 5277 auctorem.
858 5223 1061 5279 Visum
1090 5229 1178 5281 est
1198 5225 1377 5294 igitur
1396 5225 1773 5284 retinendam
1804 5244 1934 5285 esse
1954 5247 2051 5287 ve-

392 5310 575 5363 terem
604 5306 959 5378 lectionem;
990 5328 1177 5384 quam
1208 5313 1407 5381 etiam,
1441 5331 1805 5373 consensum
1863 5324 1948 5376 tot
1990 5320 2052 5376 li-

388 5394 640 5452 brorum
662 5398 872 5471 secuti,
903 5400 1284 5471 reposuimus
1305 5401 1365 5458 in
1396 5405 1588 5476 capite
1608 5405 1901 5476 vigesimo
1930 5410 2051 5483 epi-

390 5484 558 5541 stolte
586 5485 824 5543 Rabani
854 5487 933 5543 ad
950 5488 1356 5558 Heribaldum,
1391 5509 1531 5549 cum
1561 5495 1740 5553 editio
1784 5499 2051 5557 Stevartii

387 5575 640 5634 haberet
657 5578 989 5635 mordicum
1019 5596 1033 5648 ;
1063 5594 1200 5651 quae
1228 5595 1369 5650 vox,
1404 5585 1719 5644 tamenetsi
1743 5594 2046 5662 corrupta,

2153 342 2420 414 epistola.
2450 345 2819 402 Morchidum
2848 345 3070 418 itaque,
3098 349 3164 401 ut
3186 349 3341 402 recte
3369 346 3607 403 monuit
3634 351 3817 403 Anto-

2152 431 2287 487 nius
2330 434 2716 504 Augustinus,
2778 432 3173 490 homicidium
3235 434 3550 505 significat,
3607 451 3737 492 non
3784 453 3817 493 a

2155 521 2316 578 caede
2341 525 2543 580 tamen
2571 523 2830 579 deducta
2852 523 3081 594 origine
3106 524 3403 592 vocabuli,
3434 530 3502 580 ut
3528 524 3627 581 ille
3646 530 3821 599 puta-

2153 610 2254 677 vit,
2290 627 2429 667 cum
2460 613 2833 669 more/ddum
2864 628 2990 668 non
3019 612 3093 668 sit
3120 628 3235 669 vox
3260 613 3820 679 Latina,sedTheo-

2154 698 2340 771 disca,
2372 705 2438 757 ut
2456 700 2631 758 docet
2660 700 2945 757 Rabanus
2966 701 3028 757 in
3053 701 3188 759 loco
3216 718 3361 758 mox
3390 702 3665 759 laudato.

2227 815 2359 871 CAP.
2388 819 2513 872 200.
2543 848 2612 856 —
2639 815 2844 872 Scelus
2874 818 3332 887 multiplicetur.
3365 820 3502 873 Post
3548 818 3654 875 illa
3687 834 3824 874 ver-

2153 903 2234 960 ba
2268 905 2436 977 587
2465 905 2684 961 desunt
2730 908 2865 961 octo
2923 904 3065 962 folia
3118 906 3181 962 in
3235 906 3439 963 codice
3498 907 3827 964 Parisiensi

2155 1009 2293 1060 ms.,
2325 993 2612 1049 nimirum
2642 1010 2834 1066 usque
2864 994 2942 1050 ad
2980 995 3435 1067 paragraphum
3495 996 3826 1069 septimum

2156 1081 2365 1153 capitis
2393 1085 2517 1137 246.
2548 1082 2752 1154 Itaque
2776 1083 2938 1138 hunc
2954 1083 3185 1139 hiatum
3208 1088 3547 1156 opportune
3575 1085 3828 1158 supple-

2155 1170 2240 1226 vit
2270 1170 2808 1227 Helmaestadiensis
2837 1171 3018 1228 editio
3053 1191 3066 1239 ;
3095 1188 3306 1245 quam,
3347 1173 3537 1229 sicubi
3590 1174 3825 1230 mendo

2156 1275 2281 1315 non
2302 1275 2516 1316 vacare
2532 1260 2661 1315 visa
2681 1263 2788 1327 est,
2825 1260 3282 1317 emendavimus
3306 1277 3380 1316 ex
3408 1262 3668 1332 vulgatis
3699 1263 3830 1319 edi-

2159 1348 2419 1404 tionibus
2459 1348 2860 1404 Conciliorum
2912 1353 3017 1404 aut
3067 1350 3425 1422 scriptorum
3478 1354 3549 1407 ex
3606 1352 3831 1424 quibus

2159 1438 2341 1510 petita
2367 1442 2508 1493 sunt
2530 1438 2727 1511 capita
2751 1426 2903 1512 qua?
2916 1438 2977 1494 in
3008 1439 3121 1494 illis
3143 1443 3278 1495 octo
3316 1439 3470 1496 foliis
3521 1441 3833 1514 descripta

2161 1532 2349 1598 erant,
2381 1533 2510 1583 tum
2530 1527 2710 1583 etiam
2736 1544 2851 1601 ope
2884 1528 3208 1585 Burchardi
3240 1533 3298 1584 et
3329 1529 3565 1602 antiqui
3603 1530 3829 1586 codicis

2161 1634 2274 1673 ms.
2308 1619 2503 1674 Sancti
2531 1619 2809 1675 Germani
2836 1618 2913 1674 de
2934 1618 3140 1688 Pratis,
3174 1618 3235 1674 in
3263 1635 3387 1691 quo
3416 1624 3656 1676 exstant
3676 1620 3833 1691 frag-

2160 1710 2369 1762 menta
2389 1706 2619 1778 aliquot
2638 1706 3029 1779 epistolarum
3060 1705 3293 1762 Rabani
3320 1706 3399 1763 ad
3428 1707 3825 1775 Humbertum

2162 1795 2515 1867 episcopum
2555 1799 2611 1850 et
2658 1795 2737 1851 ad
2783 1795 3222 1864 Reginbaldum
3291 1796 3822 1869 chorepiscopum.

2161 1883 2389 1939 Alicubi
2419 1883 2597 1939 etiam
2633 1884 2984 1954 adjumento
3032 1882 3207 1939 nobis
3250 1883 3362 1939 fuit
3414 1885 3824 1941 Paenitentiale

2162 1976 2500 2029 Romanum
2527 1973 2752 2028 editum
2779 1973 2858 2029 ab
2877 1972 3132 2029 Antonio
3161 1972 3513 2042 Augustino.

2235 2086 2369 2142 CAP.
2406 2090 2526 2140 H2.
2550 2118 2619 2125 —
2647 2074 2955 2142 Geniculo.
2990 2085 3052 2141 id
3084 2088 3193 2153 est,
3226 2085 3634 2155 generatione,
3699 2102 3830 2160 pro-

2163 2174 2353 2245 genie.
2388 2174 2531 2230 Vide
2559 2173 2662 2229 lib.
2695 2191 2749 2229 γι
2772 2174 3119 2246 Capitular.,
3144 2190 3281 2247 cap;
3315 2177 3384 2230 80
3412 2179 3470 2230 et
3503 2179 3628 2231 128.
3687 2178 3832 2233 Con-

2165 2262 2365 2317 cilium
2392 2263 2803 2332 Moguntinum
2828 2262 2943 2318 sub
2962 2263 3237 2334 Rabano,
3271 2279 3405 2337 cap.
3439 2267 3529 2330 30,
3562 2269 3622 2319 et
3678 2264 3830 2321 libro

2163 2369 2201 2406 u
2246 2352 2382 2421 legi.
2444 2351 2915 2422 l.ongobardor.,
2972 2353 3055 2409 tit.
3108 2353 3194 2424 14,
3247 2369 3380 2426 cap.
3443 2346 3523 2408 1...
3548 2353 3836 2409 Dicebant

2104 2490 2111 2497 .
2163 2441 2340 2496 etiam
2374 2456 2529 2510 genu
2560 2457 2671 2513 pro
2703 2441 2997 2510 geniculo,
3031 2441 3183 2497 utin
3209 2440 3494 2514 Capitulis
3530 2442 3828 2514 Ahytonis

2163 2528 2541 2599 Basileensis,
2577 2543 2710 2600 cap.
2743 2529 2803 2584 21
2840 2533 2897 2584 et
2926 2528 3087 2584 alibi.

2236 2632 2372 2687 CAP.
2401 2635 2525 2686 222.
2561 2663 2629 2670 -
2657 2631 2992 2701 Sexaginta
3021 2631 3130 2687 sol.
3165 2632 3349 2687 Poena
3388 2631 3521 2703 ejus
3542 2632 3652 2704 qui
3683 2633 3836 2689 ince-

2165 2724 2440 2777 stuosum
2472 2718 2821 2791 susceperit,
2853 2718 2949 2774 hic
2978 2718 3142 2791 apud
3175 2718 3547 2788 Reginonem
3590 2726 3726 2776 erat
3778 2737 3833 2775 χι

2165 2806 2517 2863 solidorum.
2574 2810 2708 2871 Nos,
2764 2807 2908 2880 quia
2954 2807 3070 2863 hoc
3134 2807 3269 2863 loco
3348 2807 3834 2865 destituebamur

2166 2894 2387 2952 auxilio
2416 2894 2805 2967 manuscripti
2836 2895 3077 2963 codicis,
3111 2894 3353 2951 aliunde
3381 2896 3494 2952 ista
3545 2897 3837 2954 emenda-

2165 2984 2378 3040 vimus.
2410 2989 2473 3039 In
2506 2983 2757 3039 concilio
2790 2984 3014 3057 quippe
3060 2984 3297 3041 Metensi
3344 2985 3619 3058 Pippino,
3673 2988 3840 3042 unde

2169 3075 2281 3130 ista
2313 3078 2553 3147 sumpta
2593 3078 2751 3141 sunt,
2785 3078 2911 3129 tum
2970 3073 3148 3129 etiam
3204 3073 3267 3129 in
3304 3065 3479 3131 libris
3536 3077 3841 3149 Capitula-

2168 3164 2323 3219 rium
2347 3163 2518 3218 editis
2540 3167 2597 3218 et
2633 3163 3072 3236 manuscriptis,
3096 3162 3357 3235 denique
3387 3165 3448 3219 in
3491 3166 3837 3221 canonibus

2170 3253 2334 3308 Isaac
2370 3251 2757 3321 Lingonensis
2785 3251 3055 3325 episcopi
3076 3255 3198 3308 tam
3229 3251 3400 3308 editis
3440 3268 3631 3325 quam
3694 3272 3836 3311 mss.

2171 3342 2253 3398 tit.
2314 3345 2366 3409 4,
2402 3356 2534 3413 cap.
2601 3346 2649 3408 1,
2700 3344 3041 3397 constanter
3077 3341 3366 3414 scriptum
3395 3347 3483 3398 est
3532 3360 3680 3399 cum
3741 3345 3839 3418 qui

2170 3437 2578 3500 transgressus
2609 3430 2783 3486 fuerit
2812 3431 2969 3486 hanc
2996 3430 3214 3501 legem,
3248 3431 3563 3501 sexaginta
3610 3433 3840 3489 solidos

2166 3518 2292 3585 regi
2314 3518 2810 3591 compositurum.
2841 3520 2942 3576 Hic
2971 3520 3133 3575 enim
3163 3524 3289 3575 erat
3341 3520 3585 3577 bannus
3639 3523 3839 3578 domi-

2168 3606 2337 3662 nicus
2368 3623 2471 3663 seu
2496 3608 2713 3677 regius,
2742 3613 2807 3663 ut
2837 3613 3001 3681 patet
3020 3625 3094 3665 ex
3118 3608 3301 3666 variis
3333 3608 3480 3665 locis
3529 3611 3838 3684 Capitula-

2168 3696 2343 3751 rium.
2376 3699 2548 3752 Error
2575 3696 2753 3766 igitur
2778 3699 2942 3769 apud
2963 3698 3328 3767 Reginonem
3356 3703 3522 3754 ortus
3552 3715 3623 3755 ex
3648 3706 3840 3756 trans-

2169 3785 2462 3856 positione
2495 3800 2908 3854 numerorum,
2932 3803 2991 3842 x1
3021 3802 3132 3859 pro
3162 3803 3255 3843 1.x.

2242 3905 2373 3958 CAP.
2404 3902 2528 3958 23].
2561 3934 2629 3942 —
2663 3902 3042 3972 Compulare.
3074 3905 3659 3973 Narrare,compter.

2239 4019 2373 4072 CAP.
2402 4019 2525 4073 243.
2558 4049 2625 4057 -—
2655 4017 2754 4073 Ad
2781 4033 3037 4074 crucem.
3071 4018 3329 4075 Vetitum
3354 4002 3575 4075 deinde
3606 4024 3703 4075 est
3747 4020 3836 4090 ju-

2166 4106 2392 4162 dicium
2416 4106 2610 4161 crucis
2641 4105 2772 4175 lege
2801 4107 2991 4163 Caroli
3023 4108 3234 4177 Magni,
3257 4122 3394 4180 quae
3416 4112 3611 4163 exstat
3656 4108 3719 4163 in
3770 4108 3835 4163 li-

2164 4195 2276 4250 bro
2306 4194 2502 4267 primo
2526 4195 2979 4268 Capitularium,
3010 4212 3144 4270 cap.
3177 4200 3301 4267 108,
3332 4201 3391 4252 et
3412 4195 3517 4253 lib.
3580 4214 3623 4253 ιι
3688 4197 3838 4269 legis

2092 4306 2132 4358 ι)
2166 4283 2641 4353 Longobardor.,
2679 4285 2760 4341 tit.
2785 4290 2874 4354 55,
2933 4301 3065 4359 cap.
3124 4289 3211 4342 32.
3237 4285 3429 4341 Nihilo
3470 4291 3681 4342 tamen
3738 4288 3841 4342 mi.

2165 4388 2279 4427 nus
2308 4377 2569 4428 retentus
2591 4377 2682 4428 est
2709 4373 2805 4428 hic
2831 4389 2985 4442 mos,
3018 4379 3082 4429 ut
3102 4379 3265 4447 patet
3292 4390 3366 4429 ex
3388 4375 3740 4444 Agoberdo.

2234 4485 2492 4541 Servilio
2523 4485 2806 4541 humano.
2860 4488 2996 4542 Erat
3041 4485 3221 4557 igitur
3261 4486 3507 4559 aliquod
3559 4486 3840 4544 libidinis

2166 4589 2354 4644 genus
2383 4572 2549 4646 quod
2578 4572 2854 4628 homines
2882 4573 3101 4630 liberos
3134 4574 3212 4629 ad
3244 4577 3591 4631 servitutem
3623 4575 3845 4631 demit-

2166 4661 2347 4732 tebat,
2376 4662 2528 4717 sicut
2555 4661 2629 4717 de
2678 4662 2913 4717 feminis
2961 4662 3315 4719 adnotatum
3363 4668 3453 4718 est
3511 4680 3707 4735 supra
3763 4663 3844 4719 ad

2166 4754 2347 4823 caput
2370 4754 2473 4806 246
2500 4749 2633 4806 libri
2670 4750 2868 4822 primi.
2901 4751 2993 4807 Sic
3028 4752 3205 4823 588
3230 4752 3292 4807 in
3321 4751 3451 4822 lege
3479 4752 3846 4821 Wisigotho

2163 4856 2299 4895 rum
2330 4839 2433 4895 lib.
2461 4857 2538 4895 vu
2572 4840 2656 4895 tit.
2692 4843 2745 4908 6,
2779 4856 2907 4911 cap.
2937 4841 3020 4908 11,
3046 4840 3411 4896 adulterator
3441 4845 3715 4896 moneta:
3782 4842 3843 4895 li-

2163 4929 2453 4985 bertatem
2480 4929 2695 4985 amittit
2719 4933 2776 4985 et
2795 4929 3034 4986 servitio
3063 4929 3408 5003 deputatur.

2235 5033 2367 5086 CAP.
2393 5034 2518 5086 262.
2551 5063 2620 5070 —
2649 5033 2797 5088 Haec
2827 5033 2900 5088 de
2928 5033 3186 5088 multim.
3217 5032 3409 5088 Verba
3467 5037 3607 5087 sunt
3670 5033 3848 5104 Regi—

2164 5135 2360 5176 1101118.

2237 5239 2369 5294 CAP.
2402 5239 2527 5293 274.
2553 5268 2621 5277 -
2650 5238 3020 5295 Bastiniaco.
3055 5238 3119 5293 In
3149 5236 3303 5293 libro
3330 5239 3498 5293 sexto
3531 5238 3851 5310 Capitula-

2161 5326 2317 5382 rium
2346 5330 2403 5382 et
2426 5326 2488 5381 in
2511 5326 2794 5399 Capitulis
2814 5326 3005 5383 Caroli
3029 5325 3189 5382 Calvi
3235 5325 3450 5395 legitur
3500 5326 3848 5383 bastonieo.

2165 5415 2229 5471 ld
2259 5419 2458 5471 autem
2490 5416 2950 5488 interpretantur
3004 5415 3401 5471 arctissimam
3460 5416 3849 5473 custodiam.

2165 5506 2286 5573 Ego
2310 5508 2457 5577 puto
2488 5503 2731 5575 intelligi
2752 5504 2828 5559 de
2859 5519 3095 5559 carcere
3121 5500 3669 5574 regio,cujusmodi
3700 5512 3853 5561 sunt

2163 5608 2301 5663 qua:
2316 5608 2479 5649 nunc
2494 5594 2912 5664 coneiergeriae
2926 5595 3422 5651 vocantur.Porro
3436 5592 3733 5651 clausula
3748 5595 3858 5653 illa
