3980 6182
148 173 233 229 449
985 181 990 185 ’
1135 171 1339 246 None
1374 172 1468 225 AD
1511 168 1639 225 LIB.
1680 164 1728 220 Il
1773 120 2179 219 DE'ECCLES.
2221 160 2504 217 DISCIPL.

3445 175 3555 229 450

144 290 494 365 postmodum
524 305 683 359 vero,
715 296 847 359 etc.,
879 308 1072 364 usque
1101 294 1178 349 ad
1200 310 1409 363 [urnas
1460 296 1610 353 luat.
1656 307 1780 347 non
1812 291 1858 342 A
1889 284 2152 340 diximUS
2182 284 2261 341 ad
2290 285 2609 357 epistolam
2643 290 2713 342 60
2745 286 2910 359 Lupi,
2942 286 3094 344 adeo
3123 290 3330 359 magni
3354 292 3551 362 virum

150 381 312 437 exstat
340 376 401 432 in
445 377 702 433 editione
757 378 1283 439 Helmaestadiensi.
1342 381 1557 437 Addita
1606 380 1781 450 igitur

152 472 223 529 est
247 484 310 522 ex
331 466 534 522 codice
556 467 888 525 Parisiensi.

210 558 329 612 CAP.
362 560 487 611 276.
520 589 588 596 —
620 557 852 628 Corpus
880 561 1137 616 Domini.
1182 564 1312 617 iam
1362 560 1461 616 alii
1505 560 1783 615 observa-

153 646 333 702 verunt
362 659 549 700 unam
584 660 658 700 ex
698 645 951 702 diversis
976 647 1339 718 judiciorum
1397 647 1603 703 formis
1650 663 1784 718 quas

152 735 270 792 olim
290 733 741 807 usurpabantur
769 735 831 790 in
860 736 1038 792 rebus
1095 737 1294 793 dubiis
1337 737 1520 792 fuisse
1565 752 1784 807 corpus

154 822 378 881 Domini.
415 823 587 889 Quod
614 839 651 880 a
680 823 935 880 Boberto
982 810 1121 895 rege
1160 826 1518 881 damnatum
1563 842 1691 880 esse
1722 824 1783 879 in

152 911 372 986 epistola
425 911 646 984 scripta
705 912 783 968 ad
825 913 1229 970 Leothericum
1266 914 1785 987 archiepiscopum

153 1004 529 1059 Senonensem
559 999 732 1056 docet
762 1000 1082 1070 Helgaldus
1112 1002 1172 1057 in
1220 1002 1388 1058 initio
1436 1002 1582 1058 Vitae
1632 1003 1780 1073 ejus.

149 1094 394 1146 Attamen
424 1089 587 1144 hunc
613 1105 845 1145 morem
876 1095 1169 1146 retentum
1196 1091 1395 1148 adhuc
1442 1092 1625 1149 fuisse
1656 1109 1782 1149 aevo

151 1177 404 1247 Gregorii
436 1178 534 1232 VII
566 1181 830 1234 testatur.
866 1179 1215 1235 Lambertus
1269 1181 1785 1252 Schafnabm-gen-

151 1268 217 1323 sis
241 1266 312 1323 ad
342 1282 574 1322 annum
610 1267 765 1338 1077,
808 1267 911 1323 ubi
958 1268 1040 1325 ait
1084 1270 1432 1339 Gregorium
1487 1270 1785 1327 celebrata

146 1357 310 1411 missa
361 1354 756 1428 confectaque
815 1373 990 1413 sacra
1038 1357 1360 1426 oblatione,
1402 1376 1603 1429 regem
1649 1376 1784 1415 evo-

146 1462 314 1513 casse,
340 1444 420 1500 ad
441 1445 645 1513 altare,
678 1450 735 1501 et
763 1463 951 1502 manu
984 1448 1395 1520 praeferentem
1427 1465 1646 1521 corpus
1679 1452 1786 1505 Do-

142 1532 429 1600 minicum,
460 1550 599 1589 cum
647 1534 837 1590 multa
874 1535 1219 1607 prolocutus
1267 1542 1421 1592 esset
1454 1538 1528 1593 de
1560 1554 1672 1594 sua
1700 1538 1786 1593 in-

1889 373 2208 439 faciebant,
2268 378 2330 429 ut
2383 390 2524 431 eum
2569 379 2906 448 spectarent
2955 377 3131 433 veluti
3178 378 3551 439 conditorem

1888 477 2216 532 canonum,
2250 467 2429 535 atque
2461 462 2616 519 adeo
2647 464 2776 535 ejus
2800 465 3181 537 praesentiam
3211 467 3274 524 in
3304 468 3554 541 synodis

1886 551 2289 607 necessariam
2312 568 2441 607 esse
2471 551 2742 624 quodam
2765 554 2950 609 modo
2973 554 3395 614 existimarent.
3410 561 3552 615 Rur-

1889 656 2023 695 sum
2055 642 2184 710 ejus
2210 656 2403 714 opera
2426 641 2519 697 usi
2549 645 2689 696 sunt
2711 640 2951 697 Wenilo
2980 645 3342 702 Senonensis
3367 646 3556 703 archi-

1890 729 2209 802 episcopus
2237 735 2294 786 et
2320 729 2680 801 suﬁ‘raganei
2712 730 2842 801 ejus
2868 747 3008 787 cum
3053 733 3344 791 adversus
3389 736 3552 792 Heri-

1892 834 2185 874 mannum
2242 818 2597 891 episcopum
2656 819 3077 876 Nivernensem
3127 823 3205 877 ad
3245 824 3553 883 Nicolaum

1890 922 2115 979 papam
2147 907 2475 963 scriberent
2498 907 2813 981 epistolam
2841 912 2942 963 130
2969 908 3120 965 inter
3142 911 3421 983 Lupinas.

1963 1000 2095 1051 CAP.
2156 1000 2279 1052 309.
2332 1029 2399 1036 —
2450 997 2740 1054 Contione
2787 999 2882 1053 vel
2924 1004 3183 1055 content.
3237 1001 3301 1055 In
3348 1001 3554 1060 codice

1888 1085 2309 1142 Theodosiano
2334 1091 2566 1143 tantum
2595 1090 2657 1143 in
2691 1090 3066 1144 contentione
3112 1088 3385 1147 habetur.
3440 1096 3553 1148 Ita-

1889 1189 2008 1245 que
2037 1173 2368 1230 admonitio
2398 1174 2506 1229 fuit
2525 1174 2748 1231 librarii
2773 1194 2786 1243 ;
2816 1175 2920 1248 qui
2951 1192 3090 1231 cum
3122 1176 3387 1235 divinare
3429 1195 3555 1236 non

1889 1266 2093 1334 posset
2122 1262 2269 1334 quid
2300 1263 2499 1334 potius
2519 1262 2845 1333 legendum
2884 1269 3060 1332 esset,
3115 1267 3407 1333 contione,
3460 1267 3556 1324 vel

1892 1352 2287 1417 contentione,
2350 1356 2671 1425 utrumque
2726 1353 2949 1425 posuit,
3011 1354 3212 1409 lectori
3260 1355 3557 1426 judicium

1890 1440 2192 1510 integrum
2223 1440 2587 1513 relinquens.
2648 1443 2739 1499 Sic
2792 1443 2953 1499 enim
3006 1444 3279 1501 solebant
3327 1447 3559 1520 antiqui

1891 1528 2137 1598 librarii,
2172 1534 2236 1585 ut
2266 1530 2538 1601 pluribus
2569 1532 2859 1605 exemplis
2891 1533 3285 1605 probavimus
3311 1536 3391 1592 ad
3432 1536 3555 1592 Sal-

144 1622 421 1689 nocentia,
454 1623 581 1678 haec
609 1623 854 1679 demum
890 1624 1191 1682 addidisse
1223 1644 1234 1680 :
1268 1646 1298 1679 ‹
1329 1629 1397 1683 Ut
1434 1626 1783 1683 satisfactio-
1814 1643 1857 1697 Β
1894 1615 2158 1683 νίᾶῐιιιων
2191 1632 2330 1689 PaB-
2362 1618 2655 1685 403aetad
2690 1622 2921 1691 Lupum
2948 1622 3553 1695 Fel'ml‘iensemapag-

142 1712 219 1766 nis
245 1712 603 1785 compendio
632 1729 876 1770 omnem
896 1715 1181 1770 omnibus
1233 1715 1503 1772 scandali
1540 1733 1782 1789 scrupu-

140 1800 249 1856 lum
275 1802 345 1857 de
373 1801 578 1858 medio
599 1801 891 1873 auferam,
936 1820 1071 1860 ecce
1129 1822 1347 1878 corpus
1408 1806 1783 1863 Dominicum

137 1890 284 1961 quod
310 1896 666 1964 sumpturus
696 1909 817 1961 ero,
846 1894 905 1949 in
936 1895 1412 1967 experimentum
1440 1896 1583 1952 mihi
1606 1896 1783 1952 hodie

136 1979 225 2034 fiat
250 1980 605 2037 innocentia:
630 1998 809 2049 mete;
841 1987 905 2038 ut
933 1983 1314 2057 omnipotens
1347 1987 1499 2040 Deus
1543 2002 1655 2041 suo
1688 2001 1783 2040 me

137 2067 295 2122 hodie
318 2067 555 2139 judicio
601 2068 691 2125 vel
743 2070 1017 2127 absolvat
1055 2071 1271 2143 objecti
1302 2072 1564 2152 criminis
1594 2073 1786 2146 suspi-

137 2154 309 2227 cione,
342 2156 395 2212 si
423 2156 713 2214 innocens
760 2176 916 2231 sum,
963 2160 1056 2215 vel
1115 2161 1432 2217 subitanea
1483 2162 1786 2218 interimat

136 2247 326 2312 morte,
360 2245 411 2300 si
436 2261 598 2302 reus.
629 2248 764 2302 Haec
789 2252 847 2304 et
870 2248 1007 2317 alia,
1034 2253 1096 2304 ut
1126 2250 1391 2305 solemne
1421 2255 1531 2317 est,
1574 2250 1783 2323 praefa-

135 2336 215 2386 tus
234 2333 421 2388 verba
450 2333 753 2404 terribilia,
781 2335 1004 2407 quibus
1046 2339 1232 2392 Deum
1282 2353 1484 2393 causae
1537 2354 1660 2392 suae
1710 2356 1786 2392 ze-

132 2419 487 2490 quissimum
541 2421 808 2493 judicem
869 2426 926 2478 et
1000 2422 1350 2479 innocentiae
1426 2430 1785 2480 assertorem

136 2508 332 2565 adesse
366 2509 753 2581 precabatur,
776 2514 1007 2582 partem
1056 2512 1343 2567 Dominici
1382 2513 1648 2585 corporis
1687 2530 1785 2569 ac-

131 2597 265 2670 cepit
290 2602 352 2652 et
378 2598 660 2654 comedit.
700 2622 724 2647 »)
753 2599 893 2654 Vide
937 2604 1119 2672 caput
1145 2616 1402 2673 sequens
1442 2602 1781 2671 Reginonis,

129 2688 273 2757 quod
306 2691 403 2742 est
433 2686 511 2742 de
536 2687 750 2743 eadem
780 2689 1049 2745 materia.
1086 2689 1226 2745 Vide
1273 2691 1452 2747 etiam
1498 2692 1786 2764 appendi-

131 2790 242 2831 cem
272 2775 581 2846 adjectam
612 2777 905 2833 Chronico
932 2778 1250 2847 Reginonis
1277 2778 1355 2834 ad
1382 2795 1612 2835 annum
1657 2784 1781 2835 8H.

188 2864 311 2920 er.
344 2868 479 2920 282.
508 2897 577 2904 -—
601 2865 999 2937 Sacrilegium
1027 2869 1198 2936 facit.
1232 2867 1373 2923 Vide
1403 2871 1578 2924 notas
1606 2869 1685 2923 ad
1714 2867 1782 2923 li-

131 2950 292 3008 brum
350 2952 660 3022 Agobardi
684 2953 759 3010 de
785 2953 1231 3027 dispensatione
1248 2956 1782 3012 ecclesiasticarum
1814 2986 1855 3040 ο

127 3055 334 3105 rerum,
370 3058 511 3114 cap.
550 3042 631 3098 18.

191 3133 316 3187 CAP.
347 3136 477 3189 292.
514 3164 585 3172 —
614 3133 867 3189 Faidam
889 3139 1108 3203 portet.
1136 3134 1318 3191 Porte
1344 3136 1617 3191 inimitie.
1644 3136 1784 3191 Vide

130 3219 509 3277 Sirmondum
538 3222 602 3277 in
633 3222 788 3278 notis
819 3222 898 3278 ad
923 3222 1193 3295 Capitula
1220 3223 1411 3280 Caroli
1438 3224 1619 3280 Calvi.

190 3309 316 3365 CAP.
349 3314 481 3366 295.
509 3343 583 3351 -—
610 3311 1052 3368 Communione.
1090 3313 1432 3383 Legendum
1463 3316 1783 3371 commoni-

127 3398 285 3465 tione,
310 3405 377 3456 ut
404 3400 786 3456 monuimus.
816 3404 962 3456 Nam
994 3405 1051 3457 et
1077 3401 1137 3457 in
1167 3402 1504 3467 canonibus
1528 3404 1786 3474 vulgatis

131 3485 291 3558 589
321 3488 569 3544 concilii
601 3493 819 3560 quarta
843 3490 1105 3545 Toletani
1134 3491 1421 3564 scriptum
1452 3498 1540 3548 est
1587 3495 1789 3549 admo-

124 3578 334 3634 nitione
363 3595 479 3651 pro
512 3594 595 3633 eo
626 3579 792 3651 quod
822 3579 1045 3650 Regino
1071 3580 1254 3637 habet
1272 3584 1701 3638 communione.
1723 3585 1787 3638 Et

124 3679 251 3721 mox
279 3683 480 3724 canon
512 3667 999 3723 admonitionem
1056 3674 1229 3725 vocat
1264 3670 1429 3742 quod
1486 3670 1601 3725 hoc
1654 3671 1789 3727 loco

124 3757 618 3813 communionem
660 3756 907 3812 dixerat.
965 3756 1124 3812 Infra
1177 3773 1308 3829 cap.
1364 3761 1470 3813 408
1524 3758 1786 3829 legitur:

126 3840 280 3906 Quod
312 3847 365 3900 si
401 3862 506 3902 eas
533 3850 666 3901 tres
690 3846 1144 3912 admonitiones,
1173 3851 1283 3915 etc,
1334 3845 1533 3902 Codex
1586 3850 1789 3902 autem

123 3930 449 3991 Parisiensis
481 3933 685 3991 habet
717 3951 730 3989 :
767 3935 937 4001 Quod
964 3935 1018 3990 si
1045 3949 1141 3991 eas
1178 3941 1295 3991 tres
1327 3936 1785 3991 communiones.

124 4020 195 4074 Ex
223 4021 308 4077 his
330 4040 481 4095 ergo
508 4022 820 4094 colligitur
846 4039 1026 4079 voces
1060 4024 1391 4080 communio
1436 4027 1494 4079 et
1541 4040 1790 4081 commo-

121 4110 252 4167 nitio
278 4113 634 4185 permutari
661 4112 804 4169 olim
832 4112 1089 4169 invicem
1122 4113 1344 4183 solitas,
1387 4113 1659 4187 adeoque
1704 4114 1787 4171 le-

123 4197 377 4265 gitimam
407 4220 545 4260 esse
577 4202 1068 4260 emendationem
1099 4203 1178 4259 ab
1214 4203 1612 4260 illustrissimo
1662 4204 1789 4261 viro

124 4284 278 4346 Petro
306 4292 382 4349 de
415 4296 626 4350 Marca
648 4292 967 4348 Parisiensi
984 4293 1436 4366 archiepiscopo
1454 4294 1789 4351 adhibitam

124 4377 370 4451 epistolis
417 4381 673 4439 concilii
718 4380 898 4437 Italici
952 4382 1032 4437 ad
1087 4382 1487 4439 Theodosium
1521 4402 1532 4438 :
1565 4383 1628 4440 in
1667 4400 1792 4457 qua

124 4481 249 4524 cum
278 4471 513 4529 editum
550 4490 592 4529 a
627 4471 949 4528 Sirmondo
980 4472 1070 4540 sit,
1117 4488 1154 4529 a
1183 4489 1303 4545 qua
1356 4474 1416 4529 in
1465 4490 1663 4532 omnes
1698 4490 1789 4531 ve-

124 4561 390 4617 neranda
418 4562 912 4619 commonitioms
923 4565 1075 4631 jura
1107 4564 1444 4631 dimanant,
1487 4566 1679 4620 Marca
1708 4579 1795 4618 re-

125 4647 306 4714 posuit
336 4651 810 4707 communionis.

188 4738 311 4794 CAP.
345 4744 475 4796 297.
508 4773 583 4779 —
615 4739 959 4808 Impunitas
998 4740 1299 4795 vitiorum.
1357 4742 1554 4812 Lupus
1600 4742 1794 4795 Ferra-

128 4819 315 4880 riensis
343 4826 405 4882 in
426 4827 598 4884 libro
629 4827 708 4883 de
734 4827 921 4882 tribus
961 4827 1421 4898 Quaestionibus,
1471 4844 1611 4901 pag.
1641 4832 1745 4883 210
1780 4844 1791 4880 :

127 4930 153 4955 «ί
174 4914 307 4984 Spes
333 4916 733 4990 impunitatis
764 4931 989 4986 magna
1016 4921 1106 4973 est
1124 4916 1416 4989 peccandi
1441 4916 1738 4972 illecebra.
1767 4937 1794 4965 »

129 4998 350 5060 Constat
378 5008 630 5080 Lupum
668 5004 1001 5060 interfuisse
1057 5006 1197 5060 huic
1244 5005 1479 5077 synodo
1528 5005 1795 5061 Suessio-

127 5091 300 5160 nensi,
330 5095 391 5149 in
430 5096 621 5165 cujus
657 5093 889 5148 actione
935 5093 1200 5148 secunda
1247 5093 1529 5150 revelavit
1562 5093 1796 5166 synodo

127 5183 281 5243 gesta
307 5182 724 5257 depositionis
758 5182 1021 5238 Ebbonis
1047 5181 1479 5256 archiepiscopi
1502 5184 1795 5239 Rhemen-

126 5265 215 5321 sis.
244 5272 389 5327 Cum
419 5274 641 5345 itaque
670 5271 729 5325 in
762 5270 996 5342 synodo
1028 5271 1220 5340 fuerit,
1247 5275 1304 5326 et
1332 5272 1392 5325 in
1421 5287 1652 5327 canone
1685 5270 1797 5326 isto

128 5356 296 5415 verba
361 5363 502 5432 ejus
560 5360 965 5432 reperiantur,
1024 5359 1299 5416 dubitare
1351 5377 1534 5431 cogor
1591 5374 1797 5415 annon

128 5452 319 5506 auctor
346 5452 425 5508 sit
470 5464 796 5508 canonum
838 5449 1008 5506 istius
1060 5451 1277 5522 synodi
1333 5449 1796 5520 Suessionensis,

125 5540 661 5606 quemadmodum
707 5545 914 5598 auctor
947 5544 1035 5596 est
1062 5556 1367 5598 canonum
1418 5540 1796 5597 inventorum

124 5618 181 5680 in
206 5628 431 5700 palatio
456 5629 777 5687 Vernensi.
810 5632 957 5687 Nam
979 5629 1245 5702 episcopi
1265 5628 1637 5696 Gallicani,ut
1654 5626 1796 5685 olim

1894 1710 1996 1763 346
2022 1713 2079 1763 et
2106 1711 2232 1764 451.
2265 1708 2487 1764 Eadem
2541 1708 2834 1765 medicina
2884 1709 3152 1766 fortassis
3209 1712 3557 1769 adhibenda

1894 1800 1982 1852 est
2008 1796 2146 1851 huic
2171 1795 2305 1852 loco
2331 1796 2563 1853 Minucii
2593 1797 2794 1852 Felicis
2830 1815 2841 1850 :
2876 1798 3018 1853 dum
3047 1814 3189 1855 aras
3234 1806 3556 1857 exstruunt

1894 1886 2110 1956 ignotis
2139 1886 2481 1941 numinibus
2513 1892 2566 1941 et
2595 1886 2890 1943 manibus.
2921 1889 3082 1942 Hanc
3125 1887 3401 1945 ultimam
3449 1907 3554 1946 vo-

1893 1990 2024 2029 cem
2050 1973 2146 2030 hic
2176 1990 2305 2030 esse
2338 1975 2709 2046 superﬂuam
2740 1977 2843 2030 aut
2867 1981 3214 2048 corruptam
3243 1978 3419 2049 590
3450 1995 3557 2051 pu—

1892 2061 2058 2118 tabat
2089 2065 2220 2118 Des.
2257 2062 2562 2119 Heraldus.
2598 2064 2749 2129 Quid
2772 2064 2821 2118 si
2849 2062 3145 2133 legamus,
3179 2068 3397 2135 ignotis
3447 2083 3556 2121 nu-

1890 2151 2148 2207 minibus
2179 2153 2271 2208 vel
2300 2152 2596 2219 manibus,
2632 2156 2692 2207 ut
2725 2152 2799 2207 sit
2827 2152 3157 2209 admonitio
3189 2152 3445 2210 librarii?
3466 2154 3556 2211 Sic

1892 2239 2058 2312 apud
2088 2245 2363 2296 sanetum
2396 2240 2746 2309 Gregorium
2775 2239 2878 2295 lib.
2911 2257 2990 2307 1v,
3014 2240 3183 2313 epist.
3218 2246 3306 2310 53,
3330 2241 3557 2298 editum

1893 2332 2000 2394 est,
2032 2343 2108 2383 ex
2136 2328 2302 2383 istius
2334 2328 2424 2383 rei
2452 2327 2925 2384 consideratione
2961 2344 3062 2385 seu
3112 2332 3558 2399 comparatione

1895 2416 2036 2472 bene
2068 2418 2396 2486 colligitur.
2426 2419 2534 2472 Pro
2564 2433 2688 2489 quo
2718 2417 2845 2473 haec
2876 2423 3107 2474 tantum
3154 2419 3453 2476 habentur
3494 2421 3555 2476 in
3613 2454 3619 2460 ο

1895 2504 2298 2560 vetustissimo
2323 2504 2530 2560 codice
2556 2521 2670 2561 ms.
2698 2506 2886 2562 sancti
2914 2506 3159 2578 Remigii
3181 2508 3555 2581 Rhemensis,

1896 2595 1986 2650 rei
2022 2596 2467 2663 comparatione
2517 2595 2843 2665 colligitur.
2898 2596 3013 2651 Ista
3066 2596 3376 2655 levissima
3416 2603 3558 2655 sunt

1893 2681 2197 2737 interdum
2225 2682 2432 2752 magni
2463 2683 2772 2739 momenti.

1967 2772 2102 2826 er.
2136 2772 2258 2827 312.
2290 2804 2357 2812 —-
2385 2773 2583 2829 Audet
2597 2775 2837 2842 jurare.
2870 2773 3166 2830 Constans
3196 2775 3362 2847 apud
3390 2777 3558 2848 Regi-

1895 2875 2137 2927 nonem,
2172 2865 2300 2916 tum
2342 2861 2403 2916 in
2450 2862 2708 2917 editione
2757 2862 3281 2932 Helmaestadiensi,
3317 2869 3444 2922 tum
3494 2866 3557 2922 in

1894 2948 2099 3004 codice
2130 2949 2460 3019 Parisiensi,
2492 2950 2662 3006 lectio
2692 2955 2780 3006 est
2807 2952 2869 3007 in
2915 2953 3138 3008 sanctis
3180 2954 3362 3009 audet
3381 2956 3555 3023 jura-

1894 3052 2002 3110 re,’
2029 3054 2151 3111 quo
2183 3038 2363 3094 etiam
2389 3039 2574 3095 modo
2608 3040 2897 3112 scriptum
2926 3046 3014 3097 est
3060 3042 3226 3115 apud
3270 3044 3555 3101 Burchar-

1894 3128 2063 3197 dum,
2096 3129 2200 3201 qui
2230 3129 2596 3200 Reginonem
2617 3130 2783 3187 haud
2813 3130 2994 3187 dubie
3021 3132 3354 3206 descripsit.
3385 3137 3451 3190 Et
3475 3138 3558 3191 ta-

1895 3233 2035 3274 men
2064 3217 2125 3273 in
2168 3218 2453 3275 omnibus
2510 3218 2676 3276 libris
2732 3219 3181 3293 Capitularium,
3232 3227 3357 3279 tam
3386 3222 3558 3279 editis

1895 3323 2083 3380 quam
2114 3323 2281 3377 mss.,
2298 3307 2514 3377 legitur
2542 3309 2604 3364 in
2634 3310 2857 3366 sanctis
2879 3309 3053 3366 habet
3063 3312 3303 3381 jurare,
3327 3311 3556 3383 optimo

1897 3412 2097 3468 sensu,
2130 3412 2320 3469 eaque
2348 3396 2521 3452 lectio
2551 3397 2678 3453 sola
2704 3398 2867 3454 bona
2891 3402 2997 3454 est.
3021 3400 3354 3455 Lectionem
3374 3416 3557 3472 porro

1896 3485 2168 3556 ejusdem
2199 3485 2408 3557 capitis
2433 3501 2620 3556 quam
2650 3487 2888 3557 praefert
2916 3487 3161 3557 Regina,
3192 3486 3254 3541 in
3279 3502 3402 3558 qua
3431 3487 3561 3542 nul-

1896 3574 1955 3631 la
1983 3573 2208 3629 mentio
2238 3573 2311 3628 de
2343 3572 2812 3642 Gunebodignis,
2846 3574 3205 3630 conﬁrmant
3237 3574 3562 3630 vetustissi-

1898 3662 1981 3717 mi
2008 3661 2144 3716 libri
2176 3659 2603 3732 Capitularium
2652 3659 3028 3715 bibliothecae
3084 3661 3276 3730 Regius
3327 3665 3383 3715 et
3437 3661 3563 3717 Col-

1897 3748 2165 3816 bertinae,
2196 3754 2326 3803 tum
2347 3748 2527 3805 etiam
2557 3747 2938 3804 Burchardus
2970 3754 3027 3804 et
3055 3749 3157 3804 Ivo
3184 3749 3560 3806 Carnotensis

1897 3842 2066 3912 parte
2096 3855 2196 3905 xu,
2229 3853 2363 3910 cap.
2398 3841 2486 3907 23,
2514 3841 2570 3894 et
2597 3842 2767 3893 vetus
2798 3836 3064 3893 collectio
3110 3852 3415 3894 canonum
3441 3855 3556 3895 ms.

1897 3929 1960 3985 in
1988 3927 2350 3984 bibliotheca
2374 3927 2575 3998 Regia,
2606 3927 2870 4000 itemque
2900 3926 3215 3983 Gratianus
3252 3931 3345 3998 22,
3393 3944 3453 4000 q.
3505 3933 3557 3996 5,

1899 4034 2032 4090 cap.
2060 4017 2336 4073 Parvuli.
2390 4015 2603 4073 Nullibi
2662 4016 2823 4072 enim
2879 4020 3069 4073 exstat
3106 4016 3377 4073 clausula
3424 4032 3560 4089 quae

1899 4106 2038 4163 huic
2064 4105 2197 4161 loco
2229 4105 2466 4176 adjecta
2494 4109 2582 4160 est
2602 4104 2663 4160 in
2707 4104 2966 4161 editione
2992 4104 3446 4178 Capitularium,
3488 4106 3563 4161 si-

1900 4202 2001 4253 cut
2032 4194 2448 4265 Gunebodigni
2468 4195 2729 4264 faciunt.
2766 4197 2913 4250 Eam
2942 4198 3146 4251 tamen
3176 4194 3417 4251 exhibet
3435 4194 3561 4251 edi-

1902 4285 1984 4342 tio
2004 4284 2112 4341 Viti
2137 4282 2536 4351 Amerbachii,
2568 4287 2695 4339 tum
2720 4283 2898 4341 etiam
2930 4284 3221 4340 editiones
3270 4283 3561 4340 Parisien-

1904 4391 2019 4446 ses,
2045 4376 2290 4430 etvetus
2320 4372 2510 4429 codex
2546 4389 2663 4429 ms.
2714 4373 3064 4429 monasterii
3123 4371 3560 4443 Rivipullensis,

1903 4462 2162 4534 denique
2191 4461 2340 4518 liber
2387 4461 2590 4533 legum
2642 4460 3256 4532 Longobardicarum.
3304 4458 3566 4513 Adnotat

1902 4556 2105 4608 autem
2152 4551 2585 4608 Amerbachius
2631 4550 2692 4605 in
2737 4548 2940 4605 codice
2987 4564 3110 4621 quo
3149 4547 3276 4619 ipse
3308 4562 3452 4602 usus
3478 4550 3566 4601 est

1900 4640 2200 4698 vocabulo
2230 4640 2645 4710 Gunebodigni
2670 4636 3118 4711 superpositum
3149 4635 3331 4691 fuisse
3352 4650 3564 4691 vocem

1904 4730 2332 4800 Guntbodigni,
2363 4731 2647 4784 neutrum
2674 4741 2814 4782 vero
2836 4742 2967 4782 esse
2995 4724 3057 4780 in
3096 4739 3230 4796 cap.
3282 4724 3564 4791 Parvuli,

1904 4823 1995 4888 22,
2026 4834 2088 4890 q,
2121 4823 2172 4873 5.
2200 4818 2593 4889 Signiﬁcatur
2619 4822 2840 4886 autem,
2880 4813 3093 4886 inquit,
3142 4828 3284 4884 gens
3335 4812 3563 4882 aliqua,

1906 4910 2000 4965 vel
2025 4909 2307 4978 populus,
2340 4908 2434 4963 vel
2452 4907 2715 4977 familia.
2749 4903 3146 4960 Amerbachio
3182 4901 3407 4957 felicior
3442 4916 3566 4957 non

1908 4996 2015 5052 fuit
2043 4996 2101 5051 in
2133 4996 2525 5069 explicatione
2555 4995 2725 5051 istius
2756 4992 3035 5049 vocabuli
3058 4992 3148 5048 vir
3180 4991 3404 5064 alioqui
3429 4991 3568 5046 doc-

1908 5086 2171 5141 tissimus
2200 5084 2493 5141 Antonius
2517 5083 2889 5152 Augustinus
2918 5080 3404 5154 archiepiscopus
3432 5082 3567 5135 Tar-

1906 5176 2291 5241 raconensis;
2349 5174 2452 5246 qui
2502 5174 2562 5227 in
2609 5171 2763 5227 libro
2804 5172 3002 5244 primo
3045 5171 3120 5226 de
3147 5169 3565 5226 emendatione

1908 5266 2191 5333 Gratiani,
2222 5264 2465 5333 dialogo
2503 5264 2583 5330 l3,
2610 5278 2886 5334 quaerens
2931 5262 3079 5334 quid
3119 5261 3412 5331 signiﬁcet
3451 5276 3566 5316 vox

1910 5355 2342 5425 Gunebodigni,
2364 5353 2533 5422 ﬁngit
2558 5352 2749 5409 Caroli
2774 5352 2966 5423 Magni
2995 5352 3198 5408 hostes
3248 5352 3450 5407 fuisse.
3502 5350 3569 5403 Et
3628 5394 3635 5411 ,

1908 5450 2110 5503 tamen
2136 5442 2568 5513 Gunebodigni,
2600 5442 2662 5498 id
2688 5447 2777 5499 est
2800 5442 2841 5498 ii
2865 5441 2969 5515 qui
3016 5441 3146 5512 lege
3190 5436 3569 5497 Gundobada

1906 5536 2202 5602 vivebant,
2258 5532 2544 5590 nimirum
2602 5521 3078 5605 Burgundiones,
3162 5531 3365 5586 hostes
3444 5540 3569 5582 non

1908 5628 2079 5683 erant
2133 5621 2325 5681 Caroli
2375 5622 2587 5694 Magni,
2642 5638 2781 5678 cum
2822 5619 3076 5694 imperio
3120 5618 3275 5675 illius
3319 5611 3570 5684 subjecti
