4034 6182
410 185 513 249 4εί1

1787 166 2128 225 STEPHANI
2169 169 2459 237 BALUZII.

3745 173 3848 235 452

414 307 633 381 essent.
665 297 1133 373 Gunebodignos
1163 297 1364 367 autem
1394 309 1497 363 eos
1536 292 1716 355 fuisse
1760 291 1865 381 qui
1914 293 2071 347 Gun-
2112 295 2157 349 A
2189 291 2268 357 ad
2288 293 2615 381 concilium
2636 297 3052 381 Ancyranum.
3076 293 3158 351 Ex
3182 292 3493 350 Buchardo
3522 307 3711 367 porro
3749 292 3850 358 de-

414 378 659 451 dobada
687 390 815 463 lege
844 386 1185 453 utebantur,
1228 386 1354 449 tum
1384 398 1502 438 vox
1530 382 1661 459 ipsa
1692 379 1834 436 satis
1876 383 2074 437 osten-

412 482 522 553 dit,
549 486 677 541 tum
714 480 999 551 praeterea
1046 475 1209 546 patet
1259 487 1330 529 ex
1369 471 1615 531 laudato
1671 469 1821 527 libro
1874 469 2076 539 legum

415 564 1058 638 Longobardicarum;
1114 559 1217 621 ubi
1272 574 1382 637 pro
1443 574 1513 615 eo
1565 557 1731 632 quod
1787 555 2076 615 editiones

416 659 589 735 591
651 650 1079 729 Capitularium
1136 649 1362 711 habent
1408 648 1824 719 Gunebodigni
1864 645 2076 715 legitur

412 747 567 802 sicut
597 740 969 803 Gundobada
1001 740 1126 809 lege
1158 739 1414 797 viventes
1440 738 1699 807 faciunt.
1733 735 1873 793 Vide
1898 738 2073 793 notas

410 837 649 899 nostras
678 830 755 897 ad
785 830 1008 889 librum
1036 825 1341 899 Agobardi
1370 825 1655 893 adversus
1679 824 1875 893 legem
1923 825 2075 879 Gun-

410 921 657 978 dobadi.

484 1010 620 1068 CAP.
652 1009 775 1067 314.
804 1038 873 1047 —
897 1007 1164 1075 Excepto
1192 1006 1282 1061 his
1309 1019 1464 1061 sacr.
1497 1002 1589 1068 Sic
1632 1002 1809 1072 vulgo
1858 1016 1963 1081 per
2000 1014 2073 1054 ea

414 1105 687 1173 tempora
726 1096 1148 1173 loquebantur.
1189 1095 1345 1151 Infra
1391 1109 1526 1167 cap.
1568 1096 1691 1163 358,
1723 1098 1964 1161 excepto
1991 1090 2070 1147 ad

414 1192 743 1259 ecclesiam,
776 1187 877 1243 lib.
908 1203 989 1252 ιιι,
1017 1183 1164 1254 legis
1191 1183 1591 1252 Wisigothor.,
1647 1182 1732 1237 tit.
1767 1187 1819 1251 ὅ,
1850 1197 1984 1252 cap.
2017 1186 2065 1248 1,

412 1277 628 1349 legitur
656 1278 716 1332 in
748 1274 1007 1343 vulgatis
1040 1272 1421 1339 editionibus,
1464 1272 1722 1340 exceptis
1768 1271 1892 1325 illis
1937 1284 2072 1339 p8?-

413 1368 593 1423 sonis.
617 1368 726 1421 Pro
753 1379 876 1436 quo
910 1360 1286 1419 vetustissimi
1313 1360 1548 1416 codices
1566 1376 1708 1414 mss.
1728 1356 2073 1415 monasterii

412 1452 864 1527 Moyssiacensis
894 1456 952 1508 et
979 1449 1241 1509 ecclesiae
1270 1448 1566 1507 Albicnsrs
1586 1448 1813 1509 habent
1829 1452 2071 1516 excepto

413 1545 555 1601 illas
582 1556 887 1613 personas.

483 1634 619 1688 CAP.
655 1635 778 1688 315.
810 1662 878 1669 —
904 1629 1198 1689 Indiculo.
1238 1627 1327 1685 Sic
1371 1631 1500 1693 tum
1539 1625 1717 1697 vulgo
1776 1623 2079 1681 vocabunt
2111 1642 2149 1705 Β

414 1721 685 1794 diploma
716 1718 1003 1792 principis
1031 1716 1197 1791 quod
1223 1716 1284 1775 in
1317 1732 1580 1789 praesens
1620 1714 1897 1775 dabatur.
1954 1715 2079 1769 Une

417 1812 591 1868 lettre
621 1809 697 1865 de
742 1808 968 1865 cachet.
1024 1805 1357 1862 Bonifacius
1406 1804 1782 1874 Moguntinus
1824 1800 2077 1875 epistola

420 1902 542 1968 104,
562 1897 641 1955 ad
660 1896 975 1970 Pippinum
996 1910 1219 1967 regem:
1244 1916 1271 1943 «
1302 1892 1560 1959 Quidam
1581 1907 1787 1948 servus
1810 1888 2077 1946 Ecclesiae

413 1991 635 2051 nostra:
650 1983 897 2041 veniens
909 1982 987 2040 ad
1000 1998 1112 2039 nos
1124 1998 1265 2039 cum
1278 1980 1540 2038 indiculo
1558 1984 1804 2049 vestro,»
1818 1982 1926 2035 etc.
1936 1978 2074 2039 Vide

414 2080 586 2137 notas
616 2072 695 2130 ad
717 2072 939 2130 librum
963 2071 1264 2142 Agobardi
1282 2070 1359 2126 de
1373 2069 1687 2127 insolentia
1706 2068 2072 2125 Judaeorum.

487 2166 620 2220 CAP.
650 2165 774 2219 334.
808 2193 875 2201 —-
921 2162 1121 2217 Sculis
1148 2166 1203 2215 et
1230 2160 1421 2230 fustib
1501 2158 1639 2215 Vide
1692 2157 1795 2214 lib.
1846 2175 1884 2213 ll
1932 2157 2079 2226 legis

414 2250 794 2323 Longobard,
830 2250 907 2305 tit.
942 2254 1031 2316 55,
1064 2264 1198 2321 cap.
1230 2252 1319 2305 29.

488 2344 624 2398 CAP.
659 2343 783 2396 346.
818 2370 887 2377 ——
911 2339 1164 2395 Servum
1186 2338 1457 2395 christia.
1489 2337 1635 2394 Vide
1670 2340 1846 2399 notas
1895 2335 1971 2395 ad
2011 2335 2077 2392 li—

414 2429 595 2487 brum
627 2427 934 2499 Agobardi
961 2427 1036 2483 de
1065 2425 1381 2487 insolentia
1404 2426 1774 2482 Judteorum.

486 2520 619 2579 CAP.
652 2522 776 2575 358.
810 2548 877 2556 —-—
922 2518 1065 2573 Vota
1095 2517 1176 2573 ad
1212 2516 1415 2572 arbor.
1475 2514 1830 2588 Capitulatio
1889 2512 2078 2571 Caroli

415 2607 608 2680 Magni
635 2607 709 2663 de
742 2606 1012 2681 partibus
1045 2605 1314 2663 Saxonica
1343 2620 1478 2678 cap.
1510 2609 1598 2661 20.
1635 2623 1664 2659 α
1696 2604 1752 2661 Si
1808 2602 1944 2676 quis
2001 2602 2080 2660 ad

416 2698 611 2754 fontes
643 2700 747 2751 aut
772 2694 1018 2751 arbores
1050 2694 1142 2751 vel
1166 2695 1334 2751 lucos
1358 2698 1566 2750 votum
1596 2691 1816 2759 fecerit,
1849 2695 1952 2748 aut
1980 2691 2078 2747 ali-

418 2786 567 2861 quid
590 2800 757 2842 more
788 2784 1098 2854 gentilium
1122 2783 1418 2855 obtulerit,
1451 2787 1509 2839 et
1537 2782 1615 2840 ad
1642 2783 1932 2838 honorem
1963 2781 2080 2837 dae-

419 2891 675 2933 monum
706 2873 1052 2944 comederit,
1083 2893 1109 2933 P
1144 2878 1253 2929 etc.
1288 2871 1410 2928 Lib.
1468 2888 1483 2929 l
1540 2870 1884 2944 Capitular.,
1941 2886 2073 2943 cap.

416 2968 523 3021 64:
558 2987 584 3014 ‹‹
621 2964 767 3023 Item
794 2961 869 3017 de
898 2961 1216 3018 arboribus
1262 2960 1352 3017 vel
1403 2960 1583 3033 petris
1642 2959 1737 3015 vel
1791 2959 2074 3029 fontibus,
2112 2992 2153 3046 ο

417 3052 520 3109 ubi
545 3050 758 3125 aliquis
784 3050 943 3107 stulti
975 3049 1296 3107 luminaria
1324 3049 1416 3105 vel
1437 3048 1584 3107 alias
1628 3048 2077 3113 observationes

413 3139 660 3205 faciunt,
688 3137 937 3197 omnino
968 3138 1335 3195 mandamus
1369 3142 1433 3195 ut
1460 3137 1568 3194 iste
1600 3137 1901 3210 pessimus
1933 3154 2077 3193 usus

415 3233 475 3290 et
496 3231 615 3284 Deo
642 3224 1047 3291 exsecrabilis,
1082 3224 1427 3298 ubicunque
1472 3224 1787 3292 invenitur,
1842 3224 2077 3283 tollatur

408 3320 472 3374 et
498 3316 855 3373 destruatur.
892 3336 918 3362 »
952 3312 1097 3369 Vide
1124 3329 1361 3378 rursum
1385 3312 1490 3370 lib.
1527 3330 1627 3382 vn,
1662 3329 1795 3387 cap.
1820 3314 2074 3371 236.Ista

414 3409 634 3463 statuta
664 3407 801 3459 sunt
824 3406 961 3476 post
992 3406 1264 3477 tempora
1292 3402 1481 3461 sancti
1508 3401 1815 3471 Bonifacii,
1847 3402 1954 3475 qui
1982 3419 2074 3458 su-

413 3493 824 3569 perstitionem
855 3492 1018 3550 illam
1049 3491 1364 3548 excindere
1394 3491 1643 3562 curavit,
1698 3497 1761 3548 ut
1810 3493 1875 3549 in
1920 3492 2074 3553 libro

410 3586 609 3659 primo
640 3584 713 3641 de
739 3584 873 3641 Vita
894 3584 1023 3656 ejus
1045 3588 1248 3643 narrat
1267 3584 1556 3642 0thlonus
1574 3584 1900 3645 Fuldensis.
1922 3583 2074 3649 Quin

413 3679 470 3731 et
492 3674 618 3748 ipse
644 3673 983 3732 Bonifacius
1012 3672 1074 3732 in
1103 3672 1353 3747 epistola
1385 3678 1505 3741 128,
1538 3672 1798 3749 populos
1832 3674 2073 3731 Germa-

411 3764 526 3821 niae
555 3762 842 3820 admonet
866 3765 931 3819 ut
958 3760 1235 3819 lucorum
1265 3760 1360 3821 vel
1384 3760 1636 3821 fontium
1683 3761 1937 3832 auguria
1983 3761 2074 3819 vel

412 3851 784 3927 phylacteria
838 3850 1089 3913 omnino
1138 3855 1423 3925 respuant
1471 3856 1528 3909 et
1574 3850 1881 3923 abjiciant.
1936 3851 2076 3908 Vide

415 3940 783 4000 Glossarium
812 3939 1023 3996 Pitboai
1046 3939 1110 3997 in
1132 3942 1316 3997 verbo
1355 3941 1731 4009 Luminaria.

483 4028 618 4082 CAP.
648 4030 771 4083 363.
798 4033 870 4066 ’—
896 4028 1062 4083 Hunc
1093 4040 1391 4083 canonem
1442 4026 1697 4099 sumpsit
1738 4026 1961 4098 Regino
2005 4043 2078 4085 ex

413 4114 631 4173 eodem
658 4114 793 4172 loco
823 4131 897 4175 ex
925 4130 1048 4189 quo
1070 4115 1181 4172 tria
1225 4114 1537 4191 superiora
1592 4115 1789 4188 capita
1831 4131 2075 4191 accepe-

413 4207 524 4276 rat,
556 4203 619 4259 id
647 4208 753 4272 est,
789 4219 863 4259 ex
890 4201 1141 4276 epistola
1160 4202 1391 4260 Rabani
1436 4203 1515 4261 ad
1542 4203 1929 4265 Heribaldum
1957 4205 2078 4280 epi-

418 4308 672 4365 scopum
705 4291 1308 4350 Antissiodorensem.
1334 4295 1399 4349 Et
1427 4293 1571 4367 quia
1601 4292 1883 4351 Rabanus
1908 4294 2079 4353 illum

418 4380 773 4439 laudaverat
801 4397 874 4439 ex
900 4380 1152 4438 concilio
1182 4385 1521 4457 Ancyrano,
1566 4382 1789 4454 Regina
1834 4400 2078 4459 quoque

411 4470 550 4528 inde
581 4487 643 4528 se
674 4470 976 4555 accepisse
1008 4472 1318 4545 proﬁtetur
1343 4488 1527 4544 quem
1567 4472 1751 4531 secuti
1777 4479 1915 4531 sunt
1938 4476 2079 4531 Bur-

413 4560 675 4618 chardus
708 4565 765 4618 et
793 4561 911 4616 Ivo.
939 4563 1004 4617 Et
1032 4564 1236 4618 tamen
1268 4578 1463 4619 canon
1492 4562 1603 4618 iste
1633 4579 1755 4619 non
1803 4567 1893 4619 est
1939 4580 2077 4621 con-

411 4649 527 4729 cilii
551 4649 875 4722 Ancyrani,
917 4649 1023 4705 sed
1069 4650 1238 4707 haud
1298 4649 1483 4707 dubie
1523 4652 1842 4723 cujusdam
1899 4653 2072 4729 592

408 4728 626 4798 veteris
658 4739 815 4797 Libri
844 4738 1283 4799 Pmnitentialis.

482 4829 615 4886 CAP.
643 4833 764 4886 364.
800 4861 869 4869 —-
901 4830 1090 4904 Caput
1141 4827 1304 4885 istud
1357 4829 1523 4907 apud
1576 4830 1945 4900 Reginonem
1992 4830 2075 4887 sic

412 4917 764 4993 inscriptum
796 4921 888 4974 est
920 4936 932 4973 :
972 4914 1139 4975 Unde
1167 4933 1372 4988 supra.
1407 4919 1579 4985 Quod
1626 4918 1762 4974 ideo
1813 4919 2077 4991 positum

413 5005 580 5064 haud
632 5006 815 5065 dubie
859 5010 986 5065 erat
1031 5011 1095 5062 ut
1136 5006 1276 5063 hinc
1320 5006 1714 5078 intelligerent
1738 5006 1989 5065 lectores
2016 5010 2078 5064 in

415 5094 606 5166 capite
635 5096 908 5167 sequenti
937 5094 1034 5165 agi
1060 5095 1134 5150 de
1161 5096 1375 5153 eadem
1403 5096 1655 5153 materia
1679 5095 1753 5152 de
1783 5113 1905 5170 qua
1934 5113 2080 5169 pau-

412 5180 472 5238 lo
504 5187 644 5239 ante
674 5186 990 5240 tractatum
1013 5188 1155 5255 erat,
1184 5186 1247 5242 id
1275 5190 1363 5245 est
1408 5184 1483 5241 de
1522 5184 1831 5243 maleﬁciis
1871 5186 2079 5243 mulie-

414 5287 569 5328 rum.
626 5270 849 5326 Deinde
899 5278 1134 5331 secutus
1177 5279 1270 5331 est
1320 5274 1743 5331 Burchardus:
1786 5274 1891 5349 qui
1939 5291 2079 5333 cum

415 5359 825 5417 collectionem
858 5377 1031 5419 suam
1055 5363 1396 5436 adornaret,
1412 5363 1699 5438 pleraque
1724 5379 1759 5420 a
1775 5363 2078 5435 Reginone

413 5448 738 5527 accipiens,
771 5449 1055 5525 deceptus
1077 5457 1279 5509 autem
1310 5451 1460 5511 falsa
1475 5453 1858 5527 inscriptione
1881 5454 2076 5526 proxi-

413 5538 498 5594 mi
523 5539 792 5607 canonis,
807 5540 911 5613 qui
932 5541 1185 5598 concilio
1202 5546 1520 5615 Ancyrano
1537 5559 1854 5618 perperam
1876 5542 2077 5600 tribui-

410 5631 526 5709 tur,
559 5629 789 5711 putavit
818 5631 1001 5696 verba
1042 5630 1145 5696 illa
1190 5633 1349 5687 unde
1375 5648 1561 5701 supra
1598 5632 1911 5693 referenda
1940 5650 2072 5691 esse

2186 380 2555 452 scripserunt
2582 381 2683 436 Ivo
2712 380 3089 438 Carnotensis
3118 384 3286 453 parte
3325 398 3406 449 x1,
3457 396 3593 453 cap.
3650 384 3740 449 30,
3800 386 3853 441 et

2186 469 2499 525 Gratianus
2525 475 2613 541 26,
2637 486 2696 542 q.
2731 475 2782 536 5,
2812 485 2944 542 cap.
2976 474 3061 539 12,
3091 468 3194 543 qui
3226 485 3524 539 canonem
3570 468 3745 526 illum
3794 487 3851 527 se

2185 559 2485 634 accepisse
2512 560 2679 617 aiunt
2707 575 2777 623 ex
2810 558 3000 637 capite
3029 559 3224 634 primo
3255 559 3491 619 concilii
3520 560 3849 632 Ancyram.

2186 650 2401 705 Verum
2429 654 2584 706 recte
2615 648 2924 715 admonuit
2953 648 3040 717 vir
3073 648 3325 705 istarum
3372 664 3577 709 rerum
3627 648 3854 721 peritis-

2187 735 2376 792 simus
2432 737 2726 793 Antonius
2784 737 3150 813 Augustiuus
3208 738 3267 795 in
3332 736 3486 799 libro
3538 737 3744 813 primo
3783 736 3854 795 de

2184 826 2604 884 emendatione
2645 826 2929 896 Gratiani,
2970 810 3212 897 dialogo
3265 827 3349 896 14,
3393 810 3856 901 inscriptionem

2183 914 2343 971 hanc
2374 932 2501 973 esse
2534 916 2772 986 falsam,
2796 920 2853 973 et
2874 931 3163 985 magnam
3189 920 3423 990 partem
3444 916 3618 981 istius
3642 917 3859 989 capitis

2184 1004 2427 1079 reperiri
2458 1005 2622 1077 apud
2661 1003 2967 1073 Aurelium
3024 1005 3427 1077 Augustinum
3482 1005 3544 1075 in
3592 1005 3757 1065 libro
3788 1006 3861 1065 de

2188 1092 2405 1159 Spiritu
2430 1097 2486 1149 et
2518 1093 2755 1162 Anima,
2786 1109 2920 1166 cap.
2953 1097 3044 1161 28,
3096 1094 3382 1161 nimirum
3429 1094 3739 1169 quidquid
3772 1096 3859 1152 in-

2186 1183 2428 1252 teriacet
2454 1183 2606 1239 inter
2636 1182 2736 1238 illa
2765 1182 2948 1243 verba
2976 1184 3252 1257 quaedam
3283 1185 3592 1245 sceleratae
3643 1189 3705 1243 et
3751 1184 3862 1243 ista

2186 1286 2320 1331 Cum
2370 1273 2666 1329 Ezechiel.
2727 1273 2784 1331 Si
2841 1274 3198 1345 conjectqu
3228 1272 3395 1331 locus
3425 1273 3555 1343 erit,
3604 1274 3863 1335 omnino

2186 1364 2332 1434 puto
2364 1365 2545 1435 caput
2567 1361 2724 1420 istud
2755 1367 3066 1437 sumptum
3096 1378 3228 1421 esse
3250 1378 3323 1419 ex
3342 1363 3619 1437 quodam
3643 1379 3860 1433 regum

2186 1454 2527 1507 nostrorum
2575 1451 2888 1527 capitulari
2941 1452 3232 1515 hactenus
3280 1452 3525 1509 inedito.
3597 1453 3862 1517 Omnino

2186 1536 2346 1595 enim
2378 1538 2532 1611 sapit
2559 1538 2815 1603 modum
2865 1538 3154 1613 loquendi
3198 1538 3435 1597 illorum
3484 1545 3858 1615 temporum.

2188 1629 2252 1682 Et
2282 1626 2557 1685 solebant
2584 1632 2709 1683 tum
2732 1627 3068 1697 istiusmodi
3097 1628 3361 1701 capitula
3390 1628 3670 1685 infercire
3704 1630 3859 1687 ιθεῇ-

2185 1714 2404 1772 moniis
2426 1719 2483 1771 et
2506 1714 2651 1771 locis
2679 1732 2988 1773 sacrorum
3036 1715 3387 1784 Bibliorum,
3446 1732 3775 1777 canonum
3812 1723 3861 1774 et

2186 1806 2453 1858 veterum
2479 1801 2814 1869 doctorum,
2844 1808 2908 1861 ut
2932 1802 3123 1860 cuivis
3154 1802 3539 1860 manifestum
3567 1808 3703 1881 est.

2260 1889 2393 1945 CAP.
2423 1894 2545 1946 365.
2561 1923 2631 1930 —
2656 1892 3026 1951 Stramenta.
3049 1892 3466 1953 Instrumenta.
3482 1895 3860 1966 Praeceptum

2192 1978 2471 2034 Ludovici
2501 1979 2583 2035 Pii
2601 1996 2711 2054 pro
2760 1980 3008 2037 ecclesia
3061 1981 3409 2051 Parisiensi:
3458 1982 3711 2049 «Quod
3766 1998 3863 2054 per

2189 2066 2480 2122 incuriam
2511 2071 2568 2123 et
2592 2067 3014 2137 negligentiam
3064 2069 3380 2126 custodum
3423 2069 3625 2145 ipsius
3676 2069 3861 2127 eccle-

2191 2155 2292 2210 site
2323 2160 2653 2213 strumenta
2701 2158 3047 2215 chartarum
3086 2162 3297 2216 exusta
3343 2158 3440 2217 vel
3469 2162 3863 2221 concremata

2190 2244 2309 2301 sive
2340 2244 2571 2317 perdita
2597 2245 2863 2303 fuissent.
2898 2268 2925 2295 ››
2962 2250 3029 2303 Et
3057 2246 3214 2307 infra
3246 2265 3258 2302 :
3304 2267 3335 2303 «ι
3366 2247 3685 2322 Mancipia
3732 2264 3862 2321 qua:

2189 2348 2297 2405 per
2346 2332 2596 2406 praefata
2649 2338 2983 2390 strumenta
3026 2335 3370 2393 chartarum
3412 2335 3620 2393 eidem
3649 2336 3864 2394 tradita

2190 2420 2425 2479 fuerant
2453 2422 2732 2479 ecclesiae.
2770 2445 2797 2473 ››
2828 2423 3196 2496 Praeceptum
3228 2423 3512 2485 Ludovici
3538 2427 3864 2481 Transma-

2188 2510 2303 2565 rini
2332 2526 2443 2584 pro
2473 2509 2724 2569 ecclesia
2745 2512 3274 2583 Augustodunensi
3297 2530 3308 2567 :
3329 2535 3358 2562 «
3387 2518 3472 2569 Ac
3492 2513 3547 2577 si
3574 2529 3707 2591 prae
3737 2529 3861 2589 ma,-

2190 2598 2370 2654 nibus
2396 2599 2676 2656 universa
2701 2600 3052 2657 earumdem
3082 2617 3283 2661 rerum
3335 2601 3465 2667 sive
3508 2602 3864 2661 chartarum

2192 2692 2525 2763 strumenta
2547 2687 2904 2746 habeantur.
2939 2710 2970 2745 »

2263 2779 2395 2834 CAP.
2428 2776 2552 2833 412.
2586 2808 2652 2815 —
2684 2779 2804 2834 Per
2828 2779 3098 2836 Petrum.
3149 2777 3523 2849 Ambiguum
3570 2778 3865 2855 loquendi

2190 2881 2400 2937 genus,
2441 2882 2564 2940 quo
2596 2864 2965 2937 signiﬁcatur
3004 2868 3419 2927 auctoritatem
3470 2868 3787 2942 episcopis
3831 2885 3867 2923 a

2190 2953 2418 3011 Christo
2444 2953 2722 3012 collatam
2753 2972 2887 3012 esse
2912 2955 2975 3012 in
2999 2973 3264 3031 persona
3286 2956 3461 3029 Petri,
3502 2961 3637 3017 tum
3682 2957 3866 3015 etiam

2187 3046 2423 3099 Petrum
2449 3043 2646 3100 solum
2676 3049 2976 3118 accepisse
3002 3062 3139 3103 eam
3164 3046 3672 3119 potestatexn,sed
3696 3046 3869 3113 illam

2186 3136 2397 3209 postea
2427 3134 2901 3205 communicasse
2931 3151 3071 3195 cum
3091 3134 3389 3210 episcopis
3416 3153 3431 3204 ;
3454 3151 3585 3208 qua
3612 3151 3868 3208 persua-

2189 3212 2354 3277 sione
2382 3221 2597 3279 imbuti
2626 3221 2864 3279 fuerunt
2892 3224 3165 3281 nonnulli
3187 3225 3361 3298 593
3382 3214 3644 3283 Romani
3664 3223 3871 3297 ponu-

2187 3310 2350 3366 ﬁces.
2379 3313 2562 3366 Verus
2594 3315 2797 3379 tamen
2829 3328 2898 3369 ac
2930 3314 3225 3384 genuinus
3253 3314 3437 3386 hujus
3480 3313 3599 3370 loci
3646 3330 3872 3370 sensus

2188 3403 2294 3469 est,
2310 3402 2667 3472 potestatem
2697 3417 2871 3457 suam
2902 3401 3203 3475 accepisse
3229 3402 3548 3476 episcopos
3564 3417 3603 3458 a
3625 3403 3873 3461 Christo

2187 3486 2248 3542 in
2271 3502 2533 3561 persona
2562 3488 2732 3559 Petri,
2761 3488 2865 3563 qui
2898 3492 3025 3545 tum
3054 3490 3235 3560 gessit
3275 3490 3449 3548 totius
3474 3489 3774 3549 Ecclesiae
3804 3492 3872 3546 ti-

2189 3581 2402 3645 gurata
2426 3576 2808 3648 generalitate
2838 3594 3184 3651 personam,
3220 3585 3282 3636 ut
3330 3581 3411 3637 ait
3454 3580 3873 3651 Augustinus.

2186 3736 2189 3741 ι
2258 3664 2395 3721 CAP.
2427 3668 2554 3722 416.
2587 3699 2657 3707 -
2697 3669 2785 3724 De
2821 3669 3207 3738 confessione.
3250 3669 3441 3727 Verba
3489 3673 3637 3728 sunt
3692 3672 3877 3743 Regi—

2187 3770 2384 3812 1101118.

2260 3844 2395 3902 CAP.
2427 3847 2553 3907 424.
2584 3877 2653 3885 -
2684 3845 2879 3921 Caput
2904 3846 3065 3913 istud
3093 3863 3220 3906 non
3243 3852 3438 3906 exstat
3473 3848 3540 3911 in
3576 3849 3876 3923 capitulis

2187 3934 2553 3993 annuntiatis
2585 3934 2751 4008 apud
2778 3930 3185 4007 Valentianas,
3217 3953 3379 3995 anno
3408 3942 3535 4008 753,
3564 3955 3715 4013 qua;
3768 3956 3876 3999 ex-

2189 4028 2349 4081 stant
2375 4023 2438 4080 in
2465 4023 2669 4081 codice
2700 4023 3101 4097 capitulorum
3149 4026 3344 4084 Caroli
3388 4026 3573 4084 Calvi.
3626 4030 3880 4103 Legitur

2187 4119 2390 4172 autem
2420 4114 2571 4172 inter
2599 4114 2861 4188 capitula
2886 4131 3023 4190 quae
3056 4118 3257 4174 statim
3303 4122 3441 4191 post
3486 4126 3881 4179 conventum

2187 4204 2354 4278 apud
2380 4203 2758 4261 Valentianas
2790 4205 3065 4262 habitum
3092 4211 3317 4264 statuta
3346 4212 3489 4264 sunt
3532 4208 3713 4283 apud
3764 4209 3880 4265 Sil-

2190 4311 2426 4367 vacum,
2454 4293 2560 4350 ubi
2584 4293 2802 4351 relecta
2825 4293 2927 4352 illa
2974 4312 3106 4353 esse
3157 4299 3323 4370 patet
3364 4312 3440 4353 ex
3479 4298 3879 4375 praefatione.

2192 4387 2268 4442 De
2296 4383 2535 4455 negotio
2562 4399 2744 4459 porro
2792 4384 2903 4441 isto
2962 4384 3094 4442 vide
3138 4384 3403 4460 capitula
3449 4386 3653 4457 caroli
3699 4387 3887 4447 Calvi

2191 4473 2272 4530 tit.
2307 4473 2393 4538 l3.
2422 4490 2555 4546 cap.
2588 4478 2641 4540 6,
2675 4477 2732 4530 et
2757 4473 2840 4529 tit.
2874 4474 2962 4541 31,
2990 4490 3126 4548 cap.
3159 4474 3247 4531 31.

2257 4564 2389 4618 CAP.
2422 4566 2546 4619 426.
2567 4564 2886 4620 ——Judicio
2917 4566 3044 4625 Dei.
3078 4564 3141 4621 ld
3170 4569 3256 4620 est
3280 4563 3513 4635 judicio
3539 4580 3731 4640 aquae
3768 4567 3889 4625 fcr-

2186 4650 2378 4706 ventis
2423 4655 2528 4708 aut
2573 4651 2822 4722 frigidae,
2872 4652 2966 4708 vel
2996 4652 3130 4708 ferri
3159 4652 3347 4724 igniti.
3392 4652 3786 4727 Antiquitas,
3824 4659 3895 4713 ω

2186 4740 2467 4798 observat
2489 4740 2817 4798 Aventinus
2838 4741 2942 4799 lib.
2970 4759 3026 4798 ιν
3041 4742 3354 4801 annalium
3377 4742 3895 4811 Boiorum,th

2188 4835 2335 4898 erat,
2369 4846 2598 4905 sapere,
2628 4830 2812 4888 ﬁdem
2842 4834 2962 4889 Deo
2991 4831 3233 4903 habere,
3273 4847 3523 4893 omnem
3575 4848 3779 4906 spem
3826 4833 3895 4891 in

2186 4919 2320 4992 ipso
2346 4919 2657 4977 collocare.
2674 4924 2839 4977 Nunc
2857 4936 2995 4978 vero
3012 4921 3123 4978 ista
3143 4920 3295 4978 inter
3316 4920 3600 4979 stultitias
3619 4925 3679 4978 et
3704 4922 3898 4989 ωδε.

2190 5009 2324 5064 nias
2355 5009 2596 5067 illorum
2627 5008 2986 5067 steculorum
3014 5011 3369 5068 referuntur.
3404 5010 3579 5077 Unde
3625 5012 3903 5073 conchi-

2187 5097 2274 5154 dit
2310 5098 2637 5156 Aventinus
2662 5098 2848 5155 solere
2884 5099 3043 5156 idem
3085 5101 3327 5169 factum,
3374 5100 3638 5159 diversis
3682 5102 3904 5169 aetati-

2185 5186 2322 5258 bus,
2353 5186 2449 5245 hic
2477 5188 2733 5261 pietatis,
2761 5188 2904 5246 alibi
2928 5189 3141 5247 erroris
3166 5205 3395 5248 nomen
3410 5189 3736 5264 accipere.

2257 5279 2380 5334 Aut
2402 5279 2721 5336 redimunt.
2758 5281 2997 5337 Manum
3025 5279 3312 5337 nimirum
3346 5296 3542 5354 quam

2182 5371 2354 5446 erant
2382 5373 2628 5441 propter
2654 5368 2769 5425 hoc
2799 5368 3055 5426 facinus.
3122 5371 3315 5443 Supra
3360 5384 3499 5441 cap.
3526 5370 3643 5427 314

2184 5454 2363 5512 libri:
2401 5480 2427 5506 ‹‹
2465 5456 2523 5512 Si
2566 5458 2702 5530 quis
2745 5458 3055 5514 convictus
3099 5458 3273 5514 fuerit
3316 5458 3595 5533 perjurii,
3650 5461 3919 5533 pel-dat
3998 5480 3999 5489 η

2188 5560 2460 5615 manum,
2494 5550 2597 5604 aut
2614 5546 2889 5604 redimat.
2924 5571 2952 5597 »
2988 5551 3052 5606 Et
3078 5563 3216 5627 cap,
3247 5550 3349 5606 334
3374 5567 3389 5605 ;
3413 5572 3441 5597 ιι
3473 5548 3709 5609 (3ωωί
3742 5568 3918 5617 vero

2192 5632 2323 5691 falsi
2349 5637 2524 5713 testes
2553 5649 2773 5707 manus
2803 5651 2944 5710 suas
2972 5636 3289 5699 redimunt.
3315 5655 3347 5691 ›
