3980 6182
155 133 243 201 ίῆϐ
984 132 1197 190 Nom:
1236 137 1330 191 AD
1368 136 1666 197 APPEND.
1709 139 1725 191 ι
1768 135 1948 197 LIBRI
1986 146 2078 203 ne
2120 152 2402 213 seems.
2444 155 2731 214 DISCIPL.

3467 144 3585 226 tsi

225 252 351 345 CaP-
376 251 750 360 4ξ7-ξ-ι-Ῑᾶω
774 253 1124 360 Ιῐιοῐιῑιὶιῐξμιε
1154 257 1234 315 ad
1263 262 1482 360 ξθιῐῆξιί.
1505 264 1572 357 75_
1626 259 1807 360 huius
1837 268 1878 318 Α
1918 275 2072 360 recte
2102 270 2352 341 adnotat
2378 278 2815 350 'Spelmannus,
2867 282 2943 340 de
2990 283 3061 343 iis
3112 283 3424 343 dicebatur
3468 288 3575 360 qui

173 335 287 393 libri
312 336 725 408 perturbatum
752 354 880 395 esse
930 342 1206 414 ordinem
1258 346 1704 420 Capitularium,
1755 352 1811 404 et

172 428 224 483 in
253 424 509 498 primum
540 424 760 483 librum
792 431 1130 502 conjectum
1157 450 1289 490 esse
1318 442 1498 507 caput
1550 437 1715 509 quod
1748 435 1808 491 in

172 514 570 587 manuscriptis
597 517 907 574 codicibus
934 522 1175 593 ponitur
1199 524 1263 580 in
1287 530 1522 597 quarto,
1540 530 1603 580 ut
1628 526 1809 583 etiam

172 606 360 661 citatur
398 618 433 657 a
464 603 789 673 Reginone.
854 608 1016 664 idem
1066 612 1263 667 evenit
1320 613 1457 669 huic
1500 613 1679 686 capiti
1735 615 1808 669 de

166 691 515 767 ponderibus
537 697 595 749 et
623 697 943 769 mensuris,
973 699 1141 770 quod
1173 716 1244 755 ex
1274 701 1428 759 libro
1483 702 1651 765 tertio
1694 706 1809 762 ‘Ca-

169 780 492 856 pitularium
519 780 769 838 refertur
790 799 825 840 a
850 785 1174 855 Reginone.
1230 793 1356 845 Non
1397 796 1591 847 exstat
1646 791 1808 848 enim

166 872 220 926 in
247 869 390 924 libro
417 869 612 941 primo
643 870 703 925 in
738 872 942 928 codice
981 892 1093 930 ms.
1153 893 1224 932 ex
1250 894 1373 950 quo
1399 879 1595 952 prima
1656 880 1808 937 Pari-

165 958 352 1015 siensis
379 958 558 1014 editio
597 960 813 1031 prodit,
848 978 971 1019 non
997 965 1058 1020 in
1089 965 1496 1039 Rivipullensi,
1528 984 1651 1026 non
1701 970 1807 1025 de-

168 1063 314 1102 mum
339 1046 402 1101 in
434 1046 789 1103 Colbertino.
817 1050 1139 1125 Utrobique
1169 1054 1330 1111 enim
1360 1055 1577 1125 legitur
1607 1058 1669 1113 in
1689 1059 1808 1113 ﬁne

162 1135 278 1191 libri
304 1135 471 1191 tertii.
504 1135 569 1190 In
598 1136 803 1193 codice
838 1141 1020 1196 veteri
1046 1158 1118 1197 ex
1146 1159 1270 1215 quo
1298 1145 1496 1217 prima
1526 1147 1809 1202 Parisien-

166 1224 235 1279 sis
258 1223 432 1278 editio
464 1224 702 1295 prodiit,
736 1241 807 1280 ex
835 1243 1089 1285 numero
1117 1234 1205 1299 87,
1232 1233 1294 1287 in
1324 1231 1442 1288 ﬁne
1471 1233 1605 1289 libri
1636 1234 1805 1302 tertii,

162 1314 216 1369 in
242 1312 618 1384 Rivipullensi
647 1330 783 1370 vero
809 1319 877 1373 92
903 1316 963 1373 in
992 1318 1329 1376 Colbertino
1351 1322 1600 1379 demum
1626 1328 1694 1380 90
1746 1327 1812 1379 ut

163 1402 358 1458 citatur
384 1416 420 1456 a
454 1400 777 1473 Reginone.

222 1520 351 1573 CAP.
382 1522 510 1575 432.
537 1551 606 1560 -
631 1519 915 1591 Singulos
944 1523 1187 1581 biberes.
1238 1525 1377 1582 Vide
1426 1542 1610 1599 supra
1655 1527 1757 1583 lib.
1791 1545 1807 1583 ι

159 1622 281 1678 cap.
311 1607 440 1662 216.

260 1836 576 1923 ΝΟΤᾸΞ
638 1837 781 1924 Al)
840 1839 1544 1931 APPENDICEM
1612 1845 1680 1931 Ι.

216 2057 392 2131 594
424 2058 562 2115 ΟΜ».
602 2060 648 2115 l.
684 2092 750 2141 —_-
782 2061 1056 2130 Epistola
1084 2069 1362 2134 pessima.
1391 2065 1661 2137 intelligit
1684 2066 1804 2140 epi-

149 2146 352 2207 stolam
411 2164 601 2220 quam
655 2149 1009 2208 Aldebertus
1052 2152 1366 2211 haereticus
1429 2155 1801 2227 publicabat,

145 2251 270 2306 quas
296 2252 444 2293 vero
470 2238 687 2294 relecta
716 2243 773 2294 et
797 2239 1087 2296 damnata
1111 2246 1198 2297 est
1222 2243 1281 2297 in
1308 2244 1559 2299 concilio
1588 2248 1805 2301 Roma-

144 2339 219 2378 no
248 2325 366 2380 sub
398 2327 682 2383 Zacharia
702 2344 864 2403 papa
885 2328 1202 2386 celebrato.
1240 2331 1377 2401 Ejus
1404 2332 1668 2404 epistolae
1692 2334 1807 2389 hoc

142 2412 372 2471 initium
396 2421 525 2471 erat
558 2433 570 2470 :
606 2418 824 2486 Incipit
869 2420 1120 2486 epistola
1163 2420 1404 2477 Domini
1432 2423 1625 2477 nostri
1667 2423 1809 2478 Jesu

142 2502 369 2560 Christi
396 2505 551 2561 Filii
577 2507 707 2574 Dei,
736 2521 866 2575 quae
891 2508 952 2562 in
1006 2508 1431 2577 Hierosolyma
1461 2511 1670 2567 cecidit
1702 2526 1726 2580 ,'
1755 2518 1810 2568 et

137 2606 237 2659 per
265 2592 546 2648 Michael
580 2593 1017 2664 archangelum
1074 2598 1209 2665 ipsa
1270 2599 1521 2668 epistola
1566 2601 1810 2657 inventa

141 2686 211 2735 est
240 2682 332 2737 ad
349 2686 603 2750 portam
634 2683 880 2752 E/I‘rem,
912 2687 1021 2738 etc.

200 2770 334 2825 CAP.
362 2772 460 2827 39.
494 2801 562 2810 —
590 2774 805 2829 Auctor
833 2770 1002 2828 istius
1030 2773 1385 2845 appendicis
1426 2775 1587 2833 hunc
1633 2792 1810 2835 cano-

140 2873 267 2914 nem
295 2858 520 2916 laudat
544 2875 620 2917 ea:
635 2861 966 2917 canonibus
997 2862 1400 2921 Orientalium
1421 2867 1806 2937 antiquarum

141 2947 412 3014 Patrum,
449 2963 584 3017 cap.
617 2952 706 3014 20,
728 2948 788 3003 id
819 2954 908 3004 est
934 2965 1005 3005 ex
1036 2950 1382 3009 collectione
1414 2955 1635 3010 Martini
1663 2956 1806 3011 Bra-

140 3037 414 3092 carensis.
449 3036 829 3095 Burchardus
861 3042 1065 3095 tamen
1095 3040 1272 3097 refert
1299 3058 1372 3098 ex
1407 3043 1657 3119 epistola
1706 3047 1806 3105 Fa-

140 3124 294 3182 biani
318 3142 509 3199 papae
543 3126 621 3183 ad
651 3126 977 3189 Orientales
1006 3129 1209 3199 missa,
1271 3131 1373 3199 ubi
1420 3148 1543 3189 non
1591 3138 1800 3191 exstat.

140 3214 210 3270 Re
235 3220 446 3272 autem
472 3232 621 3272 vera
640 3220 729 3272 est
756 3218 992 3275 concilii
1021 3221 1534 3289 Neocasariensis,
1578 3239 1650 3279 ex
1681 3239 1805 3296 quo

139 3301 295 3360 illum
339 3305 405 3361 in
462 3322 645 3361 suam
704 3306 1115 3364 collectionem
1164 3311 1461 3367 transtth
1525 3312 1805 3369 Martinus

140 3392 541 3451 Bracarensis.

201 3481 331 3539 CAP.
364 3486 460 3540 40.
498 3515 576 3523 -
608 3484 724 3551 Qui
749 3486 958 3542 servili
985 3488 1207 3544 condit.
1239 3490 1387 3545 Cum
1416 3487 1529 3549 ista
1570 3488 1808 3560 jamdiu

135 3566 407 3628 desierint
430 3571 591 3645 poni
623 3572 683 3627 in
737 3572 921 3628 Libris
963 3575 1427 3645 Pontiﬁcalibus,
1468 3576 1529 3630 in
1585 3576 1809 3648 quibus

136 3655 349 3714 obmin
402 3659 635 3715 ordine
698 3660 774 3716 ad
818 3661 1252 3718 celebrandum
1309 3678 1514 3719 sacros
1566 3665 1807 3720 ordines

135 3744 319 3817 primo
344 3747 679 3818 legebatur
702 3748 1033 3805 admonitio
1087 3766 1219 3822 quae
1270 3756 1462 3827 certas
1517 3768 1810 3824 personas

136 3836 463 3895 secundum
496 3853 777 3895 canones
805 3839 1156 3899 removebat
1184 3856 1222 3901 θ,
1247 3841 1431 3899 sacris
1474 3841 1809 3912 ordinibus,

139 3920 198 3977 in
227 3924 430 3996 primis
465 3941 626 3984 vero
669 3943 895 3995 servos,
928 3927 1042 3983 nisi
1075 3928 1411 3986 libertatem
1460 3945 1497 3985 a
1550 3930 1811 3986 dominis

134 4010 252 4065 suis
274 4015 601 4073 consecuti
638 4021 854 4083 essent,
888 4015 1086 4072 visum
1137 4022 1224 4073 est
1274 4017 1337 4072 in
1391 4017 1513 4073 ﬁne
1557 4018 1809 4076 istarum

139 4105 410 4163 notarum
437 4107 630 4163 edere
656 4105 1061 4177 fragmentum
1086 4125 1159 4164 ex
1186 4109 1370 4166 veteri
1408 4108 1581 4166 Libro
1613 4110 1811 4167 Ponti-

137 4188 281 4248 ﬁcali
337 4211 456 4252 ms.
490 4196 607 4270 qui
635 4211 799 4252 nunc
826 4200 1021 4254 exstat
1052 4198 1114 4253 in
1140 4197 1503 4256 bibliotheca
1544 4199 1712 4269 regia
1747 4204 1812 4257 ut

138 4277 264 4338 hinc
291 4284 516 4343 saltem
541 4284 906 4354 colligamus
936 4291 1195 4343 veterem
1220 4303 1474 4344 morem.

199 4373 331 4429 Cu.
363 4378 460 4432 43.
486 4408 562 4417 ——
597 4374 861 4432 Crimine
880 4377 1189 4434 adulterii.
1221 4382 1304 4434 lta
1335 4382 1462 4434 tum
1508 4379 1813 4438 vocabant

139 4455 360 4519 facinus
391 4465 737 4522 viduarum
758 4481 895 4537 qua:
942 4471 1085 4539 post
1129 4472 1475 4541 susceptum
1536 4468 1811 4527 habitum

136 4546 474 4618 religiosum
503 4554 593 4611 ad
626 4554 873 4625 nuptias
902 4555 1277 4612 transierant.
1314 4560 1392 4613 De
1438 4557 1652 4615 iisdem
1689 4558 1815 4628 agit

137 4643 306 4710 caput
327 4646 399 4697 56
421 4642 607 4698 istius
642 4643 993 4715 appendicis
1050 4650 1107 4699 et
1157 4650 1339 4718 caput
1392 4650 1461 4701 46
1506 4647 1809 4713 secundae,

138 4723 233 4779 ubi
260 4730 462 4787 viduae
504 4731 858 4787 istiusmodi
884 4733 1302 4790 indubitanter
1350 4735 1643 4790 adulterae
1695 4750 1815 4791 esse

142 4818 645 4888 manifestantur.
676 4820 823 4877 Vide
852 4837 1032 4895 porro
1062 4821 1352 4879 illustrem
1368 4822 1680 4878 historiam
1714 4838 1812 4878 cu-

138 4900 366 4968 inﬁdam
396 4909 613 4966 viduus
642 4908 704 4964 in
733 4909 848 4965 hoc
870 4910 1148 4969 adulterii
1179 4926 1371 4981 genus
1398 4910 1720 4983 prolapsae,
1752 4910 1813 4967 in

142 4993 283 5050 notis
300 4998 536 5053 nostris
553 4997 643 5054 ad
665 4996 885 5053 librum
903 4999 1342 5072 apologaticum
1365 5000 1684 5069 Agobardii
1703 5016 1813 5072 pro

142 5078 265 5136 ﬁliis
294 5087 598 5142 Ludovici
634 5087 739 5141 Pii.

203 5172 330 5229 CAP.
362 5177 459 5231 44.
497 5206 575 5216 --
603 5176 816 5232 Canon
845 5176 956 5233 iste
985 5177 1391 5234 Arausicanus
1420 5178 1502 5234 ita
1532 5177 1713 5235 habet
1750 5179 1812 5235 in

142 5260 291 5318 tome
310 5265 520 5337 primo
544 5265 955 5324 Conciliorum
1008 5266 1210 5325 Galliae
1243 5287 1256 5324 :
1301 5269 1623 5338 Raptorem
1676 5285 1813 5326 vero

140 5349 364 5423 talium,
392 5360 515 5413 etc.
552 5354 755 5413 Editio
798 5355 1008 5413 Isidori
1045 5357 1213 5429 apud
1256 5356 1603 5414 Merlinum:
1662 5358 1815 5427 Ejus

143 5443 610 5515 verer-060nm,
648 5448 758 5499 etc.
796 5446 873 5500 Ex
907 5443 1081 5519 595
1108 5462 1232 5519 quo
1260 5462 1369 5501 nos
1420 5446 1672 5503 fecimus
1724 5462 1815 5501 ro-

140 5525 415 5591 batorem.
454 5535 801 5593 Robalores
830 5535 1158 5610 antiquitus
1180 5537 1319 5594 dicti
1331 5536 1436 5611 qui
1466 5554 1592 5595 rem
1607 5553 1818 5610 quam-

140 5617 292 5689 piam
338 5640 452 5697 per
511 5625 645 5683 vim
689 5624 1057 5685 auferebam.
1101 5627 1167 5682 Et
1222 5627 1419 5699 primo
1450 5625 1718 5698 quidem,
1752 5630 1818 5684 ut

1920 357 2248 419 viatoribus
2275 364 2457 422 robas
2481 366 2573 422 vel
2597 368 2820 427 raubas
2844 370 3132 439 tulissent,
3156 372 3214 431 id
3245 377 3335 429 est
3361 357 3573 433 vestes.

1920 447 2110 505 Titulo
2146 452 2206 508 19
2236 452 2382 523 legis
2410 454 2620 511 Salices
2649 473 2780 530 cap.
2813 464 2898 529 10,
2918 465 2981 515 ut
3004 460 3248 533 quidem
3273 462 3484 518 citatur
3542 478 3579 518 a

1920 537 2126 594 Vossio
2169 540 2230 595 in
2288 542 2440 599 libro
2494 545 2765 601 secundo
2813 546 2887 602 de
2916 548 3077 604 Vitiis
3120 550 3457 606 sermonis:
3508 552 3582 606 Si

1918 626 2050 692 quis
2073 628 2333 685 alterum
2366 633 2428 686 in
2479 634 2575 688 via
2607 633 2967 703 adsallierit,
3016 642 3071 691 et
3126 638 3391 694 eumdem
3439 653 3579 694 rau-

1921 710 2167 770 baverit.
2202 717 2473 779 Raubare
2493 723 2717 788 autem,
2752 725 2815 776 ut
2838 721 3000 783 idem
3028 723 3279 791 adnotat
3305 725 3366 780 in
3421 725 3574 781 libro

1920 801 2134 871 primo,
2167 809 2259 860 est
2314 813 2662 880 corruptum
2712 826 2785 865 ex
2848 810 3051 866 Latino
3094 828 3327 881 rapere.
3374 818 3575 887 Itaque

1918 888 2041 945 sive
2072 898 2376 961 raptorem
2408 895 2682 965 legamus
2704 899 2763 954 in
2788 900 2901 955 hoc
2927 899 3141 972 capite,
3175 901 3296 956 sive
3345 904 3578 958 robato—

1914 992 2061 1045 rem,
2097 986 2300 1037 manet
2327 982 2485 1039 idem
2512 1002 2746 1042 sensus.
2783 988 2897 1044 Sed
2922 989 2996 1043 de
3026 989 3140 1045 hoc
3185 994 3387 1046 tamen
3444 1007 3575 1047 cen-

1918 1069 2149 1126 suimus
2181 1072 2600 1130 admonendos
2629 1092 2756 1132 esse
2772 1078 3044 1134 lectores.

1990 1158 2123 1214 CAP.
2160 1165 2247 1216 50.
2273 1193 2341 1201 —
2371 1164 2558 1235 Caput
2585 1164 2741 1221 istud
2772 1182 2894 1222 non
2925 1168 3215 1240 reperitur
3262 1168 3414 1225 inter
3442 1170 3572 1226 vul-

1919 1250 2089 1315 gatos
2119 1265 2382 1306 canones
2410 1251 2738 1309 Africanos.
2774 1256 2950 1328 Apud
2972 1260 3215 1312 lvonem
3240 1273 3381 1313 vero
3406 1263 3574 1331 parte

1920 1349 2012 1401 v11,
2043 1351 2176 1410 cap.
2216 1342 2335 1406 145,
2364 1344 2419 1395 et
2450 1342 2797 1397 Gratianum
2826 1349 2921 1411 27,
2948 1361 3007 1418 q.
3043 1349 3091 1407 1,
3124 1361 3173 1401 c.
3225 1349 3312 1412 34,
3365 1344 3577 1402 citatur

1918 1439 1989 1478 ex
2019 1425 2271 1497 epistola
2290 1428 2516 1484 Nicolui
2545 1446 2718 1503 papae
2744 1432 2823 1489 ad
2853 1432 3134 1489 Carolum
3171 1433 3573 1507 archiepisco-

1917 1528 2063 1584 pum
2096 1516 2506 1585 Moguntinum
2535 1524 2591 1575 et
2621 1520 3040 1591 suﬁ‘raganeos
3078 1523 3228 1592 ejus.
3257 1523 3401 1581 Fieri
3432 1540 3574 1580 sane

1916 1606 2109 1673 potest
2136 1608 2202 1659 ut
2228 1605 2343 1662 ista
2371 1622 2407 1662 a
2436 1607 2674 1665 Nicolao
2702 1609 2923 1681 scripta
2952 1610 3087 1677 sint,
3129 1613 3313 1682 petita
3370 1617 3573 1669 autem

1917 1705 1990 1745 ex
2007 1691 2277 1763 quodam
2304 1710 2534 1751 canone
2563 1696 2839 1754 Africano
2850 1714 2992 1770 quo,
3019 1699 3385 1756 sicutmultis
3415 1700 3570 1770 aliis,

1918 1793 2211 1835 caremus.

1987 1869 2121 1925 CAP.
2153 1874 2240 1927 53.
2274 1903 2341 1912 —
2399 1872 2549 1935 Citat
2597 1873 2759 1929 hunc
2808 1874 3010 1932 locum
3061 1875 3149 1932 vir
3202 1876 3573 1934 clarissimus

1914 1958 2173 2013 Joannes
2227 1960 2488 2017 Marinus
2518 1961 2581 2016 in
2610 1963 2943 2035 appendice
2969 1964 3107 2025 libri
3156 1965 3232 2020 de
3290 1966 3576 2023 Paeniten-

1917 2045 2017 2114 tia,
2073 2063 2213 2119 pag.
2267 2054 2356 2112 39,
2407 2054 2703 2124 vocatque
2751 2053 3060 2109 decretum
3111 2053 3173 2111 in
3225 2054 3573 2112 Conofurth.

1921 2134 2148 2191 Scilicet
2173 2136 2260 2191 vir
2285 2137 2668 2195 doctissimus
2698 2156 2769 2195 eo
2797 2141 3084 2214 deceptus
3116 2146 3204 2197 est
3232 2142 3397 2215 quod
3426 2141 3577 2196 liber

1918 2225 2269 2294 majusculis
2296 2226 2500 2284 litteris
2530 2229 2785 2301 scriptus
2822 2232 2992 2299 infra
3016 2230 3236 2287 habeat
3286 2231 3347 2286 in
3392 2234 3576 2286 extre-

1917 2328 2020 2368 ma
2043 2312 2221 2387 linea,
2248 2315 2310 2372 in
2342 2318 2613 2389 sequenti
2636 2334 2779 2374 vero
2830 2320 3191 2388 Cano/urile,
3247 2319 3413 2391 quod
3463 2319 3559 2376 ille

1918 2399 2059 2470 legit
2110 2404 2279 2473 infra
2327 2405 2680 2475 Conofurth,
2743 2410 2927 2461 Nemo
2984 2411 3185 2463 tamen
3224 2423 3349 2463 non
3416 2406 3577 2463 videt

1919 2488 2193 2546 ultimam
2249 2491 2546 2564 syllabam
2601 2494 2815 2566 prioris
2857 2494 3025 2551 lineae
3079 2495 3574 2567 conjungendum

1920 2594 2050 2636 esse
2083 2596 2221 2636 cum
2251 2581 2446 2654 primo
2467 2582 2767 2641 vocabulo
2799 2584 3123 2657 sequentis,
3170 2584 3445 2659 adeoque
3495 2584 3575 2639 le-

1918 2668 2185 2737 gendum
2211 2671 2727 2741 Franconofurth.
2758 2672 2869 2738 Qui
2901 2673 2973 2729 sit
2993 2678 3196 2733 autem
3242 2676 3574 2733 Francono—

1918 2755 2078 2812 furth
2101 2772 2314 2814 omnes
2344 2758 2697 2829 intelligunt.

1988 2845 2326 2901 Nuendum.
2360 2849 2441 2901 lta
2475 2845 2746 2903 omnimo
2804 2848 3091 2923 scriptum
3146 2854 3234 2906 est
3286 2848 3347 2907 in
3397 2848 3575 2904 veteri

1917 2932 2140 2990 codice.
2175 2935 2288 2990 Pro
2319 2951 2442 3008 quo
2473 2935 2704 2992 videtur
2729 2936 3052 3008 legendum
3097 2954 3228 2997 esse
3257 2938 3575 3009 petendum

1915 3020 2033 3079 Nisi
2063 3022 2113 3079 si
2142 3025 2446 3083 nitendum
2469 3024 2629 3087 idem
2652 3026 2833 3087 valet.

1987 3131 2120 3185 CAP.
2155 3136 2244 3185 57.
2280 3164 2346 3213 ῖ-
2402 3132 2745 3189 Adalwinc.
2800 3134 3006 3191 Mirum
3046 3138 3102 3191 et
3152 3150 3340 3211 quam
3397 3132 3577 3204 longe

1915 3219 2125 3276 abierit
2152 3237 2373 3279 nomen
2398 3222 2667 3296 episcopi
2698 3223 2774 3281 ad
2808 3241 2992 3299 quem
3047 3225 3269 3298 scripta
3313 3228 3402 3280 est
3456 3223 3573 3279 ista

1918 3309 2137 3367 Nicolai
2165 3310 2436 3382 epistola,
2464 3315 2593 3371 tum
2618 3312 2797 3369 etiam
2816 3313 2975 3370 sedis
3001 3314 3098 3371 cui
3121 3314 3172 3370 is
3189 3312 3574 3386 prazsidebat.

1915 3399 2090 3470 Apud
2113 3400 2521 3457 Burchardum
2547 3402 2766 3475 scripta
2795 3402 3012 3459 dicitur
3030 3404 3354 3460 Adalwino
3411 3415 3580 3457 sauc-

1919 3493 1993 3543 ιω
2026 3489 2359 3545 Vivenensis
2375 3491 2686 3545 Ecclessia’
2712 3492 3180 3561 archiepiscopo.
3214 3490 3389 3564 Apud
3447 3489 3575 3542 lvo-

1918 3591 2056 3631 nem
2084 3580 2248 3647 parte
2276 3593 2378 3648 vn,
2404 3593 2538 3650 cap.
2572 3581 2660 3646 65,
2684 3578 3008 3634 Adalwino
3038 3583 3259 3633 sancta'
3296 3579 3579 3632 Viennen-

1919 3668 1996 3720 sis
2026 3666 2312 3721 Ecclesia!
2342 3666 2791 3733 archiepiscopo
2819 3678 2842 3736 ,'
2866 3665 2929 3721 in
2957 3665 3231 3735 margine
3262 3680 3404 3721 vero
3436 3678 3580 3735 pos-

1916 3755 2124 3807 tremas
2154 3750 2449 3819 editionis,
2494 3753 2836 3808 Vivanensis
2865 3765 2886 3821 ;
2912 3755 2969 3808 et
2997 3767 3129 3825 cap.
3148 3756 3270 3819 152,
3293 3750 3581 3807 Alumino

1919 3841 2272 3897 Junariensi
2293 3841 2584 3910 episcopo.
2609 3839 2783 3912 Apud
2806 3839 3153 3896 Gratianum
3166 3838 3301 3897 dist.
3320 3843 3412 3908 27,
3441 3852 3577 3911 cap.

1921 3932 1975 3996 6,
1998 3928 2079 3985 ad
2105 3929 2396 3985 Albinum
2452 3929 2793 3986 Viennensis
2852 3929 3136 3987 Ecclesia:
3184 3930 3583 4000 archiepisco-

1917 4033 2082 4088 pum.
2116 4020 2246 4083 Quo
2273 4017 2407 4074 loco
2435 4017 2727 4075 adnatant
2750 4022 3113 4076 correctores
3132 4019 3384 4077 Romani
3406 4020 3581 4079 valde

1918 4107 2150 4164 variare
2197 4107 2326 4163 haec
2375 4107 2626 4164 nomina
2678 4106 2740 4163 in
2797 4107 3247 4181 exemplaribus
3302 4113 3360 4166 et
3416 4111 3582 4183 apud

1921 4196 2331 4253 Burchardum
2354 4201 2411 4253 et
2432 4200 2695 4253 lvonem.
2730 4199 2892 4252 Verte
2924 4213 2994 4254 ac
3021 4196 3301 4269 legitimas
3326 4198 3581 4273 inscrip-

1920 4285 2097 4341 tionis
2122 4285 2417 4357 ignoratio
2443 4285 2682 4343 errandi
2725 4286 2901 4359 596
2933 4302 3119 4347 causa
3154 4288 3261 4359 fuit
3313 4288 3582 4347 eruditis-

1922 4374 2074 4431 simo
2104 4375 2557 4448 archiepiscopo
2577 4376 3003 4433 Tarraconensi
3030 4376 3286 4431 Antonio
3310 4377 3583 4446 Augusti-

1920 4482 2021 4521 no.
2055 4465 2109 4519 ls
2142 4464 2303 4521 enim
2328 4463 2432 4520 lib.
2466 4481 2504 4520 ιι
2536 4464 2611 4521 de
2658 4464 2958 4521 emendat.
3018 4465 3299 4532 Gratiani,
3342 4464 3583 4533 dialogo

1926 4556 2009 4622 l7,
2044 4554 2391 4611 Gratianum
2417 4555 2739 4609 emendare
2767 4553 2827 4607 in
2855 4553 2969 4608 hoc
2998 4552 3132 4608 loco
3163 4558 3433 4622 conatus,
3466 4554 3585 4608 exi-

1924 4643 2125 4700 stimat
2148 4643 2451 4710 Albinum,
2486 4642 2565 4698 ad
2595 4658 2778 4715 quem
2826 4641 3144 4717 epistolam
3203 4641 3367 4698 illam
3414 4645 3582 4699 Nico-

1922 4732 2000 4789 lai
2031 4732 2314 4805 scriptam
2340 4748 2468 4788 esse
2495 4730 2750 4802 legebat,
2785 4729 3067 4786 eumdem
3099 4745 3228 4786 esse
3258 4746 3441 4803 quem
3483 4729 3582 4787 alii

1922 4825 2287 4881 Januensem
2314 4820 2855 4894 archiepiscopum,
2887 4818 2987 4875 alii
3005 4819 3403 4879 Jovanensem
3435 4820 3583 4895 epis-

1924 4927 2146 4984 copum
2175 4916 2413 4969 vocant.
2472 4911 2585 4967 Sed
2639 4914 2704 4965 ut
2750 4909 2887 4966 ﬁnis
2940 4909 3182 4971 tandem
3234 4910 3583 4984 imponatur

1923 5004 2103 5056 tantae
2133 5000 2467 5067 discordiae,
2496 4998 2917 5054 constituenda
2947 5002 3036 5054 est
3056 5013 3196 5055 vera
3220 4998 3414 5056 lectio.
3437 5000 3583 5057 Scri-

1922 5095 2027 5163 pta
2055 5090 2235 5161 igitur
2260 5090 2367 5146 fuit
2388 5088 2638 5162 epistola
2659 5086 2735 5142 ad
2778 5086 3159 5143 Adalwinum
3186 5090 3581 5147 luvavensem

1924 5180 2469 5254 archiepiscopum,
2502 5180 2567 5232 ut
2595 5175 2780 5232 ﬁdem
2809 5175 2949 5232 facit
2978 5176 3169 5233 codex
3197 5194 3309 5235 ms.
3334 5180 3583 5250 Regino-

1923 5270 2037 5341 nis,
2070 5274 2199 5325 tum
2220 5269 2397 5325 etiam
2424 5271 2595 5323 vetus
2620 5280 2925 5331 canonum
2941 5266 3219 5324 collector
3237 5284 3581 5343 anonymus

1924 5375 2040 5414 ms.
2076 5355 2525 5413 inbibliotheca
2573 5353 2770 5424 Regia.
2828 5358 3122 5412 Juvavum
3159 5362 3361 5414 autem
3418 5358 3581 5413 idem

1926 5463 2054 5503 esse
2085 5462 2155 5503 ac
2184 5444 2577 5514 Salzburgum
2620 5444 2819 5502 notius
2858 5449 3160 5520 estquam
3210 5452 3272 5507 ut
3323 5447 3583 5504 testimo-

1925 5537 2039 5595 niis
2067 5539 2257 5608 egeat,
2290 5533 2669 5592 Adalwinum
2699 5550 2878 5609 porro
2912 5535 3166 5593 tenuisse
3232 5537 3579 5595 cathedram

1930 5616 2446 5695 Salisburgenum
2477 5616 2713 5689 conth
2736 5623 2814 5689 ab
2834 5624 3003 5693 initio
3016 5622 3405 5699 pontiﬁcatus
3418 5624 3582 5693 Nise-
