3980 6182
201 163 311 221 ιτ3

1368 164 1711 220 ΑΡΡΕΝΒΙΧ
1749 162 2079 220 ACTORUM
2116 161 2458 219 VETERUM.

3520 173 3626 228 474

218 288 358 342 rium
389 281 676 358 ecclesiae,
710 283 897 340 sancti
929 286 1199 342 Amancii
1232 286 1305 343 de
1336 288 1606 353 Faurcio,
1646 292 1703 343 et
1743 291 1861 343 tres
1894 289 1941 341 Α
1974 286 2393 358 vexati,atque
2420 285 2609 342 ferina
2657 286 2822 342 rabie
2865 286 3159 354 concitati,
3212 289 3378 343 omni
3416 293 3628 349 timore

222 370 449 413 mansos
466 354 526 425 in
552 353 764 410 eadem
787 360 969 424 curte,
1002 373 1288 414 mansum
1316 359 1568 425 Geraldi,
1601 362 1658 414 et
1687 374 1861 413 man-

224 444 341 502 sum
374 424 634 502 Frudini,
659 430 713 480 et
743 443 1029 502 mansum
1073 430 1353 502 Rotgerii,
1406 435 1464 502 et
1517 424 1859 502 quindecim

221 496 492 578 debitaies
522 511 738 578 porcos
769 497 829 552 in
861 499 1074 578 eadem
1098 496 1463 578 c_urte,freda
1486 496 1710 578 regalia
1724 517 1860 572 quae

221 568 446 641 Joannis
476 567 737 641 habebat
766 572 1076 641 annuatim
1103 571 1178 627 de
1209 588 1395 628 manu
1425 567 1580 641 regis
1609 567 1860 628 Franco-

221 657 339 697 rum
392 639 454 694 in
488 638 814 719 .Tutelensi.
852 646 1064 719 castro.
1117 643 1284 719 Dedit
1325 638 1564 719 etialios
1594 643 1861 716 quinque

219 726 451 790 mansos
484 712 543 790 in
571 712 866 790 patrocinia
880 712 955 790 de
986 713 1365 790 Argentado.‘
1390 717 1504 790 Has
1547 712 1640 790 res
1681 712 1859 786 supe-

219 784 328 839 rius
361 782 703 837 nominatas
731 782 895 838 dedit
923 784 1184 840 ecclesiae
1209 785 1368 840 beati
1400 786 1621 841 Martini
1653 789 1709 841 et
1734 782 1861 840 mo-

218 853 413 910 nachis
435 851 657 924 ibidem
692 855 810 908 Deo
853 853 1282 911 famulantibus
1327 859 1585 912 Joannes
1643 856 1857 924 abbas,

218 926 328 1004 hac.
357 923 604 1004 quidam
648 924 1006 1004 φριλάίιίρειρτ
1059 930 1540 1004 numaqueun
1596 943 1758 984 anno
1798 928 1859 1004 in

217 994 514 1071 festivitate
538 994 697 1071 beati
729 996 959 1071 Geraldi
990 1002 1106 1053 tres
1135 994 1335 1071 libras'
1348 994 1572 1071 piperis
1623 1003 1727 1054 aut
1769 999 1859 1071 pi-

215 1067 431 1142 gmenti
457 1065 797 1142 Iutelenses
828 1067 1036 1142 fratres
1083 1065 1600 1125 Aureliaceiisibus
1643 1065 1863 1142 pers'olf

211 1139 537 1212 verent.AEo
565 1136 814 1212 quidem
844 1138 1090 1212 vivente,
1135 1145 1200 1195 ut
1241 1145 1440 1212 patres
1473 1136 1664 1197 nostri
1708 1140 1859 1196 soliti

212 1213 338 1283 sunt
352 1207 568 1283 referre
578 1207 960 1283 [reddebatur
975 1211 1208 1283 absque
1231 1207 1351 1267 ulla
1370 1212 1856 1283 contradictione.

210 1282 358 1355 Eost
386 1282 640 1355 mortem
693 1294 833 1335 vero
884 1280 1074 1355 ipsius
1111 1280 1246 1355 orta
1289 1288 1377 1339 est
1406 1283 1735 1355 saepissime
1766 1282 1853 1338 lis.

207 1350 464 1436 Tandem
491 1350 763 1436 iacta‘cst
787 1350 1050 1436 pait'hoc
1075 1353 1279 1410 modo.
1329 1357 1450 1424 Ego
1485 1350 1682 1436 ᾖξε
1703 1355 1856 1436 _Rai-

209 1420 468 1476 mundus
490 1420 918 1496 Aureliacehsis
943 1423 1156 1496 abbas,
1173 1441 1310 1496 cum
1329 1420 1856 1496 concilio'fr'atrum

203 1508 495 1562 meorum,
555 1493 668 1547 hoc
717 1493 1129 1566 Tutelensibus
1178 1493 1462 1551 fratribus
1515 1512 1692 1566 grave
1733 1496 1856 1552 fore

203 1578 607 1640 cognoscens,_
635 1568 850 1640 rogatu
896 1564 1135 1640 illorum
1188 1571 1390 1640 atque“
1407 1564 1620 1640 humili
1658 1583 1856 1640 prece,

1974 357 2206 430 Domini
2228 357 2584 430 postposito,
2605 362 2662 412 et
2677 357 2940 413 remedio
2957 358 3315 430 pmnitentim
3337 361 3625 430 neglecto,

1971 427 2250 501 ecclesias
2278 429 2339 483 in
2371 427 2468 501 Dei
2495 430 2723 501 honore
2744 445 2814 484 ac
2842 427 3144 501 perpetua;
3168 430 3410 500 virginis
3423 427 3627 488 Marias

1971 499 2280 571 sanctique
2311 500 2590 575 Stephani
2608 499 3120 575 dicataslacerare
3147 517 3217 556 ac
3243 499 3370 557 sine
3390 509 3628 575 pastore

1972 586 2099 654 esse
2157 586 2278 625 non
2313 572 2775 654 pertimescunt,
2827 571 3122 654 violenter
3149 571 3506 654 usurpantes
3558 592 3630 631 ea

1970 641 2132 696 unde
2161 641 2368 696 sancta
2398 643 2497 696 Dei
2528 641 2706 697 debet
2734 643 3053 697 restaurari
3086 641 3361 700 Ecclesia.
3406 646 3628 702 Admo-

1967 727 2184 767 nemus
2209 713 2388 768 etiam
2414 717 2472 768 et
2496 713 2882 769 admonendo
2913 712 3266 783 adjuramus
3293 719 3357 771 ut
3388 717 3631 772 incorri-

1969 783 2202 856 gibiles,
2235 789 2289 856 et
2319 784 2423 856 qui
2454 784 2744 856 pestiferis
2775 788 2831 839 et
2854 784 3163 856 ﬂagitiosis
3190 786 3462 842 moribus
3493 793 3632 844 sunt

1969 854 2188 921 irretiti,
2248 854 2421 928 sicut
2456 854 2491 910 a
2530 855 2717 928 bonis
2765 854 3033 928 moribus
3084 859 3224 910 sunt
3261 856 3522 928 alienati,
3551 859 3631 914 ita

1968 929 2025 980 et
2079 942 2114 981 a
2167 925 2467 1002 consortio
2519 926 2834 1002 ﬁdelium”
2869 925 3019 1002 ﬁant
3090 928 3372 1002 egtranei.
3446 925 3632 1002 Igitur

1968 1003 2296 1065 cognoscat
2368 997 2724 1053 universalis
2800 996 3056 1053 Ecclesia
3137 996 3339 1052 hostes
3427 996 3627 1053 saevis-

1969 1068 2155 1123 simos
2229 1073 2285 1124 et
2358 1072 2647 1139 tyrannos
2720 1067 3051 1140 improbos,
3127 1067 3500 1140 adversarios
3573 1075 3630 1126 et

1966 1143 2373 1210 persecutores
2464 1140 2759 1211 pessimos
2808 1139 2826 1140 "
2851 1144 3070 1210 sanctae
3147 1139 3248 1195 Dei
3331 1140 3627 1207 Ecclesiae,

1965 1219 2140 1288 637
2181 1228 2534 1280 Gauztridum
2569 1233 2737 1292 atque
2773 1229 3084 1280 Geilonem.

1966 1307 2388 1375 Ragenardum
2405 1312 2461 1362 et
2477 1307 2907 1363 Rodmundum
2925 1308 3055 1378 ejus
3071 1307 3282 1376 tilium,
3298 1325 3629 1382 eorumque

2749 1397 3064 1448 Canonicos
3097 1404 3502 1461 praceptorum

1965 1477 2402 1532 commilitones
2454 1477 2936 1533 ecclesiastorum
2986 1494 3187 1532 rerum
3246 1494 3626 1549 parvasores,

1965 1567 2186 1638 De§_con
2196 1569 2300 1617 tem
2307 1569 2837 1638 ptores,sanc_torum
2851 1576 3130 1618 canonum
3149 1569 3611 1629 transgressores,

202 1627 760 1712 BernardoJabba'ti
809 1635 971 1712 fratri
1013 1641 1218 1712 nostro
1255 1627 1311 1692 ἐι
1357 1637 1480 1692 tilio
1518 1627 1856 1712 nostrisque

2001 1631 2208 1680 astoris
2234 1627 2320 1678 sui
2356 1627 2821 1684 contradictores,

200 1705 679 1780 congregationis
736 1707 1035 1762 monacho
1099 1709 1344 1780 suisque
1412 1705 1858 1765 successoribus

197 1792 373 1832 omne
405 1776 670 1832 annuale
701 1792 952 1832 censum
979 1779 1233 1836 remitto.

974 1870 1079 1922 XV.

193 1954 335 2024 (342)
377 1969 867 2010 EXCOMMUNICATIO
911 1972 1224 2012 nmmum
1268 1974 1486 2013 conn-rs
1525 1974 1859 2013 sescnessus

260 2040 556 2080 RENOVATA
590 2042 876 2081 ADVERSUS
917 2043 1265 2083 GAUZERIDUM
1297 2046 1360 2084 ΕΤ
1388 2046 1656 2084 GEILONEM
1685 2045 1858 2084 (ΞΛΝο-

258 2112 420 2152 NlCOS
455 2112 819 2153 SENONENSES.

187 2185 280 2240 Ex
309 2187 508 2241 veteri
553 2185 732 2241 Libro
759 2187 1111 2256 Pontiﬁcati
1161 2190 1422 2245 ecclesia;-
1479 2190 1857 2252 Senonensis,

251 2256 361 2327 qui
389 2271 559 2312 nunc
584 2263 776 2312 exstat
802 2273 978 2327 penes
1007 2259 1407 2314 clarissimum
1444 2262 1638 2315 virum
1671 2261 1858 2314 Anto-

251 2328 431 2382 nium
477 2327 714 2383 Vionem
740 2329 980 2384 Herova
989 2330 1182 2384 ilium.

248 2417 603 2485 [Inmensus
623 2414 797 2470 dolor
823 2431 934 2471 nos
964 2421 1135 2484 urget
1159 2417 1237 2471 ad
1268 2417 1558 2485 genitum,
1593 2433 1662 2473 ac
1704 2417 1859 2472 indi-

178 2484 380 2540 cibilis
416 2485 706 2540 maestitia
736 2492 1076 2542 commovet
1104 2487 1182 2542 ad
1211 2484 1438 2554 ﬂetum,
1459 2488 1708 2554 quando
1730 2487 1861 2544 illos

177 2555 594 2627 quospassio
633 2556 842 2612 Christi
870 2572 907 2612 a
931 2557 1080 2627 jugo
1122 2558 1346 2614 diaboli
1399 2555 1674 2626 redemit,
1728 2564 1785 2614 et
1826 2576 1862 2614 a

174 2625 480 2706 sordibus
508 2631 892 2706 peccatorum
924 2625 1092 2684 sacer
1135 2625 1858 2706 baptismuspuriﬁcavit,

174 2702 226 2752 et
285 2695 582 2777 Ecclesiae
634 2698 938 2777 catholicae
985 2695 1237 2777 corpori
1269 2695 1546 2777 sociavit,
1568 2695 1860 2777 nunciteé

175 2784 310 2823 rum
341 2782 415 2822 se
443 2770 615 2838 ipsos
642 2773 853 2842 sponte
904 2770 1152 2842 antiquo
1199 2771 1354 2827 hosti
1393 2770 1650 2827 subdere
1698 2771 1858 2826 vide-

174 2855 335 2918 mus,
350 2842 414 2893 et
447 2853 576 2918 non
608 2840 804 2918 solum
834 2840 1122 2918 membris
1140 2842 1350 2898 Christi
1380 2843 1857 2918 persecutionem

175 2909 422 2977 inferre,
461 2909 572 2964 sed
610 2909 788 2984 etiam
837 2912 1292 2984 contra__ipsum
1348 2909 1523 2969 totius
1571 2918 1856 2969 creaturae

173 2985 500 3036 auctorem
532 2984 588 3036 et
617 2979 935 3037 dominum
984 2979 1209 3038 bellum
1263 2984 1477 3040 moliri.
1532 2985 1642 3050 Qui
1695 2986 1858 3039 enim
1889 2987 1928 3042 C

174 3055 593 3127 sacrosanctae
616 3053 885 3109 Ecclesiae
914 3057 1236 3127 structores
1285 3059 1464 3127 atque
1489 3055 1855 3127 defensores

173 3137 303 3176 esse
365 3121 740 3191 debuerunt,
790 3123 976 3180 modo
1033 3130 1328 3182 venenato
1365 3121 1606 3182 -diaboli
1662 3126 1857 3182 furore

217 3264 398 3343 ⁸(342)
445 3265 1009 3343 Excommunicatio
1034 3266 1146 3343 ista
1165 3283 1358 3343 nuper
1389 3284 1459 3323 ex
1499 3268 1714 3343 eodem
1763 3283 1857 3323 co.

173 3333 303 3410 dice
335 3333 416 3390 ex
449 3336 1193 3410 quonos‘descripsimus
1243 3333 1401 3394 édita
1449 3345 1538 3394 est
1583 3339 1644 3394 in
1692 3344 1856 3394 tomo

169 3404 756 3482 decimoSpicilegii
782 3404 1151 3482 Dachériani,
1209 3425 1351 3482 pag.
1396 3415 1518 3482 535.
1581 3410 1728 3476 Quia
1769 3415 1857 3466 ta-

171 3491 308 3554 men
338 3476 817 3554 satisfhactenus
843 3476 1150 3554 cognitum
1179 3476 1432 3536 n'on'fuit
1448 3497 1571 3553 quo
1591 3485 1856 3554 tempore

168 3562 237 3629 ea
262 3547 394 3604 lata
428 3548 539 3616 sit,
574 3563 834 3629 quamve
863 3547 944 3629 ob
974 3567 1243 3629 causam,
1279 3568 1417 3629 cum
1447 3547 1734 3629 praeterea
1761 3567 1854 3606 res

168 3620 238 3698 sit
266 3635 410 3691 quae
443 3620 1032 3698 magimepertinet
1055 3621 1131 3677 ad
1177 3620 1512 3698 institutum
1555 3627 1854 3698 nostrum,

166 3689 367 3747 visum
409 3694 512 3746 est
545 3689 712 3745 illam
739 3689 832 3746 hic
853 3692 1136 3748 recudere
1168 3709 1307 3748 cum
1330 3689 1856 3749 observationibus

168 3762 414 3817 nostris.

239 3838 413 3889 Anno
446 3836 594 3905 976‘,
623 3847 762 3888 cum
803 3833 1151 3889 Anastasius
1181 3834 1538 3890 Senonensis
1570 3833 1858 3905 archiepi-

164 3916 388 3976 scopus
436 3902 730 3976 obiisset,
763 3905 1170 3976 Bagenardus
1216 3905 1381 3961 urbis
1424 3905 1580 3960 illius
1633 3902 1856 3976 comes,

159 3974 818 4047 qui'pontiﬁcatumin
845 3975 1138 4047 familiam
1161 3992 1337 4032 suam
1390 3976 1624 4047 inferre,
1653 3975 1856 4047 cupie-

157 4043 462 4111 batfnovi
497 4044 795 4119 a_ntistitis
821 4046 1170 4119 electionem
1199 4046 1671 4119 turbavitspatio
1687 4043 1860 4119 quin-

153 4131 270 4188 que
329 4116 694 4174 mensium.
750 4117 1014 4188 Tandem
1063 4118 1378 4188 Seguinus,
1423 4116 1580 4173 filius
1637 4116 1856 4172 sororis

157 4187 441 4256 ejusdem
475 4187 856 4259 Ragenardi,
887 4203 958 4243 eo
988 4187 1174 4245 invito
1213 4189 1432 4245 electus
1462 4193 1519 4244 et
1548 4204 1859 4244 consecra-

161 4261 252 4313 tus
280 4260 462 4316 apud
497 4258 992 4315 AntissiodOrum
1018 4264 1106 4316 est
1138 4277 1197 4314 III
1223 4260 1360 4315 ldus
1389 4259 1563 4315 Junii.
1607 4259 1856 4314 Venien-

160 4334 274 4385 tem
308 4330 554 4387 deinde
586 4345 732 4402 eum
764 4332 1030 4386 Senonas
1063 4331 1451 4402 Ragenardus
1476 4331 1643 4387 aditu
1691 4331 1858 4385 urbis

158 4402 526 4472 prohibuit.
557 4401 778 4472 Videns
808 4403 916 4457 hoc
947 4409 1143 4458 autem
1168 4401 1308 4472 ipse
1351 4403 1853 4471 archiepiscopus.

161 4475 220 4526 ut
249 4474 333 4529 ait
358 4471 621 4529 Clarius
654 4471 715 4526 in
747 4472 1038 4529 Chronico
1068 4471 1258 4529 sancti
1297 4474 1444 4529 Petri
1494 4473 1623 4528 Vivi
1675 4475 1856 4528 Seno-

159 4545 388 4609 nensis,
413 4558 672 4600 omnem
702 4545 1075 4612 provinciam
1124 4545 1438 4600 interdixit
1491 4561 1525 4600 α
1567 4544 1859 4599 Kalendis

161 4615 440 4672 Octobris
474 4630 685 4686 usque
711 4615 775 4669 in
807 4621 987 4683 caput
1009 4617 1252 4684 jejunii.
1280 4619 1360 4686 Eo
1385 4615 1562 4683 igitur
1593 4619 1858 4686 tempore

158 4686 310 4743 facta
344 4693 442 4744 est
474 4685 610 4742 ista
641 4685 1186 4741 excommunicatio
1217 4685 1509 4740 adversus
1557 4685 1857 4754 Ragenar—

158 4756 301 4813 dum
337 4759 658 4814 comitem
684 4759 741 4810 et
765 4756 1192 4827 Rodmundum
1245 4757 1374 4827 ejus
1423 4756 1615 4827 tilium
1653 4757 1858 4827 (quem

160 4829 632 4908 Frotmundum
655 4829 834 4908 vocat
855 4826 1020 4908 idem
1049 4826 1299 4908 Clarius)
1327 4826 1479 4908 ‘quia
1507 4826 1855 4895 Seguinum,

156 4907 500 4974 postquam
535 4897 1122 4974 archiepiscopaiem
1148 4897 1642 4974 benedictionem
1661 4913 1856 4974 susce_-_

155 4968 345 5042 perat,
378 4976 690 5028 sanctum
728 4968 1046 5042 S'ennensis
1087 4969 1350 5042 ecclesiae
1399 4969 1596 5042 locum
1629 4968 1859 5042 ingredi

156 5039 272 5099 non
301 5039 760 5117 permiserani,
795 5046 858 5096 ut
877 5039 1100 5117 legitur
1125 5040 1184 5095 in
1215 5039 1854 5117 excommunicatione.

223 5110 363 5170 Post
390 5117 684 5184 mortem
717 5111 976 5182 Seguini,
1005 5127 1141 5184 qua:
1172 5127 1332 5166 anno
1364 5116 1466 5184 999
1481 5110 1737 5184 contigit
1761 5127 1858 5184 im

153 5185 280 5242 Kal.
316 5182 736 5251 Novembris,
765 5181 1007 5238 rursum
1026 5181 1360 5251 tempestas
1389 5181 1448 5236 in
1477 5181 1736 5236 Ecclesia
1765 5183 1858 5234 Se-

151 5259 436 5314 nonensi.
477 5261 652 5312 Nam
684 5270 823 5309 cum
864 5252 1262 5308 Frotmundus
1289 5269 1491 5308 comes
1534 5252 1636 5324 qui
1679 5255 1859 5324 Bage-

153 5330 345 5385 nardo
373 5327 550 5401 patri
583 5339 718 5401 non
765 5325 845 5379 ita
883 5324 1254 5401 _I_nult0_an_te
1295 5323 1680 5401 successerat,
1724 5323 1861 5376 Bru--

151 5394 641 5457 nonemTilium
680 5394 1016 5451 Senonibus
1067 5395 1197 5450 dari
1253 5394 1430 5466 vellet
1480 5394 1856 5466 episcopum,

150 5473 508 5544 eodemque
541 5475 826 5544 tempore
865 5466 1106 5544 piurimi
1158 5465 1733 5544 etiam-clericorum
1775 5466 1858 5544 {ut

151 5543 335 5614 639
395 5535 965 5614 Clarius—ait),—id
1003 5542 1113 5614 est,
1153 5535 1603 5614 canonicorum,
1661 5535 1856 5614 ambi-

153 5605 428 5670 ιῖοἶιῧηιε
461 5605 907 5684 episcopatum
939 5612 1306 5684 appeterent,
1334 5609 1546 5684 ingens
1593 5605 1859 5660 schisma

149 5685 381 5742 factum
417 5679 526 5740 est
556 5681 628 5736 in
668 5679 947 5748 Ecclesia,
974 5679 1120 5751 quia
1167 5694 1362 5750 neque
1409 5680 1610 5732 Bruno
1665 5692 1862 5748 neque

1963 1725 2117 1781 quos
2147 1707 2224 1762 ab
2253 1707 2385 1781 ipso
2413 1721 2654 1781 summo
2684 1711 2921 1781 pastore
2939 1706 3261 1781 Christo,et
3277 1707 3630 1781 beatissima

1965 1777 2095 1850 ejus
2126 1777 2312 1834 matre
2339 1779 2538 1850 Maria,
2565 1777 2748 1850 atque
2785 1777 2961 1850 beaio
3010 1780 3176 1833 Petro
3217 1778 3628 1850 apostolorum

1964 1847 2266 1923 principe,
2285 1849 2477 1923 cujus,
2509 1847 2790 1923 quamvis
2817 1847 3125 1923 indignus,
3172 1847 3520 1923 auctoritate
3545 1854 3628 1923 _et

1966 1917 2310 1990 magisterio
2338 1917 2576 1990 iungor,
2601 1919 2712 1974 nisi
2743 1918 3025 1990 citissime
3067 1935 3130 1974 se
3176 1919 3629 1976 emendaverint

1965 1997 2022 2048 et
2046 1989 2473 2048 satisfaciendo
2496 1990 2822 2046 commissa
2854 1989 3108 2045 ﬁdeliter
3121 1990 3499 2058 restituerint,
3526 2006 3628 2046 eos

1967 2080 2106 2119 cum
2137 2062 2421 2118 omnibus
2452 2061 2670 2117 sanctis
2695 2061 2758 2116 in
2788 2061 2938 2116 caalo
2969 2061 3194 2115 meritis
3212 2061 3548 2116 viventibus
3571 2065 3630 2116 et

1965 2135 2028 2190 in
2054 2139 2210 2189 terra
2237 2133 2538 2188 miraculis
2569 2131 2934 2201 fulgentibus
2965 2131 3326 2199 obligamus,
3372 2135 3430 2186 et
3457 2147 3493 2186 a
3517 2147 3628 2186 no-

1967 2205 2060 2260 bis
2091 2203 2424 2260 secundum
2455 2207 2809 2274 potestatem
2832 2207 3055 2274 nostra:
3081 2201 3355 2274 pravitati
3385 2217 3627 2256 conces-

1969 2292 2102 2331 sam
2131 2274 2356 2354 ligandi
2386 2272 2564 2354 atijue
2583 2272 2873 2354 isoivendi
2899 2272 3498 2354 expommunigamus
3547 2277 3631 2328 at-

1967 2362 2086 2418 que
2116 2341 2517 2418 anathematis
2535 2343 2746 2418 gladio
2791 2341 3220 2418 transﬁgimus.
3273 2343 3492 2418 Deinde
3532 2359 3628 2418 e1;-

1968 2413 2490 2473 c'ommunicamus
2521 2416 2583 2485 G.
2619 2430 2672 2469 a.
2702 2430 2760 2469 u.
2794 2413 2916 2485 z._f.
2945 2429 2992 2468 r.
3027 2416 3065 2468 i.
3098 2413 3160 2468 d.
3189 2431 3248 2469 u.
3271 2430 3393 2485 m.,
3414 2414 3478 2470 G.
3507 2430 3558 2470 e.
3587 2414 3625 2469 i.

1970 2488 2008 2542 1.
2037 2503 2093 2542 ο.
2118 2502 2177 2541 n.
2213 2502 2263 2541 e.
2295 2502 2398 2552 m.,
2433 2484 2786 2556 Grobertum
2815 2483 3152 2550 diaconem,
3177 2484 3282 2556 qui
3307 2483 3510 2556 meum
3537 2486 3628 2540 in-

1969 2559 2122 2629 juste
2148 2561 2399 2628 usurpat
2426 2555 3000 2629 archidiaconatum,
3029 2555 3629 2629 Vuange_rium,_Arri-

1969 2625 2128 2695 cum,
2154 2625 2533 2700 posteavero
2557 2625 2882 2700 ansellum,
2914 2627 3054 2682 item
3084 2626 3413 2695 Ansellum,
3434 2627 3631 2696 Hugo—

1968 2715 2130 2767 nem,
2155 2697 2544 2769 _Ansegisum,
2576 2697 2958 2769 Balduinﬁum,
2995 2739 3006 2752 .
3035 2739 3058 2769 ί.
3091 2741 3103 2753 .
3141 2740 3154 2751 .
3191 2742 3202 2753 .
3241 2740 3253 2752 .
3289 2701 3403 2753 Hos
3428 2702 3484 2754 et
3503 2714 3630 2753 om-

1968 2787 2074 2826 nes
2097 2770 2202 2842 qui
2227 2768 2552 2841 postquam
2579 2768 3152 2842 arehiepiscopalem
3179 2769 3413 2842 suscepi
3450 2769 3631 2842 bene-

1967 2839 2311 2906 dictionem,
2346 2839 2623 2895 sanctum
2652 2839 2972 2895 Sennensis
3003 2839 3264 2895 ecclesiae
3296 2839 3497 2895 locum
3544 2839 3630 2895 in-

2009 2912 2132 2967 redi
2145 2927 2266 2967 non
2279 2911 2683 2983 permiserunt
2695 2926 2859 2983 more
2872 2914 3317 2983 antecessorum
3333 2926 3626 2983 meorum,

2009 2928 2132 2967 redi
2145 2928 2266 2967 non
2279 2928 2683 2983 permiserunt
2695 2928 2859 2965 more
2872 2928 3317 2966 antecessorum
3333 2928 3626 2977 meorum,

1965 2928 2319 3038 gesistentes
2339 2998 2373 3037 a
2385 2981 3027 3045 veritate,adhaerentes
3039 2981 3633 3047 mendacio,insuper

1965 3052 2543 3134 anathematizamus
2560 3068 2672 3134 par
2693 3055 2922 3134 Patrem
2953 3058 3008 3133 et
3042 3052 3249 3134 Eilium
3281 3056 3335 3134 ei
3359 3068 3474 3134 per
3505 3052 3632 3134 Spi-

1963 3126 2142 3181 ritum
2194 3128 2471 3180 sanctum
2521 3122 2581 3178 et
2618 3139 2725 3196 per
2769 3123 3181 3179 auctoritatem
3230 3122 3404 3178 nobis
3444 3139 3480 3178 a
3512 3122 3630 3179 Deo

1966 3267 2122 3322 ullus
2145 3265 2581 3338 canonicorum
2601 3265 2705 3337 qui
2735 3265 3071 3338 episcopari
3088 3264 3371 3338 volebant
3399 3263 3482 3338 ad
3494 3278 3632 3338 eam

1965 3338 2318 3406 dignitatem
2344 3335 2655 3409 pervenire
2701 3335 2912 3408 potuit,
2947 3335 3310 3409 ‘eligentium
3347 3335 3518 3409 votis
3559 3335 3630 3409 in

1969 3406 2376 3465 Leothericum
2432 3406 2925 3462 archidiaconum
2987 3406 3500 3461 convenientibus.
3551 3408 3632 3459 Ea

1965 3480 2038 3535 de
2069 3495 2254 3535 causa
2287 3477 2685 3548 Frotmundus
2714 3477 3006 3548 adversus
3038 3477 3238 3548 ipsum
3267 3479 3629 3548 commotus,

1965 3551 2017 3605 ei
2047 3555 2183 3622 post
2212 3547 2731 3622 consecrationem
2757 3547 2834 3600 ad
2863 3545 3273 3622 sedemisuam
3312 3545 3634 3622 accedenti

1960 3614 2171 3690 portas
2197 3620 2412 3690 clausit
2443 3617 2684 3690 etuurbis
2710 3618 3024 3690 introitum
3054 3615 3394 3690 denegavit,
3441 3618 3505 3668 ut
3548 3614 3632 3668 le-

1967 3687 2124 3761 gitur
2144 3689 2308 3762 apud
2337 3687 2661 3762 Tavellum.
2715 3689 2863 3742 Cum
2892 3700 3058 3762 ergo
3106 3687 3333 3762 eaedem
3378 3688 3506 3738 tum
3538 3699 3635 3762 ex-

1966 3754 2456 3816 communicandi
2485 3774 2681 3813 caus»:
2707 3761 2904 3812 essent
2951 3772 3085 3828 quae
3121 3754 3446 3828 Seguinum
3493 3754 3633 3810 ade-

1969 3835 2180 3900 gerant
2222 3832 2336 3886 ista
2393 3831 2713 3900 decernere
2759 3825 3051 3900 adversus
3104 3825 3540 3900 Ragenardum‘
3575 3830 3635 3882 et

1969 3896 2395 3958 Rodmundum
2425 3901 2554 3971 ejus
2598 3899 2809 3972 tilium,
2855 3898 3088 3972 placuit
3123 3897 3206 3972 uti
3253 3896 3465 3952 eadem
3495 3896 3633 3972 _for-

1967 3973 2151 4039 mula,
2184 3972 2428 4028 mutatis
2458 3968 2806 4027 nominibus
2832 3968 2952 4037 {ita
2995 3968 3277 4040 videlicet,
3309 3972 3372 4023 ut
3395 3968 3632 4040 prioris

1967 4043 2602 4101 excommunicationis
2661 4043 2910 4098 nomina
2967 4040 3162 4096 deleta
3227 4039 3449 4095 ali3ubi
3517 4039 3632 4094 sint

1967 4115 2184 4172 cultelli
2213 4131 2348 4187 ope,
2377 4120 2433 4170 et
2479 4113 2542 4168 in
2593 4128 2804 4168 eorum
2855 4112 3000 4168 locis
3051 4111 3364 4187 supposita
3420 4127 3631 4166 eorum

1968 4187 2216 4242 nomina
2244 4183 2348 4258 qui
2378 4187 2661 4258 recen_ter_
2693 4183 3405 4258 excommunicabantur,
3437 4198 3633 4258 supra

1968 4258 2189 4313 lineam
2213 4253 2410 4312 ta'men
2445 4254 2859 4326 utplurimum.
2891 4257 3017 4310 Uno
3047 4255 3107 4310 in
3137 4254 3291 4326 loco,
3345 4253 3451 4308 ubi
3481 4253 3632 4325 pun-

1897 4338 1940 4392 D
1970 4333 2065 4385 cta
2094 4328 2296 4384 litteris
2321 4325 2618 4398 permixta
2647 4326 2740 4381 edi
2775 4326 3138 4390 curavimus,
3166 4325 3432 4398 duorum
3456 4339 3635 4398 cano-

1970 4401 2243 4455 nicorum
2300 4393 2546 4453 nomina
2598 4398 2658 4452 in
2704 4401 2984 4451 contextu
3031 4394 3317 4450 orationis
3368 4393 3632 4464 reposita

1971 4475 2127 4539 sunt,
2160 4485 2282 4525 non
2313 4484 2453 4524 vero
2482 4484 2666 4540 supra
2695 4468 2937 4540 lineam.

2040 4533 2155 4596 Ista
2184 4557 2295 4596 nos
2326 4533 2575 4594 summa
2587 4554 2730 4594 cura
2761 4537 2856 4591 hic
2879 4535 3153 4591 adnotari
3191 4533 3518 4598 voluimus,
3567 4534 3635 4586 ut

1970 4614 2280 4684 utriusque
2310 4606 2948 4684 excommunicationis
2981 4610 3253 4684 tempora
3281 4609 3337 4658 et
3383 4602 3635 4684 nomina

1967 4673 2252 4753 distingui
2279 4687 2545 4753 possent.
2585 4679 2772 4737 Simul
2802 4682 3003 4733 autem
3035 4673 3372 4753 et_d_iv_e_rso
3421 4673 3631 4753 chara-

1968 4761 2121 4810 ctere
2153 4744 2618 4828 vcudifecimus
2675 4763 3062 4828 quaecunque
3103 4744 3308 4828 addita
3349 4744 3632 4828 secundae

1967 4822 2604 4880 excommunicationis
2659 4814 2836 4886 sunt,
2921 4814 2976 4873 si
3027 4818 3149 4873 duo
3175 4815 3277 4871 illa
3332 4814 3632 4870 vocabula

1968 4895 2229 4974 excipias
2283 4911 2418 4974 quae
2479 4892 2717 4974 punctis
2771 4889 3060 4974 permista
3107 4892 3264 4942 sunt.
3344 4886 3631 4974 Quamvis

1969 4960 2128 5021 enim
2183 4960 2514 5036 pertineant
2562 4963 2639 5036 ad
2691 4960 3020 5036 secundam
3061 4960 3632 5036 excommunicaiio-

1966 5054 2130 5102 nem,
2165 5029 2363 5092 tamen
2398 5034 2612 5089 mutari
2641 5047 2762 5087 non
2809 5031 3017 5086 debuit
3060 5044 3256 5101 neque
3296 5029 3488 5098 potuit
3517 5029 3634 5084 for-

1968 5125 2069 5164 ma
2121 5108 2448 5163 litterarum
2514 5104 2670 5158 illius
2721 5102 2910 5156 lineas.
2972 5102 3175 5172 Itaque
3240 5115 3438 5155 sermo
3507 5116 3631 5172 uno

1966 5184 2168 5234 tenore
2199 5179 2521 5233 decurrens
2547 5174 2626 5229 ad
2650 5171 3334 5245 excommunicationem
3387 5171 3632 5242 Seguini

1969 5251 2237 5321 pertinet.
2267 5250 2437 5321 ‘Quae
2493 5261 2634 5300 vero
2681 5260 2865 5316 supra
2914 5241 3100 5321 lineas
3131 5243 3336 5321 addita
3377 5247 3534 5321 sunt,
3573 5245 3633 5321 et

1967 5311 2202 5374 diverso
2233 5311 2571 5373 charactere
2597 5311 2772 5380 cusa,‘
2792 5332 2930 5370 cum
2959 5315 3139 5371 etiam
3171 5314 3294 5369 duo
3333 5311 3632 5368 vocabula

1967 5390 2205 5470 punctis
2231 5389 2535 5470 permista,
2568 5403 2638 5442 ea
2669 5387 2873 5467 addita
2894 5391 3034 5442 sunt
3077 5392 3342 5470 tempore
3393 5382 3630 5470 Leotlie:

1968 5453 2090 5516 rici.
2142 5453 2248 5516 Ubi
2287 5463 2487 5514 autem
2523 5453 2784 5532 nomina
2829 5453 3488 5532 excommunicatorum
3516 5453 3630 5532 "ita

1967 5531 2194 5587 delecta
2253 5536 2389 5601 sunt
2444 5535 2508 5584 ut
2563 5529 2677 5594 legi
2735 5531 2981 5586 omnino
3025 5546 3144 5583 non
3207 5525 3454 5598 possint.
3513 5522 3626 5601 illic

1969 5606 2194 5674 puncta
2223 5600 2642 5657 substituimus
2685 5617 2796 5673 pro
2843 5601 3190 5657 nominibus
3219 5607 3643 5659 excommuni-_

1972 5678 2240 5729 calorum
2253 5715 2266 5726 .
