3980 6182
211 188 308 242 485

1328 238 1333 243 .
1374 190 1467 245 DE
1504 188 1918 247 HARHONICA
1956 195 2454 254 INSTITUTIONE.

3516 166 3621 266 at

213 302 474 381 propriis,
508 305 583 400 ut
601 316 753 369 reor,
771 304 1060 400 distribui
1090 310 1275 375 tonis;
1325 311 1647 369 divisiones
1671 313 1853 369 etiam
1883 318 1929 370 Δ
1965 317 2167 375 ﬁnitur
2195 319 2405 392 primo.
2438 322 2595 376 Dicit
2625 323 2910 379 Dominus
2934 339 3249 391 sermones,
3274 327 3482 400 incipit
3510 335 3621 387 ter-

214 402 497 457 tonorum,
528 390 588 447 id
618 396 706 446 est
745 392 1133 468 differentias,
1164 404 1310 470 (343)
1338 417 1474 473 quis
1502 402 1560 457 in
1592 406 1857 458 extrema

216 482 434 558 syllaba
479 480 539 535 in
576 496 751 537 versu
784 482 974 540 solent
1003 486 1150 556 fieri,
1186 494 1247 545 ut
1276 490 1498 545 decens
1546 495 1599 546 et
1638 506 1855 547 conve-

210 575 362 633 niens
394 570 497 626 fiat
523 570 923 641 concinentia,
944 574 1093 633 sicut
1117 593 1153 634 a
1186 578 1520 641 maioribus
1546 579 1720 636 nobis
1742 584 1854 637 tra-

210 665 329 720 ditae
375 664 533 728 sunt,
565 663 624 715 et
661 660 813 717 sicut
836 662 972 733 ipsa
1000 665 1367 724 harmonicm
1397 668 1727 740 disciplinae
1759 685 1853 725 ex-

210 749 481 826 perientia
511 752 889 818 monstravit,
924 753 1214 813 distinctis
1255 757 1569 814 ordinibus
1595 759 1853 814 inserere

211 839 418 897 curavi.
452 837 754 907 Adjicinnt
782 845 982 899 autem
1030 844 1280 915 quidam
1326 852 1383 902 et
1430 848 1578 904 alias
1619 848 1854 904 divisio-

208 942 322 994 nes,
353 942 508 998 quas
535 926 1005 1002 superﬂuaslal.
1038 934 1190 1003 esse]
1217 934 1597 993 arbitramur.
1634 936 1749 994 Sed
1779 953 1854 993 ne

210 1033 238 1072 ει
257 1014 673 1087 superstitiosis
689 1017 932 1075 musicis
957 1023 1490 1092 reprehendamur,
1515 1041 1617 1081 eas
1641 1026 1853 1082 subtus

206 1110 298 1161 aut
344 1120 533 1175 supra
560 1104 624 1159 in
664 1106 931 1176 margine
962 1110 1250 1169 adnotare
1293 1113 1654 1183 studuimus,
1684 1114 1857 1185 periti

206 1196 448 1251 cantoris
475 1194 702 1263 judicio
754 1196 1178 1269 relinquentes,
1214 1207 1414 1258 utrum
1446 1220 1548 1260 eas
1574 1220 1851 1261 accessa-

201 1283 326 1347 rias,
355 1299 434 1338 an
466 1283 572 1353 [aL
608 1285 968 1357 superﬂuas]
1000 1306 1407 1360 supervacuas
1440 1293 1673 1365 opinari
1698 1293 1848 1350 velit.

202 1375 317 1431 Non
340 1370 537 1427 solum
569 1378 773 1429 autem
810 1374 1176 1447 antiphonas
1209 1395 1315 1451 per
1344 1396 1647 1450 congruos
1682 1387 1853 1437 tonos

200 1460 451 1525 distinxi,
486 1477 693 1529 verum
739 1463 919 1521 etiam
960 1464 1233 1523 introitus
1263 1468 1341 1524 ad
1371 1470 1584 1525 missas
1613 1476 1670 1526 et
1694 1485 1852 1525 com-

200 1550 538 1605 mnniones:
574 1566 813 1607 necnon
860 1556 917 1607 et
940 1557 1345 1626 responsoria,
1379 1574 1512 1629 quas
1542 1558 1848 1614 nocturnis

198 1638 346 1693 horis
375 1638 440 1694 in
469 1640 577 1708 [αι.
610 1640 728 1710 Dei]
758 1640 1028 1699 divinam
1084 1643 1326 1701 laudem
1356 1652 1676 1717 canuntur,
1707 1664 1847 1703 con-
1880 1669 1922 1723 Β

196 1728 541 1784 sonantibus
590 1729 703 1785 sibi
758 1734 1037 1788 tonorum
1077 1734 1505 1792 convenientiis
1552 1736 1849 1793 associare

195 1833 428 1873 summo
454 1818 652 1873 studio
684 1818 1010 1878 elaboravi.

258 1914 306 1961 2.
349 1906 510 1964 Scire
543 1906 745 1965 autem
774 1916 1007 1981 oportet
1036 1912 1294 1983 peritum
1325 1920 1650 1981 cautorem,
1683 1916 1847 1987 quod

192 2011 305 2049 non
352 1996 554 2050 omnis
605 2002 883 2054 tonorum
932 2003 1327 2059 consonantia
1374 2004 1435 2059 in
1478 2004 1846 2075 quibusdam

189 2084 529 2155 antiphonis
557 2084 727 2144 facile
757 2094 1173 2157 cognoscatur.
1211 2094 1360 2148 Sunt
1395 2108 1660 2165 namque
1689 2109 1849 2165 qure-

187 2173 323 2229 dam
352 2174 722 2247 antiphonas,
754 2193 907 2249 quas
932 2180 1172 2251 nothas,
1204 2181 1267 2236 id
1296 2186 1403 2248 cst,
1437 2182 1765 2250 degeneres
1791 2187 1849 2238 et

171 2277 301 2343 non
330 2262 632 2332 legitimas
657 2266 1056 2337 appellamus,
1086 2285 1223 2340 quae
1257 2269 1336 2325 ab
1366 2285 1489 2327 uno
1518 2275 1661 2326 tono
1700 2271 1845 2327 inci-

185 2351 372 2422 piunt,
394 2352 640 2409 alterius
666 2360 807 2410 sunt
832 2356 891 2410 in
922 2357 1217 2425 medio,et
1244 2359 1304 2413 in
1336 2360 1503 2415 tertio
1528 2359 1842 2415 finiuntur:

180 2455 447 2511 quorum
475 2441 919 2499 dissonantiam
945 2449 1003 2499 et
1027 2445 1484 2513 ambiguitatem
1520 2447 1581 2502 in
1614 2447 1846 2503 brevia-

180 2528 261 2584 rio
289 2529 502 2601 operis
535 2530 957 2602 subsequentis
1004 2534 1127 2589 suis
1173 2534 1237 2589 in
1264 2534 1410 2591 locis
1436 2536 1846 2608 patefecimus.

179 2618 291 2673 Sed
321 2622 531 2673 tamen
563 2625 629 2674 ut
650 2619 980 2678 evidentior
1009 2622 1161 2678 ratio
1188 2622 1495 2690 clarescat,
1523 2625 1847 2681 nonnullas

179 2706 445 2777 exempli
492 2722 678 2762 causa
728 2707 845 2764 hoc
887 2709 950 2765 in
1002 2710 1136 2767 loco
1179 2711 1522 2769 inserimus.
1565 2715 1723 2770 Ante
1760 2730 1851 2771 me

178 2811 294 2852 non
330 2801 421 2853 est
462 2796 767 2864 formatus
794 2800 974 2855 Deus.
1002 2801 1104 2856 Ex
1127 2816 1243 2871 quo
1272 2804 1442 2872 facta
1470 2809 1556 2859 est
1585 2819 1723 2860 vox.
1750 2804 1850 2860 Ea:

179 2885 460 2954 AEgypto
506 2887 730 2944 vocavi.
770 2887 872 2943 Ad
915 2895 990 2956 te,
1040 2890 1309 2959 Domine,
1350 2893 1548 2947 levavi
1583 2894 1847 2949 annnam

180 2987 390 3029 meam.
439 2973 609 3040 Sion,
654 2977 1055 3037 renovaberis.
1085 2978 1133 3033 0
1168 2994 1348 3046 mors,
1376 2995 1477 3037 ero
1521 2996 1680 3036 mors
1719 2986 1843 3037 tua.

192 3061 346 3118 Vade
371 3064 513 3130 jam
559 3068 611 3119 et
654 3065 782 3120 noti
816 3081 1083 3134 peccare.
1120 3067 1219 3123 Ha:
1250 3068 1547 3139 prmdictw
1576 3069 1848 3142 antipho—

178 3165 265 3204 nas
296 3168 333 3206 a
380 3151 642 3222 septimo
693 3157 835 3210 tono
882 3155 1196 3226 incipiunt,
1228 3161 1285 3212 et
1322 3158 1693 3229 quaedamin
1724 3158 1844 3230 pri-

176 3254 292 3306 mo,
322 3239 462 3297 alias
493 3240 558 3295 in
605 3247 820 3312 quarto
862 3244 1152 3301 finiuntur
1204 3249 1364 3301 tono.
1400 3247 1675 3302 Similiter
1698 3247 1844 3302 anti-

1964 405 2066 465 tio.
2096 407 2298 463 finitur
2327 410 2553 481 primo;
2585 415 2642 465 et
2671 410 2765 466 his
2795 412 3031 468 similia.
3065 413 3211 469 Illud
3240 420 3442 471 autem
3463 433 3622 474 sum-

1965 510 2207 566 mopere
2238 497 2502 569 prudens
2551 503 2760 555 cautor
2797 500 3117 558 observare
3147 502 3343 572 debet,
3375 509 3441 560 ut
3467 521 3620 562 sem-

1964 600 2069 655 per
2116 587 2308 655 magis
2360 587 2722 661 principium
2778 592 3147 663 antiphonae,
3195 593 3486 661 introitus,
3526 595 3620 651 vel

1963 675 2406 732 communionis
2438 678 2704 734 attendat
2734 679 2795 734 in
2842 681 2963 736 toni
2992 682 3313 738 sonoritate
3341 699 3528 756 quam
3557 685 3621 740 fi-

1962 778 2121 818 nem.
2157 767 2224 821 Et
2265 783 2296 821 e
2341 767 2640 822 contrario
2673 768 2731 822 in
2761 769 3178 840 responsoriis‘
3196 772 3388 839 magis
3429 774 3622 829 consi-

1961 850 2125 908 deret
2166 854 2349 911 ﬁnem
2398 860 2453 911 et
2483 855 2708 912 exitum
2739 856 2799 911 in
2848 858 2970 912 toni
3011 861 3405 916 consonantia
3432 877 3619 933 quam

1962 940 2215 997 initium.

2033 1070 2083 1121 3.
2126 1066 2512 1123 Inveniuntur
2556 1086 2694 1125 vero
2739 1071 2797 1125 in
2845 1070 3102 1127 naturali
3137 1072 3386 1137 musica,
3420 1072 3481 1128 id
3509 1077 3615 1142 est,

1961 1152 2017 1209 in
2050 1155 2346 1211 cantilena
2375 1173 2509 1229 quae
2556 1158 2611 1213 in
2663 1157 2879 1213 divinis
2929 1158 3211 1214 laudibus
3253 1160 3615 1231 moduletur,

1959 1248 2218 1315 quatuor
2244 1245 2601 1319 principales
2646 1246 2789 1314 toni,
2822 1248 2926 1319 qui
2971 1249 3049 1304 ita
3099 1263 3293 1317 graeco
3324 1249 3616 1306 vocabulo

1961 1339 2422 1406 nuncupantur;
2497 1336 2874 1393 authenticns
2952 1341 3181 1410 protus,
3242 1338 3618 1393 authenticns

1959 1421 2262 1489 deuterus,
2278 1424 2652 1479 authenticns
2677 1424 2867 1495 tritus,
2900 1425 3277 1481 authenticns
3300 1425 3613 1483 tetrardus.

1962 1511 2041 1564 Ex
2067 1526 2327 1581 quorum
2360 1511 2627 1567 fontibus
2659 1513 2758 1568 alii
2804 1518 3062 1587 quatuor
3092 1519 3359 1583 manant,
3392 1515 3494 1588 qui
3537 1514 3618 1570 ita

1957 1603 2282 1653 vocantur:
2318 1597 2498 1671 plaga
2542 1603 2693 1669 (344)
2721 1602 2895 1672 proti,
2932 1601 3113 1673 plaga
3159 1602 3407 1673 deuteri,
3437 1602 3618 1675 plaga

1957 1686 2090 1753 triti,
2127 1685 2308 1759 plaga
2339 1688 2599 1744 tetrardi.
2635 1693 2782 1744 Nam
2813 1689 2891 1744 ab
2922 1690 3263 1746 authentico
3306 1695 3477 1764 proto
3510 1708 3614 1746 na-

1958 1775 2140 1830 scitur
2169 1774 2261 1830 vel
2309 1775 2613 1832 derivatur
2638 1776 2819 1849 plaga
2866 1777 3040 1850 proti.
3081 1778 3172 1833 Sic
3217 1783 3273 1834 et
3315 1795 3351 1834 a
3393 1778 3618 1834 caeteris

1956 1861 2145 1918 tribus
2194 1863 2508 1919 exordium
2561 1864 2806 1937 capiunt
2857 1864 3067 1938 reliqui
3126 1870 3262 1933 tres,
3318 1870 3456 1921 sunt
3509 1866 3612 1938 [αι.

1957 1950 2236 2023 suntque]
2263 1951 2532 2025 quidem,
2562 1956 2626 2008 ut
2667 1952 2749 2009 ita
2796 1953 3016 2019 dicam,
3059 1969 3267 2009 eorum
3316 1954 3611 2011 membra.

1955 2041 2209 2096 Possunt
2256 2045 2457 2097 autem
2506 2041 2585 2097 ita
2624 2041 3032 2116 interpretari:
3082 2043 3457 2098 authenticns
3486 2059 3619 2114 pro-

1959 2133 2071 2195 tus,
2099 2129 2161 2185 id
2191 2135 2297 2194 est,
2331 2131 2650 2187 auctoritas
2682 2131 2898 2203 prima,
2930 2130 3311 2200 subauditur,
3342 2131 3402 2186 in
3442 2136 3617 2187 natu-

1955 2220 2065 2275 rali
2092 2220 2344 2275 musica.
2376 2221 2759 2275 Authenticus
2786 2221 3087 2287 deuterus,
3121 2220 3182 2275 id
3223 2224 3333 2287 est,
3366 2220 3618 2275 auctori-

1957 2314 2047 2364 tas
2079 2309 2365 2363 sccunda.
2395 2308 2780 2364 Authenticus
2811 2309 3000 2380 tritus,
3034 2308 3095 2362 id
3143 2313 3251 2373 est,
3295 2308 3619 2365 auctoritas

1958 2397 2146 2453 tertia.
2201 2396 2585 2452 Authenticus
2632 2397 2946 2466 tetrardus,
3006 2396 3067 2451 id
3132 2402 3240 2463 est,
3298 2397 3618 2455 auctoritas

1958 2489 2190 2557 quarta.
2221 2485 2399 2555 Plaga
2431 2483 2605 2557 proti,
2637 2484 2697 2539 id
2743 2489 2850 2555 est,
2881 2498 3025 2557 pars
3056 2484 3234 2557 primi
3264 2486 3405 2541 toni.
3440 2485 3620 2555 Plaga

1958 2574 2204 2640 deuteri,
2236 2573 2296 2628 id
2347 2578 2452 2633 est.
2486 2573 2807 2629 auctoritas
2850 2574 3120 2645 [metiusz
3167 2575 3330 2647 pars]
3370 2574 3619 2631 secundi

1960 2663 2100 2718 toni.
2134 2662 2313 2731 Plaga
2357 2662 2493 2730 triti,
2527 2661 2589 2717 id
2640 2666 2747 2730 est,
2778 2679 2919 2735 pars
2958 2662 3108 2719 tertii
3152 2664 3297 2719 toni.
3333 2664 3511 2734 Plaga
3543 2668 3619 2720 te-

1957 2751 2159 2817 trardi,
2188 2751 2252 2806 id
2280 2754 2388 2821 est,
2416 2767 2557 2824 pars
2590 2750 2785 2824 quarti
2833 2751 2977 2807 toni.
3011 2752 3076 2807 In
3105 2751 3328 2825 quibus
3372 2758 3505 2809 octo
3536 2758 3617 2809 to-

1957 2841 2048 2897 nis
2078 2856 2202 2896 non
2251 2840 2448 2896 solum
2499 2840 2698 2896 omnis
2739 2840 3059 2898 harmonia
3083 2841 3406 2913 spiritualis
3439 2842 3617 2898 melo-

1955 2929 2089 2998 dite,
2119 2944 2329 2985 verum
2357 2928 2535 2984 etiam
2566 2929 2763 2987 omnis
2793 2930 3082 2987 naturalis
3111 2929 3407 2987 cantilena
3437 2929 3618 2987 conti-

1877 3012 1920 3067 C
1954 3024 2129 3074 netur
2158 3023 2338 3092 atque
2367 3017 2913 3091 comprehenditur.

2024 3164 2077 3216 4.
2123 3161 2239 3216 Sed
2265 3160 2436 3216 multi
2482 3160 2736 3217 audiunt
2782 3165 3017 3227 tonum,
3047 3167 3104 3217 et
3144 3161 3417 3217 fortassis
3447 3161 3614 3231 igno—

1954 3255 2090 3306 rant
2115 3250 2261 3322 quid
2292 3250 2366 3305 sit
2415 3255 2611 3318 tonus,
2643 3255 2747 3305 aut
2786 3266 2973 3322 quare
3015 3250 3248 3307 dicatur
3279 3255 3480 3318 tonus,
3513 3255 3617 3309 aut

178 3328 389 3399 phonse
416 3347 430 3384 :
462 3331 561 3387 Ne
590 3334 993 3389 reminiscaris
1011 3350 1032 3399 ,'
1073 3337 1213 3391 tulit
1245 3350 1385 3406 ergo
1441 3338 1843 3407 paratyticus,
1951 3354 2141 3410 quam
2169 3337 2346 3408 longe
2384 3339 2536 3394 inter
2566 3354 2628 3392 se
2658 3337 2938 3394 differant
2962 3345 3141 3395 tonus
3170 3338 3461 3396 naturalis
3487 3355 3618 3395 mu-

173 3433 210 3471 a
257 3419 430 3476 tertio
514 3423 656 3475 tono
726 3421 1030 3489 inchoant,
1092 3424 1197 3480 sed
1262 3430 1477 3497 quarto
1532 3425 1840 3481 ﬁniuntur.

174 3504 292 3562 ita:
346 3508 561 3574 Quare
616 3510 999 3576 detraxistis;
1059 3514 1253 3569 multa
1317 3515 1554 3585 quidem
1613 3522 1667 3571 et
1719 3516 1846 3571 alia

172 3597 363 3665 signa,
397 3614 436 3654 a
476 3596 664 3659 tertio
717 3603 858 3655 tono
900 3600 1213 3672 incipiunt,
1261 3602 1365 3657 sed
1414 3609 1580 3658 sexto
1628 3604 1845 3660 ﬁniun—

174 3689 281 3739 tur.
310 3687 431 3753 Qui
459 3687 595 3743 odit
624 3689 889 3745 animum
915 3705 1124 3759 suam;
1154 3695 1206 3745 ct
1238 3693 1638 3761 respicientes,
1671 3708 1708 3748 a
1737 3698 1838 3751 ter-

173 3772 246 3830 tio
275 3774 610 3848 incipiunt,
643 3776 749 3831 sed
801 3782 1016 3834 octavo
1063 3778 1371 3835 ﬁniuntur.
1409 3780 1579 3847 Quod
1622 3783 1730 3836 uni
1773 3797 1849 3837 ea:

174 3864 429 3922 miramur
488 3867 661 3935 meis,
697 3882 734 3923 a
771 3867 1023 3939 septimo
1066 3868 1289 3939 incipit,
1324 3869 1430 3924 sed
1478 3869 1675 3941 primo
1721 3870 1851 3926 ﬁni-

172 3964 313 4018 nur;
344 3959 403 4009 et
434 3953 641 4009 multa
671 3954 763 4009 his
812 3955 1047 4010 similia.
1082 3958 1298 4011 Verum
1328 3972 1451 4013 non
1484 3957 1681 4014 solum
1705 3958 1852 4014 anti-

166 4039 383 4110 phonaa
434 4043 545 4100 his
587 4043 1082 4114 ambiguitatibus
1130 4050 1188 4101 et
1225 4044 1630 4103 dubietatibns
1686 4052 1850 4104 tono-

162 4143 297 4187 rum
327 4131 653 4204 permistae
704 4139 865 4204 sunt,
896 4133 1003 4189 sed
1049 4134 1232 4190 etiam
1276 4136 1548 4193 nonnulli
1573 4137 1847 4193 introitus

163 4218 239 4275 ab
268 4236 393 4279 uno
430 4221 739 4294 incipiunt
785 4227 948 4289 tono,
976 4222 1083 4278 sed
1126 4223 1243 4279 alio
1292 4226 1622 4281 finiuntur:
1669 4226 1848 4298 siqui—

162 4306 318 4382 dem,
350 4314 553 4380 Deus,
577 4312 641 4367 in
671 4311 1043 4381 adiutorium
1074 4328 1264 4369 meum
1286 4315 1547 4378 intende,
1579 4314 1658 4371 ab
1688 4319 1847 4372 octa—

165 4412 237 4453 vo
280 4399 505 4473 incipit
564 4405 727 4465 tono,
793 4399 899 4455 sed
948 4401 1203 4474 septimo
1255 4403 1475 4460 finitur.
1531 4404 1844 4461 Similiter:

164 4487 443 4560 Accipite
460 4490 936 4561 jocunditatem,
969 4494 1028 4548 et
1056 4494 1210 4548 Deus
1260 4493 1404 4550 dum
1444 4494 1846 4564 egrederetur,

164 4576 241 4631 ab
297 4584 532 4637 octavo
590 4578 905 4652 incipiunt,
967 4580 1074 4636 sed
1120 4590 1337 4653 quarto
1381 4581 1687 4639 ﬁniuntur.
1744 4586 1852 4641 Re-

161 4667 413 4743 pleatur
458 4686 532 4727 os
582 4685 775 4727 meum
799 4686 822 4738 ,·
865 4676 920 4726 et
961 4670 1228 4727 charitas
1259 4674 1385 4742 Dei,
1420 4688 1456 4729 a
1506 4672 1674 4728 tertio
1704 4674 1849 4729 inci-

165 4755 354 4825 piunt,
384 4764 447 4816 et
477 4763 708 4830 quarto
735 4757 1042 4815 ﬁniuntur.
1072 4760 1314 4831 Judica,
1348 4762 1613 4827 Domine,
1642 4777 1853 4818 nocen-

166 4849 245 4901 tes
276 4863 391 4915 me,
427 4863 469 4906 a
512 4852 740 4919 quarto
781 4848 1009 4920 incipit,
1061 4849 1165 4904 sed
1197 4849 1452 4921 septimo
1491 4849 1712 4906 ﬁnitur.
1759 4852 1852 4905 Vi-

165 4938 407 4994 ctricem
442 4952 705 4994 manum
764 4943 950 5006 tuam,
984 4954 1020 4994 a
1060 4938 1226 4995 tertio
1255 4938 1481 5011 incipit,
1509 4940 1614 4995 sed
1642 4944 1855 4996 octavo

164 5024 389 5081 finitur.
425 5027 677 5083 Eduxit
729 5028 1016 5083 Dominus
1045 5029 1341 5098 populum
1389 5044 1585 5096 suum,
1617 5046 1654 5086 a
1677 5046 1857 5102 quar-

166 5116 221 5167 to
271 5115 522 5189 incipit,
587 5116 693 5171 sed
758 5116 962 5173 ﬁnitur
1030 5120 1263 5172 octavo.
1322 5118 1477 5174 Ecce
1522 5120 1683 5175 oculi
1736 5121 1855 5175 Do-

164 5205 329 5274 mini,
367 5223 407 5261 a
470 5205 650 5261 tertio
696 5206 923 5278 incipit,
956 5207 1060 5261 sed
1110 5211 1326 5277 quarto
1383 5208 1603 5264 finittun
1638 5210 1858 5281 Loque-

165 5297 265 5348 tur
291 5298 635 5366 Dominus,
669 5311 705 5351 a
746 5295 913 5351 tertio
942 5295 1169 5368 incipit,
1204 5296 1312 5350 sed
1360 5301 1575 5369 quarto
1630 5298 1852 5352 finitur.

160 5379 369 5439 Justus
400 5400 537 5440 non
575 5384 1054 5453 conturbabitur,
1088 5383 1297 5457 incipit
1345 5401 1381 5441 a
1426 5384 1715 5453 secundo,
1750 5385 1858 5441 sed

229 5509 379 5578 (343)
428 5509 796 5566 Uit’ferentiie
826 5516 960 5566 octo
1010 5516 1288 5566 tonorum
1338 5511 1530 5567 solent
1578 5511 1768 5566 notari
1797 5512 1857 5566 in

162 5581 454 5650 extremis
494 5579 755 5650 syllabis
805 5581 1141 5650 doxologiae
1183 5584 1390 5638 Gloria
1422 5585 1617 5649 Patri,
1651 5591 1760 5638 etc.
1797 5584 1857 5637 in

162 5598 454 5635 exrremis
494 5598 525 5633 s
563 5598 755 5636 'uams
805 5598 1141 5650 uoxorogiaa
1183 5598 1390 5638 moria
1422 5598 1617 5649 rutra,
1651 5598 1760 5638 etc.
1797 5599 1857 5637 in

161 5646 275 5706 fine
331 5598 675 5724 cujuslibet
716 5652 953 5725 psalmi,
1015 5652 1324 5709 vocalibus
1374 5669 1589 5726 nempe
1636 5670 1859 5711 euouae

1954 3427 2093 3482 SlCtB
2142 3431 2199 3482 et
2228 3432 2404 3482 tonus
2435 3426 2777 3483 artiﬁcialis.
2813 3426 3121 3498 Siquidem
3163 3427 3290 3483 toni
3327 3427 3616 3484 naturalis

1955 3516 2200 3572 musicas
2231 3520 2370 3570 sunt
2393 3522 2656 3587 quatuor
2685 3514 3064 3586 principales.
3098 3516 3244 3570 Toni
3273 3532 3416 3571 vero
3442 3516 3618 3571 artiﬁ-

1956 3604 2127 3675 cialis
2170 3603 2417 3659 musicae
2477 3607 2615 3657 sunt
2664 3602 2955 3674 quinque,
3010 3607 3067 3658 et
3117 3604 3243 3658 duo
3275 3604 3615 3669 semitonia,

1955 3709 2093 3765 quas
2146 3696 2349 3748 tamen
2379 3691 2697 3747 semitonia
2741 3690 3041 3759 integrum
3090 3707 3213 3746 non
3259 3691 3512 3763 implent
3540 3697 3621 3747 to-

1956 3797 2143 3836 num:
2196 3794 2320 3834 non
2349 3779 2511 3834 enim
2561 3777 2751 3851 aequis
2789 3777 3062 3850 partibus
3112 3777 3297 3834 dividi
3343 3783 3616 3852 possunt.

1959 3873 2061 3925 Est
2087 3868 2349 3940 denique
2397 3884 2590 3924 unum
2639 3868 2838 3939 majus
2884 3872 2939 3923 et
2988 3867 3245 3924 alterum
3295 3867 3518 3936 minus,
3548 3884 3620 3926 ac

1957 3961 2179 4017 idcirco
2209 3976 2421 4033 aequus
2466 3975 2589 4015 non
2642 3958 2936 4032 recipiunt
2991 3960 3304 4015 sectiones.
3339 3962 3623 4016 Constant

1958 4056 2160 4107 autem
2190 4050 2251 4105 hi
2281 4049 2551 4122 quinque
2586 4048 2707 4104 toni
2738 4064 2877 4103 cum
2920 4047 3161 4104 duobus
3202 4048 3529 4105 semitoniis
3557 4049 3619 4105 in

1952 4139 2150 4196 tribus
2181 4137 2592 4195 consonantiis
2636 4136 2883 4193 musica.-
2914 4136 3317 4208 perfectionis,
3350 4138 3624 4195 videlicet

1960 4229 2021 4285 in
2073 4228 2374 4300 diapente,
2422 4227 2794 4283 diatessaron
2857 4231 2915 4282 et
2967 4227 3303 4300 diapason:
3351 4228 3494 4284 item
3549 4244 3622 4283 ex

1962 4321 2221 4390 quatuor
2264 4315 2696 4389 principalibus
2727 4315 2884 4372 tonis
2914 4316 3205 4374 naturalis
3250 4317 3494 4372 musicae
3524 4316 3623 4372 alii

1961 4411 2223 4479 quatuor
2251 4405 2543 4472 oriuntur,
2575 4410 2633 4462 et
2662 4405 2840 4462 veluti
2887 4421 2924 4461 a
2974 4404 3238 4461 fontibus
3281 4404 3456 4460 rivuli
3496 4421 3624 4461 ma-

1958 4499 2130 4560 nant,
2186 4498 2242 4550 et
2296 4509 2335 4550 a
2386 4493 2584 4550 radice
2635 4492 2866 4550 arboris
2932 4491 3084 4547 rami
3134 4491 3487 4563 procedunt,
3540 4492 3623 4548 ita

1960 4580 2420 4656 quodammodo
2450 4581 2530 4637 ab
2557 4580 2706 4653 ipsis
2734 4578 3030 4648 originem
3056 4579 3303 4635 ducunt.
3338 4578 3489 4635 Nihil
3518 4579 3624 4635 ho-

1959 4686 2098 4727 rum
2126 4670 2193 4726 ﬁt
2240 4671 2302 4725 in
2347 4668 2641 4727 artiﬁciali
2682 4667 2954 4733 musica;
3006 4682 3152 4722 nam
3196 4681 3392 4738 neque
3442 4670 3620 4722 tonus

1960 4761 2149 4817 alium
2203 4766 2415 4817 tonum
2466 4776 2538 4814 ex
2591 4774 2659 4814 se
2701 4757 2906 4827 gignit,
2939 4772 3137 4829 neque
3169 4770 3327 4811 unus
3377 4771 3452 4811 ex
3494 4755 3624 4812 aliis

1966 4851 2151 4905 alium
2202 4850 2549 4906 auctoritate
2595 4846 2898 4921 praecellit,
2938 4846 3044 4902 sed
3096 4861 3309 4901 omnes
3359 4846 3512 4903 inter
3561 4862 3624 4902 se

1963 4939 2154 5011 aequis
2184 4936 2807 5009 [al.dimensionibus]
2833 4934 3226 4991 divisionibus
3254 4935 3621 5007 partiuntur;

1965 5029 2183 5085 scilicet
2206 5029 2621 5102 sesquioctava
2646 5026 3054 5099 proportione,
3086 5024 3347 5097 exceptis
3390 5026 3625 5083 semite-

1965 5118 2097 5174 niis.
2133 5117 2281 5174 Illud
2329 5118 2510 5174 etiam
2562 5114 3017 5180 attendendum,
3048 5113 3215 5186 quod
3263 5114 3326 5170 in
3373 5115 3626 5173 naturali

1967 5208 2199 5264 musica
2221 5222 2433 5262 omnes
2462 5210 2597 5261 octo
2618 5204 2741 5260 toni
2764 5203 2974 5273 integri
3002 5207 3341 5276 suntatque
3362 5204 3626 5276 perfecti,

1966 5297 2247 5368 quamvis
2281 5296 2627 5352 auctoritate
2674 5294 2826 5350 inter
2852 5310 2913 5349 se
2943 5292 3243 5362 differant,
3275 5293 3627 5366 nullumque

1966 5385 2256 5457 recipiant
2287 5383 2694 5454 semitonium,
2726 5399 2835 5439 nec
2879 5382 3094 5451 diesin,
3122 5399 3234 5440 nec
3280 5388 3622 5456 apotomen,

1968 5510 2229 5565 duarum
2262 5509 2609 5566 ultimarum
2642 5525 2859 5565 vocum
2888 5511 3247 5567 seculorum.
3279 5511 3490 5564 Amen.

2040 5583 2188 5651 (344)
2234 5582 2295 5636 Id
2322 5586 2411 5637 est
2440 5582 2695 5655 plagius,
2730 5598 2834 5638 seu
2860 5580 3162 5653 obliquus.
