3980 6182
357 203 461 256 48⁸7

1481 192 1854 249 REGINONIS
1891 191 2302 246 PRUMIENSIS
2340 189 2654 247 ABBATIS.

3671 192 3776 245 488

359 328 461 380 aut
513 320 886 388 tristemoria,
948 323 1050 373 aut
1106 317 1538 372 tetrastemoria
1595 316 1780 385 (345):
1839 313 2016 386 siqui-
2045 315 2092 367 A
2125 313 2451 385 praesertim
2482 330 2620 369 cum
2666 317 2833 369 tanta
2877 312 3256 384 coaptatione
3286 318 3344 369 et
3371 312 3783 369 convenientia

359 412 500 467 dem
530 411 588 465 in
621 409 709 464 his
734 406 1005 480 partibus
1043 407 1220 459 tonus
1251 403 1570 461 artiﬁcialis
1598 403 1846 460 musicae
1869 401 2014 457 divi-

360 500 539 556 ditur.
1492 551 1501 560 .

436 592 513 643 Ex
534 587 645 641 hac
673 585 872 654 itaque
903 582 1273 638 dissonantia
1300 586 1568 655 apparet,
1603 580 1768 654 quod
1797 579 1878 635 illi
1905 597 2013 634 sas-

361 693 435 749 pe
461 674 598 730 dicti
629 677 782 741 octo,
814 671 917 744 qui
948 671 1227 727 dicuntur
1282 671 1424 739 toni,
1458 687 1580 727 non
1620 677 1740 726 tam
1774 668 1896 724 toni
1933 667 2016 722 di-

361 764 532 821 cendi
590 766 729 818 sunt
777 777 965 834 quam
1018 761 1200 828 modi,
1235 761 1322 816 vel
1351 759 1697 817 differentia:
1726 775 1831 814 seu
1863 757 2015 829 tropi

359 851 892 910 consonantiarum
946 849 1188 906 musicae
1228 849 1694 915 modulationis;
1739 847 1843 921 qui
1889 847 2016 919 pul-

360 944 504 998 chra
532 941 814 997 varietate
867 939 1231 995 harmonicze
1281 938 1686 995 delectationis
1729 954 1801 993 ex
1827 935 2018 1006 gravi-

360 1035 472 1087 bus
502 1031 808 1103 acutisque
840 1030 1002 1085 sonis
1032 1029 1210 1097 misti,
1239 1028 1414 1100 quasi
1446 1027 1813 1100 quibusdam
1857 1027 2013 1082 tiori-

361 1121 475 1176 bus
505 1119 760 1190 respersi
810 1117 1099 1173 blandam
1153 1121 1332 1189 atque
1390 1115 1843 1172 convenientem
1887 1115 2016 1170 red-

361 1208 512 1264 dunt
544 1206 826 1262 melodiae
859 1206 1237 1262 suavitatem.
1271 1206 1393 1261 Huc
1428 1203 1674 1272 accedit,
1708 1203 2017 1276 quodom-

359 1295 451 1350 nis
485 1295 730 1351 musicae
778 1294 1108 1366 disciplinae
1138 1293 1346 1366 peritia
1386 1293 1768 1349 arithmeticis
1799 1291 2018 1361 regulis

359 1384 599 1440 metitur
628 1389 806 1456 atque
837 1388 1193 1440 coarctatur.
1229 1384 1310 1439 Fit
1357 1383 1513 1438 enim
1548 1388 1651 1438 aut
1688 1381 1887 1454 duplis
1918 1386 2020 1437 aut

358 1473 734 1546 quadruplis,
771 1478 874 1529 aut
904 1473 1324 1546 sesquialteris,
1361 1489 1465 1528 seu
1511 1471 1897 1544 sesquitertiis
1927 1470 2020 1525 vel

361 1563 787 1636 sesquioctavis
808 1579 1199 1618 numerorum
1226 1561 1734 1634 proportionibus.
1767 1562 1904 1626 Quae
1934 1560 2018 1614 di-

360 1653 723 1716 mensiones,
779 1656 842 1706 ut
891 1651 1163 1718 arbitror,
1197 1651 1433 1705 difﬁcile
1477 1650 1719 1722 reperiri
1769 1653 2021 1721 possunt
2050 1667 2092 1722 Β

359 1738 421 1794 in
452 1738 805 1810 supradictis
851 1738 1024 1794 tonis.
1059 1741 1296 1810 Oportet
1341 1738 1500 1793 enim
1533 1743 1596 1793 ut
1633 1754 1843 1793 omnes
1881 1737 2022 1792 inte-

363 1829 452 1898 gri
481 1833 659 1900 atque
684 1828 924 1901 perfecti
958 1829 1078 1883 toni
1121 1828 1272 1883 inter
1304 1846 1363 1882 se
1394 1827 1673 1884 differant
1701 1827 1886 1900 aequis
1931 1827 2021 1882 di-

363 1917 796 1983 mensionibus,
827 1917 885 1971 id
916 1921 1022 1983 est,
1054 1922 1268 1973 octava
1299 1917 1389 1972 sui
1418 1921 1602 1989 parte.
1625 1919 1765 1982 Quae
1792 1917 2020 1971 distan-

365 2005 445 2061 tia
488 2005 638 2061 inter
666 2006 1038 2062 octonarium
1072 2010 1128 2061 et
1157 2007 1552 2062 novenarium
1583 2023 1870 2061 numeros
1914 2022 2022 2078 po-

365 2098 474 2151 test
511 2094 930 2151 demonstrari.
964 2095 1236 2150 Continet
1283 2095 1507 2168 quippe
1554 2094 1914 2150 novenarius
1945 2099 2024 2150 to-

366 2188 491 2240 tum
540 2183 914 2240 octonarium
969 2199 1292 2238 numerum
1345 2183 1499 2240 intra
1555 2201 1637 2252 se,
1679 2189 1735 2240 et
1775 2183 2024 2256 insuper

365 2273 494 2341 ejus
533 2277 805 2328 octavam
855 2275 1109 2344 partem,
1142 2272 1202 2326 id
1253 2278 1358 2339 est,
1393 2289 1602 2327 unum.
1640 2276 1703 2328 Et
1730 2273 1886 2328 hanc
1918 2273 2024 2328 dif-

366 2361 675 2418 ferentiam
705 2361 1010 2434 appellant
1056 2351 1270 2416 musici
1316 2361 1716 2429 intervallum,
1750 2361 2024 2417 arithme-

366 2450 461 2506 tici
512 2468 654 2506 vero
729 2451 1209 2522 sesquioctavam
1279 2453 1748 2523 proportionem.
1809 2451 2025 2507 Dicitur

366 2544 566 2596 autem
653 2539 1027 2596 intervallum
1112 2539 1244 2596 soni
1331 2541 1488 2596 acuti
1556 2540 1876 2612 gravisque
1941 2529 2025 2596 di-

368 2628 606 2685 stantia.

437 2721 632 2774 Tonus
663 2717 864 2790 itaque
908 2721 1012 2773 aut
1050 2717 1416 2773 transcendit
1444 2716 1631 2772 alium
1659 2722 1890 2785 tonum,
1923 2722 2027 2774 aut

366 2806 804 2864 transcenditur
835 2807 912 2862 ab
958 2805 1074 2862 alio
1123 2811 1264 2861 tono
1294 2811 1508 2861 octava
1551 2805 1642 2860 sui
1688 2811 1874 2878 parte.
1911 2805 2025 2862 Sed

365 2914 500 2969 quae
530 2902 808 2953 tonorum
839 2900 942 2951 aut
971 2895 1452 2968 supradictarum
1493 2895 2024 2951 consonantiarum

2123 402 2241 458 sint
2290 403 2592 473 conjuncti
2645 402 2952 459 stellarum
2993 418 3228 469 cursus,
3264 407 3328 458 ut
3368 402 3513 458 nihil
3541 402 3621 458 ita
3652 418 3784 457 con-

2121 493 2399 562 junctum
2455 496 2635 564 atque
2684 507 3026 547 connexum
3075 491 3268 564 possit
3309 491 3573 560 intelligi.
3611 495 3782 547 Nam-

2125 597 2242 652 que
2269 581 2366 635 alii
2397 580 2772 651 excelsiores,
2810 580 2908 636 alii
2945 580 3253 636 inferiores
3288 580 3578 646 feruntur,
3612 586 3788 652 atque

2125 669 2206 726 ita
2235 687 2448 726 omnes
2481 670 2697 742 aequali
2729 669 3070 726 incitatione
3101 670 3445 735 volvuntur,
3479 675 3544 725 ut
3573 686 3680 743 per
3708 670 3792 725 di-

2128 775 2336 830 spares
2381 759 2818 832 inaequalitates
2850 763 3015 815 ratus
3061 775 3306 815 cursum
3335 759 3484 814 ordo
3513 759 3787 815 ducatur.

2128 848 2291 904 Unde
2321 848 2652 920 conjicitur,
2683 849 2740 904 in
2773 848 2904 904 cmli
2933 851 3102 904 motu
3127 852 3323 904 ratum
3354 847 3782 904 modulationis

2126 936 2397 992 ordinem
2437 937 2648 993 inesse.
2684 937 3087 993 Consonantia
3145 937 3464 1009 siquidem,
3497 953 3631 1009 quae
3659 953 3790 992 om-

2127 1041 2263 1080 nem
2315 1025 2786 1082 modulationem
2836 1025 2983 1095 regit
3041 1025 3310 1094 musicae,
3358 1026 3589 1097 absque
3640 1042 3792 1081 sono

2127 1114 2253 1170 ﬁeri
2282 1131 2405 1171 non
2432 1120 2644 1187 potest.
2676 1118 2869 1173 Sonus
2901 1131 3040 1171 vero
3067 1115 3303 1188 absque
3332 1114 3537 1187 aliquo
3567 1115 3792 1188 impul-

2128 1220 2199 1259 su
2228 1203 2319 1259 vel
2345 1204 2465 1260 ictu
2511 1220 2634 1260 non
2677 1204 2963 1260 redditur.
2997 1204 3227 1260 Rursus
3275 1203 3486 1276 pulsus
3535 1219 3664 1260 non
3710 1204 3794 1272 ﬁt,

2129 1291 2239 1347 nisi
2265 1293 2633 1364 praecesserit
2659 1297 2876 1349 motus.

2201 1384 2462 1438 Motuum
2492 1397 2632 1438 vero
2663 1382 2761 1437 alii
2793 1386 2930 1438 sunt
2956 1381 3303 1451 velociores,
3336 1381 3432 1438 alii
3463 1380 3794 1437 tardiores:

2130 1475 2187 1526 et
2212 1469 2259 1525 si
2289 1470 2494 1526 tardus
2537 1487 2607 1526 ac
2659 1471 2861 1527 varius
2901 1471 3077 1527 fuerit
3113 1475 3335 1540 motus,
3366 1487 3582 1541 graves
3613 1487 3796 1526 sonos

2133 1558 2346 1614 efﬁcit:
2391 1559 2480 1614 sin
2512 1576 2652 1616 vero
2699 1560 2918 1616 celeres
2967 1576 3038 1616 ac
3085 1560 3281 1632 spissi,
3315 1565 3522 1615 acutos
3553 1576 3797 1615 necesse

2135 1652 2224 1704 est
2247 1648 2417 1703 reddi
2449 1665 2650 1704 sonos.
2691 1653 2751 1704 In
2797 1665 2860 1704 re
2907 1648 3066 1704 enim
3117 1648 3410 1704 immobili
3454 1647 3662 1704 nullus
3698 1665 3799 1704 un-

2134 1754 2321 1810 quam
2371 1737 2436 1793 ﬁt
2484 1754 2686 1795 sonus.
2723 1738 2947 1794 Idcirco
2995 1737 3289 1793 deﬁniunt
3335 1737 3550 1794 musici
3579 1754 3799 1794 sonum

2134 1826 2249 1882 ita:
2302 1843 2485 1882 sonus
2533 1831 2620 1882 est
2667 1827 2972 1900 percussio
3031 1826 3185 1882 aeris
3214 1825 3572 1882 indissoluta
3602 1842 3798 1900 usque

2135 1915 2212 1969 ad
2243 1914 2536 1970 auditum.
2572 1917 2654 1970 Ex
2675 1915 2947 1987 pluribus
2975 1915 3176 1987 itaque
3215 1914 3481 1970 motibus
3505 1919 3636 1970 tam
3665 1931 3800 1970 acu-

2133 2021 2271 2060 men
2296 2020 2481 2075 quam
2514 2006 2777 2074 gravitas
2805 2010 3056 2062 constat.

2208 2096 2286 2148 Ex
2339 2094 2452 2149 hac
2504 2094 2680 2164 igitur
2723 2095 3066 2166 conjectura
3107 2094 3317 2150 dicunt
3365 2094 3657 2164 astrologi
3719 2093 3799 2150 vel

2133 2182 2345 2237 musici
2375 2182 2526 2238 inter
2550 2182 2836 2240 extimam
2864 2184 3164 2256 sphaeram
3194 2187 3252 2239 et
3275 2182 3530 2239 circulos
3565 2188 3800 2256 septem

2133 2270 2508 2342 planetarum
2539 2287 2750 2328 omnes
2781 2271 3046 2328 musicas
3076 2271 3502 2328 consonantias
3541 2271 3797 2344 impleri.

2136 2363 2280 2415 Nam
2338 2376 2368 2414 θ
2433 2362 2685 2416 Saturno
2739 2377 2930 2428 usque
2980 2361 3061 2417 ad
3113 2362 3412 2433 sphaeram
3467 2360 3799 2417 caelestem.

2133 2449 2302 2504 aiunt
2328 2449 2745 2505 acutissimum
2789 2449 2915 2506 ﬁeri
2947 2466 3185 2522 sonum,
3217 2467 3254 2506 a
3285 2455 3439 2508 terra
3491 2467 3694 2523 usque
3726 2450 3794 2505 ad

2133 2537 2416 2594 lunarum
2459 2538 2747 2594 circulum
2775 2539 3223 2611 gravissimum,
3250 2539 3384 2596 licet
3410 2539 3672 2612 quidam
3708 2540 3802 2596 ali-

2135 2631 2220 2682 ter
2250 2626 2524 2682 sentiant.
2561 2627 2824 2700 Denique
2869 2644 2905 2684 a
2947 2630 3200 2685 Saturno
3248 2644 3439 2701 usque
3487 2629 3568 2684 ad
3602 2629 3799 2701 sphae-

2133 2731 2265 2770 ram
2297 2716 2631 2784 graviorem
2665 2731 2907 2786 sonum,
2941 2733 2976 2772 a
3017 2721 3172 2772 terra
3200 2732 3344 2772 vero
3385 2733 3577 2790 usque
3602 2717 3692 2773 ad
3725 2717 3803 2772 lu-

2135 2819 2344 2860 narem
2375 2803 2664 2860 circulum
2695 2805 3022 2861 acutiorem
3062 2805 3190 2861 ﬁeri
3237 2810 3546 2874 asserunt;
3577 2806 3802 2862 idcirco

2133 2893 2297 2966 quia,
2329 2894 2495 2966 quod
2527 2894 2784 2950 strictius
2815 2899 2873 2950 et
2895 2894 3156 2965 brevius,
3176 2911 3418 2952 necesse
3448 2901 3542 2952 est
3571 2902 3638 2952 ut
3664 2913 3802 2953 acu-

366 2985 518 3039 rat’io
571 2983 661 3049 sit,
704 2981 793 3037 vel
852 2982 1373 3053 quemadmodum
1418 2983 1562 3054 ipsae
1618 2983 2024 3039 consonantiae
2053 3019 2094 3072 ο
2137 2982 2250 3038 tius
2274 2987 2529 3047 resonet,
2555 2983 2706 3038 sicut
2733 2999 2764 3038 e
2792 2981 3018 3052 contra,
3035 2983 3199 3056 quod
3230 2984 3506 3055 Longius,
3534 2986 3802 3054 gravius.

368 3071 610 3127 musicze
642 3069 1032 3143 reperiantur,
1063 3071 1157 3126 vel
1186 3071 1440 3143 qualiter
1481 3070 1559 3126 ad
1606 3071 1862 3127 invicem
1891 3089 2024 3129 coa-

368 3163 624 3232 ptentur,
674 3175 778 3214 seu
827 3159 905 3214 ad
955 3159 1212 3215 invicem
1259 3159 1672 3230 sejungantur,
1701 3159 1760 3214 in
1813 3161 2022 3217 subse-

366 3248 690 3322 quentibus
737 3248 1112 3305 manifestius
1159 3248 1736 3305 demonstrabimus.
1787 3250 2024 3306 Interim

367 3353 552 3410 supra
587 3340 931 3393 memoratae
961 3337 1351 3410 disputationi
1401 3337 1513 3393 sub
1546 3337 1832 3394 mediocri
1862 3339 2025 3395 intel-

365 3426 608 3495 ligentia
660 3425 977 3482 crudelitas
1020 3425 1363 3482 adhibenda
1404 3431 1528 3494 est;
1584 3431 1721 3482 tunc
1773 3427 2024 3484 indubia

365 3515 515 3571 ﬁdes
544 3515 670 3580 erit,
703 3531 841 3570 cum
874 3513 1189 3570 manifesta
1227 3514 1736 3570 demonstratione
1763 3531 1854 3586 ea,
1888 3531 2023 3589 quae

365 3604 653 3674 ambigua
709 3603 1090 3673 videbantur,
1145 3603 1402 3660 revelata
1473 3604 1706 3660 fuerint.
1764 3607 1830 3660 Et
1883 3605 2026 3678 quia

365 3694 438 3749 de
491 3693 745 3751 naturali
788 3699 845 3750 et
901 3693 1192 3750 artiﬁciali
1248 3693 1485 3749 musica
1525 3694 1814 3749 hactenus
1863 3710 2025 3749 men-

365 3783 444 3840 tio
519 3783 676 3840 facta
732 3787 841 3852 est,
898 3799 934 3839 a
995 3782 1195 3837 minus
1263 3782 1452 3854 perito
1527 3783 1762 3838 musico
1836 3783 2025 3856 quaeri

364 3876 576 3943 potest,
609 3888 743 3945 quae
775 3871 1054 3927 distantia
1079 3870 1154 3926 sit
1180 3870 1332 3926 inter
1361 3871 1656 3928 musicam
1687 3871 2024 3928 naturalem

365 3963 422 4014 et
486 3958 902 4014 artiﬁcialem‘?
967 3959 1054 4013 Ad
1133 3958 1300 4030 quod
1371 3959 1861 4030 respondendum
1913 3964 2020 4028 est,

364 4047 528 4118 quia,
581 4062 937 4119 quanquam
1005 4046 1205 4103 omnis
1283 4047 1648 4103 harmonicen
1714 4048 2026 4105 institutio-

364 4134 460 4189 nis
491 4134 822 4191 modulatio
853 4150 977 4191 una
1006 4135 1340 4208 eademque
1384 4135 1458 4191 sit
1503 4135 1564 4190 in
1607 4137 2024 4193 consonantia-

363 4239 501 4280 rum
532 4223 722 4291 sonis;
773 4228 976 4280 tamen
1024 4223 1140 4280 alia
1170 4228 1258 4281 est
1304 4225 1536 4281 musica
1566 4226 1873 4293 naturalis,
1907 4226 2023 4283 alia

365 4312 707 4370 artiﬁcialis.
735 4313 1028 4370 Naturalis
1057 4314 1257 4387 itaque
1306 4314 1538 4372 musica
1575 4319 1662 4372 est
1689 4331 1826 4388 quae
1855 4316 2020 4372 nullo

363 4404 759 4461 instrumento
783 4404 1038 4473 musico,
1074 4404 1240 4460 nullo
1284 4408 1444 4462 tactu
1473 4405 1816 4477 digitorum,
1855 4406 2020 4463 nullo

362 4495 634 4551 humano
663 4493 929 4568 impulsu
967 4498 1070 4551 aut
1107 4499 1266 4551 tactu
1311 4499 1570 4564 resonat,
1603 4495 1707 4552 sed
1738 4496 2019 4553 divinitus

363 4585 627 4658 aspirata
674 4584 804 4641 sola
853 4587 1070 4641 natura
1121 4585 1371 4641 docente
1427 4585 1630 4642 dulces
1677 4586 2022 4642 modulatur

362 4675 617 4730 modos:
650 4691 786 4746 quae
825 4675 888 4731 tit
917 4677 1020 4730 aut
1061 4674 1121 4730 in
1155 4674 1284 4730 cmli
1312 4679 1501 4743 motu,
1535 4679 1637 4732 aut
1660 4676 1721 4731 in
1751 4676 2022 4732 humana

361 4781 528 4821 voce.
565 4763 840 4820 Nonnulli
872 4763 1162 4834 adjiciunt
1201 4763 1460 4829 tertium,
1491 4764 1763 4820 videlicet
1788 4765 1849 4820 in
1880 4765 2022 4820 irra-

364 4851 630 4909 tionabili
660 4857 951 4922 creatura,
979 4869 1128 4908 sono
1153 4851 1248 4908 vel
1280 4869 1445 4908 voce.

435 4946 485 4995 5.
529 4942 595 4996 In
625 4941 754 4996 coeli
801 4944 970 4996 motu
1009 4941 1303 4996 musicam
1333 4940 1526 4996 inesse
1554 4957 1590 4996 a
1613 4942 2019 5013 pythagoricis

363 5029 475 5083 hac
508 5031 1024 5098 argumentatione
1053 5030 1536 5103 deprehenditur.
1570 5029 1904 5099 Quomodo,
1933 5031 2019 5087 in-

364 5116 596 5188 quiunt,
626 5123 820 5189 potest
847 5119 994 5186 ﬂeri,
1029 5124 1094 5175 ut
1121 5123 1244 5175 tam
1269 5118 1443 5175 velox
1474 5117 1605 5174 οωΙὶ
1635 5120 1912 5175 machina
1940 5124 2020 5176 ta-

365 5203 479 5260 cito
507 5203 818 5279 silentique
850 5223 1028 5262 cursu
1048 5208 1396 5264 moveatur?
1430 5207 1544 5262 Etsi
1563 5207 1641 5262 ad
1666 5211 1899 5264 nostras
1921 5225 2021 5264 au-

361 5310 458 5351 res
489 5295 584 5350 ille
615 5311 798 5350 sonus
827 5312 949 5352 non
975 5299 1263 5369 pervenit,
1289 5298 1455 5354 nullo
1481 5298 1666 5354 modo
1689 5304 1887 5354 tamen
1915 5314 2020 5370 po-

366 5387 479 5439 test
509 5384 653 5456 tieri,
685 5388 748 5438 ut
780 5390 977 5440 motus
1008 5391 1128 5440 tam
1162 5388 1561 5442 velocissimus
1603 5405 1751 5443 sono
1800 5393 2018 5456 careat,

438 5513 587 5586 (ll-figi)
626 5512 794 5571 Δῖεσις
821 5513 908 5586 est
938 5509 1149 5586 prima,
1183 5515 1461 5567 tonorum
1502 5513 2017 5586 ditl'erentia,quze

365 5581 640 5638 sensibus
683 5580 1191 5654 percipifpotest,
1211 5598 1317 5636 seu
1368 5585 1750 5652 semitonium
1796 5580 2014 5641 minus.

368 5659 628 5726 Ἀποτομή
663 5652 1045 5710 semitonium
1073 5652 1296 5724 majus,
1319 5661 1648 5728 τριτημόριον
1675 5657 1840 5714 tertia
1877 5673 2019 5730 pars

2133 3073 2290 3127 Inter
2345 3072 2635 3128 circulum
2684 3089 2826 3129 vero
2873 3074 3109 3130 Saturni
3146 3078 3202 3130 et
3255 3077 3430 3130 Lunae
3475 3091 3586 3148 per
3619 3080 3803 3131 totam

2133 3159 2596 3232 amplitudinem
2669 3161 3047 3233 planetarum
3105 3163 3360 3218 varietas
3425 3163 3805 3219 diversorum

2133 3251 2412 3302 tonorum
2443 3252 2501 3303 et
2527 3265 2738 3304 omnes
2769 3250 3013 3306 musicae
3036 3251 3426 3323 perﬁciuntur
3453 3267 3802 3308 consonan-

2132 3336 2245 3392 tias.
2280 3339 2422 3409 Quae
2454 3337 2660 3394 omnia
2682 3338 2941 3409 ﬁgurate
2972 3340 3291 3397 Martianus
3315 3341 3377 3396 in
3407 3340 3583 3411 libro,
3619 3357 3804 3414 quem

2131 3426 2206 3482 de
2260 3427 2483 3499 nuptiis
2531 3428 2868 3500 Philologiaa
2919 3435 2976 3486 et
3026 3430 3288 3487 Mercurii
3337 3430 3692 3501 conscribit,
3751 3433 3805 3487 in

2132 3532 2376 3572 nemore
2432 3517 2722 3590 Apollinis
2779 3519 2959 3575 fuisse
3014 3519 3323 3591 conﬁngit,
3371 3520 3655 3577 videlicet
3708 3521 3804 3594 qui

2133 3605 2258 3678 ipse
2317 3609 2405 3661 est
2459 3606 2550 3662 sol
2607 3607 2952 3664 moderator
2999 3609 3244 3666 musicae
3295 3610 3574 3666 caelestis.
3632 3615 3801 3679 Nam,

2133 3696 2342 3768 inquit,
2399 3697 2792 3754 eminentiora
2841 3699 3124 3769 culmina,
3166 3699 3228 3755 id
3287 3705 3372 3756 est
3425 3701 3580 3757 rami
3635 3701 3800 3757 altio-

2132 3801 2246 3853 res,
2326 3785 2573 3859 perinde
2650 3787 2932 3856 distenta,
2988 3788 3050 3844 id
3121 3793 3208 3845 est
3290 3789 3464 3846 valde
3537 3796 3797 3852 extenta.

2133 3879 2308 3930 acuto
2348 3874 2566 3943 sonitu,
2598 3875 2660 3931 id
2689 3880 2778 3932 est
2808 3877 3008 3933 subtili
3053 3883 3109 3934 et
3153 3878 3357 3948 gracili
3403 3879 3797 3945 resultabant,

2132 3963 2192 4018 id
2223 3967 2310 4019 est
2335 3964 2720 4020 resonabant.

2204 4051 2506 4125 Quidquid
2563 4069 2705 4110 vero
2761 4059 2929 4111 terrae
2987 4056 3224 4112 conﬁne
3280 4061 3338 4113 et
3385 4057 3798 4130 propinquum

2131 4142 2343 4210 fuerat,
2384 4157 2586 4199 ramos
2614 4142 2885 4200 videlicet
2922 4144 3323 4202 inclinatiores
3367 4151 3427 4202 et
3448 4146 3800 4203 humiliores

2132 4247 2203 4286 ac
2260 4235 2426 4286 terrae
2503 4231 2817 4288 viciniores
2873 4233 3199 4306 quatiebat,
3249 4234 3311 4291 id
3367 4240 3476 4305 est,
3530 4236 3800 4310 impelle-

2133 4320 2258 4390 bat,
2304 4320 2738 4392 repercutiebat
2774 4338 2960 4380 rauca
3011 4323 3295 4394 gravitas.
3339 4328 3410 4381 At
3462 4325 3693 4396 media,
3743 4324 3800 4381 id

2133 4413 2240 4477 est,
2290 4407 2504 4464 mediae
2558 4414 2757 4482 partes
2821 4411 3010 4484 ipsius
3059 4412 3247 4480 silvae,
3307 4413 3636 4484 conjuncta
3694 4413 3802 4469 sibi

2133 4497 2327 4570 spatia
2383 4497 2780 4556 concinebant
2831 4499 3031 4572 duplis
3083 4501 3484 4558 succentibus.
3539 4505 3806 4560 Concen-

2131 4592 2224 4643 tus
2281 4590 2370 4642 est
2418 4587 2703 4643 similium
2743 4606 2960 4645 vocum
3011 4590 3278 4647 adunata
3323 4591 3624 4658 societas;
3674 4607 3804 4647 suc-

2129 4680 2336 4732 centus
2383 4691 2522 4731 vero
2576 4681 2694 4744 est,
2754 4677 2904 4733 varii
2961 4678 3090 4734 soni
3167 4678 3280 4734 ‘sibi
3337 4678 3605 4735 maxime
3661 4695 3802 4735 con—

2130 4765 2455 4832 venientes,
2503 4765 2657 4822 sicut
2705 4765 2978 4822 videmus
3027 4767 3085 4822 in
3143 4783 3392 4837 organo.
3444 4768 3676 4841 Duplis,
3711 4769 3799 4824 in—

2129 4855 2277 4928 quit,
2311 4855 2712 4923 succentibus,
2745 4872 2814 4911 ac
2845 4857 3268 4929 sesquialteris,
3299 4873 3536 4914 necnon
3571 4858 3798 4930 sesqui-

2129 4943 2329 4999 tertiis.
2415 4943 2514 5000 Hic
2590 4949 2704 5000 tres
2784 4945 2973 5014 tangit
3046 4947 3492 5012 consonantias,
3575 4947 3802 5002 scilicet

2129 5031 2450 5104 diapason,
2480 5033 2848 5090 diatessaron
2903 5039 2958 5090 et
3005 5035 3306 5108 diapente.
3349 5037 3586 5092 Octavis
3636 5036 3802 5092 enim

2132 5122 2256 5177 sine
2314 5122 2692 5193 discretione,
2738 5123 2797 5179 id
2852 5130 2963 5194 est,
3024 5125 3148 5180 sine
3206 5125 3516 5182 intervallo
3555 5127 3803 5196 junctu-

2131 5210 2230 5277 ris,
2264 5211 2324 5266 id
2372 5217 2477 5273 est,
2527 5213 2953 5269 consonantiis.
3000 5214 3104 5269 Hic
3155 5220 3364 5270 tonum
3409 5215 3622 5285 tangit,
3667 5214 3804 5270 licet

2130 5299 2552 5356 intervenirent
2582 5300 2873 5369 limmata,
2894 5303 2951 5357 id
2983 5308 3089 5369 est,
3119 5303 3452 5358 semitonia.
3482 5304 3585 5358 Hic
3611 5303 3804 5373 tangit

2131 5388 2252 5443 duo
2285 5390 2617 5445 semitonia.
2655 5394 2732 5444 Ex
2763 5391 2984 5463 quibus
3011 5392 3299 5448 omnibus
3335 5408 3576 5448 summa
3615 5393 3799 5448 totius

2133 5514 2315 5642 ξπ]ίῶ
2365 5521 2766 5590 τεταρτημόριον
2823 5522 3036 5588 quarta
3109 5517 3380 5588 ejusdem
3439 5534 3602 5590 pars.
3670 5517 3800 5572 Vid.

2179 5602 2249 5641 oe
2326 5631 2336 5642 .

2179 5602 2336 5642 ΟΘῑΠ.
