3980 6182
196 134 301 197 489ν

1346 133 1435 187 DE
1476 126 1886 187 HARMONICA
1920 125 2415 182 INSTITUTIONE.

3487 136 3593 195 490

201 253 416 311 musicae
447 252 734 308 consistit.
765 254 875 309 Sed
906 254 1033 311 hinc.
1064 255 1268 311 omnia
1294 272 1404 312 suo
1432 257 1492 311 in
1522 254 1655 311 loco
1699 267 1827 307 ma-
1861 250 1906 301 Α
1938 263 2055 320 que
2106 248 2428 306 similitudo
2477 263 2740 322 morum,
2788 257 2853 309 ut
2898 252 3125 309 dictum
3153 258 3262 322 est:
3296 257 3593 316 commat-

199 341 438 400 nifestius
467 341 1059 399 demonstrabuntur.

232 435 356 497 ,Nec
384 429 527 485 illud
558 431 977 499 omittendum,
1003 434 1166 506 quod
1199 435 1377 490 etiam
1408 433 1595 503 nervi,
1634 433 1695 488 id
1722 438 1826 497 est,

199 520 409 587 chordas
449 519 668 575 caelesti
701 521 946 577 musiete
973 528 1418 595 comparantur.
1434 527 1582 579 Nam
1607 523 1831 596 hypate

200 624 381 667 meson
406 624 443 663 a
474 609 717 664 musicis
746 610 1000 665 Saturno
1039 616 1130 667 est
1171 611 1469 667 attributa.
1536 614 1831 684 Parypate

197 696 381 754 Joviali
437 696 660 752 circulo
712 698 1041 753 consimilis
1096 704 1200 755 est.
1263 700 1554 756 Lichanos
1618 716 1829 755 meson

198 785 332 843 Marti
355 784 671 840 tradidere.
701 786 796 840 Sol
826 802 1036 842 meson
1067 786 1338 843 obtinuit.
1372 788 1563 844 Triten
1591 804 1830 861 synem-

199 889 393 931 menon
424 875 619 928 Venus
650 874 849 929 habet.
888 876 1177 930 Paranaie
1209 892 1645 948 synemmenon
1692 880 1831 933 Mer-

195 961 367 1017 curius
394 961 562 1031 regit.
600 966 736 1017 Netc
758 967 956 1018 autem
984 963 1209 1019 lunaris
1231 965 1431 1020 circuli
1456 969 1613 1021 tenet
1636 981 1833 1020 exem-

195 1052 360 1126 plum.
393 1051 531 1107 Haec
558 1052 893 1107 secundum
928 1054 1193 1109 Boetium
1219 1056 1391 1121 (346).
1422 1058 1598 1111 Porro
1631 1055 1831 1111 Cicero

193 1139 538 1198 contrarium
568 1140 842 1196 ordinem
875 1141 1030 1197 facit.
1064 1146 1212 1199 Nam
1244 1143 1303 1198 in
1333 1143 1576 1199 Somnio
1608 1142 1831 1216 Scipio-

193 1231 270 1286 nis
295 1230 368 1285 ita
397 1231 627 1298 asserit,
660 1234 716 1286 et
739 1236 956 1287 natura
986 1231 1115 1302 fert,
1148 1236 1212 1288 ut
1240 1238 1507 1289 extrema
1531 1248 1604 1288 ex
1648 1232 1831 1289 altera

188 1326 335 1393 parte
388 1308 670 1389 graviter,
719 1336 791 1376 ex
848 1319 1031 1377 altera
1092 1326 1291 1378 autem
1350 1326 1519 1378 acute
1597 1327 1830 1379 sonent.

190 1410 359 1474 Quam
418 1407 502 1463 ob
552 1424 799 1495 causam
855 1426 1130 1466 summus
1169 1410 1262 1466 ille
1302 1411 1434 1466 coeli
1460 1411 1697 1467 stellifer
1726 1412 1830 1482 [αι.

185 1498 399 1579 cursus]
455 1514 686 1565 currus,
740 1499 914 1570 cujus
954 1500 1266 1556 conversio
1322 1503 1412 1556 est
1464 1500 1830 1569 concitatior,

186 1592 344 1642 acuto
363 1590 421 1641 et
450 1586 704 1643 excitato
737 1592 1010 1643 movetur
1038 1604 1210 1657 sono,
1242 1589 1599 1658 gravissimo
1628 1594 1831 1646 autem
1864 1600 1903 1653 Β

181 1675 265 1731 hic
294 1674 523 1735 lunaris
548 1680 726 1748 atque
752 1676 1014 1732 intimus.
1050 1680 1195 1733 Nam
1224 1683 1376 1735 terra
1403 1695 1568 1736 nona
1616 1679 1829 1736 immo-

183 1764 302 1820 bilis
332 1780 590 1821 manens
611 1781 733 1822 una
762 1765 903 1822 sede
931 1782 1171 1839 semper
1198 1767 1399 1823 haeret.
1436 1769 1497 1823 In
1520 1768 1635 1824 hoc
1655 1768 1832 1839 igitur

178 1853 300 1910 loco
329 1854 534 1910 Cicero
564 1858 783 1911 terram
813 1855 1007 1928 quasi
1035 1855 1333 1912 silentium
1384 1857 1571 1930 ponit,
1614 1857 1834 1913 scilicet

179 1943 561 2000 immobilem.
614 1946 755 2001 Post
803 1946 982 2013 hanc,
1027 1946 1133 2018 qui
1170 1947 1483 2018 proximus
1532 1963 1569 2003 a
1598 1946 1830 2003 silentio

176 2037 275 2102 est,
325 2032 433 2089 dat
487 2033 646 2089 lunae
686 2033 1113 2103 gravissimum
1169 2052 1408 2105 sonum,
1456 2040 1523 2091 ut
1571 2036 1645 2092 sit
1683 2035 1831 2091 luna

175 2121 844 2191 proslambanomenos,
872 2139 1009 2195 quae
1041 2123 1265 2200 chorda
1296 2124 1647 2194 gravissime
1671 2140 1832 2180 reso-

175 2212 306 2271 nat;
342 2209 667 2265 Mercurius
696 2210 917 2282 hypate
957 2211 1247 2282 hypaton,
1296 2214 1494 2266 Nenus
1540 2215 1832 2283 parypate

171 2296 458 2371 hypaton,
494 2298 591 2355 Sol
619 2298 889 2353 lichanos
918 2299 1208 2370 hypaton,
1239 2301 1387 2355 Mars
1435 2301 1657 2371 hypate
1706 2316 1830 2355 me-

171 2402 307 2454 son;
358 2388 527 2442 Jovis
580 2392 872 2460 parypate
927 2402 1158 2457 meson,
1212 2390 1502 2445 Saturnus
1557 2387 1831 2443 lichanos

167 2490 398 2542 meson,
429 2475 671 2547 sphaera
700 2473 955 2530 caelestis
986 2490 1168 2530 mese.
1196 2477 1360 2531 Luna
1384 2491 1526 2545 ergo
1552 2475 1834 2532 Mercurio

166 2567 524 2636 comparata
553 2566 761 2617 tonum
789 2567 1047 2619 resonat.
1078 2563 1300 2619 Eadem
1329 2566 1493 2619 Luna
1524 2580 1660 2620 cum
1694 2567 1835 2621 Mar-

162 2656 208 2707 te
232 2651 534 2724 diapente
567 2651 1024 2707 consonantiam
1055 2656 1234 2717 creat,
1262 2669 1401 2708 cum
1442 2653 1566 2708 sole
1614 2652 1831 2708 diates-

163 2755 355 2802 saron,
391 2755 541 2795 cum
570 2739 807 2811 sphrera
835 2739 1055 2795 caelesti
1081 2740 1395 2812 diapason.
1450 2744 1595 2797 Ecce
1644 2741 1833 2798 habes

158 2826 214 2884 in
238 2828 375 2885 coeli
408 2831 587 2883 motu
615 2828 794 2885 totius
823 2828 1066 2884 musicae
1098 2845 1423 2885 summam.
1474 2830 1655 2900 Igitur
1702 2831 1831 2886 haec

160 2933 350 2988 pauca
378 2916 461 2973 de
490 2916 711 2973 ccnlesti
740 2917 973 2973 musica
1002 2916 1316 2975 sufﬁciant.
1374 2918 1431 2976 Si
1467 2919 1603 2992 quis
1628 2924 1829 2976 autem

158 3006 283 3062 haec,
301 3006 555 3078 plenius
576 3006 725 3063 scire
740 3006 1060 3075 desiderat,
1076 3006 1233 3077 legat
1250 3008 1586 3065 secundum
1606 3008 1829 3065 librum

157 3096 431 3152 Macrobii
462 3095 691 3166 egregii
719 3095 1084 3170 philosophi,
1120 3096 1181 3152 in
1212 3098 1556 3169 supradicto
1583 3098 1828 3155 Somnio

157 3184 469 3257 Scipionis.
511 3187 634 3240 Hoc
659 3200 851 3240 unum
882 3185 1186 3254 addimus,
1220 3201 1343 3241 non
1387 3186 1581 3243 solum
1638 3188 1826 3257 genti-

154 3272 291 3329 lium
316 3274 756 3347 philosophos,
794 3290 1003 3330 verum
1051 3275 1229 3331 etiam
1278 3275 1638 3332 Christianiae
1689 3276 1827 3333 ﬁdei

151 3367 422 3420 strenuos
452 3363 889 3438 praedicatores
918 3364 978 3419 in
1002 3365 1115 3421 hac
1147 3364 1370 3422 caelesti
1389 3365 1707 3423 harmonia
1736 3383 1829 3424 as-

149 3454 375 3510 sentire.

210 3545 260 3599 6.
302 3543 404 3598 His
464 3542 728 3599 omissis
780 3541 859 3597 ad
902 3543 1438 3615 contemplandum
1492 3543 1825 3601 humanam

146 3633 439 3689 musicam
471 3631 740 3689 transire
765 3637 1016 3705 oportet.
1060 3633 1353 3689 Omnibus
1394 3633 1744 3690 hominibus
1773 3638 1829 3691 et

146 3721 426 3779 omnibus
459 3720 775 3791 aetatibus,
807 3722 1093 3795 omnique
1124 3722 1293 3778 sexui
1320 3722 1666 3779 naturaliter
1691 3740 1823 3778 mu-

148 3807 329 3867 sicam
356 3827 497 3867 esse
531 3809 953 3880 conjunctam,
982 3809 1149 3875 nulli,
1182 3809 1287 3882 qui
1318 3809 1705 3882 semetipsum
1735 3810 1825 3866 in-

147 3896 358 3969 telligit,
392 3901 676 3957 dubium
700 3904 804 3955 est.
840 3901 984 3965 Quae
1007 3898 1168 3954 enim
1196 3903 1361 3966 aetas,
1381 3903 1483 3955 aut
1512 3898 1616 3971 qui
1646 3914 1827 3955 sexus

140 3989 380 4045 musicis
410 4005 547 4045 non
572 3987 907 4044 delectatur
935 3987 1245 4044 cantilenis
1273 3987 1300 4043 ?
1342 3986 1654 4059 Proprium
1694 3989 1828 4061 qui-

140 4075 272 4135 dem
299 4077 724 4136 humanitatis
752 4082 860 4149 est,
905 4077 1189 4134 oblectari
1239 4077 1510 4133 animum
1551 4076 1828 4133 dulcibus

140 4165 349 4235 modis,
378 4165 754 4243 exasperari
784 4166 1112 4223 contrariis.
1162 4170 1434 4239 Namque
1472 4165 1727 4222 infantes
1757 4184 1827 4223 ac

134 4252 405 4326 juvenes,
433 4270 700 4312 necnon
726 4254 907 4311 etiam
937 4271 1108 4310 senes
1139 4255 1218 4311 ita
1236 4254 1585 4311 naturaliter
1609 4255 1828 4312 affectu

137 4345 405 4415 quodam
435 4348 798 4420 spontaneo
826 4344 1337 4401 modulationibus
1366 4345 1612 4402 musicis
1634 4345 1829 4418 impli-

137 4439 362 4504 cantur,
396 4440 469 4492 ut
501 4433 689 4492 nulla
715 4435 787 4490 sit
816 4434 1065 4490 omnino
1104 4438 1272 4503 aetas,
1327 4451 1463 4508 quae
1506 4451 1719 4509 expers
1758 4435 1834 4491 sit

136 4521 540 4589 delectatione
574 4521 780 4580 dulcis
811 4513 1141 4580 cantilenae.
1186 4524 1300 4579 Etsi
1347 4528 1486 4579 sunt
1531 4523 1827 4592 nonnulli,

137 4611 234 4683 qui
258 4612 439 4671 docte
471 4630 552 4671 ac
589 4612 859 4668 suaviter
893 4611 1024 4668 aliis
1053 4628 1265 4669 canere
1297 4628 1419 4668 non
1447 4617 1720 4686 possunt,
1753 4612 1830 4668 si-

136 4697 193 4768 bi
222 4706 428 4759 tamen
462 4699 719 4775 aliquid
739 4699 1064 4757 insuaviter
1085 4716 1271 4758 suave
1301 4705 1543 4757 canunt.

203 4791 545 4848 Sciendum
577 4792 898 4862 praeterea,
927 4790 1095 4863 quod
1124 4805 1322 4846 mores
1370 4789 1688 4845 hominum
1725 4805 1834 4862 per

139 4882 434 4942 musicam
459 4885 955 4953 cognoscuntur.
990 4880 1269 4937 Lascivus
1309 4880 1535 4953 quippe
1565 4896 1634 4935 ac
1660 4884 1831 4953 petu-

138 4966 261 5025 lans
307 4972 577 5028 animus
634 4968 1054 5026 lascivioribus
1111 4969 1439 5025 delectatur
1488 4967 1705 5035 modis,
1734 4972 1838 5025 aut

135 5056 481 5134 frequenter
532 5076 658 5117 eos
700 5057 953 5114 audiens
995 5057 1294 5114 emollitur
1327 5061 1502 5130 atque
1533 5057 1836 5113 effemina-

137 5150 251 5219 tur.
276 5152 317 5205 Ε
348 5153 585 5207 contra
617 5146 832 5203 durior
857 5151 1036 5221 atque
1062 5146 1316 5203 ferocior
1339 5162 1510 5203 mens
1546 5146 1643 5203 vel
1668 5161 1829 5219 aspe.

133 5234 389 5296 rioribus
416 5236 699 5311 gaudet,
727 5235 817 5291 vel
846 5235 1253 5309 asperioribus
1280 5235 1578 5291 incitatur.
1639 5238 1837 5306 Neque

136 5325 290 5383 enim
317 5329 454 5384 ﬁeri
508 5328 750 5401 potest,
808 5328 871 5381 ut
905 5324 1113 5381 mollia
1138 5325 1325 5391 duris,
1375 5322 1529 5379 dura
1556 5321 1841 5379 mollibus

134 5408 549 5474 adnectantur
585 5411 923 5483 gaudeant,
940 5412 1045 5469 sed
1067 5428 1338 5469 amorem
1359 5411 1843 5468 delectationem-

201 5600 357 5662 (346)
400 5596 542 5656 Lib.
575 5611 619 5663 ι,
653 5606 795 5666 cap.
820 5596 915 5652 27.

429 5688 716 5743 Ρλτιιοι..
747 5676 989 5741 om

1941 340 2086 392 Nam
2114 354 2250 410 quae
2277 340 2608 413 asperiores
2639 347 2775 398 sunt
2804 347 3030 413 gentes,
3063 342 3405 401 durioribus
3434 346 3595 405 dele:

1938 430 2174 482 ctantur
2201 428 2398 483 modis
2429 448 2441 495 ;
2474 446 2608 502 quae
2643 446 2785 487 vero
2832 437 3159 489 mansuetis
3208 449 3278 489 ac
3308 434 3595 506 paciﬁca,

1937 514 2282 573 lenioribus.

2014 609 2095 661 Ita
2119 605 2379 679 denique
2406 624 2616 663 omnes
2644 625 2886 665 morum
2912 609 3152 666 habitus
3178 611 3453 667 cantibus
3493 628 3597 683 gu-

1937 692 2224 749 bernatur
2254 699 2310 750 et
2335 696 2574 766 regitur,
2610 702 2673 753 ut
2696 702 2752 753 et
2780 698 2858 753 ad
2888 697 3114 754 bellum
3152 701 3500 772 progressui
3544 704 3602 757 et

1938 780 2079 837 item
2105 783 2365 856 receptui
2393 789 2644 841 canatur
2672 791 2850 842 cantu
2883 786 3036 842 tubae
3066 789 3359 844 excitante
3390 793 3446 845 et
3474 805 3601 845 rur-

1941 886 2042 925 sus
2070 870 2315 927 sedante
2342 872 2618 930 virtutem
2651 875 2855 931 animi.
2917 878 3023 931 Dat
3071 881 3283 931 cantus
3331 894 3601 945 somnos,

1944 959 2293 1034 adimitque,
2324 978 2560 1019 necnon
2609 981 2781 1021 curas
2811 970 2867 1020 et
2892 964 3317 1021 sollicitudines
3342 965 3604 1022 immittit

1942 1052 1999 1103 et
2028 1050 2287 1106 retrahit.
2316 1056 2469 1107 Iram
2501 1054 2779 1124 suggerit,
2814 1054 3189 1110 clementiam
3220 1054 3452 1125 suadet,
3475 1070 3601 1111 cor-

1943 1155 2161 1211 porum
2192 1157 2434 1214 quoque
2460 1144 2685 1199 morbis
2712 1145 3002 1200 medetur.
3037 1144 3353 1215 Vulgatum
3377 1144 3601 1218 quippe

1943 1232 2050 1293 est,
2070 1244 2254 1299 quam
2278 1245 2437 1302 saepe
2469 1231 2789 1287 iracundas
2815 1237 3042 1289 mentes
3068 1233 3362 1289 cantilena
3378 1249 3605 1306 repres-

1944 1315 2103 1384 serit,
2130 1332 2316 1387 quam
2349 1317 2538 1374 multa
2562 1319 2623 1374 in
2654 1336 2974 1391 corporum
3004 1320 3099 1377 vel
3128 1321 3470 1377 animarum
3515 1320 3603 1375 af-

1942 1404 2302 1461 ﬂictionibus
2330 1408 2608 1464 miranda
2632 1410 2957 1480 perfecerit.
2990 1411 3273 1483 Denique,
3303 1415 3366 1466 ut
3405 1410 3605 1467 Cicero

1943 1498 2150 1550 auctor
2179 1500 2286 1560 est,
2318 1513 2453 1552 cum
2508 1497 2792 1553 vinolenti
2850 1498 3277 1570 adolescentes,
3324 1498 3606 1555 tibiarum

1941 1587 2118 1637 cantu
2150 1583 2352 1653 illiciti,
2385 1584 2648 1641 mulieris
2679 1586 2895 1658 pudice
2930 1587 3086 1643 fores
3136 1587 3497 1657 frangerent,
3543 1591 3608 1642 ut

1943 1672 2072 1741 ejus
2100 1673 2453 1746 pudicitiam
2489 1675 2815 1743 violarent;
2869 1676 3153 1732 intellexit
3208 1676 3602 1749 Pythagoras,

1943 1778 2092 1818 sono
2122 1763 2363 1835 Phrygii
2392 1763 2559 1819 modi
2585 1764 3055 1821 adolescentium
3087 1765 3325 1822 animos
3368 1765 3445 1821 ad
3478 1764 3607 1821 libi-

1940 1851 2145 1908 dinem
2175 1869 2306 1909 esse
2340 1853 2633 1911 incitatos.
2663 1859 2811 1911 Nam
2842 1872 2913 1912 ea
2940 1856 3091 1912 hora
3131 1855 3443 1911 stellarum
3474 1872 3604 1911 cur-

1942 1958 2045 1996 sus
2074 1936 2446 2014 inspiciebat,
2476 1943 2796 2016 statimque
2827 1961 3146 2001 accurrens
3176 1944 3495 2001 admonuit
3541 1944 3604 1999 ti-

1939 2029 2223 2097 bicinam,
2258 2034 2324 2086 ut
2358 2036 2611 2087 mutaret
2636 2032 2909 2101 modum,
2942 2037 3000 2088 et
3028 2033 3385 2104 spondteum
3424 2048 3601 2087 cane-

1939 2119 2227 2185 ret.Quod
2245 2136 2382 2175 cum
2400 2120 2501 2176 illa
2515 2120 2769 2187 fecisset,
2781 2122 3050 2177 tarditate
3069 2122 3390 2177 modorum
3407 2125 3463 2177 et
3475 2137 3608 2191 gra-

1939 2207 2118 2262 vitate
2138 2207 2426 2274 canentis,
2457 2207 2697 2263 illorum
2724 2210 2927 2264 furens
2960 2209 3286 2281 petulantia
3316 2208 3602 2264 consedit.

2014 2295 2126 2351 Sed
2154 2296 2321 2367 quod
2349 2296 2423 2351 de
2452 2297 2757 2366 gentilium
2790 2297 2955 2353 libris
2981 2298 3365 2371 proferimus,
3395 2314 3467 2353 ex
3492 2314 3603 2353 no-

1940 2384 2075 2439 stris
2122 2384 2424 2441 aﬂirmare
2468 2401 2815 2458 possumus.
2878 2389 3147 2459 Namque
3193 2402 3329 2442 cum
3366 2387 3603 2443 Saulem

1940 2487 2143 2542 regem
2172 2472 2413 2544 spiritus
2439 2474 2634 2529 malus
2660 2474 3006 2543 exagitaret,
3048 2475 3233 2531 David
3255 2475 3602 2548 psalterium

1941 2560 2231 2633 arripiens
2270 2561 2549 2618 dulcibus
2581 2568 2637 2618 et
2667 2564 2956 2619 suavibus
2998 2564 3194 2619 modis
3237 2564 3601 2620 ferocitatem

1940 2650 2070 2722 ejus
2102 2651 2358 2724 pectoris
2390 2651 2721 2721 mitigabat.
2758 2652 2907 2717 Quid
2935 2652 3010 2707 de
3057 2653 3261 2708 Elisaeo
3308 2654 3604 2726 propheta

1938 2737 2193 2794 dicimus
2214 2740 2241 2794 ?
2263 2740 2373 2805 Qui
2401 2756 2541 2796 cum
2567 2756 2603 2795 a
2628 2756 2767 2809 rege
2796 2740 3195 2813 interrogatus
3218 2742 3604 2799 intellexisset

1935 2825 2039 2885 illa
2073 2827 2225 2882 hora
2256 2828 2527 2900 spiritum
2557 2829 2885 2902 prophetiae
2915 2829 2971 2885 in
3007 2847 3068 2886 se
3096 2847 3217 2886 non
3249 2847 3397 2898 esse,
3450 2847 3601 2903 prae-

1858 2916 2092 3005 C,eepit
2148 2916 2259 2972 sibi
2302 2918 2557 2990 psaltem
2605 2918 2923 2985 adducere,
2984 2935 3244 2992 cumque
3284 2937 3489 2977 coram
3529 2936 3600 2976 eo

1907 3005 2236 3078 ‘psalleret,
2279 3011 2523 3080 repente
2576 3007 2886 3063 descendit
2926 3008 2987 3063 in
3039 3025 3179 3065 eum
3227 3008 3493 3081 Spiritus,
3544 3013 3601 3065 et

1935 3095 2333 3167 prophetavit.

2006 3186 2210 3259 Itaque
2242 3187 2395 3243 sicut
2425 3203 2534 3261 pro
2565 3194 2725 3244 certo
2757 3192 2936 3261 patet,
2971 3189 3137 3261 quod
3186 3189 3246 3244 in
3289 3188 3447 3245 bello
3490 3206 3601 3262 pu—

1936 3274 2249 3345 gnantium
2279 3276 2466 3331 animi
2492 3280 2674 3333 cantu
2706 3277 2987 3333 tubarum
3033 3276 3477 3346 accenduntur;
3519 3278 3601 3334 ita

1935 3380 2057 3420 non
2085 3369 2175 3420 est
2202 3364 2660 3438 dubium,quod
2689 3367 3208 3423 conturbationem
3233 3367 3446 3423 mentis
3474 3383 3601 3421 mo-

1934 3453 2155 3509 destior
2175 3470 2245 3509 ac
2272 3454 2514 3509 suavior
2534 3455 2871 3510 carminum
2911 3455 3131 3509 modus
3160 3455 3352 3527 possit
3379 3459 3603 3526 tempe-

1932 3558 2085 3597 rare.
2135 3545 2215 3597 Ex
2263 3542 2355 3597 his
2394 3542 2678 3597 omnibus
2724 3542 3038 3614 perspicue
3095 3546 3152 3596 et
3194 3540 3602 3597 indubitanter

1936 3635 2205 3703 apparet,
2237 3630 2318 3685 ita
2377 3629 2553 3685 nobis
2600 3629 2890 3685 musicam
2936 3628 3284 3684 naturaliter
3302 3644 3431 3683 esse
3460 3644 3602 3683 con-

1930 3720 2226 3790 junctam,
2286 3722 2350 3773 ut
2392 3733 2485 3783 ea,
2534 3733 2644 3773 nec
2696 3716 2742 3772 si
2786 3716 3036 3772 velimus
3079 3715 3345 3787 quidem,
3389 3731 3602 3772 canere

1936 3806 2259 3879 possimus.
2291 3805 2578 3872 Quocirca
2612 3805 2897 3875 erigenda
2926 3809 3013 3860 est
3062 3804 3275 3860 mentis
3322 3800 3593 3877 intentio,

1934 3899 2000 3951 ut
2051 3894 2113 3950 id
2132 3880 2163 3964 ,”
2214 3894 2379 3968 quod
2459 3893 2806 3950 naturaliter
2862 3893 2921 3948 in
2980 3892 3153 3949 nobis
3199 3896 3288 3948 est
3333 3891 3599 3961 insitum,

1936 3985 2181 4042 scientia
2213 4000 2456 4057 quoque
2479 3983 2667 4056 possit
2690 4000 2819 4039 esse
2851 3984 3375 4056 comprehensum.

2011 4078 2177 4130 Nunc
2206 4076 2403 4139 restat,
2438 4077 2501 4128 ut
2521 4073 2756 4129 tertium
2789 4088 2977 4141 genus
3024 4071 3266 4128 musicae
3314 4071 3602 4128 naturalis

1936 4163 2271 4229 videamus,
2303 4162 2471 4235 quod
2500 4177 2685 4234 supra
2707 4162 3090 4217 meminimus
3118 4162 3177 4217 in
3208 4160 3603 4218 irrationabili

1940 4257 2212 4309 creatura
2238 4268 2385 4308 esse.
2419 4255 2496 4307 De
2525 4252 2639 4308 hoc
2664 4251 2867 4324 itaque
2918 4250 3051 4307 talis
3102 4252 3602 4324 philosophorum

1941 4341 2145 4413 opinio
2175 4345 2281 4396 est.
2312 4343 2375 4395 Et
2401 4355 2523 4396 non
2550 4341 2791 4403 mirum,
2823 4339 3118 4411 inquiunt,
3152 4340 3199 4394 si
3229 4339 3379 4394 inter
3407 4337 3601 4393 homi-

1943 4445 2049 4484 nes
2079 4428 2327 4483 musicze
2358 4432 2522 4483 tanta
2552 4426 2884 4482 dominatio
2915 4430 3040 4491 est;
3100 4441 3238 4479 cum
3288 4439 3426 4478 aves
3455 4438 3604 4494 quo-

1940 4534 2081 4591 que,
2110 4521 2175 4573 ut
2197 4517 2485 4585 lusciniae,
2520 4521 2584 4571 ut
2609 4514 2806 4588 cygni,
2842 4514 3091 4586 aliaeque
3132 4516 3377 4567 cantum
3419 4509 3604 4565 veluti

1942 4606 2208 4680 quadam
2236 4605 2553 4678 disciplina
2582 4603 2826 4659 musicae
2860 4602 3000 4657 artis
3039 4603 3390 4667 exerceant;
3440 4597 3601 4653 unde

1940 4694 2212 4766 Virgilius
2244 4694 2318 4750 de
2344 4693 2555 4765 cygnis
2584 4692 2665 4748 ait
2696 4709 2708 4745 :
2738 4691 2887 4747 dant
2903 4705 3017 4759 per
3055 4690 3213 4744 colla
3256 4687 3500 4756 modos;
3550 4691 3609 4742 et

1944 4789 2174 4840 caetera.
2210 4782 2517 4840 Nonnullae
2546 4796 2688 4837 vero
2719 4795 2860 4835 aves
2888 4782 3132 4833 terrenae
3172 4775 3268 4832 vel
3313 4774 3606 4848 aquatiles

1942 4873 2231 4928 invitante
2262 4876 2441 4927 cantu
2469 4871 2531 4926 in
2560 4870 2706 4926 retia
2734 4868 2827 4923 vel
2860 4866 3119 4940 aucupia
3157 4868 3368 4939 sponte
3398 4864 3607 4921 decur-

1945 4966 2101 5018 runt.
2138 4965 2251 5016 Nec
2272 4961 2473 5016 minus
2499 4963 2587 5015 est
2620 4956 2764 5013 illud
2809 4955 3186 5025 intuendum,
3218 4953 3385 5028 quod
3413 4958 3611 5027 pasto-

1948 5050 2087 5107 ralis
2119 5050 2317 5106 fistula
2360 5053 2599 5122 pastum
2640 5045 2942 5117 gregibus,
3000 5060 3385 5116 progressum
3428 5047 3607 5115 atque

1947 5140 2208 5214 quietem
2238 5139 2509 5211 imperet.
2561 5135 2675 5192 Sed
2722 5139 2779 5190 et
2824 5134 2885 5188 in
2934 5132 3084 5188 mari
3128 5133 3357 5189 Sirenes
3398 5136 3608 5188 cantus

1949 5229 2122 5284 edere
2153 5227 2358 5282 dulces
2390 5226 2677 5280 feruntur.
2705 5226 2841 5278 lure
2890 5222 3067 5292 igitur
3109 5220 3340 5277 musica
3378 5220 3609 5293 capitur

1950 5332 2130 5373 omne
2162 5315 2328 5389 quod
2353 5314 2513 5380 vivit,
2544 5313 2686 5386 quia
2712 5311 2963 5367 cmlestis
2994 5311 3215 5379 anima,
3243 5327 3366 5384 qua
3386 5310 3612 5367 anima-

1953 5412 2047 5463 tur
2074 5404 2453 5473 universitas,
2486 5402 2777 5473 originem
2827 5402 3083 5474 sumpsit
3130 5418 3202 5457 ex
3251 5399 3501 5468 musica,
3551 5404 3617 5455 ut

1954 5495 2180 5552 Platoni
2210 5499 2267 5550 et
2290 5494 2419 5565 ejus
2443 5492 2833 5550 sectatoribus
2854 5491 3065 5566 placet.
3105 5493 3235 5546 Haec
3261 5491 3336 5546 de
3356 5487 3613 5545 naturali

1956 5585 2188 5641 musica
2218 5583 2564 5640 succinctim
2600 5581 3080 5655 perstrinximus.

3272 5670 3334 5722 l6
