4034 6182
413 125 510 179 491

1560 112 1932 172 REGINONIS
1971 111 2059 165 PR
2071 106 2384 167 UMIENSIS
2422 114 2713 171 ABBATlS

3739 120 3831 177 412

482 251 536 299 7.
567 244 761 303 Restat
786 244 851 297 ut
879 240 953 297 de
984 238 1274 296 artiﬁciali
1303 238 1560 296 breviter
1592 238 1921 295 videamus.
1964 240 2069 291 ΑΙ·-
2101 236 2147 290 Α
2186 235 2354 293 dens.
2390 240 2454 293 Et
2484 241 2691 295 contra
2729 238 3103 296 dissonantia
3134 244 3223 297 est
3250 240 3512 298 duorum
3558 256 3833 301 sonorum

412 331 664 391 tiﬁcialis
693 331 924 388 musica
950 328 1184 400 dicitur,
1239 342 1376 403 qua:
1421 332 1545 386 arte
1593 332 1649 385 et
1700 325 1940 398 ingenio
1967 325 2076 381 hu-

410 435 594 479 mano
643 421 974 492 excogitata
1011 424 1117 489 est,
1169 421 1226 477 et
1271 418 1533 487 inventa,
1586 435 1718 493 quae
1761 417 1822 474 in
1862 416 2076 490 quibu-

410 512 583 569 sdam
614 510 871 567 constitit
889 509 1315 567 instrumentis.
1352 512 1416 565 Et
1439 509 1565 565 haec
1599 507 1864 564 similiter
1879 504 1938 561 in
1963 504 2075 561 tria

409 614 630 671 genera
654 598 957 666 dividitur,
991 598 1265 655 videlicet
1288 597 1351 654 in
1381 596 1672 663 tensibile,
1702 591 1967 663 inﬂatile,
2017 598 2075 650 et

408 686 813 761 percussibile.
848 686 1149 744 Tensibile
1186 687 1253 744 ﬁt
1302 686 1635 743 intensione
1683 684 2066 749 chordarum,

408 778 472 833 ut
495 781 643 851 puta
671 778 731 832 in
760 777 911 849 lyra,
945 776 1191 844 cithara,
1224 775 1436 848 harpa,
1478 777 1533 829 et
1557 771 1927 844 hujusmodi.
1975 772 2067 826 ln—

408 865 586 921 ﬂatile
619 869 841 929 autem,
873 866 1035 939 quod
1065 865 1274 938 spiritu
1304 863 1394 920 vel
1427 866 1603 920 vento
1637 860 1978 936 impellitur,
2005 864 2071 915 ut

404 955 465 1011 in
499 954 673 1021 tibiis,
708 955 916 1026 musis,
948 954 1181 1022 fistulis,
1216 954 1479 1024 organis,
1528 957 1582 1008 et
1628 950 1719 1007 his
1750 951 2064 1007 similibus.

407 1044 791 1101 Percussibile
819 1061 956 1101 vero
988 1049 1091 1111 est,
1124 1044 1290 1117 quod
1319 1043 1385 1099 ﬁt
1410 1043 1467 1098 in
1516 1040 1882 1113 quibusdam
1933 1054 2069 1096 con-

405 1135 564 1190 cavis
592 1134 754 1189 aereis
785 1133 968 1204 vasis,
999 1138 1054 1189 et
1076 1133 1202 1189 aliis
1233 1131 1665 1197 instrumentis,
1707 1144 1841 1186 cum
1884 1128 2065 1202 pulsu

404 1230 460 1280 et
488 1223 756 1296 quadam
787 1225 1171 1297 percussione
1225 1223 1535 1292 feriuntur,
1583 1226 1761 1294 atque
1800 1220 1939 1276 inde
1982 1220 2066 1275 di-

401 1313 557 1369 versi
586 1311 923 1380 eﬂiciuntur
952 1314 1102 1384 soni,
1134 1317 1199 1369 ut
1222 1313 1282 1368 in
1313 1312 1624 1385 cymbalis,
1658 1309 1987 1384 tympanis,
2011 1313 2066 1365 et

403 1406 631 1459 caetera.
663 1403 835 1459 Omni
869 1407 1069 1460 autem
1096 1401 1369 1460 notitiam
1424 1403 1603 1473 hujus
1649 1401 1790 1457 artis
1843 1398 2064 1457 habere

403 1492 664 1569 cupienti
696 1493 1008 1549 sciendum
1037 1496 1144 1563 est,
1172 1491 1357 1567 quod,
1391 1506 1743 1566 quanquam
1772 1488 2061 1546 naturalis

2186 327 2424 384 sibimet
2452 329 2879 400 permistorum
2905 330 2980 386 ad
3009 344 3217 387 aurem
3246 333 3491 388 veniens
3520 346 3735 406 aspera
3759 338 3834 390 at~

2182 429 2299 485 que
2330 414 2660 485 injucunda
2685 418 3011 491 percussio.
3045 420 3511 477 Consonantiam
3541 434 3682 477 vero
3708 421 3835 480 licet

2181 503 2419 560 aurium
2450 520 2661 561 sensus
2711 506 3016 578 dijudioet,
3070 509 3222 565 ratio
3266 514 3463 566 tamen
3505 511 3830 583 perpendit.

2182 592 2465 657 Quotiens
2511 595 2672 651 enim
2719 596 2855 652 duae
2910 597 3147 653 chordae
3192 598 3602 669 intenduntur,
3634 604 3692 656 et
3717 615 3833 658 una

2180 696 2250 737 ex
2300 682 2392 737 his
2446 685 2710 755 gravius,
2765 686 2951 742 altera
2990 687 3220 743 acutius
3248 692 3509 758 resonat,
3545 687 3834 763 simulque

2178 770 2366 842 pulsae
2396 772 2655 830 reddunt
2688 775 3036 847 permistum
3092 777 3553 849 quodammodo
3600 782 3656 833 et
3699 794 3834 835 sua-

2177 874 2315 916 vem
2343 877 2582 933 sonum,
2614 864 2870 937 duaeque
2902 881 3078 922 voces
3121 862 3179 921 in
3230 880 3420 922 unum
3471 868 3649 939 quasi
3695 882 3833 924 con-

2172 950 2395 1020 junctae
2428 952 2789 1021 coalescunt,
2824 959 2963 1010 tunc
2997 955 3055 1010 ﬁt
3105 971 3174 1010 ea
3201 968 3334 1027 quae
3376 955 3593 1011 dicitur
3631 972 3836 1013 conso-

2177 1040 2401 1096 nantia.
2460 1044 2608 1097 Cum
2661 1058 2801 1099 vero
2836 1044 3012 1100 simul
3042 1045 3231 1118 pulsis
3264 1045 3371 1101 sibi
3404 1046 3662 1119 quisque
3698 1061 3834 1103 cou-

2178 1129 2351 1185 traire
2402 1131 2623 1198 nititur,
2681 1148 2789 1189 nec
2836 1134 3195 1206 permiscent
3238 1136 3311 1190 ad
3342 1149 3553 1192 aurem
3588 1148 3834 1193 suavem

2176 1221 2356 1291 atque
2385 1235 2575 1276 unum
2606 1237 2677 1277 ex
2705 1222 2946 1279 duobus
2972 1224 3368 1295 compositum
3401 1238 3644 1295 sonum,
3692 1229 3834 1282 tunc

2174 1308 2262 1363 est
2285 1322 2422 1380 quae
2451 1310 2666 1366 dicitur
2682 1311 3079 1369 dissonantia.

2243 1399 2391 1454 Sunt
2410 1403 2609 1455 autem
2639 1401 2893 1469 numeri,
2908 1402 3013 1475 qul
3042 1404 3473 1459 consonantias
3498 1409 3724 1473 creant,
3740 1411 3838 1462 aut

2172 1502 2279 1559 per
2303 1503 2457 1561 quos
2489 1488 2636 1563 ipsae
2659 1492 3069 1547 consonantiae
3107 1492 3548 1560 discernuntur,
3580 1499 3835 1552 tantum.

400 1582 635 1638 musica
658 1580 835 1653 longe
865 1581 1165 1655 praecedat
1195 1580 1582 1647 artiﬁcialem,
1617 1578 1818 1635 nullus
1862 1582 2061 1635 tamen
2094 1586 2136 1646 Β
2171 1576 2356 1632 modo
2414 1594 2538 1645 seu,
2600 1578 2660 1634 id
2712 1584 2802 1636 est
2831 1581 3120 1653 epitritus,
3169 1580 3510 1650 hemiolius,
3539 1582 3832 1657 duplaris,

400 1671 517 1728 vim
540 1671 827 1728 naturalis
855 1672 1101 1728 musicae
1128 1685 1554 1742 recognoscere
1585 1673 1797 1742 potest,
1821 1667 1935 1724 nisi
1956 1683 2062 1741 per

401 1761 790 1817 artiﬁcialem.
821 1762 1002 1833 Igitur
1030 1760 1311 1835 quamvis
1338 1775 1374 1816 a
1422 1758 1676 1816 naturali
1720 1762 1937 1815 nostrae
1975 1757 2061 1813 di-

399 1846 754 1924 sputationis
785 1867 980 1907 sermo
1013 1851 1389 1925 processerit,
1437 1865 1682 1906 necesse
1739 1852 1845 1916 est,
1888 1851 1952 1904 ut
1998 1847 2059 1904 in

397 1940 685 1997 artiﬁciali
712 1940 971 2012 finiatur,
1005 1944 1067 1997 ut
1092 1957 1199 2015 per
1229 1956 1355 1997 rem
1383 1938 1678 1995 visibilem
1700 1936 2059 1994 invisibilem

397 2028 809 2085 demonstrare
840 2027 1164 2085 valeamus.

468 2120 520 2174 8.
563 2116 663 2172 His
695 2117 1043 2173 summatim
1073 2115 1397 2189 praelibatis
1424 2116 1551 2187 jam
1590 2113 1740 2170 ratio
1770 2108 2054 2186 exposcit,

398 2211 461 2263 ut
492 2206 687 2279 ipsam
719 2206 1016 2262 musicam
1047 2205 1386 2276 diligentius
1435 2196 1929 2275 contemplemur.
1978 2205 2057 2256 Ac

396 2292 593 2368 primo
638 2295 985 2364 dicendum,
1034 2294 1193 2351 unde
1247 2294 1479 2350 dicatur
1523 2292 1788 2349 musica?
1839 2289 2056 2347 Musica

396 2385 612 2457 dicitur
667 2401 701 2440 a
732 2386 940 2452 musis,
974 2383 1137 2457 quod
1182 2384 1648 2439 instrumentum
1676 2382 1824 2452 (347)
1867 2378 2055 2436 omni-

395 2456 510 2529 bus
538 2472 783 2529 musicis
811 2456 1221 2529 instrumentis
1252 2477 1474 2528 veteres
1503 2469 1942 2544 praefcrendum
1972 2466 2056 2523 di-

396 2577 584 2630 gnum
633 2562 949 2629 duxerunt,
1008 2563 1129 2618 sive
1177 2560 1343 2635 quod
1387 2562 1677 2634 primum,
1712 2563 1777 2615 ut
1803 2559 1989 2625 aiunt,
2019 2574 2055 2613 a

395 2656 610 2708 natura
666 2652 971 2708 inventum
1030 2655 1152 2719 est;
1201 2651 1324 2706 sive
1371 2651 1590 2723 potius,
1627 2646 1883 2722 quodin
1923 2647 2056 2720 ipso

395 2741 591 2797 omnis
613 2741 844 2797 musica
872 2740 1152 2814 perfectio
1181 2740 1534 2796 continetur.
1585 2741 1727 2793 Nam
1774 2736 1834 2793 in
1882 2753 2055 2809 supe~

394 2830 650 2885 rioribus
677 2829 1075 2885 foraminibus
1124 2842 1336 2883 omnes
1373 2825 1801 2896 consonantiae,
1845 2829 1900 2881 et
1930 2825 2053 2882 toni

2170 1665 2446 1739 triplaris,
2470 1666 2868 1741 quadruplus,
2897 1674 2954 1726 et
2982 1670 3315 1742 epogdous.
3355 1672 3454 1727 Est
3484 1675 3691 1729 autem
3721 1675 3836 1746 epl-

2170 1755 2514 1822 tritus,cum
2547 1755 2622 1812 de
2651 1756 2895 1815 duobus
2918 1760 3191 1815 numeris
3218 1760 3415 1831 major
3435 1760 3618 1819 habet
3644 1766 3835 1820 totum

2169 1843 2485 1913 minorem,
2513 1850 2569 1903 et
2597 1847 2843 1921 insuper
2868 1849 2999 1919 ejus
3032 1850 3263 1906 tertiam
3293 1852 3547 1924 partem,
3589 1857 3656 1909 ut
3699 1858 3834 1910 sunt

2168 1937 2427 2006 quatuor
2454 1936 2531 1991 ad
2560 1936 2689 1993 tria.
2726 1939 2872 1993 Nam
2902 1938 2963 1994 in
2981 1944 3245 2011 quatuor
3271 1943 3412 1996 sunt
3434 1941 3562 2009 tria,
3582 1946 3641 1998 et
3666 1944 3835 1999 tertia

2167 2036 2307 2095 pars
2338 2024 2535 2093 trium,
2569 2024 2629 2081 id
2659 2030 2748 2083 est
2772 2042 2985 2084 unum.
3020 2030 3086 2086 Et
3112 2029 3162 2085 is
3191 2042 3480 2086 numerus
3503 2034 3830 2090 vocaturin

2167 2111 2538 2170 arithmetica
2567 2116 2992 2188 sesquitertius,
3028 2118 3223 2192 deque
3254 2135 3325 2175 eo
3364 2121 3633 2176 nascitur
3674 2134 3835 2194 sym-

2168 2200 2410 2274 phonia,
2443 2203 2503 2260 id
2534 2209 2623 2261 est
2652 2206 3066 2279 consonantia,
3100 2224 3237 2282 quae
3261 2206 3325 2265 in
3356 2210 3593 2267 musica
3632 2211 3833 2285 appel-

2165 2292 2318 2349 latur
2344 2293 2737 2352 diatessaron.

2238 2380 2559 2438 Hemiolius
2591 2388 2698 2451 est,
2733 2400 2872 2441 cum
2920 2386 2994 2442 de
3044 2385 3285 2443 duobus
3334 2387 3605 2445 numeris
3635 2391 3833 2461 major

2166 2468 2345 2527 habet
2378 2476 2563 2528 totum
2594 2474 2980 2546 minorem,et
2999 2474 3244 2550 insuper
3266 2478 3397 2550 ejus
3424 2476 3828 2547 medietatem,

2164 2563 2230 2615 ut
2260 2565 2400 2617 sunt
2428 2561 2540 2617 tria
2572 2561 2647 2618 ad
2676 2563 2817 2620 duo.
2879 2567 3025 2621 Nam
3076 2565 3133 2621 in
3184 2566 3373 2623 tribus
3420 2571 3561 2623 sunt
3599 2566 3752 2637 duo,
3779 2572 3833 2625 et

2163 2648 2365 2707 media
2392 2666 2532 2724 pars
2562 2668 2793 2719 eorum,
2823 2653 2885 2711 id
2913 2661 3001 2712 est
3026 2668 3236 2714 unum.
3272 2658 3338 2714 Et
3366 2654 3715 2732 appellatur
3738 2658 3830 2716 hic

2164 2754 2451 2795 numerus
2479 2740 2850 2814 sesquialter,
2881 2742 2943 2800 in
2968 2743 3358 2813 arithmetica,
3411 2751 3469 2803 et
3514 2744 3591 2804 de
3644 2762 3724 2805 eo
3770 2747 3833 2806 ﬁt

2164 2830 2546 2902 symphonia,
2580 2848 2715 2904 quze
2765 2838 3149 2907 nuncupatur
3196 2833 3501 2910 Diapente.
3554 2834 3833 2911 Duplaris

394 2916 794 2973 demonstrari
820 2920 1073 2989 possunt
1099 2935 1111 2981 ;
1139 2914 1377 2972 duobus
1402 2914 1780 2970 inferioribus
1820 2915 2056 2972 semito-
2087 2939 2129 2996 α
2160 2932 2451 2975 numerus
2483 2924 2588 2991 est,
2622 2937 2759 2977 cum
2790 2923 2863 2979 de
2894 2921 3133 2980 duobus
3185 2924 3452 2983 numeris
3522 2923 3735 2983 minor
3775 2925 3835 2982 in

392 3004 496 3060 nia
526 3006 724 3076 majus
749 3021 819 3061 ac
837 3004 1055 3061 minus.
1083 3003 1301 3060 Dicitur
1321 3008 1520 3060 autem
1547 3018 1582 3060 a
1598 3020 1772 3061 musa
1800 3004 2050 3074 musica,

395 3094 546 3149 sicut
598 3110 634 3150 a
690 3110 968 3165 gramma
1022 3095 1412 3165 grammatica
1446 3138 1459 3164 ,
1540 3099 1596 3150 et
1649 3112 1684 3151 a
1741 3095 2054 3152 rhetoreon

395 3182 725 3258 (ῥητόρειον),
782 3182 843 3238 id
894 3188 999 3251 est,
1052 3183 1400 3265 elocutionis
1432 3183 1625 3258 copia,
1657 3184 1965 3257 rhetorica,
1998 3192 2056 3243 et

394 3272 473 3329 ab
500 3274 778 3335 arithmo.
809 3273 870 3329 id
909 3278 1014 3341 est,
1043 3288 1317 3341 numero,
1352 3274 1741 3345 arithmetica,
1796 3280 1849 3331 et
1903 3290 1938 3332 a
1981 3290 2052 3347 ge

396 3364 522 3435 (γῆ),
551 3361 610 3419 id
638 3370 744 3433 est,
779 3367 951 3435 terra,
989 3363 1334 3434 geometria,
1380 3368 1437 3419 et
1485 3362 1563 3419 ab
1620 3368 1797 3432 astro,
1844 3365 1901 3421 id
1943 3370 2050 3431 est,

393 3452 580 3522 stella,
606 3450 947 3521 astrologia.

464 3543 515 3596 9.
560 3541 674 3598 Sed
728 3546 1054 3615 antequam
1105 3546 1307 3615 partes
1364 3542 1609 3597 musicae
1667 3541 2052 3600 institutionis

390 3631 825 3702 discernamus,
857 3630 1122 3705 primum
1148 3631 1221 3687 de
1253 3648 1399 3688 voce
1431 3637 1487 3688 et
1517 3648 1666 3688 sono
1693 3632 1920 3706 aliquid
1966 3634 2051 3690 di-

390 3735 618 3776 camus.
678 3721 1038 3793 Quanquam
1094 3720 1294 3793 itaque
1333 3720 1530 3776 omnis
1564 3736 1681 3776 vox
1731 3737 1917 3778 sonus
1956 3722 2046 3791 sit,

389 3825 511 3865 non
539 3814 739 3865 tamen
774 3809 969 3863 omnis
998 3825 1183 3864 sonus
1217 3812 1370 3865 recte
1408 3825 1527 3865 vox
1561 3808 1675 3864 dici
1706 3813 1917 3882 potest.
1969 3812 2051 3866 Ea

388 3898 567 3969 igitur
596 3903 885 3964 creatura,
917 3915 1051 3972 quis
1084 3897 1244 3954 vitali
1269 3898 1477 3971 spiritu
1504 3899 2048 3971 aspiratur,vocem

389 3988 614 4055 reddit;
650 4003 785 4059 quae
814 4003 949 4043 vero
976 3986 1174 4060 pulsu,
1207 3987 1326 4043 ictu
1370 3986 1461 4042 vel
1512 3984 1656 4043 ﬂatu
1705 3987 2044 4061 impellitur,

391 4092 631 4133 sonum.
663 4076 868 4132 Omnis
901 4081 1099 4132 autem
1127 4091 1242 4133 vox
1270 4081 1374 4132 aut
1405 4076 1695 4149 syneches
1735 4077 1881 4148 (348)
1939 4082 2043 4146 est,

387 4164 449 4222 id
480 4170 564 4222 est
594 4165 896 4233 continua,
940 4183 1062 4239 qua
1111 4164 1423 4238 loquentes
1475 4169 1577 4220 aut
1619 4164 1933 4221 lectionem
1963 4165 2045 4223 le-

2161 3009 2391 3078 majore
2418 3008 2511 3065 bis
2540 3015 2912 3085 numeratur,
2941 3018 3005 3069 ut
3031 3017 3168 3070 sunt
3191 3018 3450 3088 quatuor
3480 3014 3558 3072 ad
3582 3014 3751 3085 duo;
3781 3018 3837 3073 et

2163 3112 2234 3152 ex
2256 3097 2370 3153 hoc
2400 3096 2633 3171 duplari
2662 3100 2927 3157 nascitur
2958 3102 3345 3176 symphonia,
3374 3102 3468 3161 cui
3490 3118 3727 3163 nomen
3748 3109 3837 3162 est

2167 3185 2483 3259 Diapason.

2232 3270 2517 3348 Triplaris
2538 3282 2645 3348 est,
2674 3295 2812 3334 cum
2840 3278 2914 3335 de
2943 3276 3182 3357 duobus
3215 3281 3483 3339 numeris
3513 3283 3724 3341 minor
3752 3287 3839 3341 ter

2161 3364 2221 3419 in
2253 3366 2480 3436 majore
2510 3372 2862 3423 numeratur
2890 3372 2954 3425 ut
2982 3374 3123 3427 sunt
3151 3369 3263 3427 tria
3294 3368 3374 3428 ad
3401 3386 3614 3444 unum,
3671 3377 3733 3431 et
3767 3388 3839 3430 ex

2160 3453 2273 3508 hoc
2320 3454 2543 3526 triplari
2603 3456 2788 3511 oritur
2829 3458 3213 3532 symphonia,
3254 3477 3392 3533 quae
3441 3467 3841 3537 nuncupatur

2159 3542 2453 3616 diapason
2484 3560 2623 3601 cum
2648 3544 3387 3622 diapente.0uadruplaris
3404 3565 3707 3608 numerus
3729 3557 3840 3617 est,

2159 3649 2298 3689 cum
2326 3632 2403 3688 de
2430 3631 2671 3689 duobus
2710 3636 2977 3692 numeris
3020 3637 3218 3695 minor
3265 3643 3478 3712 quater
3503 3640 3568 3697 in
3598 3643 3838 3716 majore

2156 3727 2527 3793 numeratur,
2557 3730 2619 3780 ut
2649 3728 2787 3782 sunt
2815 3731 3077 3799 quatuor
3102 3726 3179 3785 ad
3209 3742 3400 3786 unum
3432 3748 3445 3786 :
3479 3731 3588 3805 qui
3618 3746 3839 3789 nume-

2156 3829 2258 3869 rus
2288 3812 2428 3869 facit
2456 3814 2908 3888 symphoniam,
2941 3832 3128 3890 quam
3154 3816 3360 3875 dicunt
3378 3816 3472 3875 bis
3496 3819 3835 3897 Diapason.

2228 3901 2549 3975 Epogdous
2574 3906 2662 3959 est
2685 3919 2995 3974 numerus,
3024 3906 3126 3979 qui
3157 3906 3313 3964 intra
3339 3922 3401 3965 se
3428 3906 3619 3967 habet
3641 3910 3841 3968 mino-

2155 4007 2302 4058 rem,
2337 3995 2391 4046 et
2420 3990 2666 4063 insuper
2691 3992 2821 4063 ejus
2851 3997 3128 4050 octavam
3174 4000 3431 4068 partem,
3490 4000 3561 4054 ut
3604 4012 3838 4057 novem

2155 4079 2231 4135 ad
2259 4083 2413 4147 octo,
2447 4080 2591 4153 quia
2620 4079 2680 4136 in
2711 4095 2935 4138 novem
2981 4087 3037 4139 et
3084 4089 3219 4141 octo
3265 4089 3424 4153 sunt,
3475 4089 3535 4143 et
3576 4087 3843 4164 insuper

2152 4172 2364 4225 octava
2392 4181 2533 4240 pars
2560 4184 2791 4240 eorum,
2822 4169 2883 4225 id
2905 4175 2997 4227 est
3024 4186 3235 4229 unum.
3269 4173 3591 4247 Appellant
3622 4180 3840 4234 autem

388 4259 613 4326 gentes,
642 4253 821 4311 verba
854 4254 1245 4311 continuatim
1294 4254 1697 4328 percurrimus
1733 4272 1744 4309 :
1776 4258 1879 4311 aut
1924 4256 2046 4312 dia-
2075 4292 2124 4348 Β
2151 4258 2312 4315 hunc
2342 4272 2661 4314 numerum
2694 4258 3046 4318 arithmetici
3105 4263 3620 4337 sesquioctavum.
3679 4267 3846 4326 Parit

387 4345 689 4401 stcmatice
721 4346 890 4416 (319),
942 4343 1003 4400 id
1041 4348 1128 4400 est
1180 4361 1318 4399 cum
1366 4342 1674 4400 intervallo
1728 4361 2042 4418 suspensa,
2075 4342 2113 4348 ”
2151 4361 2293 4402 vero
2321 4346 2417 4403 hic
2448 4362 2736 4404 numerus
2766 4364 3005 4419 sonum,
3037 4364 3221 4425 quem
3246 4357 3457 4410 tonum
3481 4355 3713 4414 musici
3737 4370 3845 4413 vo-

383 4418 567 4507 quam
600 4434 875 4489 canendo
907 4431 1354 4505 suspendimus,
1388 4432 1448 4487 in
1478 4448 1601 4505 qua
1648 4450 1770 4489 non
1819 4450 2044 4492 sermo-
2152 4446 2378 4491 cavere.
2408 4435 2636 4493 Sonum
2665 4452 2808 4495 vero
2839 4440 3302 4498 tonominorem
3319 4445 3551 4499 veteres
3572 4444 3845 4519 quidem

382 4524 580 4595 nibus,
616 4523 718 4578 sed
748 4522 1007 4579 modulis
1034 4522 1420 4588 inservimus;
1450 4520 1523 4578 de
1555 4540 1677 4596 qua
1707 4524 1891 4580 modo
1930 4541 2047 4581 ser-
2153 4523 2536 4581 semitonium
2568 4527 2829 4586 vocitare
2863 4528 3176 4587 voluerunt
3206 4549 3218 4587 :
3251 4531 3355 4589 sed
3385 4547 3510 4590 non
3550 4532 3641 4592 ita
3686 4535 3846 4593 acci-

382 4630 483 4669 mo
515 4617 799 4669 versatur.
2151 4612 2439 4686 piendum
2471 4620 2577 4686 est,
2610 4621 2675 4672 ut
2704 4617 2989 4675 dimidius
3018 4623 3196 4676 tonus
3226 4625 3485 4694 putetur,
3537 4624 3701 4697 quia
3728 4640 3847 4683 nec

2152 4703 2572 4761 semivocalem
2602 4704 2665 4761 in
2694 4705 2899 4763 litteris
2926 4724 3036 4782 pro
3065 4707 3382 4767 medietate
3411 4710 3651 4769 vocalis
3686 4716 3847 4772 acci-

2151 4791 2369 4865 pimus.
2404 4792 2626 4850 Deinde
2654 4800 2833 4852 tonus
2854 4811 2963 4870 per
2986 4801 3267 4856 naturam
3300 4797 3390 4856 sui
3419 4800 3481 4857 in
3523 4800 3661 4860 duo
3688 4801 3847 4862 divi-

2150 4880 2211 4937 di
2264 4881 2376 4938 sibi
2432 4882 2689 4957 aequalia
2730 4901 2852 4943 non
2905 4887 3140 4960 poterit.
3187 4892 3339 4945 Cum
3393 4888 3560 4946 enim
3601 4906 3688 4947 ex
3734 4902 3849 4947 no-

2148 4971 2392 5030 venario
2466 4989 2717 5033 numero
2791 4982 3044 5045 constet,
3119 4988 3338 5036 novem
3405 4983 3620 5038 autem
3677 4992 3849 5040 nun-

2146 5076 2332 5133 quam
2394 5062 2700 5136 aequaliter
2757 5063 3119 5136 dividantur,
3176 5071 3355 5125 tonus
3407 5068 3469 5126 in
3523 5067 3701 5128 duas
3758 5071 3851 5128 di-

2146 5147 2264 5206 vidi
2317 5151 2662 5210 medietates
2709 5160 2963 5213 recusat.
3021 5156 3134 5214 Sed
3186 5157 3573 5239 semitonium
3656 5174 3850 5220 voca.

2142 5244 2356 5296 verunt
2403 5257 2621 5298 sonum
2676 5248 2818 5301 tono
2873 5245 3191 5316 minorem,
3232 5264 3415 5322 quem
3456 5253 3583 5306 tam
3634 5264 3851 5327 parvo

2141 5327 2450 5386 intervallo
2493 5330 2713 5390 distare
2758 5333 3199 5409 deprehensum
3228 5344 3336 5409 est,
3376 5355 3565 5413 quam
3600 5339 3680 5399 hi
3714 5340 3851 5400 duo

2139 5437 2368 5515 passim
2390 5438 2450 5493 in
2480 5441 2889 5515 superioribus
2916 5442 3327 5515 scriptoribus.

2394 5508 2641 5595 ξυνεχῆς,
2677 5512 2751 5568 al.
2782 5508 3182 5595 ξθξζησυνᾶφιής,
3215 5516 3499 5595 male._ex
3525 5533 3727 5595 seqq.

2189 5581 2353 5667 $349)
2397 5581 2800 5667 ,Δέοξστηματυξὴ
2834 5581 3467 5667 ἱειθιζνεξὶὲίεμνθω)
3494 5581 3855 5667 οεὲἱὶῷνο-

2140 5652 2319 5721 nitur,
2349 5656 2415 5707 ut
2436 5652 2554 5723 hic,
2580 5652 2833 5728 ᾱηνσχὴς.
2861 5656 3008 5716 Cael.
3029 5659 3284 5732 Μ.
3302 5658 3352 5717 ,1.
3382 5652 3525 5729 v,'c.
3551 5664 3669 5719 24.

456 4707 538 4757 10.
581 4700 900 4757 Sciendum
958 4704 1179 4768 autem,
1234 4698 1399 4773 quod
1457 4716 1529 4755 ex
1576 4716 1723 4757 voce
1770 4705 1872 4757 aut
1901 4706 2044 4759 tono

378 4796 724 4865 procreatur
755 4790 1165 4846 consonantia.
1204 4789 1317 4845 Sed
1361 4794 1417 4845 et
1445 4788 1559 4846 hoc
1587 4788 2040 4861 attendendum,

376 4879 541 4954 quod
568 4879 626 4934 in
662 4879 754 4934 his
782 4876 1032 4934 vocibus
1062 4881 1165 4933 aut
1194 4877 1377 4950 sonis,
1404 4893 1539 4951 quas
1570 4878 1736 4934 nulla
1775 4878 2039 4953 inaequa-

374 4966 533 5022 litate
576 4966 939 5033 discordant,
992 4965 1159 5022 nulla
1208 4966 1455 5022 omnino
1495 4968 1889 5026 consonantia
1928 4975 2013 5027 est

374 5053 667 5111 Ditﬁnitur
693 5062 893 5113 autem
935 5055 1016 5112 ita
1043 5056 1432 5112 consonantia
1468 5074 1481 5111 :
1516 5059 1911 5115 consonantia
1954 5064 2043 5117 est

370 5144 749 5201 dissimilium
782 5146 933 5201 inter
960 5161 1020 5200 se
1054 5161 1271 5201 vocum
1319 5145 1379 5201 in
1410 5161 1600 5203 unum
1629 5147 1868 5204 redacta
1900 5165 2039 5206 con-

369 5232 592 5291 cordia.
627 5232 805 5289 Aliter
837 5252 849 5289 :
885 5233 1282 5289 consonantia
1312 5237 1397 5290 est
1424 5234 1581 5291 acuti
1629 5235 1757 5291 soni
1806 5238 2035 5307 gravis-

365 5341 483 5397 que
506 5323 775 5390 mistura,
798 5321 1060 5379 suaviter
1087 5320 1578 5398 uniformiterque
1605 5325 1851 5382 auribus
1883 5327 2034 5384 acci-

438 5433 583 5508 Ql?)
623 5433 703 5488 De
752 5430 987 5486 musico
1036 5430 1152 5508 hoc
1190 5429 1589 5508 instrumento
1635 5450 1846 5508 musa,
1864 5435 2031 5508 quod

362 5503 543 5560 Gallis
566 5500 935 5570 'comemuse,
970 5500 1144 5575 nobis
1190 5506 1488 5561 ulriculus
1533 5503 1767 5573 dicitur,
1813 5500 2028 5575 Cdclp-

354 5578 525 5646 feife,
559 5575 883 5645 Dudelfact
906 5587 932 5645 ;
966 5573 1092 5646 vid,
1125 5575 1212 5630 Du
1240 5576 1495 5633 CANGIL'S
1537 5576 1599 5632 in
1626 5575 1817 5633 Gloss.
1853 5573 2022 5634 med.

362 5644 589 5704 Latinit.
645 5663 701 5717 v,
754 5644 949 5704 Musa.
1004 5644 1136 5703 Alia
1181 5648 1432 5706 musicae
1480 5652 1685 5720 etyma
1734 5647 2033 5705 habentur
