3980 6182
175 233 267 289 m

1322 234 1412 289 DE
1452 232 1868 290 HARMONICA
1902 233 2416 297 INS'I’ITUTIONE.

3482 255 3588 314 396

179 351 399 444 numeri
422 352 573 444 inter
598 367 663 408 se
690 351 935 444 distant,
962 354 1024 411 id
1046 361 1139 412 est
1161 355 1420 415 ducenta
1455 356 1819 430 quadragin-
1846 360 1895 416 ι
1929 374 2003 415 ex
2031 362 2284 435 cpiti-tto,
2305 364 2368 420 id
2394 369 2508 436 est,
2527 367 3220 444 sesquitertio.Diapente
3247 388 3589 433 consonam

182 452 233 503 ta
256 442 382 508 tria,
408 445 469 498 et
491 441 756 499 ducenta
782 443 1238 518 quinquagenis
1265 464 1390 504 sex.
1426 451 1545 504 Hoc
1574 448 1817 504 semite-

184 534 334 592 ninm
362 532 741 603 Pythagorici
780 533 1033 605 quidam
1072 540 1301 594 veteres
1326 537 1519 594 dieein
1548 538 1822 594 nomina-

183 625 330 687 bant,
354 624 463 678 sed
486 638 748 695 sequens
787 640 937 683 usus
962 641 1182 682 sonum
1214 643 1276 684 se
1304 628 1600 684 minorem
1628 628 1821 685 diesin

186 710 468 769 constituit
499 711 961 768 nominandum.
992 714 1153 770 Plato
1186 716 1570 772 scmitonium
1612 716 1823 775 limma

246 889 340 945 ita
366 892 509 945 sunt
535 892 735 961 partes
758 888 819 945 in
849 890 1071 963 quibus
1102 892 1300 948 omnis
1322 893 1560 949 musica
1584 893 1826 950 resolvi-

184 984 283 1035 tur.
312 979 464 1036 Sunt
490 977 669 1049 igitur
696 978 964 1053 quinque
989 982 1388 1054 symphoniae,
1411 981 1473 1037 id
1499 986 1587 1039 est
1617 998 1827 1039 conso-

184 1067 425 1134 nantia;
464 1067 862 1135 diatessaron,
906 1069 1207 1142 diapente,
1246 1071 1567 1144 diapason,
1599 1075 1656 1128 et
1700 1071 1825 1128 dil-

183 1161 362 1232 pente,
392 1160 455 1213 et
499 1156 593 1214 bis
634 1156 950 1229 diapason.
978 1160 1328 1221 Consistunt
1367 1161 1572 1234 itaque
1614 1177 1828 1218 omnes

184 1246 412 1304 musices
434 1247 844 1303 consonantiae
871 1253 978 1305 aut
1000 1249 1063 1304 in
1088 1249 1338 1323 duplici,
1371 1256 1475 1307 aut
1504 1251 1564 1307 in
1594 1251 1825 1326 triplici,

181 1342 274 1395 aut
302 1336 367 1393 in
418 1335 783 1409 quadmpla,
815 1342 920 1393 aut
957 1337 1020 1394 in
1050 1340 1464 1412 sesquialtera,
1497 1344 1604 1397 aut
1645 1341 1706 1397 in
1736 1357 1827 1397 se-

181 1426 475 1500 squiterﬁa
525 1441 918 1482 numerorum
971 1429 1374 1501 proportione.
1418 1432 1672 1487 Vocatur
1718 1446 1827 1486 au-

181 1522 306 1583 tent,
330 1530 475 1589 quas
510 1516 575 1571 in
600 1517 871 1572 numeris
898 1523 993 1574 est
1029 1518 1421 1592 sesquitertia,
1452 1520 1827 1577 diatessaron

179 1604 453 1663 insonis:
503 1620 639 1678 quin
686 1605 747 1661 in
790 1606 1058 1665 numeris
1098 1608 1508 1681 sosquialtera,
1546 1608 1828 1683 diapente

1931 450 2011 507 tia
2052 459 2285 511 constat
2313 471 2388 512 ex
2432 456 2625 513 tribus
2661 458 2818 516 tonis
2867 464 2926 516 et
2966 462 3302 531 semitonio,
3332 467 3391 522 et
3418 464 3485 523 ﬁt
3510 465 3587 524 do

1930 540 2235 614 hemiolio,
2261 544 2323 600 id
2353 548 2460 618 est,
2490 544 2568 603 de
2598 546 2780 607 semis
2822 553 2881 606 et
2911 552 3071 611 tono.
3101 553 3250 611 Nam
3280 553 3464 613 Graeci
3494 570 3585 613 se-

1929 630 2046 691 mis
2092 632 2274 701 hemi,
2304 634 2489 695 hoton
2540 639 2733 697 totum
2768 637 2998 701 dicunt.
3033 641 3342 713 Diapason
3368 659 3583 703 conso-

1930 721 2140 781 nantia
2167 728 2401 785 constat
2425 724 2502 783 de
2528 741 2631 785 sex
2660 726 2836 797 tonis,
2856 731 2916 787 et
2941 728 3010 785 ﬁt
3034 729 3110 789 de
3126 729 3365 805 duplari
3386 748 3591 795 nume-

1929 825 2036 880 ro;
2088 811 2389 885 siquidem
2417 830 2490 877 ex
2518 816 2799 889 diapente
2824 821 2886 877 et
2907 816 3284 881 diatessaron
3317 821 3381 883 ﬁt
3424 839 3589 896 sym-

1932 900 2160 972 phonia
2185 902 2503 977 diapason.
2538 908 2686 965 Nam
2704 923 2891 981 supra
2914 913 3314 971 monstratum
3335 916 3447 977 est,
3462 912 3591 971 dia—

1932 993 2201 1051 tessaron
2243 1010 2313 1057 ex
2354 994 2596 1055 duobus
2634 996 2791 1055 tonis
2836 1001 2894 1054 et
2941 998 3281 1072 semitonio,
3309 999 3592 1077 diapente

1934 1094 2007 1139 ex
2056 1080 2245 1141 tribus
2289 1083 2444 1143 tonis
2489 1089 2550 1143 et
2597 1084 2912 1143 semitonio
2951 1091 3244 1160 constare,
3274 1087 3337 1145 id
3380 1093 3488 1157 est,
3518 1106 3591 1149 ex

1933 1168 2201 1242 quinque
2232 1172 2386 1233 tonis
2405 1178 2462 1233 et
2488 1173 2728 1233 duobus
2754 1174 3101 1236 semitoniis.
3135 1180 3348 1239 Verum
3380 1178 3590 1257 diapa-

1937 1275 2048 1319 son
2074 1266 2135 1321 et
2159 1261 2439 1335 diapente
2466 1269 2702 1325 constat
2729 1280 2802 1325 ex
2827 1281 3050 1323 novem
3080 1266 3234 1327 tonis
3262 1270 3321 1327 et
3346 1268 3592 1327 scmito-

1934 1348 2057 1417 nio,
2085 1354 2142 1405 et
2174 1349 2240 1406 ﬁt
2277 1351 2352 1406 de
2390 1352 2614 1424 triplari
2646 1369 2919 1409 numero.
2957 1353 3046 1409 Bis
3077 1355 3375 1430 diapason
3406 1357 3593 1419 conti-

1935 1440 2035 1495 net
2062 1436 2385 1499 duodecim
2419 1445 2610 1508 tonos,
2643 1447 2701 1503 et
2728 1442 2793 1500 ﬁt
2814 1459 2887 1505 ex
2914 1444 3275 1518 quadruplo.
3310 1449 3441 1505 Haec
3461 1447 3596 1522 jux-

1934 1529 1995 1582 ta
2024 1527 2413 1591 assertionem
2446 1530 2726 1589 Macrobii
2756 1532 2832 1591 de
2862 1533 3016 1591 tonis
3057 1533 3354 1593 diximus:
3391 1552 3596 1593 verum

1934 1614 2322 1677 Cassiodorus
2361 1617 2425 1675 in
2464 1618 2852 1679 saecularibus
2901 1621 3105 1683 litteris
3137 1623 3481 1697 quindecim
3514 1626 3596 1678 to-

177 1694 585 1769 appellatnrin
616 1695 900 1763 mollius;
928 1711 1066 1770 quin
1087 1697 1277 1771 dupla
1302 1698 1364 1754 in
1390 1701 1683 1770 numeris,
1704 1699 1830 1759 diae
1857 1712 1898 1763 ,ι
1934 1719 2045 1761 nos
2072 1721 2199 1763 esse
2220 1704 2502 1776 affirmat,
2521 1707 2858 1767 secundum
2879 1694 3200 1769 numerum
3227 1710 3593 1771 chordarum

177 1799 354 1859 paeon
409 1786 471 1842 in
513 1786 970 1853 consonantits;
1030 1787 1207 1859 tripla
1254 1803 1392 1845 vero
1436 1787 1719 1862 diapente
1757 1804 1827 1846 ae

176 1874 464 1950 diapason
490 1892 504 1942 ;
534 1874 879 1949 quadrupla
909 1881 1110 1933 autem
1136 1876 1230 1932 bis
1256 1877 1574 1951 diapason.

241 1968 543 2035 Agnoscat
569 1967 768 2021 autem
797 1964 1053 2036 diligens
1081 1964 1266 2022 lector
1299 1966 1467 2039 quod
1494 1982 1831 2025 consonam

179 2053 263 2109 tias
290 2051 703 2112 oonsonantiis
731 2055 1120 2128 superpositas
1169 2055 1318 2113 alias
1360 2057 1659 2129 quaedam
1686 2072 1831 2113 oon-

178 2142 478 2199 sanantias
526 2142 791 2199 effecere.
829 2147 975 2200 Nam
1030 2144 1312 2218 diapente
1360 2151 1417 2201 et
1458 2147 1830 2204 diatesseron

171 2232 387 2302 junctus
413 2232 709 2306 diapason
748 2235 1206 2291 consonantiam
1238 2241 1462 2292 creant.
1496 2237 1645 2292 Huic
1672 2251 1830 2306 vero,

175 2323 231 2377 id
270 2328 361 2379 est
396 2324 717 2397 diapason,
746 2324 801 2379 sl
844 2324 1129 2397 diapente
1171 2326 1479 2397 jungatur,
1508 2324 1577 2381 ﬁt
1620 2340 1834 2380 eooeoo

175 2413 374 2468 nantia
422 2428 561 2485 quae
611 2428 684 2467 ex
743 2414 1015 2485 utrisque
1060 2414 1373 2469 vocabulis
1424 2417 1833 2485 nuncupatur,

170 2499 467 2574 diapason
510 2501 732 2556 scilicet
777 2505 835 2556 et
878 2501 1179 2574 diapente.
1229 2502 1333 2557 Cui
1376 2502 1425 2557 si
1461 2502 1836 2558 diatessaron

172 2589 438 2655 additur,
462 2588 532 2644 tit
558 2588 651 2644 bis
681 2589 997 2662 diapason.

231 2676 393 2734 Illud
412 2680 702 2749 preter-ea
724 2677 1293 2750 setendnmqnod,si
1311 2678 1611 2752 diapason
1631 2683 1689 2735 et
1706 2678 1834 2737 dia-

169 2770 442 2822 tessaron
462 2765 816 2836 junguntur,
837 2766 1065 2825 nullam
1082 2765 1342 2823 eﬂeiant
1356 2767 1837 2823 consonantiam.

171 2856 378 2913 Statim
404 2854 577 2913 enim
600 2855 667 2909 in
692 2855 1137 2929 superpaionte
1160 2855 1587 2929 inasqnalitatis
1620 2871 1838 2927 genere

176 3122 505 3197 approbari
548 3123 758 3195 possit,
790 3122 1041 3193 longam
1076 3127 1167 3179 est
1214 3124 1329 3179 hoc
1380 3124 1515 3179 loco
1546 3122 1838 3182 inserere.

174 3214 457 3287 Quisquis
488 3216 695 3269 autem
742 3212 807 3269 id
848 3213 1084 3286 plenius
1136 3214 1291 3271 seire
1324 3213 1651 3283 desiderat,
1682 3214 1843 3285 legat

175 3302 510 3358 secundum
532 3302 715 3359 Boetil
738 3301 960 3358 librum
976 3302 1056 3358 de
1076 3302 1442 3359 institutione
1464 3302 1837 3360 harmoniea.

176 3392 285 3447 lloc
304 3395 517 3448 tamen
543 3406 735 3447 unum
763 3390 1014 3448 breviter
1031 3407 1540 3449 commemorasse
1560 3391 1838 3459 suﬁciat,

174 3480 330 3552 quod
355 3481 438 3537 ab
456 3479 875 3553 inequaIibus
899 3480 1166 3537 numeris
1192 3482 1515 3539 concordia
1534 3482 1601 3538 ﬁt
1629 3496 1843 3538 conso-

174 3569 541 3627 nantiamm.
579 3572 727 3635 Quae
758 3585 898 3625 vero
921 3576 1063 3625 sunt
1089 3570 1411 3643 inaequalia
1447 3562 1843 3627 numerorum

174 3673 384 3727 genere
411 3659 697 3734 quinque
735 3659 889 3715 inter
926 3675 987 3715 se
1033 3659 1229 3715 modis
1256 3660 1619 3716 dissentiunt
1642 3660 1706 3715 in
1730 3674 1844 3715 sua

174 3746 602 3822 inrequalitate.
629 3747 747 3802 Aut
772 3747 934 3803 enim
960 3747 1216 3803 alterum
1245 3747 1324 3802 ab
1354 3747 1539 3803 altero
1568 3746 1846 3821 multipli-

173 3834 337 3892 eitate
356 3834 842 3903 unnsoenditnr,
866 3840 970 3892 aut
998 3835 1248 3906 singulis
1272 3835 1567 3908 partibus,
1593 3838 1697 3892 aut
1719 3833 1849 3907 plu-

173 3922 353 3993 ribus,
380 3929 496 3982 ant
524 3923 970 3996 multiplicitate
993 3927 1052 3979 et
1076 3926 1266 3996 parte,
1291 3926 1395 3980 aut
1418 3921 1847 3997 multiplicitate

173 4016 227 4070 et
249 4015 552 4088 partibus.
586 4014 654 4069 Si
674 4013 814 4087 quis
840 4016 1040 4070 autem
1061 4012 1177 4069 has
1206 4012 1683 4086 inaequalitatum
1710 4026 1847 4086 spe-

174 4101 283 4158 cies
312 4104 714 4161 considerare
736 4101 1060 4171 desiderat,
1081 4100 1347 4175 primum
1364 4101 1552 4159 Boetii
1572 4101 1632 4158 in
1662 4099 1850 4158 Lrith-

173 4192 379 4251 metica
405 4193 655 4251 librum
684 4191 860 4263 legat.

234 4282 592 4339 Notandum
632 4284 834 4337 autem
878 4280 1045 4354 quod
1092 4296 1166 4337 ex
1196 4278 1554 4354 supradictis
1582 4280 1849 4353 quinque

171 4366 665 4443 ina-qualitatum
713 4366 1032 4438 generibus
1074 4368 1205 4423 duo
1230 4370 1466 4423 tantum
1496 4365 1577 4423 ad
1604 4367 1848 4423 harmo-

1936 1809 2069 1869 quae
2099 1800 2406 1868 ponuntur
2430 1795 2495 1855 in
2523 1795 2617 1855 bis
2643 1795 2938 1871 diapason
2980 1799 3411 1869 consonantia;
3442 1815 3598 1875 quos

1936 1881 2485 1947 demonstrabimus
2512 1886 2575 1945 in
2602 1884 3106 1963 subsequentibus
3134 1905 3292 1954 cum,
3327 1888 3401 1944 de
3433 1889 3600 1945 chor-

1937 1970 2028 2033 dis
2048 1976 2110 2033 et
2139 1989 2349 2033 earum
2377 1973 2725 2035 nominibus
2756 1976 3115 2052 cmperimus
3147 1982 3416 2037 tractare.

2014 2065 2032 2122 l
2050 2066 2097 2121 1.
2136 2061 2463 2123 Sciendum
2492 2080 2633 2122 vero
2660 2065 2826 2141 quod
2877 2082 3036 2141 saepe
3064 2065 3234 2125 dictae
3268 2082 3603 2125 consonan-

1936 2148 2028 2205 tiae
2092 2167 2484 2230 nequaquam
2548 2158 2691 2211 sunt
2742 2154 3012 2213 humano
3050 2153 3597 2226 iugenioinveutm,

1940 2238 2042 2297 sed
2075 2238 2279 2301 divino
2308 2241 2579 2315 quodam
2610 2246 2758 2301 nutu
2780 2243 3133 2315 Pythagorae
3166 2246 3303 2298 sunt
3325 2247 3598 2298 ostensee.

1944 2328 2206 2401 Denique
2260 2346 2400 2389 cum
2454 2331 2617 2389 idem
2692 2331 3089 2407 philosophus
3136 2331 3398 2387 ardentis
3452 2335 3605 2388 esset

1939 2415 2180 2489 ingenii,
2216 2417 2440 2495 diuque
2485 2423 2748 2479 aestuans
2794 2418 3138 2493 inquireret,
3188 2437 3458 2495 quanam
3506 2437 3602 2477 ra-

1941 2503 2101 2565 tione
2130 2505 2376 2565 tirmiter
2422 2511 2479 2567 et
2528 2512 2867 2567 constanter
2914 2510 3446 2569 consonantiarum
3492 2511 3601 2581 [ιιι.

1944 2596 2367 2667 monumenta]
2448 2601 2756 2652 momenta
2826 2595 3218 2669 perdisceret.
3281 2599 3495 2657 accidit
3532 2591 3609 2655 'ut

1944 2679 2287 2749 prieteriens
2347 2679 2658 2737 fabrorum
2728 2679 3000 2737 ofﬁcinas
3070 2680 3281 2756 pulsos
3358 2682 3606 2739 malleos

1945 2766 2271 2837 exaudiret,
2300 2784 2373 2823 ex
2402 2767 2652 2824 diversis
2698 2768 2861 2825 sonis
2912 2785 3098 2825 unam
3147 2769 3608 2843 quodammodo

1945 2857 2399 2914 convenentiam
2430 2861 2842 2930 personantes.
2878 2857 3057 2928 Igitur
3082 2858 3159 2916 ad
3186 2858 3267 2929 id,
3301 2859 3469 2933 quod
3500 2860 3604 2931 [αι.

1946 2942 2071 3015 diu]
2111 2945 2439 3017 quaerebat,
2467 2945 2752 3002 attonitus
2781 2947 3028 3002 accessit
3056 2945 3135 3003 ad
3167 2962 3345 3020 opus,
3381 2947 3608 3020 diuque

1947 3032 2334 3090 considerans
2389 3034 2710 3092 arbitratus
2761 3039 2852 3091 est
2880 3034 3281 3093 diversitatem
3326 3040 3609 3093 tonorum

1948 3122 2283 3180 ferientium
2317 3124 2467 3181 vires
2499 3124 2750 3181 efﬁcere.
2787 3128 2852 3182 Et
2881 3130 2945 3181 ut
2972 3126 3086 3182 hoc
3116 3130 3450 3201 appareret,
3482 3144 3611 3183 mu-

1949 3211 2058 3267 tari
2088 3211 2240 3267 inter
2271 3228 2334 3268 se
2363 3212 2613 3269 malleos
2640 3213 2975 3287 imperavit.
2992 3213 3225 3281 Quibus
3250 3215 3495 3272 mutatis
3519 3232 3615 3272 so-

1948 3315 2166 3356 norum
2210 3300 2524 3358 diversitas
2554 3302 2632 3359 ab
2663 3301 3009 3359 hominibus
3033 3303 3321 3360 recedens
3358 3304 3611 3361 malleos

1951 3390 2333 3463 sequebatur.
2367 3394 2528 3447 Tunc
2574 3407 2817 3447 omnem
2849 3408 3056 3448 curam
3089 3394 3164 3449 ad
3206 3394 3477 3465 pondera
3519 3409 3615 3449 eo-

1948 3495 2083 3533 rum
2115 3479 2522 3535 examinanda
2544 3480 2874 3535 ‘convertit.
2912 3483 2976 3534 Et
3012 3479 3287 3536 inventus
3316 3486 3404 3536 est
3433 3497 3613 3552 unus,

1949 3568 2055 3640 qui
2084 3568 2277 3637 major
2305 3571 2450 3636 erat,
2480 3566 2801 3623 duodecim
2827 3567 3190 3640 ponderum,
3219 3568 3367 3623 alter
3395 3584 3613 3623 novem

1950 3656 2311 3729 ponderum,
2346 3655 2547 3710 tertius
2573 3660 2728 3724 octo,
2753 3659 3005 3727 quartus
3034 3671 3157 3710 sex.
3184 3655 3366 3725 Igitur
3389 3657 3451 3712 hi
3471 3655 3618 3712 mal-

1950 3743 2047 3812 lei,
2078 3742 2181 3815 qui
2212 3740 2533 3797 duodecim
2581 3746 2638 3798 et
2676 3757 2777 3797 sex
2810 3742 3154 3815 ponderum
3180 3747 3374 3816 erant,
3402 3741 3615 3815 diapa-

1957 3847 2068 3887 son
2099 3831 2159 3887 in
2189 3829 2377 3903 duplo
2418 3831 2876 3887 consonantiam
2914 3828 3341 3903 personabant.
3372 3831 3616 3891 lalleus

1955 3919 2278 3977 duodecim
2306 3918 2647 3992 ponderum
2680 3919 2759 3976 ad
2796 3919 3084 3977 malleum
3110 3937 3347 3992 norem,
3376 3925 3437 3979 et
3463 3921 3617 3979 mal-

1954 4011 2083 4067 leus
2112 4013 2247 4066 octo
2275 4009 2617 4083 ponderum
2664 4009 2742 4065 ad
2791 4008 3077 4067 malleum
3124 4028 3233 4068 sex
3278 4011 3618 4086 ponderum

1952 4101 2291 4160 secundum
2342 4101 2670 4174 epit-itam,
2729 4101 2789 4159 id
2836 4106 2948 4170 est,
3001 4102 3438 4181 sosqnitertiam
3484 4120 3622 4180 pro-

1956 4195 2291 4265 portionem
2367 4191 2741 4251 diatessaron
2812 4192 3275 4253 consonantiam
3348 4193 3623 4253 concine-

1956 4282 2123 4339 bant.
2150 4285 2374 4338 Novem
2407 4285 2609 4339 autem
2653 4281 2728 4340 ad
2763 4286 2896 4341 octo
2926 4282 2988 4339 in
3030 4282 3452 4355 sesquioctava
3478 4300 3622 4363 pro-

1958 4371 2233 4445 portione
2258 4371 2626 4429 resonebant
2652 4376 2883 4430 tonum.
2914 4372 3100 4443 igitur
3118 4373 3491 4445 Pythagoras
3521 4373 3627 4433 do-

169 4456 326 4515 nicas
352 4458 617 4518 tamen
627 4456 738 4513 das
762 4457 1195 4513 consonantiae
1217 4460 1631 4527 assumuntur,
1650 4456 1712 4511 id
1735 4460 1846 4522 est,
1878 4456 1920 4473 "
1961 4477 2132 4519 mum
2158 4475 2436 4518 reversus
2460 4460 2631 4518 varia
2642 4459 3093 4519 examinatione
3114 4460 3431 4532 perpendit
3457 4460 3624 4535 quod

172 4545 478 4621 multiplex
533 4552 598 4604 et
656 4545 1234 4619 superparticularis.
1269 4544 1563 4619 Multiplex
1596 4544 1697 4601 ille
1739 4560 1852 4600 ωιλ-
1960 4550 2023 4607 in
2049 4548 2412 4625 supradictis
2436 4546 2923 4607 dimensionibus
2948 4551 3069 4609 tota
3096 4546 3447 4607 consisteret
3468 4564 3629 4623 sym-

174 4650 367 4693 merns
391 4638 635 4695 dicitur
676 4635 784 4709 qui
820 4636 1118 4692 minorem
1165 4648 1489 4692 numerum
1530 4634 1721 4709 duplo
1754 4637 1859 4691 aut
1962 4639 2330 4712 phoniarnm
2381 4639 2555 4707 ratio,
2611 4653 2773 4696 nunc
2824 4635 3078 4710 quidem
3128 4652 3310 4709 aqua
3354 4635 3630 4711 pondera

176 4726 519 4802 quadruplo
581 4726 650 4783 in
705 4741 768 4781 se
814 4725 1097 4783 continet.
1132 4727 1199 4781 Et
1247 4740 1321 4781 ex
1368 4725 1484 4781 hoc
1520 4723 1859 4781 formantur
1960 4727 2204 4787 chordis
2230 4731 2472 4801 aptans,
2488 4741 2825 4799 earumque
2849 4723 3276 4785 consonantiae
3302 4740 3446 4783 aure
3476 4724 3634 4799 diju-

178 4812 469 4889 diapason
498 4815 951 4874 consonantiae.
983 4814 1551 4889 Superparticnlaris
1581 4828 1726 4870 vero
1761 4812 1859 4870 ille
1962 4814 2206 4884 dicens;
2238 4831 2402 4875 nunc
2430 4829 2574 4872 vero
2616 4815 2679 4872 in
2721 4811 3095 4885 longitudine
3133 4811 3509 4872 calamorum
3536 4810 3632 4873 vel

180 4914 462 4965 numerus
488 4906 728 4964 dicitur
766 4906 872 4979 qui
900 4905 1200 4962 minorem
1226 4919 1551 4961 numerum
1580 4906 1773 4960 totum
1798 4903 1860 4960 in
1964 4904 2304 4963 ﬁstularum
2326 4892 2737 4977 duplieitatem
2762 4901 3263 4976 medietatemque
3275 4901 3369 4960 vel
3393 4906 3637 4961 caeteras

180 4993 954 5069 sehabet,etinsuperejus
969 4994 1482 5061 medietatem,ant
1500 4992 1734 5049 tertiana
1760 4996 1865 5049 aut
1966 4994 2388 5068 proportiones
2412 4996 2655 5067 aptans,
2674 5006 2841 5064 saepe
2866 4989 3050 5051 etiam
3076 4988 3363 5063 cymbala
3386 4987 3635 5047 diversis

181 5087 453 5143 octavam
484 5089 759 5159 partem.
792 5085 862 5139 Et
888 5097 966 5139 ex
992 5083 1110 5139 hoc
1154 5085 1554 5157 procreantur
1582 5080 1864 5155 diapente
1969 5083 2229 5141 formata
2253 5081 2626 5157 ponderibus
2655 5079 2991 5141 scoriadam
3032 5094 3218 5153 supra
3246 5078 3637 5153 comprehen-

183 5174 234 5226 σι
256 5172 657 5232 ὥιωεεαωιι
689 5171 1119 5239 consonantiae,
1152 5186 1391 5229 necnon
1443 5170 1623 5228 etiam
1668 5174 1861 5227 tonus.
1968 5189 2112 5234 sum
2141 5171 2397 5229 modum
2420 5169 2699 5235 malleolo
2727 5167 3086 5241 percutiens.
3112 5170 3194 5229 Ex
3217 5166 3316 5227 his
3349 5166 3641 5225 omnibus

184 5260 426 5322 Proinde
471 5264 639 5321 scire
694 5260 997 5332 convenit,
1036 5276 1160 5317 non
1209 5275 1388 5335 posse
1442 5259 1701 5335 perfecte
1739 5258 1868 5316 ﬁeri
1969 5261 2421 5331 integerrimi]:
2448 5258 2637 5319 ﬁdem
2662 5257 2902 5317 diversa
2922 5255 3286 5331 experientia
3313 5255 3567 5328 collegit,
3589 5257 3646 5315 et

183 5352 501 5425 musicum,
560 5351 695 5410 nisi
745 5354 923 5409 antea
972 5351 1151 5409 fuerit
1204 5350 1591 5409 arithmeticis
1644 5349 1867 5419 regulis
1973 5349 2122 5407 nihil
2150 5365 2280 5406 sese
2309 5347 2604 5405 invenisse
2633 5346 2939 5407 diversum
2966 5346 3143 5407 valde
3168 5346 3497 5407 delectatus
3529 5346 3642 5400 est.

186 5437 430 5511 βυθίων
456 5443 808 5502 institutus.
1976 5444 2181 5512 itaque
2209 5437 2356 5512 quia
2373 5437 2436 5494 in
2462 5437 2591 5509 jam
2616 5452 2775 5510 stupe
2806 5435 3027 5495 notatis
3053 5434 3466 5495 consonantiis
3497 5431 3646 5492 divi—

248 5532 349 5588 His
376 5530 716 5590 incidendi
747 5532 939 5602 gratia
960 5531 1309 5605 prtemissis,
1340 5530 1620 5604 praefatae
1661 5543 1875 5586 consoo
1976 5544 2060 5586 no
2106 5542 2355 5585 munere
2397 5524 2656 5598 cognitis
2702 5525 2884 5587 totius
2911 5525 3283 5585 humaniore
3312 5522 3643 5597 disciplinae

184 5621 415 5680 nuntias
442 5638 563 5698 per
584 5626 780 5679 tonos
801 5620 1215 5679 discutiamus.
1238 5621 1621 5678 [Hatessaron
1652 5633 1875 5676 coneoo
1980 5633 2222 5708 summa
2263 5615 2548 5683 consistit,
2578 5619 2815 5708 oportet
2842 5620 2906 5676 ut
3186 5618 3367 5708 atque
3397 5608 3646 5708 auribus

188 5693 1690 5778 ωὼιωάοάηοδωωιιηιωωίκηίο,
1723 5708 1881 5766 αα
1984 5693 3654 5767 ειη-ωαηωοηίωὴιοοωϋοηοοιεοίωιίααοι·
