3980 6182
305 169 416 225 497

1490 174 1580 228 DE
1619 168 2026 227 HARMONICA
2063 168 2564 227 lNSTITUTIONE.

3631 174 3734 228 498

308 306 450 346 cum
478 291 926 363 quintadecima
965 300 1206 352 resonat
1251 296 1344 353 bis
1400 297 1694 370 diapason
1749 309 1962 351 conso-
1997 299 2044 351 Α
2073 295 2253 350 Porro
2281 293 2580 367 diapason
2611 299 2668 352 et
2687 294 2967 369 diapente
2989 295 3388 352 consonantia
3417 295 3730 363 formatur,

308 382 600 436 nentiam.

382 472 526 524 Ecce
551 469 740 525 habes
763 470 823 526 in
852 471 1197 544 quindecim
1237 474 1478 529 chordis
1530 489 1741 530 omnes
1790 476 1962 528 tonos

304 560 364 613 et
391 574 604 613 omnes
631 561 1074 618 consonantias.
1111 562 1454 631 Diligentius
1483 568 1683 619 autem
1712 559 1963 617 intuenti

302 646 552 702 musicae
604 647 938 720 disciplinae
1015 650 1423 722 subtilitatem,
1501 667 1622 708 non
1701 649 1960 722 amplius

302 751 495 807 quam
519 736 788 809 quinque
815 740 1191 796 tetrachorda
1213 741 1608 814 reperiuntur,
1640 741 1698 796 id
1719 745 1825 806 est,
1858 739 1965 809 hy-

299 829 510 896 paton,
534 841 766 892 meson,
799 841 1257 898 synemmenon,
1301 828 1799 899 diezeugmenon,
1856 827 1963 898 hy-

298 913 652 985 perboleon.
685 917 940 971 Possunt
961 920 1162 971 autem
1192 915 1273 972 ita
1302 916 1693 990 interpretari,
1717 921 1780 973 ut
1811 915 1964 971 acci-

299 1003 543 1075 piamus
572 1004 831 1076 hypatas
883 1005 1258 1078 principales,
1302 1022 1503 1063 mesas
1550 1008 1801 1074 medias,
1865 1023 1961 1077 sy-

296 1108 657 1149 nemmenas
681 1094 1054 1164 conjunctas,
1095 1095 1556 1166 diezeugmenas
1603 1097 1959 1168 disjunctas,

296 1182 701 1254 hyperboleas
721 1183 1096 1240 excellentes.
1130 1187 1272 1251 Quae
1302 1187 1508 1244 omnia
1554 1188 1670 1243 hoc
1717 1187 1778 1242 in
1829 1186 1962 1242 loco

293 1272 588 1344 prolixius
614 1276 701 1328 est
727 1271 1164 1330 demonstrare.
1208 1278 1334 1331 Non
1388 1276 1549 1332 enim
1602 1276 1780 1332 totius
1827 1277 1962 1332 har-

295 1361 552 1418 monicaa
580 1361 966 1418 institutionis
986 1363 1419 1436 plenitudinem
1449 1368 1877 1440 proposuimus
1899 1366 1962 1421 in

295 1453 411 1508 hac
437 1451 688 1524 epistola
717 1453 1058 1525 explanare,
1083 1470 1222 1510 cum
1252 1457 1381 1526 ejus
1401 1456 1751 1529 perplexam
1779 1455 1962 1512 subti-

293 1541 523 1597 litatem
585 1542 681 1596 vix
733 1542 985 1598 valuerit
1035 1543 1285 1613 insignis
1339 1549 1545 1601 auctor
1611 1547 1844 1602 Boetius
1897 1546 1957 1601 in

293 1631 565 1702 quinque
605 1630 769 1686 libris
813 1631 1130 1704 explicare.
1179 1633 1325 1691 lllud
1365 1638 1598 1691 tantum
1650 1641 1953 1708 notamus,
1983 1653 2028 1706 Β

293 1720 464 1792 quod
492 1720 777 1792 praedicta
803 1722 1178 1779 tetrachorda
1225 1728 1411 1796 quina
1468 1725 1526 1779 in
1575 1725 1780 1794 viginti
1819 1730 1954 1782 octo

294 1809 538 1865 chordis
565 1811 984 1867 extenduntur.

373 1903 456 1955 t6.
491 1903 622 1955 Haec
652 1900 726 1955 de
757 1901 1021 1968 chordis,
1054 1907 1108 1957 et
1139 1918 1348 1959 earum
1394 1904 1742 1960 nominibus
1798 1921 1952 1977 prte-

293 1987 540 2044 missis:
571 1989 698 2059 jam
730 1993 966 2062 tempus
1014 1995 1122 2058 est,
1174 1996 1241 2046 ut
1292 1992 1366 2048 de
1420 1994 1952 2050 consonantiarum

291 2077 626 2148 vocabulis,
653 2093 981 2151 earumque
1004 2079 1255 2135 vocibus
1284 2085 1526 2154 propter
1551 2083 1752 2138 minus
1783 2083 1953 2140 intel-

293 2167 548 2236 ligentes
603 2167 787 2239 paulo
833 2168 1073 2240 planius
1129 2174 1187 2224 et
1235 2171 1498 2241 apertius
1562 2172 1952 2230 disseramus.

292 2257 658 2328 Quanquam
689 2256 848 2311 enim
879 2257 1107 2328 omnia,
1147 2275 1282 2330 quae
1313 2259 1392 2314 ad
1430 2261 1728 2316 musicam
1781 2263 1955 2333 perti-

292 2350 456 2410 nent,
491 2361 564 2400 ex
590 2345 855 2401 maxima
896 2351 1063 2418 parte
1123 2348 1398 2418 superius
1449 2352 1953 2406 commemoravi-

290 2451 452 2504 mus,
487 2439 689 2490 tamen
715 2435 860 2506 quia
890 2435 1139 2491 nomina
1187 2439 1389 2492 Graeca
1433 2444 1592 2504 sunt,
1660 2440 1956 2511 exposito-

290 2539 426 2579 rem
447 2524 778 2595 requirunt.
812 2525 1198 2580 Diatessaron
1228 2525 1406 2594 igitur
1443 2529 1639 2582 Graece
1687 2544 1762 2584 ex
1812 2545 1956 2600 qua-

288 2619 439 2667 tuor
471 2611 670 2667 Latine
691 2611 806 2667 dici
844 2618 1040 2684 potest
1072 2631 1084 2668 :
1116 2630 1239 2670 non
1269 2631 1340 2671 ea
1371 2616 1619 2688 ratione,
1659 2619 1824 2690 quod
1881 2635 1954 2675 ex

285 2705 557 2774 quatuor
597 2706 826 2758 constet
855 2703 1120 2759 numeris
1157 2704 1251 2760 vel
1303 2706 1597 2777 partibus,
1654 2723 1793 2764 cum
1847 2708 1950 2765 ﬁat

287 2790 367 2845 de
395 2789 676 2854 hemiolo,
709 2790 770 2845 id
787 2795 894 2856 est,
924 2807 997 2846 ex
1025 2794 1203 2848 semis
1227 2799 1284 2848 et
1319 2799 1440 2850 toto
1475 2813 1487 2861 ;
1541 2796 1645 2851 sed
1702 2797 1849 2868 quia
1879 2813 1950 2853 ex

291 2882 554 2950 quatuor
580 2879 744 2934 sonis
771 2879 863 2935 vel
895 2880 1146 2936 vocibus
1167 2887 1326 2938 certo
1353 2884 1545 2955 spatio
1574 2885 1726 2940 inter
1775 2901 1836 2940 se
1866 2886 1952 2941 di-

289 2966 586 3064 stantibus
617 2967 945 3024 conﬁcitur.
985 2973 1079 3024 Est
1105 2970 1304 3064 itaque
1337 2971 1708 3064 diatessaron
1741 2990 1954 3032 conso-
1980 3007 2022 3064 ο

287 3057 494 3112 nantia
512 3060 981 3131 vocumquidem
998 3062 1733 3132 quatuor,intervallorum
1749 3065 1945 3122 trium.

295 3146 456 3211 Quid
481 3147 554 3202 sit
571 3146 1162 3222 intervallum,supra
1189 3156 1588 3208 monstratum
1626 3158 1732 3222 est,
1756 3154 1816 3210 id
1841 3159 1946 3218 est,

289 3234 425 3290 soni
442 3234 598 3290 acuti
614 3236 931 3310 gravisque
943 3237 1399 3295 distantia.Cum
1415 3239 1615 3313 itaque
1627 3242 1822 3313 major
1832 3259 1949 3298 vox

287 3321 585 3378 minorem
611 3339 841 3394 vocem,
862 3325 958 3381 vel
979 3326 1174 3396 major
1205 3342 1390 3382 sonus
1411 3329 1705 3385 minorem
1729 3347 1946 3386 sonum

286 3415 480 3467 totum
509 3412 569 3468 in
601 3429 662 3468 se
694 3413 976 3485 continet,
1026 3419 1083 3470 et
1138 3403 1386 3488 insuper
1427 3419 1658 3474 tertiam
1715 3424 1948 3491 partem

285 3499 539 3556 minoris
562 3501 726 3556 vocis
749 3507 848 3557 aut
879 3503 1021 3568 toni,
1065 3503 1434 3561 diatessaron
1489 3508 1946 3564 consonantiam

284 3593 469 3648 creat.
492 3588 676 3661 ﬁtque
703 3606 940 3662 semper
976 3592 1036 3647 in
1063 3597 1279 3664 quarta
1305 3595 1532 3650 chorda
1568 3615 1579 3658 ;
1621 3597 1881 3670 denique
1912 3614 1948 3654 a

280 3677 936 3749 proslambanomenos
965 3680 1042 3736 ad
1072 3681 1344 3738 lichanos
1391 3684 1663 3756 hypaton
1709 3691 1949 3742 resonat

279 3766 679 3835 diatessaron,
709 3773 773 3824 ut
796 3785 979 3840 supra
999 3775 1402 3827 monstratum
1433 3779 1542 3829 est.

355 3857 650 3925 Diapente
679 3856 1096 3929 interpretatur
1117 3875 1191 3915 ex
1213 3862 1492 3931 quinque,
1515 3863 1617 3917 dia.
1649 3865 1844 3918 Graece
1873 3879 1949 3920 ea:

281 3945 628 4016 praepositio
672 3950 778 4012 est,
801 3953 995 4015 perite,
1045 3950 1324 4018 quinque.
1385 3949 1664 4022 Diape‘nte
1709 3952 1943 4019 dicitur,

276 4048 352 4087 eo
380 4032 548 4105 quod
568 4049 639 4088 ex
662 4034 931 4107 quinque
957 4035 1209 4090 vocibus
1239 4042 1342 4092 aut
1372 4037 1534 4093 sonis
1565 4038 1942 4111 perﬁciatur;

273 4125 491 4193 estque
516 4136 732 4176 vocum
761 4121 1004 4193 quidem
1027 4122 1316 4196 quinque,
1336 4124 1784 4183 intervallorum
1802 4145 1944 4184 vero

272 4214 558 4281 quatuor.
595 4209 772 4279 Igitur
800 4211 1049 4283 quando
1088 4213 1285 4283 major
1329 4230 1447 4269 vox
1487 4215 1786 4272 minorem
1843 4235 1941 4274 vo-

274 4314 408 4354 cem
441 4303 563 4354 tota
591 4298 681 4353 sui
713 4300 993 4370 prlecedit
1035 4301 1387 4373 quantitate,
1443 4310 1499 4360 et
1557 4306 1804 4379 insuper
1847 4324 1940 4362 su-

273 4393 500 4461 peratae
526 4388 690 4444 vocis
718 4389 1101 4446 medietatem
1132 4394 1512 4460 transcendit,
1547 4395 1670 4451 sive
1698 4396 1758 4451 in
1804 4412 1941 4454 acu-

274 4477 440 4533 mine
466 4477 585 4533 sive
615 4477 674 4532 in
707 4477 1012 4549 gravitate,
1051 4479 1180 4560 haec
1236 4483 1601 4554 symphonia
1657 4484 1938 4558 diapente

273 4567 514 4634 dicitur,
547 4566 732 4640 fitque
764 4583 1004 4640 semper
1032 4568 1094 4624 in
1119 4570 1328 4641 quinta
1374 4572 1622 4628 chorda.
1680 4577 1828 4630 Nam
1876 4575 1940 4630 li-

273 4655 509 4710 chanos
530 4655 802 4727 hypaton
825 4655 902 4711 ad
933 4657 1444 4730 mesen,diapente
1479 4663 1936 4719 consonantiam

271 4751 534 4800 resonat.

345 4835 652 4903 Diapason
685 4835 1055 4908 interpretari
1082 4840 1276 4908 potest
1303 4852 1378 4894 ex
1403 4838 1691 4908 omnibus,
1710 4856 1783 4895 ex
1813 4856 1936 4897 om-

269 4923 454 4979 nibus
478 4923 640 4980 enim
672 4923 1024 4991 semitoniis,
1083 4925 1237 4980 tonis
1299 4932 1355 4982 et
1401 4929 1810 4984 consonantiis
1848 4930 1914 4986 ﬁt

271 5011 584 5083 Siquidem
608 5028 680 5068 ex
712 5012 990 5085 diapente
1021 5018 1077 5068 et
1104 5013 1481 5069 diatessaron
1527 5022 1758 5073 constat
1811 5019 1934 5075 dia-

268 5117 490 5173 pason.
528 5101 704 5170 Igitur
741 5101 991 5174 quando
1021 5104 1216 5173 major
1246 5120 1358 5159 vox
1385 5105 1678 5162 minorem
1719 5124 1929 5165 vocem

266 5189 456 5262 dupla
489 5191 578 5245 sui
619 5191 949 5262 quantitate
999 5198 1259 5263 superat,
1311 5193 1433 5249 sive
1481 5195 1538 5249 in
1587 5199 1929 5254 extensione

265 5279 588 5344 acuminis,
622 5279 744 5334 sive
770 5279 830 5334 in
861 5280 1210 5335 remissione
1247 5282 1569 5352 gravitatis,
1620 5285 1747 5340 haec
1797 5287 1929 5342 talis

267 5370 636 5441 symphonia
666 5368 1002 5442 appellatur
1039 5370 1355 5442 diapason,
1386 5373 1571 5444 ﬁtque
1601 5390 1838 5447 semper
1866 5376 1927 5430 in

265 5463 485 5514 octava
505 5459 752 5514 chorda.
783 5462 930 5514 Nam
974 5459 1625 5531 proslambanomenos
1672 5464 1750 5519 ad
1798 5480 1925 5519 me-

263 5563 394 5614 sen,
425 5546 721 5619 diapason
747 5547 1205 5603 consonantiam
1234 5555 1491 5616 resonat,
1533 5556 1738 5624 estque
1768 5553 1926 5626 prin-

261 5635 516 5708 cipalior
568 5641 745 5710 atque
799 5636 1207 5697 honorabilior
1233 5640 1455 5694 caeteris
1494 5641 1919 5698 consonantiis.

1968 4359 2016 4414 D

2073 399 2213 439 cum
2239 385 2436 455 major
2461 401 2578 441 vox
2603 385 2698 441 vel
2726 401 2912 442 sonus
2941 386 3237 442 minorem
3265 401 3478 441 vocem
3506 387 3601 441 vel
3642 402 3735 441 so-

2072 487 2221 528 num
2246 473 2421 545 tripla
2452 474 2545 529 sui
2572 474 2905 547 quantitate
2935 474 3305 531 transcendit
3342 474 3404 530 in
3453 473 3731 532 acumine

2073 564 2175 616 aut
2204 561 2511 630 gravitate,
2535 562 2721 634 ﬁtque
2753 578 2994 635 semper
3007 563 3068 618 in
3090 562 3454 619 duodecima
3477 561 3728 619 chorda.

2076 649 2338 722 Denique
2363 651 3008 723 proslambanomenos
3046 651 3125 707 ad
3159 656 3337 708 neten
3363 652 3731 722 diezeugme-

2071 755 2197 796 non
2217 740 2513 813 diapason
2539 746 2597 798 et
2633 741 2912 815 diapente
2969 743 3428 800 consonantiam
3470 747 3728 798 resonat.

2072 829 2473 900 Bisdiapason
2499 831 2894 888 consonantia
2946 830 3180 899 dicitur,
3234 831 3484 903 quando
3536 831 3732 902 major

2071 932 2190 972 vox
2217 917 2308 973 vel
2357 934 2542 974 sonus
2587 918 2882 975 minorem
2911 934 3120 975 vocem
3173 918 3266 973 vel
3320 935 3538 976 sonum
3585 935 3730 992 qua-

2071 1004 2289 1078 drupla
2319 1006 2411 1062 sui
2431 1007 2765 1078 quantitate
2795 1006 3026 1064 excedit
3055 1006 3117 1061 in
3147 1005 3448 1075 acumine,
3473 1010 3577 1062 aut
3600 1021 3731 1076 gra-

2073 1094 2285 1163 vitate;
2325 1095 2510 1168 ﬁtque
2541 1112 2778 1170 semper
2829 1097 2890 1153 in
2937 1095 3149 1169 quinta
3195 1095 3430 1166 decima
3477 1095 3724 1151 chorda.

2072 1186 2220 1239 Nam
2261 1185 2911 1258 proslambanomenos
2959 1185 3039 1242 ad
3077 1191 3252 1241 neten
3312 1183 3725 1258 hyperboleon

2069 1272 2163 1328 bis
2187 1274 2482 1348 diapason
2509 1276 2971 1333 consonantiam
2992 1279 3252 1332 resonat.

2146 1368 2228 1418 t7.
2253 1367 2450 1420 Tonus
2479 1381 2622 1422 vero
2653 1370 2920 1434 vocatur,
2951 1365 3198 1438 quando
3227 1366 3425 1436 major
3450 1380 3570 1419 vox
3625 1367 3729 1420 aut

2069 1455 2246 1507 tonus
2274 1453 2570 1510 minorem
2596 1471 2808 1511 vocem
2835 1459 2940 1511 aut
2967 1471 3186 1511 sonum
3217 1459 3406 1510 totum
3436 1453 3724 1526 possidet,

2069 1544 2125 1596 et
2142 1541 2388 1614 insuper
2417 1544 2548 1614 ejus
2569 1549 2847 1600 octavam
2872 1549 3126 1616 partem,
3165 1544 3351 1616 ﬁtque
3382 1558 3618 1616 semper
3665 1543 3726 1597 in

2070 1630 2338 1686 secunda
2367 1631 2613 1688 chorda.
2643 1636 2792 1688 Nam
2822 1631 3472 1705 proslambanomenos
3504 1631 3583 1686 ad
3619 1631 3726 1701 hy-

2067 1725 2267 1790 patem
2290 1720 2560 1793 hypaton
2575 1725 2785 1776 tonum
2801 1725 3060 1777 resonat.
3084 1720 3266 1792 quue
3279 1719 3592 1774 sciendum
3613 1723 3719 1786 est,

2065 1807 2230 1879 quod
2252 1807 2466 1864 dicitur
2522 1808 2837 1881 epogdous
2865 1809 2926 1864 in
2987 1807 3380 1872 arithmetica,
3408 1812 3585 1863 tonus
3618 1823 3720 1878 ap-

2062 1895 2317 1969 pellatur
2345 1897 2408 1952 in
2428 1898 2678 1954 musica.
2711 1897 3032 1971 Epogdous
3063 1902 3265 1954 autem
3285 1896 3519 1968 dicitur,
3544 1895 3720 1968 quasi

2062 1985 2417 2058 epiogdous,
2449 1986 2508 2042 id
2545 1992 2633 2043 est
2690 1991 3141 2060 superoctavus.
3191 1985 3474 2042 Dividitur
3518 1989 3719 2041 autem

2063 2080 2241 2131 tonus
2285 2076 2346 2131 in
2399 2076 2639 2132 duobus
2690 2076 3020 2133 semitoniis
3057 2090 3222 2131 :non
3251 2074 3418 2147 quod
3470 2073 3720 2130 omnino

2063 2165 2377 2221 semitonia
2407 2182 2480 2222 ex
2505 2182 2677 2238 aeque
2707 2166 2824 2222 sint
2866 2165 3084 2232 media,
3137 2164 3243 2220 sed
3289 2164 3456 2236 quod
3485 2179 3721 2219 semum

2061 2254 2176 2310 dici
2205 2254 2374 2323 solet,
2405 2255 2572 2326 quod
2597 2255 2678 2312 ad
2705 2255 2951 2327 plenam
2986 2269 3336 2310 mensuram
3364 2268 3487 2309 non
3517 2269 3723 2325 perve-

2061 2343 2165 2399 nit.
2184 2347 2374 2415 Atque
2405 2349 2470 2399 ut
2486 2344 2549 2399 id
2578 2343 2857 2400 facillime
2888 2343 3332 2415 comprobetur,
3357 2343 3429 2398 sit
3458 2342 3720 2414 sesquio-

2062 2435 2234 2489 ctava
2257 2433 2564 2505 proportio
2585 2437 2720 2489 octo
2737 2439 2794 2490 et
2820 2437 3221 2489 novem.lnter
3244 2434 3355 2488 hos
3372 2432 3573 2488 nullus
3602 2447 3721 2487 me-

2061 2519 2197 2575 dius
2216 2536 2505 2576 numerus
2525 2521 2874 2577 naturaliter
2892 2521 3132 2578 incedit.
3165 2520 3615 2593 Multiplicemus
3635 2536 3720 2575 er-

2062 2624 2139 2679 go
2160 2624 2263 2665 eos
2285 2625 2392 2682 per
2404 2609 2726 2666 binarium.
2757 2611 2850 2666 Bis
2866 2615 3002 2666 octo
3018 2612 3172 2667 ﬁunt
3193 2610 3469 2673 sedecim,
3499 2609 3592 2665 bis
3613 2625 3716 2664 no-

2061 2714 2198 2754 vem
2217 2699 2369 2755 ﬁunt
2387 2699 2597 2755 decem
2618 2705 2673 2755 et
2711 2705 2864 2756 octo.
2901 2704 3054 2756 Inter
3097 2699 3359 2756 sedecim
3403 2705 3604 2756 autem
3662 2703 3719 2754 et

2059 2787 2268 2843 decem
2299 2793 2356 2844 et
2375 2792 2510 2844 octo
2541 2805 2699 2844 unus
2745 2805 3033 2846 numerus
3071 2789 3359 2846 naturalis
3397 2789 3714 2858 invenitur,

2058 2876 2120 2931 id
2147 2879 2259 2942 est,
2280 2876 2490 2934 decem
2516 2882 2572 2934 et
2592 2883 2839 2950 septem.
2865 2879 3269 2951 Disponantur
3307 2893 3450 2949 ergo
3489 2878 3549 2933 hi
3601 2882 3718 2934 tres

2059 2967 2294 3022 numeri
2322 2966 2383 3022 in
2408 2967 2704 3035 ordinem,
2732 2967 2793 3023 id
2815 2972 2921 3035 est,
2955 2968 3237 3036 sedecim,
3268 2968 3478 3024 decem
3500 2973 3558 3024 et
3591 2983 3720 3040 sep-

2061 3056 2200 3122 tem,
2224 3059 2281 3110 et
2295 3055 2504 3111 decem
2525 3060 2583 3112 et
2601 3060 2755 3112 octo.
2781 3056 2962 3126 Igitur
2987 3056 3249 3112 sedecim
3275 3072 3346 3112 ac
3397 3056 3607 3112 decem
3663 3059 3717 3111 et

2061 3146 2195 3199 octo
2225 3143 2422 3200 collati
2447 3144 2928 3217 sesquioctavam
2953 3145 3206 3201 retinent
3242 3144 3713 3217 proportionem,

2061 3249 2130 3288 ac
2152 3233 2288 3289 ideo
2328 3233 2550 3290 faciunt
2604 3240 2835 3291 tonum.
2900 3234 3014 3290 Sed
3060 3235 3217 3290 hanc
3265 3233 3718 3307 proportionem

2061 3322 2352 3394 septimus
2369 3323 2640 3378 decimus
2659 3340 2970 3394 numerus,
3001 3324 3106 3397 qui
3129 3325 3280 3380 inter
3308 3325 3419 3379 hos
3473 3326 3561 3378 est
3599 3338 3720 3378 me-

2059 3409 2216 3478 dius,
2248 3427 2370 3466 non
2396 3411 2456 3465 in
2487 3412 2744 3484 aequalia
2786 3413 3056 3486 partitur.
3109 3416 3502 3484 Comparatus
3557 3411 3716 3465 enim

2059 3499 2137 3554 ad
2169 3499 2430 3554 sedecim
2460 3500 2642 3556 habet
2668 3516 2729 3555 in
2755 3516 2816 3555 se
2838 3505 3069 3567 tonum,
3102 3501 3447 3566 sedecim,et
3473 3500 3719 3570 insuper

2059 3590 2189 3658 ejus
2206 3593 2436 3643 sextam
2461 3588 2761 3644 decimam
2791 3594 3044 3660 partem,
3079 3589 3141 3643 id
3169 3593 3274 3656 est,
3308 3605 3518 3644 unum.
3575 3592 3718 3643 Rur-

2061 3692 2162 3730 sus
2194 3676 2241 3730 si
2267 3676 2479 3732 decem
2503 3681 2561 3732 et
2585 3680 2838 3747 septem,
2871 3681 2929 3731 et
2957 3676 3165 3732 decem
3189 3680 3246 3731 et
3291 3680 3426 3731 octo
3473 3690 3716 3746 compa-

2056 3768 2282 3833 rentur,
2313 3764 2372 3819 in
2400 3763 2610 3819 decem
2649 3768 2708 3819 et
2765 3768 2901 3820 octo
2931 3764 3139 3820 decem
3166 3768 3222 3820 et
3270 3768 3498 3836 septem
3549 3763 3715 3819 inve-

2058 3852 2304 3909 niuntur
2324 3853 2636 3926 etinsuper
2659 3854 2912 3927 septima
2923 3853 3158 3909 decima
3169 3853 3404 3927 pars,=id
3425 3858 3515 3910 est
3532 3869 3712 3909 unus.

2059 3946 2183 3999 Non
2215 3942 2392 4013 igitur
2416 3943 2628 3999 iisdem
2649 3944 2923 4017 partibus
2943 3948 3000 4000 et
3018 3943 3315 4000 minorem
3350 3948 3612 4016 superat,
3659 3948 3716 4000 et

2055 4048 2090 4088 a
2113 4033 2342 4104 majore
2371 4038 2704 4105 superatur.
2735 4036 2832 4089 Est
2858 4033 3019 4089 enim
3045 4033 3242 4090 minor
3278 4049 3420 4107 pars
3459 4033 3714 4106 septima

2054 4122 2308 4192 decima,
2333 4123 2530 4194 major
2542 4122 2966 4179 sextadecima.
2995 4123 3106 4180 Sed
3127 4128 3395 4197 utrmque
3410 4129 3610 4198 partes
3627 4141 3712 4180 se-

2053 4212 2304 4268 mitonia
2324 4217 2770 4285 nuncupantur,
2801 4228 2993 4268 unum
3035 4215 3256 4285 majus,
3310 4214 3563 4271 alterum
3596 4214 3708 4274 mi-

2053 4316 2187 4356 nus.
2219 4305 2284 4357 In
2305 4301 2527 4374 quibus
2542 4307 2743 4358 autem
2764 4302 3032 4359 numeris
3056 4303 3185 4359 hzec
3205 4304 3519 4360 semitonia
3545 4319 3711 4375 repe-

2050 4389 2296 4463 riantur,
2319 4391 2410 4446 vel
2444 4391 2952 4456 demonstrentur,
2980 4397 3328 4464 poteramus
3356 4393 3471 4448 hoc
3493 4393 3552 4447 in
3573 4392 3706 4447 loco

2051 4481 2430 4536 abundanter
2448 4497 2518 4537 ac
2547 4481 2947 4554 multipliciter
2965 4481 3245 4549 inserere,
3303 4481 3706 4536 diversorum-

2047 4586 2165 4642 que
2197 4575 2511 4628 auctorum
2539 4573 2806 4629 diversas
2835 4571 3150 4644 opiniones
3181 4574 3490 4636 annotare,
3536 4569 3704 4641 quod

2045 4659 2284 4716 duabus
2313 4660 2395 4716 ob
2420 4662 2617 4718 causis
2643 4661 2934 4717 mittimus
2958 4678 2970 4713 :
3002 4659 3121 4715 sive
3144 4675 3218 4714 ne
3233 4658 3564 4730 epistolaris
3585 4674 3703 4714 ser—

2046 4765 2146 4805 mo
2172 4749 2234 4805 in
2256 4749 2390 4807 libri
2412 4756 2677 4808 transeat
2705 4749 3206 4822 magnitudinem,
3253 4752 3311 4804 et
3337 4748 3514 4804 nobis
3553 4748 3701 4804 illud

2044 4838 2395 4909 objiciatur:
2426 4842 2724 4898 Currente
2750 4847 2882 4897 rota
2913 4841 3209 4909 amphora
3235 4839 3412 4908 capit
3441 4839 3696 4908 institui,

2043 4943 2154 4982 cur
2178 4944 2391 4985 urceus
2422 4931 2543 4985 exit
2574 4935 2601 4985 ?
2622 4929 2744 4984 sive
2773 4944 2847 4984 ne
2878 4926 3288 4983 difﬁcultatem
3310 4927 3504 4996 magis
3538 4943 3697 4983 cree-

2041 5023 2262 5086 mus,et
2281 5033 2492 5073 sensus
2511 5017 2834 5087 legentium
2851 5017 3048 5089 potius
3068 5015 3694 5090 obtundamus,quam

2040 5106 2415 5163 evidentibus
2449 5107 2824 5164 documentis
2876 5107 3288 5163 informemus.
3329 5107 3486 5164 Licet
3532 5110 3692 5165 enim

2037 5196 2402 5253 harmonicae
2422 5197 2804 5257 institutionis
2847 5196 3097 5252 minima
3135 5213 3277 5271 pars
3329 5197 3403 5253 sit
3456 5199 3693 5255 semito-

2036 5285 2205 5340 nium
2236 5286 2489 5357 ejusque
2510 5285 2803 5351 membra,
2830 5290 3031 5342 tamen
3051 5287 3332 5343 omnibus
3354 5287 3693 5344 difﬁciliori-

2035 5372 2150 5427 bus
2167 5372 2585 5430 difficillimum
2603 5379 2711 5442 est,
2736 5378 2792 5430 et
2805 5375 3106 5433 laboriosa
3125 5376 3350 5446 indiget
3378 5377 3690 5450 expositio-

2035 5478 2129 5518 ne.
2156 5466 2218 5517 ln
2239 5479 2300 5518 re
2331 5463 2510 5532 igitur
2536 5464 2883 5520 naturaliter
2906 5464 3166 5523 obscura
3181 5467 3282 5539 qui
3304 5466 3364 5521 in
3381 5481 3686 5538 exponen-

2033 5552 2113 5608 do
2124 5552 2298 5625 plura
2315 5569 2502 5626 quam
2524 5569 2767 5611 necesse
2797 5560 2902 5623 est,
2926 5556 3318 5629 superfundit,
3344 5556 3513 5612 addit
3530 5559 3688 5610 tene-

2037 5642 2200 5714 bras,
2222 5659 2346 5700 non
2367 5643 2574 5702 adimit
2585 5644 2958 5703 densitatem.
2981 5648 3099 5703 Hoc
3119 5661 3310 5702 unum
3325 5659 3501 5703 nosse
3519 5644 3683 5699 sufﬁ-
