3980 6182
381 171 484 228 499

942 172 1317 229 REGINONIS
1357 169 1769 227 PRUMIENSIS
1806 167 2103 226 ABBATIS
2141 168 2231 222 na
2276 144 2685 228 HARMONICA
2724 170 3224 228 INSTITUTIONE.
3643 187 3723 245 ι..

382 296 517 366 ciat,
545 296 712 368 quod
758 294 1077 351 dimidium
1130 293 1512 350 scmitonium
1564 293 1747 350 diesis
1801 291 2033 361 dicitur,
2072 295 2118 347 Α
2149 306 2269 347 non
2299 296 2440 347 sunt
2468 292 2753 365 amplius,
2784 308 2971 366 quam
3003 298 3226 366 septem
3269 295 3563 359 dissimiles
3604 306 3723 377 soni,

384 390 592 457 estque
632 389 849 457 quarta
877 401 1017 457 pars
1066 383 1228 451 toni;
1288 382 1554 440 similiter
1609 380 2039 440 tetrastemoria

384 479 600 547 quarta
626 490 768 546 pars
800 474 941 539 toni,
971 472 1296 530 tritemoria
1326 472 1494 530 tertia
1537 489 1678 546 pars
1723 487 2037 544 nuncupa.

386 569 498 620 tur.
531 562 713 633 Major
738 561 941 633 itaque
971 569 1113 634 pars
1172 561 1317 631 toni,
1376 561 1436 617 id
1489 565 1598 631 est,
1657 559 2039 616 semitonium

384 653 585 723 majus
634 654 918 722 apotome
973 654 1221 706 vocatur
1277 666 1317 707 a
1347 650 1577 720 Graecis,
1608 667 1645 707 a
1673 650 1850 706 nobis
1901 662 2039 705 vero

380 743 577 813 potest
626 738 915 812 appellari
963 739 1206 796 decisio.
1260 739 1535 797 Naturale
1587 744 1676 797 est
1738 739 1921 807 enim,
1983 742 2045 794 ut

382 827 661 900 quotiens
690 827 918 901 aliquid
936 832 1169 885 seoatdr
1199 828 1301 899 ita,
1325 833 1390 885 ut
1418 828 1605 901 sequis
1621 828 1894 902 partibus
1916 839 2041 883 non

381 916 706 985 dividatur,
730 922 958 989 quanto
988 919 1187 975 minor
1239 934 1383 992 pars
1418 917 1671 975 dimidio
1723 919 2040 983 minorem,

384 1009 550 1063 tanto
574 1006 775 1077 major
834 1021 976 1079 pars
1008 1005 1323 1064 dimidiam
1353 1007 1800 1079 superexcedat.
1837 1006 1893 1064 Si
1931 1005 2040 1076 igi-

384 1097 481 1151 tur
509 1093 589 1152 ad
614 1095 998 1152 semitonium
1022 1096 1282 1153 addatur
1321 1100 1637 1168 apotome,
1683 1096 1750 1152 iit
1806 1095 2044 1151 semito-

384 1184 551 1240 nlutn
583 1185 801 1256 majus.

458 1275 698 1329 Constat
723 1288 865 1343 ergo
893 1274 1122 1344 integer
1148 1277 1326 1330 tonus
1359 1291 1433 1330 ex
1460 1280 1743 1347 apotome
1772 1290 1842 1330 ac
1864 1273 2038 1329 semi-

384 1360 567 1417 tonio.
600 1364 780 1417 Porro
804 1361 1189 1418 semltonium
1215 1364 1293 1419 ab
1327 1369 1611 1436 apotome
1637 1363 1834 1420 ditfert
1874 1377 2041 1418 com-

381 1452 566 1506 mate.
594 1454 675 1506 Ac
699 1450 923 1507 idcirco
951 1451 1097 1508 nihil
1129 1455 1217 1509 est
1245 1452 1409 1509 aliud
1447 1456 1749 1525 apotome,
1806 1451 1918 1509 nisi
1951 1467 2042 1507 se-

382 1537 701 1595 mitonium
730 1540 932 1595 minus
961 1545 1017 1597 et
1047 1554 1309 1599 comma.
1345 1542 1403 1598 Si
1432 1541 1610 1613 igitur
1648 1541 1773 1597 duo
1799 1539 2041 1597 semite-

381 1626 483 1683 nia
513 1628 751 1685 minora
778 1628 853 1684 de
891 1632 1035 1685 tono
1062 1630 1200 1702 quis
1227 1630 1476 1700 auferat,
1527 1644 1769 1688 comma
1796 1629 1864 1687 ﬁt
1913 1627 2042 1685 reli-
2073 1644 2114 1698 Β

383 1724 597 1785 quum.
629 1717 730 1772 Est
755 1719 957 1772 autem
988 1731 1234 1774 cumma
1275 1717 1523 1801 ultimus
1564 1735 1752 1775 sonus
1808 1717 2037 1774 auditui

386 1801 728 1873 subjacens.
769 1804 1027 1861 Philotas
1085 1811 1287 1862 autem
1340 1807 1766 1879 Pythagoricus
1803 1806 2043 1863 minora

384 1892 578 1965 spatia
628 1897 909 1950 tonorum
960 1894 1178 1952 talibus
1232 1895 1690 1954 diﬁlnitionibus
1743 1896 2036 1953 includit:

384 1982 588 2051 Diesis,
607 1982 819 2056 inquit,
847 1989 935 2040 est
960 1985 1222 2058 spatium
1240 2002 1369 2059 quo
1393 1987 1590 2059 major
1619 1992 1708 2044 est
1734 1989 2045 2060 sesquiter»

383 2070 466 2126 tia
486 2072 793 2144 proportio
821 2072 1063 2129 duobus
1096 2074 1269 2132 tonis.
1299 2076 1549 2132 Gemma
1575 2091 1719 2132 vero
1762 2081 1849 2131 est
1904 2092 2044 2150 spar-

351 2164 359 2171 '
383 2158 553 2229 tium,
577 2168 700 2232 quo
719 2162 917 2233 major
932 2165 1025 2220 est
1043 2164 1463 2237 sesquioctava
1478 2165 1789 2238 proportio
1802 2164 2044 2223 duabus

383 2247 673 2319 diesibus,
730 2249 795 2306 id
836 2254 946 2320 est,
996 2252 1239 2310 duobus
1298 2254 1629 2310 semitoniis
1684 2254 2039 2312 minoribus.

387 2338 655 2395 Schisma
678 2344 768 2396 est
793 2340 1111 2398 dimidium
1139 2343 1483 2414 commotis,
1511 2343 1877 2402 diaschisma
1902 2360 2044 2404 vero

385 2426 704 2485 dimidium
733 2429 990 2498 dieseos,
1016 2431 1081 2487 id
1102 2436 1212 2501 est,
1246 2434 1545 2490 semitonii
1571 2434 1839 2492 minoris.

458 2519 540 2572 Ex
567 2517 790 2588 quibus
817 2518 963 2575 illud
995 2520 1310 2592 colligitur,
1340 2533 1696 2595 quanquam
1717 2526 1895 2580 tonus
1917 2523 2047 2596 qui-

387 2604 527 2661 dem
557 2604 841 2663 dividitur
869 2608 1274 2682 principaliter
1302 2611 1363 2666 in
1417 2612 1802 2668 semitonium
1843 2612 2044 2671 minus

385 2698 567 2766 atque
597 2699 922 2768 apotomen
950 2715 963 2763 ς
999 2697 1284 2755 dividitur
1303 2699 1482 2756 etiam
1502 2700 1562 2756 in
1583 2700 1708 2758 duo
1729 2701 2045 2758 semltonia

386 2787 442 2839 et
471 2798 713 2841 comma
741 2803 753 2842 ε
787 2802 910 2859 quo
929 2786 1016 2854 ﬁt,
1049 2791 1114 2843 ut
1137 2787 1438 2846 dividatur
1478 2788 1542 2845 in
1588 2789 1713 2846 duo
1762 2790 2047 2847 diaschis-

386 2876 552 2930 mata
576 2877 635 2930 et
667 2891 928 2932 comma.
971 2880 1273 2948 integrum
1331 2892 1470 2933 vero
1522 2878 1840 2935 dimidium
1898 2879 2042 2948 toni,

386 2962 553 3052 quod
578 2968 667 3019 est
697 2964 1102 3035 semitonium,
1131 2970 1365 3023 constat
1387 2984 1460 3023 ex
1487 2967 1729 3024 duobus
1758 2968 2041 3026 diaschis-
2074 2995 2115 3052 ο

385 3050 670 3119 motibus,
702 3051 866 3123 quod
899 3056 991 3108 est
1047 3069 1237 3109 unum
1295 3056 1677 3113 semitonium
1724 3056 1946 3128 minus,
1989 3060 2044 3113 et

386 3137 649 3195 schisma
678 3140 846 3212 quod
876 3144 966 3198 est
993 3140 1317 3199 dimidium
1339 3144 2043 3217 commatieﬂutmquam

384 3227 546 3284 enim
577 3232 735 3285 totus
766 3233 947 3286 tonus
972 3246 1046 3288 ex
1079 3231 1321 3288 duobus
1346 3233 1677 3290 semitoniis
1709 3234 2045 3291 minoribus

384 3322 443 3374 et
467 3323 766 3375 commate
791 3321 1151 3392 coniunctus
1183 3325 1291 3392 est,
1322 3321 1372 3378 si
1401 3322 1540 3395 quis
1570 3323 1634 3378 id
1678 3325 1905 3393 integre
1954 3324 2046 3380 di-

384 3407 583 3464 videre
614 3408 767 3479 velit,
792 3409 970 3466 faciat
1000 3426 1188 3467 unum
1216 3411 1601 3475 semitcnium
1631 3412 1854 3484 minus,
1886 3429 2048 3471 eom-

384 3497 681 3570 matisque
707 3498 1044 3557 dimidium.
1072 3500 1189 3556 Sed
1216 3515 1408 3558 unum
1440 3501 1822 3558 semitonium
1841 3503 2044 3559 minus

382 3586 746 3644 dividiturin
778 3588 902 3645 duo
932 3588 1256 3647 schismata
1284 3608 1298 3659 ;
1329 3590 1648 3647 dimidium
1689 3607 1830 3648 vero
1887 3608 2046 3649 com-

385 3676 560 3734 motis
589 3693 777 3734 unum
806 3678 1086 3735 schisma.
1112 3682 1286 3736 Recte
1328 3679 1509 3750 igitur
1532 3680 1762 3737 dictum
1790 3685 1901 3749 est,
1956 3680 2047 3737 in-

384 3769 544 3835 tegre
576 3766 895 3824 dimidium
925 3770 1137 3824 tonum
1167 3768 1229 3824 in
1256 3767 1382 3824 duo
1406 3767 1843 3826 diaschismata
1862 3773 2047 3841 atque

386 3870 575 3911 unum
601 3856 864 3912 schisma
901 3872 1080 3929 posse
1109 3856 1334 3929 partiri.
1365 3858 1496 3923 Quo
1516 3858 1603 3927 tit,
1636 3862 1699 3914 ut
1747 3858 2047 3926 integrum

384 3943 767 4001 semitonium
798 3945 1036 4001 minora
1066 3945 1384 4001 semitonia
1413 3962 1535 4002 uno
1561 3946 1886 4003 schismate
1939 3946 2051 4004 dif-

384 4031 535 4086 ferre
581 4032 892 4089 videatur:
949 4036 1240 4106 Apotome
1292 4038 1494 4090 autem
1552 4050 1591 4090 θ
1615 4034 1848 4091 minore
1874 4035 2049 4091 semi-

386 4118 550 4175 tonio
576 4118 819 4176 duobus
846 4120 1273 4178 schismatihus
1301 4121 1540 4179 differre
1569 4141 1593 4190 ετ
1631 4123 1832 4179 ὧίῑθιιι
1884 4123 2047 4180 enim

384 4212 703 4264 commate.
761 4209 877 4265 Sed
926 4209 1049 4265 duo
1105 4210 1431 4267 schismata
1483 4226 1674 4268 unum
1728 4211 2047 4285 perﬁciunt

385 4308 646 4354 comma.

458 4386 582 4443 Hoc
612 4390 805 4443 totum
831 4386 1053 4444 idcirco
1082 4387 1491 4462 posuimus,ut
1506 4388 1923 4457 diﬂicultatem
1950 4406 2046 4448 se-

386 4476 772 4534 mitoniorum
801 4477 1275 4550 ostenderemus,
1291 4490 1427 4551 qum
1438 4478 1639 4549 magis
1653 4488 2047 4539 numerorum

385 4566 898 4641 proportionibus,
927 4583 1115 4640 quam
1144 4584 1437 4625 sonorum
1458 4567 1746 4625 varietate
1795 4569 2049 4642 exprimi

385 4662 443 4715 ct
471 4657 875 4714 demonstrari
893 4663 1171 4731 possunt.
1199 4658 1255 4716 Si
1279 4658 1420 4731 quis
1473 4672 1617 4715 vero
1671 4662 1851 4715 tantes
1907 4675 2047 4731 pro-

386 4747 694 4806 funditatis
712 4764 785 4804 ac
812 4748 1112 4823 perplexas
1143 4747 1483 4806 subtilitatis
1510 4746 1786 4805 curiosus
1813 4748 2048 4804 investi-

387 4842 558 4906 gator
581 4836 794 4906 exisu't,
818 4836 996 4906 legat
1050 4853 1211 4910 saepe
1266 4835 1411 4892 dicti
1470 4835 1651 4893 Boetii
1698 4835 1934 4893 tertium
1985 4835 2051 4892 li-

387 4924 566 4982 brum
594 4925 671 4982 de
699 4926 1055 4983 harmoniae
1081 4925 1470 4995 Institutione,
1528 4929 1585 4982 et
1643 4924 1727 4981 ibi
1781 4924 2050 4983 fortassis

389 5028 514 5070 non
534 5015 731 5072 solum
760 5016 891 5087 ejus
920 5016 1246 5074 curiositati
1291 5013 1562 5085 satisﬁet,
1614 5030 1826 5072 verum
1869 5016 2050 5077 etiam

391 5118 570 5158 suum
598 5104 852 5176 experiri
876 5105 1091 5179 poterit
1117 5104 1448 5177 ingenium.
1493 5103 1553 5161 Si
1578 5102 1741 5160 enim
1787 5103 1868 5166 ad
1921 5104 2051 5163 hmo

391 5190 686 5265 capienda
731 5192 985 5250 idoneus
1030 5194 1309 5251 inventus
1358 5192 1552 5259 fuerit,
1611 5192 1857 5264 noverit,
1904 5192 2051 5250 nihil

390 5281 501 5338 sibi
528 5279 768 5337 dimotis
800 5282 860 5338 in
887 5287 1121 5355 septem
1141 5283 1491 5341 liberalibus
1520 5281 1868 5357 disciplinis.

463 5369 714 5429 Omissis
736 5386 902 5441 ergo,
926 5387 1065 5444 quin
1093 5384 1427 5445 paucorum
1438 5371 1769 5429 intellectus
1785 5371 1965 5443 capit,
1979 5383 2051 5429 ea

392 5462 669 5519 dicamus
688 5477 827 5534 quas
858 5460 1182 5518 multorum
1239 5474 1452 5518 sensus
1501 5461 1777 5532 colligere
1833 5465 2045 5534 potest.

392 5550 714 5609 Sciendum
739 5550 939 5623 itaque
970 5555 1076 5620 est,
1112 5551 1280 5623 quod
1332 5567 1690 5625 quanquam
1739 5555 1874 5608 octo
1928 5550 2051 5608 sint

394 5643 539 5714 toni,
567 5641 672 5715 qui
700 5642 1000 5714 diapason
1023 5640 1485 5707 consonantiam
1514 5639 2046 5714 compleantamen

2149 383 2289 435 tono
2318 379 2468 436 inter
2495 398 2555 437 se
2586 382 2898 450 distantes,
2929 383 3073 455 quia
3093 388 3330 441 octavus
3360 386 3509 445 idem
3531 396 3624 460 est,
3646 396 3728 465 qui

2149 473 2207 524 et
2230 468 2463 541 primus
2490 471 2552 527 in
2583 471 2791 544 duplo.
2825 476 3030 529 Nonus
3051 472 3209 531 idem
3234 478 3341 541 est,
3369 476 3467 547 qui
3491 483 3543 534 et
3561 495 3729 539 secun-

2147 557 2262 613 dus
2283 558 2345 615 in
2373 558 2600 632 duplo;
2632 561 2716 618 sic
2735 563 2795 617 et
2829 561 2888 618 in
2941 561 3187 622 caeteris.
3246 565 3456 621 Horum
3507 570 3729 627 conscios

2149 646 2420 716 Virgilius
2445 648 2589 706 dicit
2620 667 2632 706 :

2306 753 2543 868 gissttlnnliaht
2571 755 2860 822 disparibus
2891 766 3082 822 septem
3101 766 3351 823 compacta
3369 759 3537 814 dentis

2223 917 2302 970 Ex
2334 920 2564 989 septem
2590 917 2768 988 igitur
2812 917 3158 991 disparibus
3211 918 3409 977 cicutis
3457 920 3630 980 ﬁstula
3667 926 3731 996 ﬁt,

2149 1004 2293 1075 quia
2323 1020 2397 1060 ex
2423 1010 2652 1078 septem
2682 1005 3077 1065 dissimilibus
3103 1006 3352 1065 vocibus
3372 1014 3470 1069 aut
3504 1012 3642 1069 sonis
3665 1018 3734 1069 to.

2150 1095 2209 1147 ta
2236 1092 2981 1164 perﬁciturconsonantia.
3018 1095 3184 1153 Unde
3203 1102 3261 1152 et
3287 1095 3521 1169 quidam
3555 1100 3736 1169 septem

2148 1184 2384 1238 tantum
2414 1182 2627 1239 volunt
2650 1189 2847 1242 tonos.
3706 1218 3713 1221 τ

2222 1269 2395 1336 Quod
2427 1286 2570 1327 vero
2609 1273 2929 1331 Martianus
2970 1274 3291 1332 introducit
3335 1288 3539 1331 novem
3577 1289 3738 1331 musas

2149 1358 2211 1414 in
2239 1360 2482 1429 Nuptiis
2504 1360 2857 1433 philologia:
2885 1363 3125 1420 diversa
3156 1363 3420 1425 carmina
3456 1367 3735 1433 leaenam,

2152 1447 2230 1505 ad
2278 1448 2663 1507 harmoniam
2711 1451 3011 1511 cmlestem
3068 1453 3338 1526 pertinet.
3401 1466 3525 1526 quat
3569 1468 3737 1515 novem

2152 1537 2394 1595 ordines
2422 1538 2646 1596 habere
2671 1540 3060 1612 dignoscitur,
3078 1543 3304 1601 scilicet
3320 1547 3543 1615 propter
3560 1547 3737 1614 septem

2155 1625 2451 1700 planetas,
2484 1633 2883 1704 octavamque
2905 1632 3207 1705 spheram
3244 1631 3545 1699 scelestam,
3572 1637 3621 1689 et
3657 1646 3737 1687 no-

2156 1731 2300 1773 nam
2330 1721 2568 1775 terram.
2601 1719 2716 1777 Sed
2744 1724 2878 1777 octo
2918 1736 3130 1778 omnes
3178 1720 3580 1781 consonantiae
3622 1736 3739 1781 reso-

2156 1809 2304 1861 nant
2327 1823 2339 1873 ;
2361 1822 2544 1873 nona,
2577 1806 2637 1862 id
2667 1811 2777 1875 est,
2806 1812 2981 1877 terra,
3010 1813 3303 1883 perpetuo
3349 1808 3559 1866 silentio
3604 1812 3736 1877 tacet,

2154 1892 2296 1964 quia
2321 1892 2646 1951 immobilis
2676 1900 2786 1953 est.
2820 1898 2962 1955 Hinc
2991 1900 3099 1964 est,
3131 1896 3301 1971 quod
3349 1912 3481 1953 cum
3505 1898 3619 1951 octo
3642 1907 3739 1949 mu-

2153 1996 2234 2035 sae
2267 1980 2567 2038 subvectae
2591 1982 2648 2039 in
2681 1983 2915 2041 circulis
2943 1984 3287 2042 cmlestibus
3306 1988 3509 2047 essent.
3535 1978 3738 2050 nons,id

2153 2072 2262 2137 est,
2290 2069 2495 2142 Thalia
2519 2071 2581 2127 in
2636 2076 2791 2130 terra
2838 2074 3145 2131 remansit.
3203 2077 3351 2131 Nam
3400 2090 3525 2130 cum
3576 2067 3738 2128 Urania

2154 2157 2455 2231 sphaeram
2520 2159 2838 2229 caelestem,
2890 2161 3205 2235 Polymnia
3256 2160 3501 2229 Saturni,
3547 2161 3739 2230 Euterpe

2150 2246 2329 2313 lovis,
2367 2250 2538 2305 Erato
2565 2249 2780 2318 Martis,
2815 2250 3185 2325 Melpomene
3218 2250 3385 2320 Solis,
3424 2247 3738 2323 Terpsichore

2154 2335 2413 2406 Veneris,
2438 2336 2697 2411 Calliope
2726 2340 3014 2406 Mercurii,
3042 2339 3169 2397 Clio
3204 2343 3377 2397 Lunai
3404 2337 3628 2397 circulos
3672 2350 3740 2390 su-

2153 2423 2537 2497 bintrassent,
2565 2431 2630 2485 ut
2653 2426 2737 2487 ibi
2758 2427 2965 2485 dulces
2996 2434 3348 2489 i‘esonarent
3371 2428 3602 2489 modos:
3645 2422 3739 2479 sola

2151 2512 2356 2570 Thalia
2384 2514 2664 2577 derelicta
2684 2516 2746 2575 in
2769 2516 2906 2591 ipso
2926 2518 3196 2577 ﬂorentis
3248 2518 3443 2592 campi
3495 2516 3664 2583 ubere,
3696 2510 3739 2569 id

2153 2606 2262 2670 est,
2292 2602 2354 2661 in
2386 2603 2606 2663 circulo
2632 2609 2796 2662 terras
2826 2608 3060 2676 resedit,
3094 2624 3168 2666 eo
3196 2608 3361 2682 quod
3400 2610 3583 2665 vector
3628 2604 3737 2675 eius,

2152 2691 2215 2748 id
2263 2697 2370 2763 est,
2425 2693 2770 2767 deportator
2823 2712 3055 2769 cygnus
3105 2697 3428 2771 impatiens
3491 2694 3673 2763 oneris,
3701 2693 3742 2747 et

2153 2782 2333 2839 etiam
2364 2783 2747 2857 subvolandi,
2775 2778 2837 2841 id
2865 2791 2973 2855 est,
3002 2804 3149 2847 cum
3174 2787 3358 2844 nollet
3384 2802 3512 2843 eam
3545 2785 3666 2843 ferre
3702 2783 3743 2836 et

2155 2868 2491 2940 subvolare,
2512 2872 2575 2929 id
2622 2878 2729 2941 est,
2785 2892 3026 2932 sursum
3085 2876 3312 2947 volare,
3352 2875 3507 2949 petiit
3551 2872 3741 2929 alumna

2154 2964 2386 3029 stagna,
2408 2960 2470 3016 id
2500 2966 2607 3033 est,
2634 2962 2945 3020 nutritoria
2974 2968 3030 3020 et
3055 2963 3169 3020 sibi
3202 2981 3359 3022 cara.
3391 2962 3573 3025 Thalia
3589 2963 3741 3017 auiam

2153 3048 2571 3124 interpretatur
2595 3052 2771 3125 quasi
2800 3053 3003 3110 theton
3035 3054 3141 3123 lia,
3181 3054 3245 3110 id
3291 3059 3399 3123 est,
3424 3066 3629 3126 ponens
3650 3062 3742 3117 Βοτ-

2157 3138 2340 3206 mina,
2373 3139 2541 3211 quod
2564 3141 2814 3214 pulchre
2839 3145 3005 3199 terrae
3057 3143 3357 3214 congruit,
3407 3157 3533 3214 quae
3580 3134 3743 3208 germi-

2154 3231 2258 3283 nat
2283 3228 2535 3284 herbam
2569 3229 2853 3287 virentem
2875 3236 2933 3287 et
2959 3231 3363 3303 proferentem
3399 3245 3602 3287 semen.
3647 3223 3744 3292 Oui-

2157 3316 2302 3373 dam
2329 3321 2529 3377 autem
2577 3319 2803 3389 dicunt,
2857 3321 3024 3393 quod
3071 3337 3297 3379 novem
3349 3337 3530 3379 musis
3576 3315 3743 3375 idcirco

2154 3406 2456 3476 dicuntur,
2489 3408 2634 3481 quia
2661 3410 2947 3469 humanas
2967 3411 3131 3467 vocis
3160 3410 3361 3469 ofﬁcia
3396 3425 3593 3467 novem
3626 3407 3742 3460 sunt

2158 3496 2365 3553 Omnis
2395 3497 2557 3569 enim
2613 3514 2810 3556 sermo
2847 3500 2941 3556 his
2998 3516 3221 3558 novem
3274 3500 3451 3558 rebus
3497 3497 3743 3555 formatur.

2156 3585 2352 3643 Primo
2397 3587 2660 3659 appulsu
2710 3593 2972 3661 quatuor
3029 3588 3305 3649 dentium
3365 3583 3745 3661 repercuan

2155 3675 2418 3733 duorum
2445 3676 2778 3748 labrorum,
2809 3678 3037 3752 plectro
3080 3678 3327 3750 linguai,
3358 3694 3497 3736 cavo
3529 3670 3742 3747 gutturis.

2156 3764 2547 3836 respiratione
2578 3766 2904 3839 pulmonis.
2943 3767 3001 3824 Si
3025 3767 3189 3824 enim
3210 3786 3289 3827 ex
3316 3768 3408 3826 his
3437 3763 3638 3838 aliquid
3670 3759 3745 3815 (1ο-

2155 3853 2347 3923 fuerit,
2380 3870 2499 3911 vox
2523 3854 2784 3926 perfecta
2811 3872 2935 3913 non
2962 3856 3089 3913 erit.

2231 3948 2315 4000 18.
2370 3944 2486 4000 Sed
2536 3961 2674 4002 ecce
2727 3945 2874 4002 dum
2920 3951 3094 4003 tonos
3126 3946 3447 4003 ostendere
3495 3950 3746 3999 conamur,

2156 4046 2264 4103 per
2294 4031 2703 4091 vastissimam
2731 4038 2790 4091 et
2826 4034 3378 4106 profundissimam
3434 4030 3649 4091 musicis
3688 4024 3747 4083 in-

2157 4121 2475 4181 stitutionis
2532 4123 2748 4180 silvam
2802 4122 3043 4195 longius
3090 4125 3336 4195 evagati
3390 4138 3603 4185 sumus,
3650 4127 3751 4207 alii

2157 4216 2335 4268 tantae
2366 4211 2636 4283 caliginis
2666 4213 3025 4270 obscuritate
3054 4214 3396 4282 involvitur,
3428 4216 3547 4271 uta
3590 4204 3748 4265 notitia

2158 4300 2431 4357 humana
2482 4300 2794 4358 recessisse
2844 4301 3138 4359 videatur.
3196 4306 3625 4375 Namquelcum
3655 4302 3749 4364 pet“

2158 4389 2336 4462 pauci
2366 4389 2503 4457 sint,
2527 4390 2630 4463 qui
2653 4391 2783 4460 eius
2812 4390 2935 4447 vim
2957 4396 3015 4447 et
3040 4395 3327 4449 naturam
3374 4394 3526 4447 certa
3572 4381 3747 4442 ratione

2157 4478 2555 4552 Wpendant)
2612 4483 2815 4541 tanien
2866 4480 3028 4553 quod
3081 4480 3156 4539 de
3183 4497 3260 4539 ea
3286 4479 3617 4549 intelligunt,
3658 4481 3751 4526 m8-

2155 4582 2345 4623 nuum
2377 4582 2560 4639 opere
2588 4567 2665 4624 ad
2690 4567 2989 4640 liquidum
3016 4568 3432 4625 demonstrare
3486 4578 3597 4622 non
3642 4571 3746 4631 p05-

2157 4658 2314 4712 sunt.
2340 4658 2566 4712 Rursus
2598 4672 2737 4713 cum
2759 4655 2927 4713 multi
2958 4656 3093 4724 sint,
3124 4657 3232 4729 qui
3270 4672 3406 4714 eam
3433 4650 3613 4724 digitis
3637 4656 3749 4718 οἰκί’

2157 4749 2381 4813 rentur,
2413 4744 2508 4801 vel
2527 4745 2692 4801 vocis
2720 4761 2872 4801 sono
2902 4747 3352 4818 promant,ejus
3370 4750 3559 4801 tamen
3576 4734 3750 4795 violat-

2157 4851 2275 4909 que
2304 4839 2585 4892 naturam
2609 4835 2857 4892 minime
2882 4834 3239 4906 intelligunt.
3270 4834 3526 4906 Denique
3552 4828 3594 4885 si
3613 4834 3747 4909 roges

2159 4906 2555 4983 citharoedum
2576 4924 2699 4980 sive
2727 4922 3002 4995 lyricum,
3037 4923 3127 4980 vel
3155 4922 3342 4981 alium
3366 4906 3749 4995 quemliboitui)

2158 5013 2693 5083 instrumentorum
2712 5012 3084 5071 musicorum
3110 5012 3409 5082 notitiam,
3442 5012 3540 5068 aut
3585 5012 3750 5099 confo-

2156 5102 2397 5163 nantias
2423 5101 3148 5172 ostendat,cognationem
3162 5090 3752 5168 chordarumqueﬁtﬂ

2158 5191 2259 5249 illa
2277 5191 2506 5248 chorda
2530 5191 2609 5247 ad
2638 5191 2819 5247 aliam
2847 5195 2978 5249 rata
3007 5207 3398 5248 numerorum
3428 5180 3751 5263 proportiom

2156 5280 2414 5338 societur
2440 5297 2455 5349 ς
2482 5279 2716 5337 nullum
2744 5280 2849 5337 tibi
2878 5280 3121 5353 penitus
3149 5296 3223 5336 ex
3249 5279 3344 5335 his
3369 5275 3530 5335 dabit
3551 5278 3751 5363 re???

2158 5385 2314 5426 sum.
2347 5368 2552 5426 Solum
2582 5369 2697 5426 hoc
2723 5368 3123 5436 conﬁtebitur,
3152 5366 3319 5441 quod
3344 5367 3469 5422 haec
3495 5362 3569 5419 ita
3594 5354 3750 5415 faciat.

2159 5460 2309 5516 sicut
2336 5474 2374 5515 a
2402 5459 2689 5529 magistro
2747 5459 2976 5530 accepit
3020 5462 3079 5514 et
3114 5455 3333 5514 didicit.
3369 5457 3511 5512 Cum
3537 5448 3688 5519 igitur
3724 5454 3751 5492 ³

2159 5548 2482 5607 scientibus
2503 5552 2561 5603 et
2589 5563 2625 5604 a
2652 5546 3057 5603 nescientibus
3083 5562 3143 5601 se
3183 5543 3414 5602 musica
3441 5557 3513 5598 ex
3556 5542 3750 5611 νενω-

2160 5639 2324 5697 xime
2351 5643 2519 5712 parte
2548 5635 2886 5706 abscondit,
2916 5635 3092 5709 quasi
3118 5634 3183 5694 in
3228 5629 3520 5709 profundo
3562 5620 3754 5685 οδωευι
