3980 6182
246 180 333 237 ὅθί

1026 181 1411 238 BERTARIUS
1449 176 1917 239 VIRDUNENSIS
1940 174 2337 234 SACERDOS.
2379 207 2448 219 —-
2486 176 2864 234 PREFATIO.

3552 184 3655 236 502

241 305 402 376 jacet.
464 300 613 357 Hinc
668 301 835 360 aiunt
888 302 1157 362 fabulam
1212 306 1429 379 Orphei
1483 310 1540 363 et
1586 302 1893 377 Eurydicis
1924 302 1973 356 A
2006 305 2129 358 tare
2161 302 2388 373 optime
2420 302 2584 360 sciat.
2622 305 2821 375 Neque
2872 301 3030 359 enim
3086 300 3180 357 ille
3209 300 3314 374 qui
3342 300 3655 360 lectionem

247 407 364 448 esse
423 390 765 448 conﬁctam.
823 392 1128 465 Siquidem
1187 396 1457 467 Orpheus
1533 394 1887 466 Eurydicem

248 480 574 553 nympham
604 480 849 549 amavit,
889 498 1078 554 quam
1126 499 1275 539 sono
1327 485 1565 540 citharas
1620 482 1888 539 mulcens

247 584 479 627 uxorem
527 569 717 627 duxit.
760 570 927 629 Hanc
958 572 1207 629 aristeus
1237 578 1442 646 pastor
1479 574 1626 631 dum
1674 587 1887 629 amans

249 655 522 730 sequitur,
551 656 651 714 illa
676 656 910 728 fugiens
940 659 1001 715 in
1032 666 1367 733 serpentem
1402 661 1626 728 incidit,
1654 665 1709 717 et
1734 675 1888 716 mor-

243 751 337 805 tua
362 750 471 802 est.
506 747 681 813 Quod
710 763 849 803 cum
880 748 1129 805 maritus
1153 751 1558 819 cognovisset,
1577 766 1713 806 eam
1736 766 1885 805 sono

244 835 467 892 citharae
497 834 573 890 de
601 834 834 891 inferno
867 836 943 891 ad
970 853 1219 909 superos
1246 843 1497 894 conatus
1532 842 1617 895 est
1647 855 1885 895 revoca-

241 941 295 982 re
318 942 330 992 ;
353 922 455 979 sed
488 923 734 981 minime
751 923 955 982 valuit.
982 926 1250 999 Orpheus
1279 926 1494 984 dicitur
1508 930 1679 1004 quasi
1698 946 1883 986 oreon

241 1015 447 1088 phone,
476 1013 533 1070 id
568 1018 674 1080 est,
708 1015 936 1088 optima
965 1032 1102 1073 vox.
1124 1016 1445 1090 Eurydices
1464 1019 1885 1092 interpretatur

236 1104 527 1179 profunda
543 1104 625 1175 dij
634 1105 912 1163 udicatio.
928 1107 1199 1178 Orpheus
1211 1123 1354 1177 ergo
1370 1125 1405 1163 v
1414 1108 1496 1164 ult
1513 1125 1795 1166 revocare
1807 1110 1881 1165 de

237 1195 457 1251 interno
481 1193 834 1266 Eurydicem
857 1210 1010 1250 sono
1035 1194 1411 1266 citharae,se(l
1433 1214 1555 1253 non
1577 1198 1877 1272 praevalet,

237 1284 366 1357 quia
408 1283 750 1341 humanum
779 1283 1091 1354 ingenium
1130 1291 1382 1342 conatur
1415 1287 1880 1361 profunditatem

236 1372 588 1430 harmonicae
614 1373 954 1430 subtilitatis
978 1378 1313 1446 penetrare,
1346 1381 1402 1432 et
1430 1393 1564 1435 eam
1596 1376 1766 1432 certis
1784 1393 1878 1434 ra-

235 1463 491 1519 tionibus
520 1463 854 1534 dijudicare
885 1469 939 1520 et
977 1463 1331 1531 discernere,
1369 1472 1425 1521 et
1453 1466 1529 1522 ad
1559 1466 1777 1533 lucem,
1820 1466 1878 1522 id

234 1557 331 1621 est,
369 1552 449 1608 ad
509 1552 817 1608 scientiam
852 1569 1164 1617 revocare;
1208 1555 1312 1610 sed
1366 1554 1486 1624 illa,
1546 1555 1876 1611 humanam

230 1640 625 1710 cognitionem
642 1640 1039 1712 refugiens,in
1069 1642 1324 1698 tenebris
1344 1642 1693 1714 ignorantiae
1715 1644 1873 1705 latet.
1911 1657 1948 1709 Β
1986 1655 2394 1713 provocamus
2423 1658 2435 1706 ;

292 1732 518 1787 Interea
548 1730 855 1787 sciendum
874 1731 1152 1803 est,quod
1182 1746 1303 1787 non
1333 1732 1428 1788 ille
1455 1732 1669 1790 dicitur
1700 1734 1877 1790 musi-

225 1819 462 1891 cus,qui
494 1834 627 1875 eam
659 1819 940 1875 manibus
970 1820 1438 1876 tantummundo
1463 1822 1873 1894 operatur,sed

221 1905 308 1962 ille
336 1907 629 1964 veraciter
649 1906 913 1963 musicus
935 1912 1023 1964 est
1048 1908 1153 1981 qui
1179 1908 1253 1964 de
1283 1910 1512 1965 musica
1528 1909 1873 1967 naturaliter

221 1996 372 2057 novit
383 1995 778 2071 disputare,et
793 1998 966 2054 certis
988 1998 1321 2056 rationibus
1342 2000 1470 2071 ejus
1493 2017 1708 2061 sensus
1726 2017 1870 2059 eno-

216 2085 370 2144 dare.
404 2088 618 2145 Omnis
643 2088 803 2145 enim
828 2089 1280 2161 ars,omnisque
1302 2089 1584 2162 diciplina
1612 2091 1870 2148 honora-

217 2175 485 2234 biliorem
513 2177 861 2234 naturaliter
899 2178 1081 2235 habet
1114 2179 1427 2250 rationem,
1460 2195 1649 2253 quam
1685 2180 1867 2237 artiﬁ-

216 2265 390 2336 cium,
422 2266 593 2340 quod
623 2282 810 2325 manu
853 2272 1032 2340 atque
1062 2283 1241 2341 opere
1272 2267 1511 2324 artiﬁcis
1542 2274 1864 2325 exercetur.

213 2354 380 2411 Multo
406 2356 570 2413 enim
614 2355 815 2427 majus
862 2360 951 2412 est
993 2357 1142 2413 scire
1168 2356 1335 2426 quod
1382 2358 1641 2430 quisque
1667 2357 1866 2429 faciat,

209 2459 389 2516 quam
413 2445 611 2502 facere
636 2445 801 2517 quod
829 2444 908 2501 ab
940 2444 1058 2502 alio
1087 2445 1277 2501 discit.
1296 2446 1525 2504 Etenim
1551 2446 1867 2504 artiﬁcium

207 2533 521 2606 corporale
576 2533 753 2606 quasi
799 2534 1063 2589 serviens
1115 2532 1476 2601 famulatur;
1536 2536 1684 2592 ratio
1726 2552 1868 2592 vero

204 2621 378 2695 quasi
412 2619 664 2678 domina
692 2621 964 2696 imperat.
998 2624 1184 2678 Tanto
1214 2622 1392 2694 igitur
1420 2624 1761 2696 praeclarior
1781 2630 1867 2682 est

207 2708 454 2768 scientia
492 2710 737 2768 musicae
766 2711 828 2767 in
859 2710 1196 2782 cognitione
1249 2712 1515 2785 rationis,
1568 2719 1865 2786 quantum

206 2812 423 2871 corpus
456 2803 776 2872 superatur
804 2816 841 2856 a
865 2805 1085 2857 mente.
1141 2801 1306 2857 Unde
1335 2802 1420 2870 ﬁt,
1454 2807 1518 2858 ut
1546 2819 1687 2859 cum
1715 2804 1864 2861 ratio

204 2887 495 2959 operandi
520 2892 655 2943 actu
682 2903 803 2944 non
820 2892 1012 2958 egeat,
1031 2904 1326 2944 manuum
1344 2904 1529 2961 opera
1543 2890 1709 2947 nulla
1726 2892 1860 2964 sint,

2000 390 2140 461 legit
2171 392 2273 447 sed
2302 392 2405 465 qui
2436 391 2752 448 lectionem
2779 391 3042 463 exponit,
3083 391 3366 461 magister
3391 392 3656 464 appella-

2000 484 2111 537 tur.
2150 485 2213 537 lit
2237 482 2371 537 licet
2390 482 2558 554 pueri
2584 480 2959 554 psalmorum
2975 480 3161 537 verba
3186 480 3528 538 memoriter
3554 482 3655 538 de-

1999 575 2256 638 canteut,
2289 557 2368 627 ab
2405 587 2612 626 eorum
2642 575 2841 625 tamen
2877 568 3122 626 scientia
3169 568 3344 626 alieni
3374 569 3651 641 existunt,

1996 660 2139 731 quia
2168 676 2374 716 eorum
2427 675 2637 714 sensus
2666 658 2952 731 mysticos
3008 663 3321 732 penetrare
3361 660 3649 717 nesciunt.

1998 754 2199 821 Itaque
2231 749 2382 805 sicut
2411 765 2531 804 non
2558 747 2777 803 sufﬁcit
2812 748 2872 803 in
2902 747 3031 803 visu
3057 748 3302 804 eruditis
3330 748 3469 805 viris
3501 749 3655 805 colo-

1994 854 2087 893 res
2116 838 2459 911 formasque
2494 837 2861 909 conspicere,
2902 836 3012 893 nisi
3045 837 3249 905 etiam,
3283 852 3420 910 quas
3448 839 3524 896 sit
3550 838 3654 895 ho-

1993 945 2129 984 rum
2181 928 2534 1001 proprietas,
2568 927 3086 995 investigaverint:
3148 926 3232 981 sic
3282 942 3407 983 non
3435 927 3654 984 sufficit

1993 1017 2301 1073 cantilenis
2332 1017 2575 1073 musicis
2623 1016 2896 1072 animum
2946 1015 3248 1083 obiectari,
3283 1016 3396 1072 nisi
3448 1016 3648 1085 etiam,

1992 1106 2158 1180 quali
2187 1107 2336 1162 inter
2368 1124 2428 1162 se
2450 1108 2671 1178 junctae
2699 1105 2815 1162 sint
2836 1120 3124 1163 sonorum
3156 1104 3246 1161 vel
3270 1121 3488 1162 vocum
3518 1121 3653 1178 pro-

1992 1196 2284 1269 portione,
2316 1196 2600 1252 discatur.

2066 1289 2196 1341 Hzec
2224 1301 2293 1341 ex
2326 1285 2529 1341 multis
2552 1301 2751 1358 pauca
2786 1284 3266 1358 perstrinximus,
3294 1300 3370 1340 ne
3400 1283 3648 1341 musicis

1991 1391 2060 1431 ac
2076 1374 2278 1447 peritis
2296 1374 2642 1430 cantoribus
2666 1374 2741 1431 de
2762 1378 2967 1431 nostra
2984 1373 3277 1447 imperitia
3300 1373 3486 1430 risum
3504 1389 3652 1447 pras-

1987 1463 2289 1519 beremus.
2307 1468 2694 1536 Nequaquam
2714 1467 2917 1520 autem
2937 1464 3065 1519 haec
3093 1462 3350 1532 legenda
3370 1462 3649 1519 Walcau-

1987 1552 2067 1608 do
2097 1552 2515 1624 proponimus,
2532 1556 2635 1607 aut
2653 1551 2732 1607 ad
2755 1551 2894 1608 talia
2913 1550 3203 1607 discenda
3221 1552 3351 1621 ejus
3373 1550 3645 1607 animum

2518 1639 2742 1697 frustra
2797 1638 2958 1695 enim
3012 1638 3142 1710 lyra
3190 1638 3362 1694 asino
3413 1639 3647 1695 canitur

1989 1729 2102 1786 Sed
2130 1728 2400 1796 scientes,
2447 1745 2559 1784 vos
2589 1728 2898 1797 egregium
2928 1732 3109 1799 atque
3139 1725 3466 1799 perfectum
3513 1741 3643 1781 esse

1984 1823 2310 1886 cautorem,
2335 1833 2472 1873 cum
2506 1823 2701 1874 vestra
2722 1816 3028 1873 excellenti
3057 1815 3395 1888 prudentia,
3422 1820 3642 1875 etcum

1982 1908 2112 1965 aliis
2162 1907 2365 1981 peritis
2410 1907 2754 1963 cantoribus
2782 1910 2990 1963 nostra
3018 1905 3083 1961 ﬁt
3137 1904 3557 1962 sermocinatio
3585 1909 3643 1961 et

1980 1998 2402 2072 disputationis
2452 1998 2622 2054 ratio.
2686 1998 2871 2067 Hujus
2926 1994 3193 2068 epistolas
3231 1994 3418 2051 verba
3471 1994 3640 2051 vobis

1980 2091 2236 2158 tantum,
2264 2092 2322 2145 et
2363 2086 2681 2161 perpaucis
2715 2086 2845 2143 aliis
2876 2084 3144 2155 musicis,
3176 2084 3226 2140 si
3275 2083 3526 2157 quando
3567 2099 3639 2140 ea

1976 2176 2190 2247 legitis,
2232 2175 2682 2248 colloquantur:
2735 2178 2980 2231 casteros
3026 2189 3168 2230 vero
3210 2173 3292 2230 ita
3322 2172 3639 2229 submove-

1978 2280 2137 2330 mus,
2171 2268 2235 2320 ut
2285 2263 2390 2336 qui
2420 2278 2633 2336 capere
2662 2261 2961 2320 intellectu
3008 2259 3402 2334 nequiverint,
3435 2259 3513 2316 ad
3565 2274 3637 2316 ea

1977 2354 2158 2410 etiam
2185 2352 2441 2422 legenda
2470 2352 2781 2408 videantur
2808 2350 3065 2421 indigni.

2054 2446 2137 2498 t9.
2168 2444 2457 2498 Caeterum
2479 2456 2554 2496 ne
2575 2439 2804 2511 aliquid
2828 2438 3313 2513 intactum,un
3334 2438 3413 2495 ad
3436 2454 3636 2496 susce-

1976 2535 2147 2604 ptum
2208 2530 2514 2600 negotium
2571 2530 2845 2603 pertinet,
2902 2530 3254 2603 prmteriisse
3296 2529 3631 2597 videamur,

1978 2621 2124 2677 illud
2149 2621 2210 2677 in
2233 2620 2394 2678 calce
2425 2620 2732 2694 ponimus,
2757 2619 2925 2692 quod
2955 2636 3139 2693 supra
3168 2636 3278 2677 suo
3309 2620 3369 2677 in
3399 2620 3552 2691 loco,
3581 2618 3633 2674 si

1974 2710 2282 2767 memoria:
2349 2725 2473 2766 non
2509 2708 2819 2779 defuisset,
2849 2713 3202 2781 oportuerat
3260 2723 3631 2767 commemo-

1972 2815 2126 2855 rare.
2160 2798 2454 2865 Queeritur
2493 2814 2530 2854 a
2585 2797 2913 2868 nonnullis,
2962 2797 3113 2871 quid
3142 2797 3480 2870 signiﬁcent
3531 2797 3633 2854 illa

1971 2889 2173 2952 verba.
2225 2903 2332 2960 per
2359 2904 2495 2961 quae
2526 2892 2807 2943 tonorum
2839 2887 3230 2946 sonoritatem
3282 2888 3343 2944 in
3373 2886 3632 2944 naturali

209 2975 315 3031 nisi
344 2977 579 3033 ratione
610 2976 924 3034 ducantur.
959 2978 1084 3033 Huc
1117 2978 1364 3047 accedit,
1388 2979 1556 3052 quod
1594 2980 1675 3037 ita
1705 2980 1863 3038 dica-
1893 3005 1934 3057 ο
1971 2977 2654 3038 musieadiscernimus?
2675 2978 2736 3033 id
2763 2983 2870 3036 est:
2893 2978 3626 3044 Nonannaeaneethais,

205 3080 334 3121 mus
362 3085 374 3121 :
400 3064 746 3140 corporales
768 3064 1021 3125 artiﬁces
1037 3082 1159 3122 non
1180 3084 1251 3123 ex
1267 3067 1504 3126 musica
1522 3068 1859 3142 disciplina,

205 3155 300 3210 sed
315 3170 386 3210 ex
408 3155 561 3227 ipsis
586 3154 782 3228 potius
802 3155 1212 3213 instrumentis
1234 3172 1517 3229 accepere
1542 3159 1856 3217 vocabula.

205 3244 339 3298 Nam
367 3243 743 3300 citharmdus
760 3260 832 3300 ex
862 3244 1088 3301 cithara
1118 3245 1351 3312 dicitur,
1367 3245 1587 3318 lyricus
1609 3263 1681 3303 ex
1707 3249 1857 3322 lyra,

202 3330 430 3389 tibicina
481 3348 521 3390 a
557 3331 719 3401 tibia,
768 3333 1083 3407 caeterique
1133 3350 1378 3390 suorum
1433 3334 1856 3396 instrumento-

198 3435 320 3478 rum
367 3420 689 3481 vocabulis
717 3427 1167 3495 nuncupantur.
1200 3423 1453 3480 Musicus
1500 3430 1701 3485 autem
1732 3444 1855 3486 non

197 3507 267 3563 ab
289 3510 493 3582 aliquo
524 3509 951 3580 instrumento,
970 3510 1076 3566 sed
1106 3510 1185 3567 ab
1214 3511 1348 3584 ipsa
1371 3513 1604 3571 musica
1632 3529 1854 3572 nomen

194 3598 426 3670 accepit.

259 3689 309 3741 ls
327 3687 529 3765 itaque
558 3686 830 3743 musicus
862 3690 972 3755 est,
1024 3687 1125 3760 qui
1156 3687 1385 3745 ratione
1416 3703 1714 3762 perpensa
1762 3707 1855 3749 ca-

199 3775 365 3830 nendi
404 3776 729 3833 scientiam
759 3791 883 3832 non
927 3776 1162 3833 servitio
1195 3777 1417 3849 operis,
1466 3778 1571 3833 sed
1600 3779 1854 3852 imperio

204 3864 616 3933 speculationis
634 3864 1278 3938 assumpsit.Quisquis
1299 3865 1479 3935 igitur
1490 3866 1853 3923 harmonicse

200 3948 572 4011 institutionis
606 3953 730 4009 vim
760 3959 939 4026 atque
971 3952 1264 4009 rationem
1307 3954 1544 4026 penitus
1595 3955 1850 4030 ignorat,

199 4037 399 4099 {rasus
437 4043 559 4101 sibi
586 4058 815 4102 nomen
843 4042 1104 4100 cantoris
1132 4045 1643 4116 usurpat,tametsi
1697 4061 1839 4102 can-

1971 3073 2029 3125 et
2054 3069 2360 3138 Noitrane,
2386 3071 2444 3122 et
2491 3066 2585 3122 his
2626 3067 2866 3135 similia,
2897 3072 2955 3124 et
3011 3072 3211 3124 utrum
3255 3066 3628 3140 interpretari

1968 3174 2181 3215 eorum
2234 3174 2447 3215 sensus
2494 3157 2733 3230 possit?
2793 3158 2881 3214 Ad
2906 3158 3075 3232 quod
3104 3156 3624 3231 respondendum,

1967 3246 2133 3319 quod
2170 3245 2421 3302 omnino
2444 3245 2672 3303 nullam
2712 3246 3009 3319 recipiunt
3032 3244 3580 3318 interpretationem
3609 3263 3622 3311 ;

1965 3350 2162 3408 neque
2188 3334 2349 3391 enim
2363 3335 2701 3408 quidquam
2724 3335 3094 3406 signiﬁcant:
3124 3336 3230 3392 sed
3252 3334 3331 3392 ad
3351 3335 3467 3391 hoc
3494 3338 3625 3390 tan-

1966 3428 2091 3480 tum
2124 3440 2160 3479 a
2190 3423 2405 3479 Graecis
2432 3427 2571 3480 sunt
2595 3428 2851 3496 reperta,
2884 3428 2948 3480 ut
2974 3439 3082 3495 per
3102 3439 3313 3480 eorum
3353 3422 3623 3479 diversos

1964 3528 2035 3569 ac
2059 3511 2382 3568 dissimiles
2435 3527 2619 3568 sonos
2647 3515 2929 3568 tonorum
2984 3510 3344 3569 admiranda
3371 3510 3625 3567 varietas

1963 3617 2107 3659 aure
2137 3600 2317 3657 simul
2343 3604 2400 3656 et
2428 3604 2626 3656 mente
2647 3604 2853 3671 posset
2878 3598 3329 3671 comprehendi.
3357 3597 3468 3655 Sed
3494 3598 3623 3667 jam

1964 3689 2235 3763 prolixus
2271 3705 2471 3745 sermo
2497 3688 2684 3744 ﬁnem
2713 3688 3115 3759 prastolatur.

2036 3778 2458 3836 Excellentiam
2482 3782 2741 3835 vestram
2769 3792 3034 3850 superna
3055 3775 3432 3835 Providentia
3455 3775 3622 3833 omni

1965 3872 2189 3927 sancite
2230 3884 2351 3923 suae
2378 3867 2652 3925 Ecclesiae
2680 3867 3054 3941 perfuturam
3084 3882 3191 3940 per
3219 3866 3408 3924 multa
3434 3880 3621 3923 anno-

1962 3975 2098 4015 rum
2148 3957 2443 4013 curricula
2480 3957 2845 4014 incolumem
2898 3972 3253 4013 conservare
3301 3955 3616 4025 dignetur!

1955 4047 2464 4103 Reverendissime
2491 4049 2670 4119 Papa.

198 4136 3600 4194 ω

1504 4291 1676 4337 ANNO
1722 4293 1947 4337 DOMINI
1994 4293 2293 4339 DCCCOXV.

1231 4405 2602 4567 BERTARIUS

1458 4611 1718 4667 VIRDUN
1726 4612 1813 4666 EN
1820 4611 1922 4667 SlS
1964 4612 2348 4669 SACERDOS.

554 4814 982 4953 GESTA
1116 4812 2075 4953 EPISGOPORUM
2205 4815 3237 4953 VIRDUNENSIUM

879 5012 1291 5079 Auctorzbus
1321 5010 1650 5079 BERTARIO
1679 5021 1745 5077 et
1769 5011 2150 5101 Anonymo,
2180 5012 2523 5091 monachis
2548 5014 2622 5081 S.
2672 5010 2914 5079 Vitom'.

390 5133 594 5207 (Apud
625 5135 834 5207 Pertz.,
865 5137 1247 5192 Monumenta
1276 5134 1604 5192 Germania:
1641 5134 1949 5208 Historica,
1986 5135 2194 5212 Script.
2228 5141 2267 5194 t.
2304 5141 2345 5206 l,
2379 5152 2439 5211 p.
2472 5141 2564 5208 36,
2595 5151 2667 5192 ex
2691 5133 2947 5193 editione
2979 5137 3043 5192 D.
3078 5137 3141 5193 ϐ.
3176 5135 3395 5208 Waitz).

1677 5242 2087 5260 euq——

1224 5330 1327 5417 D.
1391 5330 1496 5419 G.
1558 5330 1908 5417 WAITZ
1967 5332 2583 5420 PR/EFATIO.

260 5556 648 5615 Virdunensis
669 5561 1050 5635 episcopatus
1074 5562 1386 5621 historiam
1400 5563 1602 5637 plures
1622 5561 1844 5619 diversi

163 5650 471 5721 cumporis
523 5653 1015 5733 conscripserunt
1041 5656 1344 5727 monachi,
1373 5671 1635 5729 quorum
1664 5655 1844 5729 primi

1953 5564 2246 5622 Bertarius
2266 5569 2322 5623 et
2341 5565 2719 5625 continuator
2738 5565 2869 5642 ejus
2888 5566 3021 5643 jam
3065 5569 3180 5625 hoc
3201 5567 3337 5625 loco
3363 5565 3601 5625 edendi.

1954 5655 2308 5714 Laurentius
2335 5672 2478 5714 vero
2504 5662 2563 5715 et
2596 5656 2704 5731 qui
2748 5673 2890 5715 eum
2920 5662 3158 5715 secutus
3187 5662 3275 5714 est
3299 5656 3399 5713 alii
3446 5659 3611 5712 tomo
