3980 6182
193 213 278 267 505

249 354 274 382 κ
311 332 422 386 Nos
451 327 651 395 etiam,

193 416 369 460 eessor
393 403 451 472 et
480 404 746 472 tempore
779 403 876 436 “79
925 401 1153 458 domini
1195 401 1436 458 Lodoici
1478 402 1634 472 regis
1687 403 1824 471 post

193 471 532 532 avunculum
560 471 834 543 uestrum
875 472 1050 530 istam
1108 474 1430 530 Ecclesiam
1479 471 1820 543 gubernan-

190 544 310 602 dam
336 541 735 617 succepimus,
767 548 825 599 et
852 550 988 617 post
1014 550 1267 617 mortem
1308 541 1576 615 ejusdem
1627 542 1820 617 domi-

192 632 316 674 num
343 612 622 669 Caroluin
652 612 894 689 fratrem
920 615 1106 689 ipsius
1126 612 1548 689 imperatorem
1566 613 1823 689 suscepi-

191 702 324 759 mus,
352 690 411 759 et
437 700 626 759 usque
660 685 737 740 ad
770 685 1002 759 tempus
1032 685 1258 743 domini
1290 685 1580 759 Arnulphi
1612 686 1821 759 glorio-

191 756 387 815 sissimi
405 755 601 829 regis,
622 756 856 829 nepotis
887 755 1106 814 scilicet
1135 774 1363 821 eorum,
1393 755 1520 828 jam
1541 755 1820 829 perveni-

191 846 322 909 mus,
353 826 651 909 quidquid
857 829 1191 884 commissae
1222 826 1505 909 ecclesiis
1536 826 1595 908 in
1642 826 1823 909 rebus

188 906 239 957 et
256 898 505 967 familiis,
546 899 606 953 in
636 900 917 955 omnibus
974 901 1338 956 ornamentis
1388 898 1819 961 ecclesiasticis,

189 970 420 1044 Domino
442 970 796 1044 adjuvante,
812 970 1029 1044 addere
1055 970 1392 1044 potui,huic
1411 970 1576 1044 operi
1603 968 1717 1044 add
1727 984 1822 1023 ere

189 1042 628 1099 saluberrimum
655 1040 820 1096 duxi.
850 1042 1032 1107 Dedit,
1058 1040 1175 1098 'ete.
1213 1043 1345 1097 Haec
1376 1040 1581 1097 omnia
1606 1040 1821 1095 solem-

184 1114 236 1170 ni
259 1128 418 1168 more
448 1111 805 1184 supradictae
838 1113 1097 1168 ecclesiae
1122 1113 1404 1169 dominus
1436 1112 1681 1167 Carolus
1710 1111 1821 1184 im-

186 1189 404 1258 perator
418 1182 741 1258 delegavit,
759 1188 953 1258 atque
995 1184 1073 1241 ab
1109 1185 1458 1258 habendum
1490 1182 1825 1258 perenniter

183 1253 474 1336 concessit.
528 1253 873 1336 Arnulphus
927 1271 1169 1336 quoque
1218 1253 1823 1336 gloriosissimus-rex

181 1326 325 1383 dedit
347 1326 408 1398 in
440 1325 750 1398 proprium
783 1340 889 1398 per
915 1325 1277 1398 auctoritatis
1308 1343 1429 1381 suae
1457 1328 1823 1398 praeceptum

183 1396 520 1470 supradicta
548 1396 1163 1470 ecclesireabbatiam,
1195 1414 1344 1470 qum
1370 1396 1617 1451 vocatur
1644 1398 1821 1470 ΔΜοῐι-

184 1414 520 1524 supramcue
548 1414 809 1452 eceiesue
837 1414 1163 1463 annauam,
1195 1414 1330 1470 qua».
1370 1414 1617 1451 vocatur
1666 1414 1821 1451 mon-

184 1470 242 1524 tis
266 1468 509 1540 alconis,
543 1483 678 1540 quae
700 1472 787 1540 est
815 1467 874 1522 in
904 1469 1131 1540 honore
1162 1468 1349 1524 sancti
1381 1467 1653 1540 Germani
1686 1482 1825 1521 con—

180 1544 383 1595 structa
409 1544 469 1595 et
496 1538 874 1594 incomitatu
908 1539 1203 1594 Doliuensi
1234 1544 1321 1593 est
1348 1539 1481 1606 sita,
1512 1555 1650 1593 eum
1692 1553 1822 1593 om-

179 1610 338 1666 nibus
369 1615 427 1666 et
453 1610 564 1665 sibi
596 1609 1053 1682 pertinentibus,
1098 1634 1124 1659 ››
1164 1615 1273 1666 etc.

236 1700 377 1754 Cum
410 1697 722 1768 catalogus
750 1698 1176 1770 episcoporum
1208 1698 1686 1763 Virdunensium,
1729 1712 1824 1767 cui

175 1788 325 1844 Dado
358 1788 489 1842 haec
517 1786 827 1842 addidisse
858 1786 1449 1861 dicitur,deperditus
1470 1803 1601 1842 esse
1631 1787 1825 1842 videa-

177 1882 274 1943 tur,
308 1876 548 1932 Bertarii
572 1876 753 1932 breve
784 1876 1048 1931 historiae
1080 1876 1508 1949 compendium
1534 1892 1605 1933 eo
1637 1878 1824 1947 majo-

171 1965 244 2021 ris
272 1970 361 2021 est
390 1965 756 2021 faciendum.
793 1968 989 2020 Pauca
1018 1970 1250 2022 tantum
1282 1982 1391 2021 suo
1412 1982 1541 2021 aevo
1569 1968 1822 2022 Lauren-

170 2054 275 2109 tius
311 2054 472 2109 illius
515 2054 677 2126 operi
730 2054 1012 2109 addenda
1063 2055 1302 2110 invenit.
1332 2054 1503 2125 Hugo
1537 2054 1821 2111 Flavinia-

168 2142 371 2207 sensis,
394 2143 637 2199 Bertarii
658 2143 997 2199 narratione
1024 2143 1420 2199 fundamento
1442 2144 1819 2217 posita(367),

166 2230 346 2287 multa
375 2231 624 2304 quidem
646 2232 912 2305 undique
930 2232 1162 2301 collegit
1183 2237 1239 2288 et
1258 2232 1591 2288 uberiorem
1622 2249 1823 2289 rerum

168 2319 625 2377 Virdunensium
656 2326 918 2390 segetem
948 2320 1201 2392 posteris
1250 2320 1506 2384 tradidit,
1558 2321 1663 2376 sed
1706 2320 1825 2393 ple-

163 2423 415 2482 rumque
445 2409 617 2479 falsa,
650 2409 927 2465 fabulosa
951 2413 1007 2463 et
1030 2409 1291 2464 historiae
1313 2409 1555 2464 nomine
1577 2410 1826 2479 indigna

161 2497 622 2555 consarcinavit.
657 2498 844 2553 Etiam
871 2497 1010 2552 Vitae
1045 2499 1099 2554 S.
1136 2497 1297 2552 Pauli
1331 2498 1584 2569 scriptor
1628 2500 1823 2552 Berta-

162 2586 308 2642 rium
342 2586 716 2659 antiquitatis
747 2603 868 2642 non
900 2585 1254 2658 spernendae
1273 2591 1579 2642 auctorem
1596 2586 1823 2656 laudat,

160 2677 253 2732 sed
286 2682 349 2732 et
382 2676 760 2747 negligentiae
792 2676 1007 2746 arguit,
1037 2675 1261 2748 quippe
1307 2677 1411 2748 qui
1448 2678 1581 2732 'non
1621 2678 1825 2733 omnia

162 2765 263 2821 sibi
293 2769 613 2838 comperta
652 2765 954 2838 scripserit
1007 2769 1175 2832 (368).
1238 2798 1305 2805 ——
1364 2768 1658 2821 Bertarius
1702 2782 1824 2838 quo

159 2870 311 2911 anno
339 2853 563 2909 obierit
592 2869 715 2909 non
739 2858 989 2910 constat.
1024 2855 1300 2909 Fortasse
1324 2855 1503 2910 etiam
1538 2854 1652 2910 sub
1682 2856 1821 2910 Bar—

160 2944 356 3010 noino,
390 2942 500 3016 qui
531 2958 692 2999 anno
718 2947 820 3000 925
846 2943 1256 3015 episcopatum
1289 2944 1571 3016 suscepit,
1592 2945 1651 2999 in
1678 2943 1823 2999 vivis

158 3038 293 3087 erat.
322 3032 455 3088 Hoc
486 3031 646 3087 enim
675 3032 842 3105 apud
875 3031 1358 3102 Wasseburgium
1385 3032 1669 3105 polyptiei
1700 3033 1821 3088 Vir-
1852 3023 1893 3076 C

159 3119 447 3177 dunensis
464 3119 655 3194 ipsius
678 3124 943 3194 tempore
971 3120 1220 3177 confecti
1253 3120 1486 3177 initium
1516 3121 1772 3191 legimus
1805 3139 1816 3175 :

223 3232 249 3257 «
293 3207 611 3265 Fratribus
641 3207 1031 3263 Virdunensis
1062 3208 1327 3265 ecclesiae
1376 3209 1489 3265 sub
1532 3210 1823 3266 canonica

159 3281 509 3350 auctoritate
542 3280 603 3335 in
633 3279 818 3335 domo
834 3279 1025 3335 beatae
1042 3280 1284 3350 virginis
1316 3280 1542 3337 Christo
1572 3282 1825 3337 servien-

160 3349 308 3405 tibus
366 3351 543 3406 salus
596 3351 899 3406 continua.
959 3352 1104 3406 Cum
1149 3349 1365 3407 multa;r
1415 3351 1824 3408 tribulationes

159 3422 537 3495 temporibus
562 3421 777 3495 nostris
806 3421 964 3478 istud
996 3422 1361 3495 Virdunense
1381 3428 1826 3495 praegravarent

157 3491 564 3565 episcopium;
591 3494 852 3565 maxime
882 3498 1085 3565 tamen
1116 3493 1238 3548 duo
1264 3491 1683 3549 immanissimi
1725 3511 1823 3549 ca-

158 3577 271 3638 sus,
304 3563 539 3619 nostris
572 3564 782 3638 pravis
801 3563 1173 3632 exigentibus
1214 3566 1473 3638 meritis,
1500 3582 1536 3621 a
1583 3566 1825 3638 proprio

158 3631 502 3703 dejecerunt
539 3631 727 3708 statu._
762 3631 1028 3708 Quorum
1082 3651 1239 3708 unus
1289 3636 1524 3708 accidit,
1579 3631 1826 3708 quando

159 3708 421 3783 tempore
478 3706 848 3783 venerabilis
899 3706 1205 3783 memoriae
1255 3706 1516 3761 Dadonis
1563 3706 1828 3783 episcopi

156 3776 302 3845 ignis
334 3793 575 3833 exosus
606 3781 793 3833 totam
818 3792 970 3845 pene
997 3777 1293 3832 civitatem
1324 3776 1745 3845 concremavit,
1772 3776 1831 3832 et

158 3847 469 3920 ecclesiam
526 3852 758 3920 sanetae,
794 3847 985 3904 Mariae
1035 3847 1339 3920 solotenus
1386 3848 1723 3920 prostravit.
1770 3850 1831 3902 Et

154 3918 301 3988 proh
328 3920 511 3977 dolor
552 3919 564 3973 l
598 3919 804 3974 omnia
832 3922 1186 3974 ornamenta
1220 3918 1641 3982 ecclesiastica,
1691 3934 1831 3974 cum

153 3992 408 4063 armario
451 3996 514 4046 et
557 3989 1027 4063 apostolicorum
1059 3989 1379 4061 privilegiis
1428 3994 1497 4063 et
1527 3989 1828 4063 episcopo

150 4073 277 4114 rum
303 4061 583 4117 decretis
603 4061 666 4116 et
693 4062 1039 4117 chartarum
1068 4076 1270 4116 rerum
1291 4061 1831 4116 ecclesiasticarum

148 4129 532 4205 instrumenti
552 4148 578 4184 s
605 4137 786 4204 atque
818 4131 1072 4204 scriptis,
1106 4131 1285 4205 vulgo
1334 4132 1589 4205 pulegiis
1637 4133 1831 4205 uomit

151 4203 611 4276 natis,t1amn;ia
640 4202 1031 4276 consumpsit.
1057 4202 1148 4257 Ad
1170 4202 1485 4276 cumulum
1518 4220 1655 4276 vero
1684 4204 1831 4276 tanti

157 4273 311 4347 mali,
373 4273 855 4347 succedentem
899 4273 1122 4347 eodem
1144 4273 1300 4347 iloco
1346 4282 1567 4347 nepote
1602 4274 1832 4347 domini

157 4344 435 4418 lladonis.
472 4345 806 4403 venerabili
832 4346 1115 4418 episcopo
1143 4344 1461 4418 Barnoino,
1484 4346 1680 4418 primo
1704 4346 1833 4415 ejus

156 4390 559 4475 ordinationis
591 4390 1201 4483 anno,crl‘idelistsima
1231 4431 1378 4483 gens
1410 4390 1833 4486 H’ulngarorum

880 208 968 262 DE
1008 197 1244 264 GESTIS
1284 203 1767 264 EPISCOPORUM
1804 203 2345 263 VIRDUNENSIUM.
2380 238 2448 246 —
2489 206 2876 264 PREFATIO.

3487 206 3591 262 506

701 329 1054 411 quiﬁivina
1076 330 1486 411 dispositione
1525 330 1654 411 ejus
1687 343 1819 411 suc-_
1850 327 1898 380 Α
1927 326 2254 411 imprpvisa
2274 329 2477 411 ipsum
2502 329 2655 411 adiit
2675 330 3049 411 episcopum,
3077 333 3138 411 et
3158 326 3416 411 incensis
3436 345 3591 411 pene

1928 399 2416 483 omnibusvillis,
2451 399 2730 483 homines
2759 399 2925 483 extra
2947 399 3591 483 oppida'repertos'aut

1928 469 2067 545 neci
2082 471 2246 527 dedit
2274 480 2377 528 aut
2405 473 2734 545 captivitati
2772 469 3107 545 destinavit.
3163 469 3591 545 His‘gravibus

1928 542 2168 615 duabus
2219 559 2425 615 pressa
2472 541 2951 615 calamitatibus,
3010 542 3356 613 congregati
3414 541 3590 615 simul

1928 612 2622 685 ejusdem—venerabiles
2679 618 2735 669 et
2788 614 3051 685 majores
3098 618 3246 669 natu
3294 612 3588 681 canonici,

1929 684 2148 741 scilicet
2179 686 2541 758 Ewenardus
2569 684 2950 758 praepositus,
2986 686 3281 758 Bertarius
3301 685 3587 748 decanus,

1929 773 2068 811 cum
2098 755 2914 813 archidiaconus'Leutfredo
2941 761 2997 812 et
3028 755 3295 822 0dilone,
3348 759 3404 811 et
3452 770 3590 810 cum

1930 828 2137 899 paucis
2166 828 2421 898 villanis,
2469 828 2574 900 qui
2624 830 2685 883 in
2733 827 2980 900 fratrum
3012 826 3166 900 villis
3193 826 3267 881 de
3306 825 3591 900 pradicta

1930 896 2260 955 vastatione
2311 896 2742 966 remanserant,
2795 914 2870 954 ne
2912 897 3198 953 institutio
3242 896 3491 968 antiqua
3538 902 3597 951 et

1929 970 2221 1043 redditus
2250 970 2527 1043 villarum
2585 975 3031 1043 atque‘census
3079 984 3284 1023 earum
3346 982 3593 1043 prorsus

1930 1040 2266 1110 ignorando
2319 1038 2685 1108 aboleretur;
2729 1040 2806 1097 ad
2845 1054 3229 1110 communem
3279 1038 3592 1110 utilitatem

1931 1107 2317 1184 praesentium
2362 1118 2419 1168 et
2462 1110 3029 1184 futurorumsolerti
3057 1108 3445 1184 indagatione
3473 1107 3592 1162 hoc

1931 1180 2251 1256 pulegium,
2273 1200 2454 1256 super
2482 1200 2575 1239 res
2604 1183 3047 1256 canonicorum.
3083 1180 3354 1256 condere
3388 1194 3591 1256 operae

1934 1248 2186 1327 pretium
2221 1248 2538 1327 duxerunt.
2566 1254 2889 1327 Pulegiuni
2908 1257 3130 1327 autem,
3168 1256 3233 1307 ut
3256 1251 3403 1306 mihi
3431 1248 3591 1304 vide-

1936 1323 2046 1395 iur,
2080 1326 2163 1381 nil
2185 1325 2348 1382 aliud
2380 1326 2679 1389 signiﬁcat
2728 1329 2832 1381 aut
2875 1323 3165 1395 latialiteri
3195 1326 3369 1395 sonat
3405 1336 3593 1395 quam

1932 1391 2176 1469 publica
2211 1398 2305 1452 lex
2353 1397 2445 1473 ve‘l
2474 1397 2929 1473 popularisiex.
2973 1395 3031 1450 Si
3066 1394 3203 1473 quis
3233 1391 3449 1473 rectius
3478 1391 3594 1473 hoc

1932 1463 2372 1542 commentatus
2410 1463 2603 1536 fuerit,
2632 1484 2743 1535 ego
2790 1463 3161 1542 Sarovardus
3205 1463 3595 1542 cancellarius

1928 1539 2114 1615 jussis
2164 1543 2601 1615 praeceptorum
2651 1553 2924 1615 meorum
2954 1536 3436 1615 obtemperans,
3489 1536 3594 1612 qui

1932 1605 2069 1682 huic
2090 1605 2256 1682 operi
2286 1605 2383 1682 me
2413 1609 2823 1682 praefecerunt,
2883 1605 3210 1663 intellectui
3230 1605 3360 1676 ejus
3398 1605 3593 1660 humi-

1940 1681 2068 1736 liter
2089 1680 2376 1737 concedo.
2416 1680 2449 1730 ἶ)

2004 1788 2059 1843 Si
2081 1787 2379 1844 Bertarius
2409 1786 2676 1843 decanus
2725 1785 2821 1841 hic
2878 1788 3249 1840 memoratus
3294 1781 3453 1836 idem
3507 1782 3597 1834 est

1932 1877 2033 1949 qui
2063 1876 2577 1948 historiographus
2607 1876 2974 1946 (369),quem
3002 1872 3130 1943 jam
3158 1869 3424 1926 Hattonis
3453 1872 3596 1924 tem-

1935 1981 2076 2038 pore
2106 1964 2379 2039 adultum
2408 1964 2691 2032 vidimus,
2724 1978 2909 2018 senex
2936 1961 3096 2017 diem
3120 1958 3332 2016 obierit
3351 1971 3594 2014 necesse

1931 2059 2035 2111 est.
2118 2054 2395 2127 Sepultus
2463 2058 2550 2109 est
2629 2054 2688 2108 in
2766 2050 3105 2107 caemeterio
3175 2048 3365 2105 sancti
3436 2046 3594 2101 Vito-

1930 2143 1992 2200 ni
2022 2144 2191 2215 (370).

2007 2268 2321 2324 Historiam
2354 2283 2390 2322 a
2422 2266 2678 2322 Bertario
2703 2265 3029 2336 incoeptam
3068 2261 3407 2317 monachus
3430 2260 3595 2316 S.Vi-

1936 2359 2058 2415 toni
2088 2359 2234 2429 (371)
2262 2371 2453 2428 usque
2475 2356 2553 2412 ad
2592 2370 2821 2411 annum
2877 2357 3033 2420 1047,
3078 2349 3443 2407 Theodorico
3480 2349 3600 2421 epi-

1937 2462 2123 2519 scopo
2148 2446 2390 2501 sedente
2423 2445 2567 2514 (372)
2592 2443 2980 2499 continuavit.
3001 2445 3076 2496 De
3098 2440 3307 2513 primis
3338 2437 3539 2494 saeculi
3558 2455 3596 2493 x

1936 2533 2307 2606 temporibus
2337 2532 2485 2588 nihil
2524 2531 2643 2587 fere
2687 2534 3065 2603 compertum
3113 2527 3401 2584 habuisse
3440 2525 3600 2581 vide-

1938 2629 2050 2693 tur,
2108 2627 2318 2696 postea
2367 2637 2509 2678 vero
2559 2636 2654 2676 res
2701 2619 3120 2686 Virdunenses,
3160 2615 3444 2689 quamvis
3474 2629 3596 2670 non

1935 2712 2181 2785 copiosa
2209 2715 2266 2766 et
2292 2724 2399 2782 per
2427 2712 2625 2780 partes
2667 2707 2946 2776 deducta,
2994 2705 3137 2769 satis
3184 2707 3466 2760 accurata
3511 2707 3629 2773 ta-u

1934 2816 2074 2856 men
2126 2798 2470 2855 narratione
2512 2797 2808 2870 exposuit,
2851 2800 2908 2852 et
2936 2810 3072 2867 quae
3101 2793 3181 2849 ab
3212 2792 3343 2848 aliis
3373 2790 3600 2848 audivit

1935 2890 2081 2961 (373)
2107 2892 2211 2945 aut
2245 2888 2372 2960 ipse
2398 2886 2562 2951 vidit,
2578 2884 2793 2941 ﬂorido
2813 2884 3051 2940 dicendi
3077 2897 3292 2953 genere
3324 2897 3487 2948 usus,
3511 2895 3600 2935 re-

1935 2979 2083 3046 tulit,
2115 2978 2223 3036 sed
2249 2976 2472 3050 pariter
2499 2980 2680 3048 atque
2706 2974 3000 3031 Bertarius
3045 2988 3249 3029 rerum
3292 2975 3599 3041 gestarum

1936 3072 2207 3139 tempora
2235 3064 2523 3121 adnotare
2554 3064 2705 3133 (374)
2732 3077 2981 3135 prorsus
3011 3060 3132 3117 fere
3152 3058 3430 3130 neglexit.
3448 3060 3598 3114 Fon-

1934 3160 2020 3212 tes
2048 3154 2299 3227 scriptos
2326 3158 2539 3226 praeter
2557 3151 2889 3225 diplomata
2926 3149 3193 3207 ecclesiis
3221 3163 3509 3205 concessa
3536 3162 3598 3201 se

1933 3243 2237 3309 habuisse,
2296 3258 2597 3314 nusquam
2655 3240 2896 3301 indicat,
2953 3255 3149 3311 neque
3192 3237 3309 3295 alia
3339 3236 3598 3293 historice

1934 3332 2317 3389 Virduneusis
2348 3333 2744 3387 monumenta
2773 3328 2961 3402 ipsius
2993 3333 3261 3400 tempore
3282 3324 3598 3390 exstitisse,

1933 3420 2250 3478 verisimile
2279 3426 2385 3476 est.
2422 3419 2770 3475 Laurentius
2798 3418 2930 3489 ejus
2958 3416 3368 3473 narrationem
3392 3418 3603 3487 postea

1935 3511 2184 3582 excepit,
2243 3509 2416 3575 Hugo
2478 3505 2938 3563 Flaviniacensis
2996 3504 3215 3576 partim
3266 3502 3600 3573 descripsit,

1935 3601 2156 3672 partim
2181 3597 2366 3653 auxit.
2394 3596 2581 3651 Etiam
2605 3594 2711 3666 qui
2738 3595 2926 3649 Vitam
2958 3594 3014 3648 S.
3062 3589 3337 3646 Hichardi
3366 3588 3602 3645 abbatis

1937 3685 2275 3759 composuit
2306 3684 2452 3754 (375)
2476 3698 2551 3738 ex
2578 3681 2695 3737 hoc
2724 3696 2903 3751 opere
2933 3678 3109 3750 plura
3139 3675 3412 3733 hausisse
3436 3675 3602 3731 vide-

1940 3782 2033 3832 tur
2061 3778 2231 3845 (376).
2264 3775 2413 3827 Cum
2433 3770 2597 3826 enim
2628 3769 2755 3841 ipse
2784 3767 3032 3824 minime
3059 3765 3420 3822 Richardum
3436 3763 3603 3819 vide-

1940 3864 2030 3933 rit,
2061 3863 2168 3920 sed
2197 3878 2258 3918 se
2285 3860 2644 3933 scripturum
2666 3873 2799 3913 esse
2816 3856 2973 3913 dicat
3003 3878 3029 3905 ‹‹
3055 3870 3192 3928 quae
3223 3853 3302 3910 ab
3331 3852 3480 3926 ipsis
3500 3853 3605 3925 qui

1939 3970 2011 4010 ea
2038 3952 2318 4008 viderunt
2344 3953 2401 4006 et
2429 3947 2759 4005 certissime
2793 3946 3204 4015 cognoverunt
3220 3940 3384 3999 ﬁdeli
3403 3956 3607 3998 narra-

1941 4041 2099 4097 tione
2128 4037 2469 4106 didicimus,
2502 4060 2530 4085 »
2569 4039 2709 4108 post
2748 4032 3025 4091 Richardi
3065 4036 3339 4104 tempora
3391 4030 3604 4087 vixisse

1941 4131 2172 4188 videtur
2196 4147 2208 4197 ;
2237 4125 2701 4184 continuationis
2728 4123 2979 4196 scriptor
3018 4136 3163 4176 vero
3192 4119 3433 4179 duobus
3474 4124 3602 4176 tan-

1943 4226 2070 4276 tum
2095 4224 2233 4293 post
2262 4216 2418 4273 illius
2443 4214 2676 4271 obitum
2702 4214 2875 4271 annis
2903 4210 3167 4268 Historiae
3198 4209 3383 4266 ﬁnem
3408 4209 3602 4283 impo-

1945 4310 2081 4376 suit,
2109 4308 2191 4366 ita
2220 4311 2281 4364 ut
2309 4307 2436 4363 Vita
2462 4304 2564 4361 illa
2592 4304 2677 4361 uti
2699 4301 3053 4375 nequiverit.

2016 4416 2082 4470 In
2111 4415 2227 4469 hoc
2254 4427 2434 4485 opere
2462 4410 2699 4467 edendo
2728 4425 2875 4465 usus
2900 4423 3036 4465 sum
3063 4406 3288 4462 codice.

1553 4523 1785 4579 νΑΒιΑΞ
1826 4520 2224 4579 LECTIONES.

1769 4665 1998 4722 NOTIE.

222 4592 319 4627 ¹⁷⁷⁹
347 4592 487 4665 ipse
514 4593 620 4650 ed.

224 4750 370 4823 (367)
411 4753 571 4817 Quae
621 4766 695 4807 ex
745 4749 869 4825 illo,
915 4751 1088 4822 cujus
1116 4776 1143 4801 ‹‹
1172 4753 1539 4825 memorialis
1582 4753 1836 4825 antiqui-

158 4822 239 4895 tas
272 4844 299 4870 »
321 4822 639 4895 magnam
669 4823 833 4895 upud
859 4824 1065 4895 ipsum
1102 4824 1359 4895 parabat
1401 4822 1834 4894 aucloritatém,

155 4888 489 4966 descripsit,
520 4892 698 4966 apud
711 4888 901 4966 'Bert.'
915 4910 966 4966 cf
995 4898 1027 4949 4
1055 4888 1351 4966 leguntur.

219 4964 368 5036 (368)
411 4988 443 5015 ‹‹
468 4964 639 5021 Haec
668 4964 748 5037 ita
779 4980 842 5019 se
866 4964 1109 5037 habere,
1136 4965 1326 5037 ipsius
1365 4964 1473 5037 viri
1517 4965 1837 5037 auctoritas

155 5036 207 5109 et
224 5034 357 5109 non
380 5034 749 5109 spernenda
779 5035 1104 5109 antiquitas
1143 5034 1295 5109 eatis
1332 5036 1481 5109 _ﬁ_dei
1528 5035 1605 5092 ad
1630 5035 1692 5090 id
1718 5052 1837 5109 cre-

154 5102 705 5189 dendumividet‘ur
733 5102 1021 5189 conferre.
1048 5106 1161 5189 Sed
1185 5107 1351 5189 quod
1375 5107 1511 5189 ipse
1523 5107 1837 5188 prosequi-

157 5179 241 5228 tur
270 5186 344 5242 (ς.
382 5181 466 5250 8),
502 5177 707 5250 multa
735 5194 798 5233 se
844 5177 1056 5248 legisse
1103 5181 1159 5233 et
1205 5177 1363 5250 picta
1400 5177 1652 5241 Vidisse,
1704 5177 1838 5249 quae

154 5248 760 5330 pernnegligentiam
814 5264 938 5330 non
992 5253 1132 5330 sunt
1173 5248 1391 5321 scripta
1434 5250 1563 5330 ipse
1593 5248 1838 5330 quoque

152 5320 539 5388 negligentiae
595 5325 741 5376 nota
796 5320 1171 5387 redarguitur
1202 5362 1215 5385 ,
1278 5320 1415 5376 eum
1458 5320 1542 5375 de
1606 5320 1839 5392 scriptis

150 5388 240 5444 vel
291 5393 371 5447 de
432 5390 591 5447 visis
649 5391 876 5447 Dictum
928 5389 1007 5446 ad
1057 5388 1514 5447 aedificationem
1569 5397 1838 5447 postero-

150 5404 240 5444 vei
291 5404 371 5447 de
432 5407 591 5447 V1315
649 5404 876 5463 pictum
928 5404 1007 5446 ad
1057 5404 1514 5447 waincationem
1569 5404 1836 5463 postero-

150 5461 741 5558 :m‘uﬁconscribere
789 5461 1128 5532 neglexerit.
1181 5493 1248 5501 —
1306 5462 1517 5519 Mahill.
1576 5467 1720 5517 Acta
1771 5466 1836 5526 11,

150 5544 209 5600 p.
238 5536 367 5590 273.

218 5606 367 5670 (369]

218 5609 348 5670 (369

218 5606 373 5749 (370i

416 5608 509 5661 Ita
542 5604 950 5673 Wassebourg
978 5605 1018 5659 ἱ.
1057 5610 1116 5659 17
1124 5609 1176 5659 4.

413 5678 603 5746 Hugo
636 5673 812 5744 Flav.,
840 5690 900 5747 p.
936 5679 1056 5732 123.
1090 5706 1159 5715 -
1198 5678 1261 5730 In
1292 5675 1617 5747 diplomate
1662 5673 1837 5729 Otho-

1943 4753 2037 4807 nis
2086 4755 2129 4807 ll
2176 4749 2438 4806 ecclesiae
2498 4750 2553 4803 S.
2603 4743 2792 4801 Vitoni
2835 4738 3251 4797 molendinum
3281 4754 3317 4793 a
3348 4735 3605 4793 Bertario

1944 4822 2238 4878 canonico
2266 4820 2471 4876 datum
2507 4816 2919 4873 conﬁrmatur.

2016 4894 2166 4963 (3H)
2207 4895 2267 4948 (ι.
2301 4897 2354 4947 9.

2198 4966 2464 5107 gelidus
2492 5025 2885 5107 referentibus
2915 5022 3139 5107 audivi,
3172 5040 3204 5075 ›
3243 5038 3293 5077 c.
3325 5025 3397 5091 2;
3449 5042 3477 5069 ‹‹
3526 5019 3605 5076 ab

1946 5097 2165 5162 abbate
2194 5104 2363 5159 istius
2392 5101 2507 5157 loci
2546 5097 2768 5160 audivi,
2803 5119 2831 5145 ››
2865 5112 2915 5150 e.
2944 5098 2998 5150 3.

2019 5178 2166 5248 (374)
2203 5180 2263 5231 In
2296 5174 2392 5248 his
2422 5168 2777 5248 deﬁniendis
2816 5163 3387 5248 multumnlab‘eravi
3416 5182 3428 5225 ;
3470 5178 3605 5248 quae

1946 5235 2349 5313 Wassebourg
2381 5241 2560 5315 habet
2586 5240 2961 5315 plerumque
2993 5236 3158 5315 nullo
3211 5235 3606 5315 fundamento

1946 5318 2232 5373 nituntur.
2255 5304 2479 5372 Calmet
2500 5304 2635 5385 haec
2656 5304 2966 5382 exscripsit
2994 5304 3606 5385 nqvisqueerroribus

1948 5387 2131 5443 auxit.
2160 5386 2475 5440 Historiam
2504 5377 2937 5437 Virdunensém
2975 5395 3012 5435 a
3059 5377 3309 5435 Boussel
3353 5377 3607 5432 conscri-

1948 5465 2113 5531 ptam
2143 5471 2340 5528 neque
2372 5455 2429 5510 in
2461 5453 2625 5524 regia
2652 5468 2847 5525 neque
2872 5452 2933 5506 in
2983 5449 3347 5519 Gottingensi
3393 5446 3604 5501 biblio-

1948 5531 2118 5585 theca
2138 5527 2359 5582 inveni.

2013 5545 2118 5583 eca
2138 5543 2336 5582 inveni
2348 5569 2359 5579 .

2039 5604 2161 5666 373)
2204 5597 2498 5655 Maliillon.
2533 5600 2675 5650 Acta
2699 5597 2781 5655 Vl,
2812 5599 2861 5663 l,
2888 5609 2947 5666 p.
2984 5597 3106 5649 519.

2039 5604 2141 5655 373
2204 5604 2498 5655 Mahlllon.
2533 5604 2675 5650 Acta
2701 5604 2781 5655 Vl,
2812 5604 2861 5663 1,
2888 5609 2947 5666 p.
2984 5604 3106 5649 519.

2018 5604 2163 5743 i376;
2206 5672 2266 5727 C.
2288 5672 2344 5740 4,
2371 5674 2423 5737 5,
2446 5673 2499 5725 9.
2529 5669 2609 5723 Ex
2631 5668 2797 5723 Cont.
2830 5681 2882 5721 c.
2911 5667 3078 5734 9,20.
3113 5663 3195 5717 Ex
3225 5662 3393 5717 Cont.
3428 5673 3478 5712 c.
3517 5659 3602 5710 Η.
