  <div class='ocr_page' id='page_1' title='image "/cluster/home/n/w/nwhite01/storage/ocr_20150623/132/hvd.32044054759931/259.png"; bbox 0 0 4034 6182; ppageno 0'>
   <div class='ocr_carea' id='block_1_1' title="bbox 428 123 530 178">
    <p class='ocr_par' dir='ltr' id='par_1_1' title="bbox 428 123 530 178">
     <span class='ocr_line' id='line_1_1' title="bbox 428 123 530 178; baseline -0.01 0"><span class='ocrx_word' id='word_1_1' title='bbox 428 123 530 178; x_wconf 78' lang='lat'>507</span> 
     </span>
    </p>
   </div>
   <div class='ocr_carea' id='block_1_2' title="bbox 1491 118 2791 184">
    <p class='ocr_par' dir='ltr' id='par_1_2' title="bbox 1491 118 2791 184">
     <span class='ocr_line' id='line_1_2' title="bbox 1491 118 2791 184; baseline 0.009 -12"><span class='ocrx_word' id='word_1_2' title='bbox 1491 119 1820 174; x_wconf 79' lang='lat' dir='ltr'>BERTARll</span> <span class='ocrx_word' id='word_1_3' title='bbox 1858 118 2322 180; x_wconf 79' lang='lat' dir='ltr'>VIRDUNENSIS</span> <span class='ocrx_word' id='word_1_4' title='bbox 2361 123 2791 184; x_wconf 80' lang='lat' dir='ltr'>SACERDOTIS</span> 
     </span>
    </p>
   </div>
   <div class='ocr_carea' id='block_1_3' title="bbox 3754 127 3852 181">
    <p class='ocr_par' dir='ltr' id='par_1_3' title="bbox 3754 127 3852 181">
     <span class='ocr_line' id='line_1_3' title="bbox 3754 127 3852 181; baseline -0.01 0"><span class='ocrx_word' id='word_1_5' title='bbox 3754 127 3852 181; x_wconf 79' lang='lat'>508</span> 
     </span>
    </p>
   </div>
   <div class='ocr_carea' id='block_1_4' title="bbox 503 241 3854 319">
    <p class='ocr_par' dir='ltr' id='par_1_4' title="bbox 503 241 3854 319">
     <span class='ocr_line' id='line_1_4' title="bbox 503 241 3854 319; baseline 0.001 -19"><span class='ocrx_word' id='word_1_6' title='bbox 503 246 555 317; x_wconf 99' lang='grc'>1)</span> <span class='ocrx_word' id='word_1_7' title='bbox 593 242 942 302; x_wconf 88' lang='lat' dir='ltr'>Virdunensi</span> <span class='ocrx_word' id='word_1_8' title='bbox 968 259 1033 300; x_wconf 91' lang='lat' dir='ltr'>n.</span> <span class='ocrx_word' id='word_1_9' title='bbox 1072 247 1122 310; x_wconf 89' lang='lat'>3,</span> <span class='ocrx_word' id='word_1_10' title='bbox 1153 242 1333 310; x_wconf 88' lang='lat' dir='ltr'>mbr.,</span> <span class='ocrx_word' id='word_1_11' title='bbox 1383 241 1484 298; x_wconf 87' lang='lat' dir='ltr'>fol.</span> <span class='ocrx_word' id='word_1_12' title='bbox 1536 242 1806 310; x_wconf 82' lang='lat' dir='ltr'>maximi,</span> <span class='ocrx_word' id='word_1_13' title='bbox 1850 243 1995 299; x_wconf 94' lang='lat' dir='ltr'>olim</span> <span class='ocrx_word' id='word_1_14' title='bbox 2028 245 2082 301; x_wconf 92' lang='lat' dir='ltr'>S.</span> <span class='ocrx_word' id='word_1_15' title='bbox 2125 248 2172 300; x_wconf 80' lang='grc' dir='ltr'><strong>Α</strong></span> <span class='ocrx_word' id='word_1_16' title='bbox 2199 251 2541 319; x_wconf 88' lang='lat' dir='ltr'>pravatum,</span> <span class='ocrx_word' id='word_1_17' title='bbox 2573 248 2656 304; x_wconf 89' lang='lat' dir='ltr'>ita</span> <span class='ocrx_word' id='word_1_18' title='bbox 2689 251 2751 304; x_wconf 92' lang='lat' dir='ltr'>ut</span> <span class='ocrx_word' id='word_1_19' title='bbox 2776 247 2973 304; x_wconf 87' lang='lat' dir='ltr'>verbis</span> <span class='ocrx_word' id='word_1_20' title='bbox 3023 246 3420 304; x_wconf 82' lang='lat' dir='ltr'>emendandis</span> <span class='ocrx_word' id='word_1_21' title='bbox 3471 247 3567 303; x_wconf 83' lang='lat' dir='ltr'>vix</span> <span class='ocrx_word' id='word_1_22' title='bbox 3611 247 3854 318; x_wconf 82' lang='lat' dir='ltr'>singulis</span> 
     </span>
    </p>
   </div>
   <div class='ocr_carea' id='block_1_5' title="bbox 428 329 2087 403">
    <p class='ocr_par' dir='ltr' id='par_1_5' title="bbox 428 329 2087 403">
     <span class='ocr_line' id='line_1_5' title="bbox 428 329 2087 403; baseline -0.001 -13"><span class='ocrx_word' id='word_1_23' title='bbox 428 332 617 392; x_wconf 86' lang='lat' dir='ltr'>Vitoni</span> <span class='ocrx_word' id='word_1_24' title='bbox 646 331 911 399; x_wconf 84' lang='lat' dir='ltr'>Virdun.,</span> <span class='ocrx_word' id='word_1_25' title='bbox 959 329 1054 387; x_wconf 90' lang='lat' dir='ltr'>cui</span> <span class='ocrx_word' id='word_1_26' title='bbox 1086 335 1116 386; x_wconf 87' lang='grc'><strong>6</strong></span> <span class='ocrx_word' id='word_1_27' title='bbox 1142 329 1285 387; x_wconf 84' lang='lat' dir='ltr'>folia</span> <span class='ocrx_word' id='word_1_28' title='bbox 1316 347 1364 386; x_wconf 90' lang='lat' dir='ltr'>s.</span> <span class='ocrx_word' id='word_1_29' title='bbox 1396 349 1498 403; x_wconf 84' lang='lat' dir='ltr'>xu,</span> <span class='ocrx_word' id='word_1_30' title='bbox 1545 331 1816 389; x_wconf 79' lang='lat' dir='ltr'>exeuntis</span> <span class='ocrx_word' id='word_1_31' title='bbox 1864 332 2087 390; x_wconf 89' lang='lat' dir='ltr'>inserta</span> 
     </span>
    </p>
   </div>
   <div class='ocr_carea' id='block_1_6' title="bbox 423 419 2087 495">
    <p class='ocr_par' dir='ltr' id='par_1_6' title="bbox 423 419 2087 495">
     <span class='ocr_line' id='line_1_6' title="bbox 423 419 2087 495; baseline 0.001 -18"><span class='ocrx_word' id='word_1_32' title='bbox 423 426 582 486; x_wconf 86' lang='lat' dir='ltr'>sunt,</span> <span class='ocrx_word' id='word_1_33' title='bbox 609 438 743 495; x_wconf 83' lang='lat' dir='ltr'>quas</span> <span class='ocrx_word' id='word_1_34' title='bbox 769 420 869 476; x_wconf 87' lang='lat' dir='ltr'>fol.</span> <span class='ocrx_word' id='word_1_35' title='bbox 904 420 1133 476; x_wconf 77' lang='grc'>159-162</span> <span class='ocrx_word' id='word_1_36' title='bbox 1165 420 1402 476; x_wconf 86' lang='lat' dir='ltr'>Bertarii</span> <span class='ocrx_word' id='word_1_37' title='bbox 1443 426 1500 478; x_wconf 88' lang='lat' dir='ltr'>et</span> <span class='ocrx_word' id='word_1_38' title='bbox 1528 419 1960 478; x_wconf 53' lang='lat' dir='ltr'>contin&#39;uatoris</span> <span class='ocrx_word' id='word_1_39' title='bbox 1993 422 2087 478; x_wconf 84' lang='lat' dir='ltr'>Hi-</span> 
     </span>
    </p>
   </div>
   <div class='ocr_carea' id='block_1_7' title="bbox 424 509 2085 579">
    <p class='ocr_par' dir='ltr' id='par_1_7' title="bbox 424 509 2085 579">
     <span class='ocr_line' id='line_1_7' title="bbox 424 509 2085 579; baseline 0.003 -16"><span class='ocrx_word' id='word_1_40' title='bbox 424 510 668 567; x_wconf 87' lang='lat' dir='ltr'>storiam</span> <span class='ocrx_word' id='word_1_41' title='bbox 697 509 848 564; x_wconf 90' lang='lat' dir='ltr'>inter</span> <span class='ocrx_word' id='word_1_42' title='bbox 876 523 938 564; x_wconf 91' lang='lat' dir='ltr'>se</span> <span class='ocrx_word' id='word_1_43' title='bbox 970 510 1356 579; x_wconf 90' lang='lat' dir='ltr'>conjunctam</span> <span class='ocrx_word' id='word_1_44' title='bbox 1395 513 1451 566; x_wconf 91' lang='lat' dir='ltr'>et</span> <span class='ocrx_word' id='word_1_45' title='bbox 1476 510 1642 566; x_wconf 87' lang='lat' dir='ltr'>nullo</span> <span class='ocrx_word' id='word_1_46' title='bbox 1678 511 1845 567; x_wconf 92' lang='lat' dir='ltr'>titulo</span> <span class='ocrx_word' id='word_1_47' title='bbox 1875 511 2085 568; x_wconf 85' lang='lat' dir='ltr'>distin-</span> 
     </span>
    </p>
   </div>
   <div class='ocr_carea' id='block_1_8' title="bbox 424 597 2086 674">
    <p class='ocr_par' dir='ltr' id='par_1_8' title="bbox 424 597 2086 674">
     <span class='ocr_line' id='line_1_8' title="bbox 424 597 2086 674; baseline 0.001 -20"><span class='ocrx_word' id='word_1_48' title='bbox 424 603 580 656; x_wconf 83' lang='lat' dir='ltr'>ctam</span> <span class='ocrx_word' id='word_1_49' title='bbox 607 597 928 654; x_wconf 86' lang='lat' dir='ltr'>continent.</span> <span class='ocrx_word' id='word_1_50' title='bbox 966 597 1135 654; x_wconf 87' lang='lat' dir='ltr'>Hunc</span> <span class='ocrx_word' id='word_1_51' title='bbox 1164 597 1384 655; x_wconf 91' lang='lat' dir='ltr'>librum</span> <span class='ocrx_word' id='word_1_52' title='bbox 1437 599 1755 674; x_wconf 92' lang='lat' dir='ltr'>optimum,</span> <span class='ocrx_word' id='word_1_53' title='bbox 1805 600 1883 656; x_wconf 90' lang='lat' dir='ltr'>ab</span> <span class='ocrx_word' id='word_1_54' title='bbox 1924 601 2086 657; x_wconf 83' lang='lat' dir='ltr'>urbis</span> 
     </span>
    </p>
   </div>
   <div class='ocr_carea' id='block_1_9' title="bbox 423 686 2088 750">
    <p class='ocr_par' dir='ltr' id='par_1_9' title="bbox 423 686 2088 750">
     <span class='ocr_line' id='line_1_9' title="bbox 423 686 2088 750; baseline 0.002 -8"><span class='ocrx_word' id='word_1_55' title='bbox 423 686 807 744; x_wconf 87' lang='lat' dir='ltr'>Virdunensis</span> <span class='ocrx_word' id='word_1_56' title='bbox 850 686 1300 746; x_wconf 89' lang='lat' dir='ltr'>bibliothecario</span> <span class='ocrx_word' id='word_1_57' title='bbox 1344 688 1464 746; x_wconf 88' lang='lat' dir='ltr'>viro</span> <span class='ocrx_word' id='word_1_58' title='bbox 1514 689 1852 746; x_wconf 90' lang='lat' dir='ltr'>clarissimo</span> <span class='ocrx_word' id='word_1_59' title='bbox 1885 690 2088 750; x_wconf 81' lang='lat' dir='ltr'>Clouet</span> 
     </span>
    </p>
   </div>
   <div class='ocr_carea' id='block_1_10' title="bbox 417 776 2084 851">
    <p class='ocr_par' dir='ltr' id='par_1_10' title="bbox 417 776 2084 851">
     <span class='ocr_line' id='line_1_10' title="bbox 417 776 2084 851; baseline 0.004 -21"><span class='ocrx_word' id='word_1_60' title='bbox 417 776 669 848; x_wconf 81' lang='lat' dir='ltr'>ejusque</span> <span class='ocrx_word' id='word_1_61' title='bbox 723 776 846 832; x_wconf 86' lang='lat' dir='ltr'>filio</span> <span class='ocrx_word' id='word_1_62' title='bbox 903 777 1033 833; x_wconf 91' lang='lat' dir='ltr'>viro</span> <span class='ocrx_word' id='word_1_63' title='bbox 1089 777 1440 834; x_wconf 89' lang='lat' dir='ltr'>doctissimo</span> <span class='ocrx_word' id='word_1_64' title='bbox 1489 785 1546 834; x_wconf 91' lang='lat' dir='ltr'>et</span> <span class='ocrx_word' id='word_1_65' title='bbox 1618 779 2084 851; x_wconf 87' lang='lat' dir='ltr'>humanissimo,</span> 
     </span>
    </p>
   </div>
   <div class='ocr_carea' id='block_1_11' title="bbox 417 866 2085 942">
    <p class='ocr_par' dir='ltr' id='par_1_11' title="bbox 417 866 2085 942">
     <span class='ocr_line' id='line_1_11' title="bbox 417 866 2085 942; baseline 0.003 -21"><span class='ocrx_word' id='word_1_66' title='bbox 417 866 715 939; x_wconf 81' lang='lat' dir='ltr'>gymnasii</span> <span class='ocrx_word' id='word_1_67' title='bbox 748 870 803 923; x_wconf 88' lang='lat' dir='ltr'>et</span> <span class='ocrx_word' id='word_1_68' title='bbox 830 866 1131 923; x_wconf 89' lang='lat' dir='ltr'>seminarii</span> <span class='ocrx_word' id='word_1_69' title='bbox 1153 868 1636 942; x_wconf 90' lang='lat' dir='ltr'>professore,qui</span> <span class='ocrx_word' id='word_1_70' title='bbox 1668 885 1910 925; x_wconf 88' lang='lat' dir='ltr'>summa</span> <span class='ocrx_word' id='word_1_71' title='bbox 1940 870 2085 926; x_wconf 89' lang='lat' dir='ltr'>libe-</span> 
     </span>
    </p>
   </div>
   <div class='ocr_carea' id='block_1_12' title="bbox 414 953 2085 1026">
    <p class='ocr_par' dir='ltr' id='par_1_12' title="bbox 414 953 2085 1026">
     <span class='ocr_line' id='line_1_12' title="bbox 414 953 2085 1026; baseline 0.001 -14"><span class='ocrx_word' id='word_1_72' title='bbox 414 953 642 1012; x_wconf 86' lang='lat' dir='ltr'>ralitate</span> <span class='ocrx_word' id='word_1_73' title='bbox 673 959 732 1011; x_wconf 91' lang='lat' dir='ltr'>et</span> <span class='ocrx_word' id='word_1_74' title='bbox 761 955 1050 1026; x_wconf 81' lang='lat' dir='ltr'>singulari</span> <span class='ocrx_word' id='word_1_75' title='bbox 1080 955 1415 1012; x_wconf 78' lang='lat' dir='ltr'>urbanitate</span> <span class='ocrx_word' id='word_1_76' title='bbox 1445 957 1759 1014; x_wconf 84' lang='lat' dir='ltr'>laboribus</span> <span class='ocrx_word' id='word_1_77' title='bbox 1811 959 1962 1014; x_wconf 89' lang='lat' dir='ltr'><strong>meis</strong></span> <span class='ocrx_word' id='word_1_78' title='bbox 2004 958 2085 1014; x_wconf 85' lang='lat' dir='ltr'>fa-</span> 
     </span>
    </p>
   </div>
   <div class='ocr_carea' id='block_1_13' title="bbox 415 1043 2088 1118">
    <p class='ocr_par' dir='ltr' id='par_1_13' title="bbox 415 1043 2088 1118">
     <span class='ocr_line' id='line_1_13' title="bbox 415 1043 2088 1118; baseline 0.002 -19"><span class='ocrx_word' id='word_1_79' title='bbox 415 1043 514 1113; x_wconf 88' lang='lat' dir='ltr'>vit,</span> <span class='ocrx_word' id='word_1_80' title='bbox 541 1060 782 1102; x_wconf 86' lang='lat' dir='ltr'>mecum</span> <span class='ocrx_word' id='word_1_81' title='bbox 811 1045 1353 1116; x_wconf 83' lang='lat' dir='ltr'>communicatum,</span> <span class='ocrx_word' id='word_1_82' title='bbox 1386 1045 1514 1118; x_wconf 90' lang='lat' dir='ltr'>ipse</span> <span class='ocrx_word' id='word_1_83' title='bbox 1545 1047 1790 1106; x_wconf 88' lang='lat' dir='ltr'>Virduni</span> <span class='ocrx_word' id='word_1_84' title='bbox 1810 1047 2088 1105; x_wconf 89' lang='lat' dir='ltr'>constitu-</span> 
     </span>
    </p>
   </div>
   <div class='ocr_carea' id='block_1_14' title="bbox 419 1134 2089 1207">
    <p class='ocr_par' dir='ltr' id='par_1_14' title="bbox 419 1134 2089 1207">
     <span class='ocr_line' id='line_1_14' title="bbox 419 1134 2089 1207; baseline 0.004 -20"><span class='ocrx_word' id='word_1_85' title='bbox 419 1137 516 1188; x_wconf 88' lang='lat' dir='ltr'>tus</span> <span class='ocrx_word' id='word_1_86' title='bbox 544 1134 989 1190; x_wconf 81' lang='lat' dir='ltr'>accuratissime</span> <span class='ocrx_word' id='word_1_87' title='bbox 1018 1151 1159 1190; x_wconf 86' lang='lat' dir='ltr'>cum</span> <span class='ocrx_word' id='word_1_88' title='bbox 1188 1135 1360 1191; x_wconf 87' lang='lat' dir='ltr'>editis</span> <span class='ocrx_word' id='word_1_89' title='bbox 1393 1136 1616 1192; x_wconf 82' lang='lat' dir='ltr'>contuli</span> <span class='ocrx_word' id='word_1_90' title='bbox 1650 1142 1708 1192; x_wconf 89' lang='lat' dir='ltr'>et</span> <span class='ocrx_word' id='word_1_91' title='bbox 1736 1141 1964 1193; x_wconf 84' lang='lat' dir='ltr'>textum</span> <span class='ocrx_word' id='word_1_92' title='bbox 1995 1148 2089 1207; x_wconf 81' lang='lat' dir='ltr'>ge‘</span> 
     </span>
    </p>
   </div>
   <div class='ocr_carea' id='block_1_15' title="bbox 425 1222 1196 1297">
    <p class='ocr_par' dir='ltr' id='par_1_15' title="bbox 425 1222 1196 1297">
     <span class='ocr_line' id='line_1_15' title="bbox 425 1222 1196 1297; baseline 0.004 -20"><span class='ocrx_word' id='word_1_93' title='bbox 425 1222 680 1278; x_wconf 88' lang='lat' dir='ltr'>nuinum</span> <span class='ocrx_word' id='word_1_94' title='bbox 703 1240 774 1279; x_wconf 84' lang='lat' dir='ltr'>ex</span> <span class='ocrx_word' id='word_1_95' title='bbox 799 1223 932 1297; x_wconf 93' lang='lat' dir='ltr'>ipso</span> <span class='ocrx_word' id='word_1_96' title='bbox 953 1225 1196 1280; x_wconf 87' lang='lat' dir='ltr'>restitui.</span> 
     </span>
    </p>
   </div>
   <div class='ocr_carea' id='block_1_16' title="bbox 491 1313 2088 1384">
    <p class='ocr_par' dir='ltr' id='par_1_16' title="bbox 491 1313 2088 1384">
     <span class='ocr_line' id='line_1_16' title="bbox 491 1313 2088 1384; baseline 0.003 -15"><span class='ocrx_word' id='word_1_97' title='bbox 491 1314 546 1384; x_wconf 83' lang='lat'>2)</span> <span class='ocrx_word' id='word_1_98' title='bbox 588 1313 831 1370; x_wconf 89' lang='lat' dir='ltr'>Virdun.</span> <span class='ocrx_word' id='word_1_99' title='bbox 859 1330 918 1372; x_wconf 90' lang='lat' dir='ltr'>n.</span> <span class='ocrx_word' id='word_1_100' title='bbox 951 1318 1038 1381; x_wconf 90' lang='lat'>36,</span> <span class='ocrx_word' id='word_1_101' title='bbox 1074 1315 1250 1383; x_wconf 90' lang='lat' dir='ltr'>mbr.,</span> <span class='ocrx_word' id='word_1_102' title='bbox 1295 1333 1343 1371; x_wconf 87' lang='lat' dir='ltr'>s.</span> <span class='ocrx_word' id='word_1_103' title='bbox 1389 1333 1508 1383; x_wconf 86' lang='lat' dir='ltr'>xm,</span> <span class='ocrx_word' id='word_1_104' title='bbox 1543 1316 1642 1372; x_wconf 85' lang='lat' dir='ltr'>fol.</span> <span class='ocrx_word' id='word_1_105' title='bbox 1680 1317 1846 1384; x_wconf 88' lang='lat' dir='ltr'>min.,</span> <span class='ocrx_word' id='word_1_106' title='bbox 1895 1318 1933 1374; x_wconf 71' lang='grc' dir='ltr'>ἱ.</span> <span class='ocrx_word' id='word_1_107' title='bbox 1992 1323 2088 1374; x_wconf 88' lang='grc'>116</span> 
     </span>
    </p>
   </div>
   <div class='ocr_carea' id='block_1_17' title="bbox 419 1402 2085 1478">
    <p class='ocr_par' dir='ltr' id='par_1_17' title="bbox 419 1402 2085 1478">
     <span class='ocr_line' id='line_1_17' title="bbox 419 1402 2085 1478; baseline 0.002 -21"><span class='ocrx_word' id='word_1_108' title='bbox 419 1417 553 1474; x_wconf 89' lang='lat' dir='ltr'>sqq.</span> <span class='ocrx_word' id='word_1_109' title='bbox 582 1402 746 1460; x_wconf 90' lang='lat' dir='ltr'>idem</span> <span class='ocrx_word' id='word_1_110' title='bbox 776 1403 1022 1460; x_wconf 89' lang='lat' dir='ltr'>Bertarii</span> <span class='ocrx_word' id='word_1_111' title='bbox 1052 1409 1110 1460; x_wconf 89' lang='lat' dir='ltr'>et</span> <span class='ocrx_word' id='word_1_112' title='bbox 1137 1406 1572 1462; x_wconf 88' lang='lat' dir='ltr'>continuatoris</span> <span class='ocrx_word' id='word_1_113' title='bbox 1604 1423 1760 1478; x_wconf 89' lang='lat' dir='ltr'>opus</span> <span class='ocrx_word' id='word_1_114' title='bbox 1807 1408 2085 1464; x_wconf 61' lang='lat' dir='ltr'>continet,</span> 
     </span>
    </p>
   </div>
   <div class='ocr_carea' id='block_1_18' title="bbox 416 1493 2086 1564">
    <p class='ocr_par' dir='ltr' id='par_1_18' title="bbox 416 1493 2086 1564">
     <span class='ocr_line' id='line_1_18' title="bbox 416 1493 2086 1564; baseline 0.004 -17"><span class='ocrx_word' id='word_1_115' title='bbox 416 1493 522 1549; x_wconf 86' lang='lat' dir='ltr'>sed</span> <span class='ocrx_word' id='word_1_116' title='bbox 553 1493 725 1549; x_wconf 87' lang='lat' dir='ltr'>valde</span> <span class='ocrx_word' id='word_1_117' title='bbox 755 1497 1051 1550; x_wconf 87' lang='lat' dir='ltr'>mutatum</span> <span class='ocrx_word' id='word_1_118' title='bbox 1083 1499 1256 1564; x_wconf 89' lang='lat'>(377),</span> <span class='ocrx_word' id='word_1_119' title='bbox 1303 1496 1605 1552; x_wconf 88' lang='lat' dir='ltr'>erroribus</span> <span class='ocrx_word' id='word_1_120' title='bbox 1629 1501 1687 1551; x_wconf 89' lang='lat' dir='ltr'>et</span> <span class='ocrx_word' id='word_1_121' title='bbox 1717 1496 1952 1552; x_wconf 90' lang='lat' dir='ltr'>mendis</span> <span class='ocrx_word' id='word_1_122' title='bbox 1981 1497 2086 1554; x_wconf 89' lang='lat' dir='ltr'>de-</span> 
     </span>
    </p>
   </div>
   <div class='ocr_carea' id='block_1_19' title="bbox 489 1635 2086 1711">
    <p class='ocr_par' dir='ltr' id='par_1_19' title="bbox 489 1635 2086 1711">
     <span class='ocr_line' id='line_1_19' title="bbox 489 1635 2086 1711; baseline 0.003 -21"><span class='ocrx_word' id='word_1_123' title='bbox 489 1635 760 1711; x_wconf 74' lang='lat' dir='ltr'>(377)_lta</span> <span class='ocrx_word' id='word_1_124' title='bbox 791 1640 907 1711; x_wconf 80' lang='lat' dir='ltr'>c._2</span> <span class='ocrx_word' id='word_1_125' title='bbox 939 1636 1042 1692; x_wconf 85' lang='lat' dir='ltr'>fin.</span> <span class='ocrx_word' id='word_1_126' title='bbox 1078 1641 1375 1711; x_wconf 87' lang='lat' dir='ltr'>mutatum</span> <span class='ocrx_word' id='word_1_127' title='bbox 1426 1639 1641 1707; x_wconf 78' lang='lat' dir='ltr'>legitur</span> <span class='ocrx_word' id='word_1_128' title='bbox 1673 1657 1685 1694; x_wconf 92' lang='lat'>:</span> <span class='ocrx_word' id='word_1_129' title='bbox 1723 1660 1750 1689; x_wconf 84' lang='grc'>‹‹</span> <span class='ocrx_word' id='word_1_130' title='bbox 1789 1639 1877 1694; x_wconf 81' lang='lat' dir='ltr'>Ad</span> <span class='ocrx_word' id='word_1_131' title='bbox 1920 1640 2086 1711; x_wconf 91' lang='lat' dir='ltr'>quod</span> 
     </span>
    </p>
   </div>
   <div class='ocr_carea' id='block_1_20' title="bbox 414 1705 2084 1782">
    <p class='ocr_par' dir='ltr' id='par_1_20' title="bbox 414 1705 2084 1782">
     <span class='ocr_line' id='line_1_20' title="bbox 414 1705 2084 1782; baseline 0.004 -21"><span class='ocrx_word' id='word_1_132' title='bbox 414 1705 776 1782; x_wconf 79' lang='lat' dir='ltr'>miraculum</span> <span class='ocrx_word' id='word_1_133' title='bbox 821 1707 1085 1782; x_wconf 81' lang='lat' dir='ltr'>domnus</span> <span class='ocrx_word' id='word_1_134' title='bbox 1139 1709 1464 1782; x_wconf 79' lang='lat' dir='ltr'>episcopus</span> <span class='ocrx_word' id='word_1_135' title='bbox 1493 1705 1676 1768; x_wconf 75' lang='lat' dir='ltr'>Hatto</span> <span class='ocrx_word' id='word_1_136' title='bbox 1724 1705 1959 1768; x_wconf 50' lang='lat' dir='ltr'>eadem‘</span> <span class='ocrx_word' id='word_1_137' title='bbox 1988 1728 2084 1767; x_wconf 85' lang='lat' dir='ltr'>ve-</span> 
     </span>
    </p>
   </div>
   <div class='ocr_carea' id='block_1_21' title="bbox 416 1776 2086 1853">
    <p class='ocr_par' dir='ltr' id='par_1_21' title="bbox 416 1776 2086 1853">
     <span class='ocr_line' id='line_1_21' title="bbox 416 1776 2086 1853; baseline 0.004 -22"><span class='ocrx_word' id='word_1_138' title='bbox 416 1776 586 1832; x_wconf 91' lang='lat' dir='ltr'>niens</span> <span class='ocrx_word' id='word_1_139' title='bbox 617 1777 734 1853; x_wconf 80' lang='lat' dir='ltr'>die,</span> <span class='ocrx_word' id='word_1_140' title='bbox 788 1777 969 1834; x_wconf 89' lang='lat' dir='ltr'>simul</span> <span class='ocrx_word' id='word_1_141' title='bbox 1018 1795 1153 1853; x_wconf 75' lang='lat' dir='ltr'>cum</span> <span class='ocrx_word' id='word_1_142' title='bbox 1174 1776 1304 1837; x_wconf 63' lang='lat' dir='ltr'>&#39;illo</span> <span class='ocrx_word' id='word_1_143' title='bbox 1346 1776 1609 1838; x_wconf 61' lang='lat' dir='ltr'>&#39;vidimus</span> <span class='ocrx_word' id='word_1_144' title='bbox 1663 1798 1838 1838; x_wconf 87' lang='lat' dir='ltr'>crura</span> <span class='ocrx_word' id='word_1_145' title='bbox 1867 1783 1996 1853; x_wconf 87' lang='lat' dir='ltr'>ejus</span> <span class='ocrx_word' id='word_1_146' title='bbox 2029 1788 2086 1838; x_wconf 90' lang='lat' dir='ltr'>et</span> 
     </span>
    </p>
   </div>
   <div class='ocr_carea' id='block_1_22' title="bbox 415 1848 2082 1925">
    <p class='ocr_par' dir='ltr' id='par_1_22' title="bbox 415 1848 2082 1925">
     <span class='ocr_line' id='line_1_22' title="bbox 415 1848 2082 1925; baseline 0.004 -23"><span class='ocrx_word' id='word_1_147' title='bbox 415 1863 628 1925; x_wconf 69' lang='lat' dir='ltr'>coxam</span> <span class='ocrx_word' id='word_1_148' title='bbox 660 1848 1008 1925; x_wconf 71' lang='lat' dir='ltr'>ejususque</span> <span class='ocrx_word' id='word_1_149' title='bbox 1049 1849 1128 1925; x_wconf 78' lang='lat' dir='ltr'>ad</span> <span class='ocrx_word' id='word_1_150' title='bbox 1154 1857 1362 1925; x_wconf 77' lang='lat' dir='ltr'>uatem</span> <span class='ocrx_word' id='word_1_151' title='bbox 1407 1853 1758 1925; x_wconf 81' lang='lat' dir='ltr'>excoriatas,</span> <span class='ocrx_word' id='word_1_152' title='bbox 1815 1857 1872 1908; x_wconf 86' lang='lat' dir='ltr'>et</span> <span class='ocrx_word' id='word_1_153' title='bbox 1897 1848 2082 1925; x_wconf 62' lang='lat' dir='ltr'>&#39;quasi</span> 
     </span>
    </p>
   </div>
   <div class='ocr_carea' id='block_1_23' title="bbox 414 1919 2084 1980">
    <p class='ocr_par' dir='ltr' id='par_1_23' title="bbox 414 1919 2084 1980">
     <span class='ocr_line' id='line_1_23' title="bbox 414 1919 2084 1980; baseline 0.004 -6"><span class='ocrx_word' id='word_1_154' title='bbox 414 1919 496 1974; x_wconf 92' lang='lat' dir='ltr'>nil</span> <span class='ocrx_word' id='word_1_155' title='bbox 521 1919 680 1975; x_wconf 86' lang='lat' dir='ltr'>aliud</span> <span class='ocrx_word' id='word_1_156' title='bbox 712 1919 1024 1976; x_wconf 86' lang='lat' dir='ltr'>habuisset</span> <span class='ocrx_word' id='word_1_157' title='bbox 1054 1921 1167 1976; x_wconf 87' lang='lat' dir='ltr'>nisi</span> <span class='ocrx_word' id='word_1_158' title='bbox 1189 1938 1328 1978; x_wconf 91' lang='lat' dir='ltr'>ossa</span> <span class='ocrx_word' id='word_1_159' title='bbox 1347 1923 1407 1978; x_wconf 89' lang='lat' dir='ltr'>in</span> <span class='ocrx_word' id='word_1_160' title='bbox 1439 1939 1613 1979; x_wconf 89' lang='lat' dir='ltr'>crura</span> <span class='ocrx_word' id='word_1_161' title='bbox 1645 1929 1702 1979; x_wconf 92' lang='lat' dir='ltr'>et</span> <span class='ocrx_word' id='word_1_162' title='bbox 1725 1924 1786 1979; x_wconf 92' lang='lat' dir='ltr'>in</span> <span class='ocrx_word' id='word_1_163' title='bbox 1813 1919 1982 1979; x_wconf 74' lang='lat' dir='ltr'>coxa.</span> <span class='ocrx_word' id='word_1_164' title='bbox 2020 1927 2084 1980; x_wconf 89' lang='lat' dir='ltr'>Et</span> 
     </span>
    </p>
   </div>
   <div class='ocr_carea' id='block_1_24' title="bbox 411 1990 2080 2068">
    <p class='ocr_par' dir='ltr' id='par_1_24' title="bbox 411 1990 2080 2068">
     <span class='ocr_line' id='line_1_24' title="bbox 411 1990 2080 2068; baseline 0.002 -22"><span class='ocrx_word' id='word_1_165' title='bbox 411 1990 518 2062; x_wconf 89' lang='lat' dir='ltr'>qui</span> <span class='ocrx_word' id='word_1_166' title='bbox 547 1990 645 2046; x_wconf 88' lang='lat' dir='ltr'>vix</span> <span class='ocrx_word' id='word_1_167' title='bbox 675 1990 736 2048; x_wconf 90' lang='lat' dir='ltr'>in</span> <span class='ocrx_word' id='word_1_168' title='bbox 762 1991 1038 2048; x_wconf 87' lang='lat' dir='ltr'>vehiculo</span> <span class='ocrx_word' id='word_1_169' title='bbox 1069 1998 1332 2063; x_wconf 81' lang='lat' dir='ltr'>venerat,</span> <span class='ocrx_word' id='word_1_170' title='bbox 1370 1995 1500 2065; x_wconf 90' lang='lat' dir='ltr'>jam</span> <span class='ocrx_word' id='word_1_171' title='bbox 1533 2011 1717 2052; x_wconf 79' lang='lat' dir='ltr'>senex</span> <span class='ocrx_word' id='word_1_172' title='bbox 1765 2000 1822 2052; x_wconf 89' lang='lat' dir='ltr'>et</span> <span class='ocrx_word' id='word_1_173' title='bbox 1866 1995 2080 2068; x_wconf 76' lang='lat' dir='ltr'>plcans</span> 
     </span>
    </p>
   </div>
   <div class='ocr_carea' id='block_1_25' title="bbox 2197 334 3852 409">
    <p class='ocr_par' dir='ltr' id='par_1_25' title="bbox 2197 334 3852 409">
     <span class='ocr_line' id='line_1_25' title="bbox 2197 334 3852 409; baseline 0.002 -21"><span class='ocrx_word' id='word_1_174' title='bbox 2197 334 2566 406; x_wconf 87' lang='lat' dir='ltr'>quibusdam</span> <span class='ocrx_word' id='word_1_175' title='bbox 2619 335 2765 392; x_wconf 92' lang='lat' dir='ltr'>locis</span> <span class='ocrx_word' id='word_1_176' title='bbox 2822 335 3091 394; x_wconf 85' lang='lat' dir='ltr'>adhiberi</span> <span class='ocrx_word' id='word_1_177' title='bbox 3150 335 3425 408; x_wconf 92' lang='lat' dir='ltr'>potuerit.</span> <span class='ocrx_word' id='word_1_178' title='bbox 3486 335 3707 402; x_wconf 82' lang='lat' dir='ltr'>Codex,</span> <span class='ocrx_word' id='word_1_179' title='bbox 3759 337 3852 409; x_wconf 87' lang='lat' dir='ltr'>qui</span> 
     </span>
    </p>
   </div>
   <div class='ocr_carea' id='block_1_26' title="bbox 2197 424 3856 496">
    <p class='ocr_par' dir='ltr' id='par_1_26' title="bbox 2197 424 3856 496">
     <span class='ocr_line' id='line_1_26' title="bbox 2197 424 3856 496; baseline 0.001 -18"><span class='ocrx_word' id='word_1_180' title='bbox 2197 424 2540 479; x_wconf 83' lang='lat' dir='ltr'>monasterii</span> <span class='ocrx_word' id='word_1_181' title='bbox 2571 427 2626 482; x_wconf 90' lang='lat' dir='ltr'>S.</span> <span class='ocrx_word' id='word_1_182' title='bbox 2661 424 2828 481; x_wconf 89' lang='lat' dir='ltr'>Pauli</span> <span class='ocrx_word' id='word_1_183' title='bbox 2858 424 3040 481; x_wconf 89' lang='lat' dir='ltr'>fuisse</span> <span class='ocrx_word' id='word_1_184' title='bbox 3071 425 3325 492; x_wconf 88' lang='lat' dir='ltr'>videtur,</span> <span class='ocrx_word' id='word_1_185' title='bbox 3368 424 3446 481; x_wconf 88' lang='lat' dir='ltr'>ad</span> <span class='ocrx_word' id='word_1_186' title='bbox 3472 424 3654 481; x_wconf 84' lang='lat' dir='ltr'>tinem</span> <span class='ocrx_word' id='word_1_187' title='bbox 3704 441 3856 496; x_wconf 67' lang='lat' dir='ltr'>quae-</span> 
     </span>
    </p>
   </div>
   <div class='ocr_carea' id='block_1_27' title="bbox 2196 512 3854 584">
    <p class='ocr_par' dir='ltr' id='par_1_27' title="bbox 2196 512 3854 584">
     <span class='ocr_line' id='line_1_27' title="bbox 2196 512 3854 584; baseline 0.002 -18"><span class='ocrx_word' id='word_1_188' title='bbox 2196 512 2341 567; x_wconf 92' lang='lat' dir='ltr'>dam</span> <span class='ocrx_word' id='word_1_189' title='bbox 2366 513 2440 568; x_wconf 92' lang='lat' dir='ltr'>de</span> <span class='ocrx_word' id='word_1_190' title='bbox 2469 513 2717 570; x_wconf 87' lang='lat' dir='ltr'>ecclesia</span> <span class='ocrx_word' id='word_1_191' title='bbox 2748 516 2802 571; x_wconf 90' lang='lat' dir='ltr'>S.</span> <span class='ocrx_word' id='word_1_192' title='bbox 2836 514 3084 584; x_wconf 84' lang='lat' dir='ltr'>Agerici,</span> <span class='ocrx_word' id='word_1_193' title='bbox 3117 514 3482 570; x_wconf 89' lang='lat' dir='ltr'>monasterio</span> <span class='ocrx_word' id='word_1_194' title='bbox 3511 514 3589 569; x_wconf 88' lang='lat' dir='ltr'>illi</span> <span class='ocrx_word' id='word_1_195' title='bbox 3624 514 3854 570; x_wconf 87' lang='lat' dir='ltr'>subtra-</span> 
     </span>
    </p>
   </div>
   <div class='ocr_carea' id='block_1_28' title="bbox 2197 603 3393 678">
    <p class='ocr_par' dir='ltr' id='par_1_28' title="bbox 2197 603 3393 678">
     <span class='ocr_line' id='line_1_28' title="bbox 2197 603 3393 678; baseline 0.002 -19"><span class='ocrx_word' id='word_1_196' title='bbox 2197 607 2312 671; x_wconf 90' lang='lat' dir='ltr'>cta,</span> <span class='ocrx_word' id='word_1_197' title='bbox 2345 603 2533 672; x_wconf 88' lang='lat' dir='ltr'>addit,</span> <span class='ocrx_word' id='word_1_198' title='bbox 2565 619 2699 678; x_wconf 62' lang='lat' dir='ltr'>quae</span> <span class='ocrx_word' id='word_1_199' title='bbox 2727 605 3168 677; x_wconf 66' lang='lat' dir='ltr'>praetermittere</span> <span class='ocrx_word' id='word_1_200' title='bbox 3208 604 3393 662; x_wconf 91' lang='lat' dir='ltr'>nolui.</span> 
     </span>
    </p>
   </div>
   <div class='ocr_carea' id='block_1_29' title="bbox 2268 782 3857 856">
    <p class='ocr_par' dir='ltr' id='par_1_29' title="bbox 2268 782 3857 856">
     <span class='ocr_line' id='line_1_29' title="bbox 2268 782 3857 856; baseline 0.002 -20"><span class='ocrx_word' id='word_1_201' title='bbox 2268 783 2507 838; x_wconf 86' lang='lat' dir='ltr'>Bertarii</span> <span class='ocrx_word' id='word_1_202' title='bbox 2538 783 2852 840; x_wconf 85' lang='lat' dir='ltr'>Historiam</span> <span class='ocrx_word' id='word_1_203' title='bbox 2881 799 2918 839; x_wconf 89' lang='lat' dir='ltr'>a</span> <span class='ocrx_word' id='word_1_204' title='bbox 2938 783 3353 853; x_wconf 85' lang='lat' dir='ltr'>Wasseburgio</span> <span class='ocrx_word' id='word_1_205' title='bbox 3376 783 3597 856; x_wconf 79' lang='lat' dir='ltr'>saepius</span> <span class='ocrx_word' id='word_1_206' title='bbox 3618 782 3857 839; x_wconf 83' lang='lat' dir='ltr'>allatam</span> 
     </span>
    </p>
   </div>
   <div class='ocr_carea' id='block_1_30' title="bbox 2195 871 3858 945">
    <p class='ocr_par' dir='ltr' id='par_1_30' title="bbox 2195 871 3858 945">
     <span class='ocr_line' id='line_1_30' title="bbox 2195 871 3858 945; baseline 0.001 -20"><span class='ocrx_word' id='word_1_207' title='bbox 2195 871 2426 943; x_wconf 91' lang='lat' dir='ltr'>primus</span> <span class='ocrx_word' id='word_1_208' title='bbox 2457 873 2756 944; x_wconf 83' lang='lat' dir='ltr'>D‘Achery</span> <span class='ocrx_word' id='word_1_209' title='bbox 2785 874 3063 942; x_wconf 77' lang='lat' dir='ltr'>Spicz&#39;leg.</span> <span class='ocrx_word' id='word_1_210' title='bbox 3097 871 3214 928; x_wconf 93' lang='lat' dir='ltr'>vol.</span> <span class='ocrx_word' id='word_1_211' title='bbox 3243 875 3427 945; x_wconf 84' lang='lat' dir='ltr'>Xl[,p.</span> <span class='ocrx_word' id='word_1_212' title='bbox 3463 873 3585 942; x_wconf 76' lang='grc'>251)</span> <span class='ocrx_word' id='word_1_213' title='bbox 3607 887 3642 926; x_wconf 90' lang='lat' dir='ltr'>a</span> <span class='ocrx_word' id='word_1_214' title='bbox 3666 871 3858 926; x_wconf 82' lang='lat' dir='ltr'>Barth.</span> 
     </span>
    </p>
   </div>
   <div class='ocr_carea' id='block_1_31' title="bbox 2201 959 3860 1033">
    <p class='ocr_par' dir='ltr' id='par_1_31' title="bbox 2201 959 3860 1033">
     <span class='ocr_line' id='line_1_31' title="bbox 2201 959 3860 1033; baseline -0.001 -16"><span class='ocrx_word' id='word_1_215' title='bbox 2201 961 2431 1033; x_wconf 84' lang='lat' dir='ltr'>Senocq</span> <span class='ocrx_word' id='word_1_216' title='bbox 2483 961 2835 1018; x_wconf 88' lang='lat' dir='ltr'>Virdunensi</span> <span class='ocrx_word' id='word_1_217' title='bbox 2886 977 2957 1017; x_wconf 83' lang='lat' dir='ltr'>ex</span> <span class='ocrx_word' id='word_1_218' title='bbox 3009 961 3214 1018; x_wconf 90' lang='lat' dir='ltr'>codice</span> <span class='ocrx_word' id='word_1_219' title='bbox 3264 960 3452 1017; x_wconf 85' lang='lat' dir='ltr'>Vitoni</span> <span class='ocrx_word' id='word_1_220' title='bbox 3495 959 3860 1030; x_wconf 85' lang='lat' dir='ltr'>descriptam</span> 
     </span>
    </p>
   </div>
   <div class='ocr_carea' id='block_1_32' title="bbox 2198 1048 3859 1122">
    <p class='ocr_par' dir='ltr' id='par_1_32' title="bbox 2198 1048 3859 1122">
     <span class='ocr_line' id='line_1_32' title="bbox 2198 1048 3859 1122; baseline 0 -18"><span class='ocrx_word' id='word_1_221' title='bbox 2198 1048 2430 1121; x_wconf 87' lang='lat' dir='ltr'>sibique</span> <span class='ocrx_word' id='word_1_222' title='bbox 2485 1049 2898 1106; x_wconf 90' lang='lat' dir='ltr'>transmissam</span> <span class='ocrx_word' id='word_1_223' title='bbox 2949 1049 3133 1107; x_wconf 70' lang='lat' dir='ltr'>edidit</span> <span class='ocrx_word' id='word_1_224' title='bbox 3181 1048 3416 1122; x_wconf 88' lang='lat' dir='ltr'>ipsique</span> <span class='ocrx_word' id='word_1_225' title='bbox 3466 1048 3859 1106; x_wconf 87' lang='lat' dir='ltr'>continuatio-</span> 
     </span>
    </p>
   </div>
   <div class='ocr_carea' id='block_1_33' title="bbox 2198 1138 3861 1210">
    <p class='ocr_par' dir='ltr' id='par_1_33' title="bbox 2198 1138 3861 1210">
     <span class='ocr_line' id='line_1_33' title="bbox 2198 1138 3861 1210; baseline 0.001 -17"><span class='ocrx_word' id='word_1_226' title='bbox 2198 1154 2338 1193; x_wconf 90' lang='lat' dir='ltr'>nem</span> <span class='ocrx_word' id='word_1_227' title='bbox 2371 1139 2640 1209; x_wconf 89' lang='lat' dir='ltr'>subjecit.</span> <span class='ocrx_word' id='word_1_228' title='bbox 2659 1138 2798 1194; x_wconf 88' lang='lat' dir='ltr'>[nde</span> <span class='ocrx_word' id='word_1_229' title='bbox 2831 1139 3056 1196; x_wconf 87' lang='lat' dir='ltr'>Calmet</span> <span class='ocrx_word' id='word_1_230' title='bbox 3080 1139 3256 1210; x_wconf 74' lang='lat' dir='ltr'>(Hist.</span> <span class='ocrx_word' id='word_1_231' title='bbox 3287 1138 3462 1194; x_wconf 87' lang='lat' dir='ltr'>Loth.</span> <span class='ocrx_word' id='word_1_232' title='bbox 3497 1143 3645 1194; x_wconf 88' lang='lat' dir='ltr'>tom.</span> <span class='ocrx_word' id='word_1_233' title='bbox 3668 1143 3708 1206; x_wconf 85' lang='grc' dir='ltr'>Ι,</span> <span class='ocrx_word' id='word_1_234' title='bbox 3731 1140 3861 1194; x_wconf 85' lang='lat' dir='ltr'>Pro—</span> 
     </span>
    </p>
   </div>
   <div class='ocr_carea' id='block_1_34' title="bbox 2198 1227 3860 1300">
    <p class='ocr_par' dir='ltr' id='par_1_34' title="bbox 2198 1227 3860 1300">
     <span class='ocr_line' id='line_1_34' title="bbox 2198 1227 3860 1300; baseline 0 -18"><span class='ocrx_word' id='word_1_235' title='bbox 2198 1227 2342 1283; x_wconf 90' lang='lat' dir='ltr'>batt.</span> <span class='ocrx_word' id='word_1_236' title='bbox 2370 1243 2427 1299; x_wconf 92' lang='lat' dir='ltr'>p.</span> <span class='ocrx_word' id='word_1_237' title='bbox 2462 1228 2580 1298; x_wconf 80' lang='grc'>194)</span> <span class='ocrx_word' id='word_1_238' title='bbox 2613 1232 2669 1283; x_wconf 89' lang='lat' dir='ltr'>et</span> <span class='ocrx_word' id='word_1_239' title='bbox 2697 1228 2771 1283; x_wconf 90' lang='lat' dir='ltr'>de</span> <span class='ocrx_word' id='word_1_240' title='bbox 2818 1229 2877 1284; x_wconf 91' lang='lat' dir='ltr'>la</span> <span class='ocrx_word' id='word_1_241' title='bbox 2919 1229 3091 1284; x_wconf 90' lang='lat' dir='ltr'>Barre</span> <span class='ocrx_word' id='word_1_242' title='bbox 3132 1227 3193 1283; x_wconf 90' lang='lat' dir='ltr'>in</span> <span class='ocrx_word' id='word_1_243' title='bbox 3244 1227 3512 1282; x_wconf 85' lang='lat' dir='ltr'>secunda</span> <span class='ocrx_word' id='word_1_244' title='bbox 3568 1227 3860 1300; x_wconf 88' lang='lat' dir='ltr'>Spicilegii</span> 
     </span>
    </p>
   </div>
   <div class='ocr_carea' id='block_1_35' title="bbox 2199 1317 3858 1392">
    <p class='ocr_par' dir='ltr' id='par_1_35' title="bbox 2199 1317 3858 1392">
     <span class='ocr_line' id='line_1_35' title="bbox 2199 1317 3858 1392; baseline 0.001 -18"><span class='ocrx_word' id='word_1_245' title='bbox 2199 1317 2455 1374; x_wconf 88' lang='lat' dir='ltr'>editione</span> <span class='ocrx_word' id='word_1_246' title='bbox 2506 1322 2593 1388; x_wconf 89' lang='lat' dir='ltr'>(ll,</span> <span class='ocrx_word' id='word_1_247' title='bbox 2626 1335 2684 1391; x_wconf 90' lang='lat' dir='ltr'>p.</span> <span class='ocrx_word' id='word_1_248' title='bbox 2720 1320 2844 1389; x_wconf 71' lang='grc'>234)</span> <span class='ocrx_word' id='word_1_249' title='bbox 2897 1323 3216 1392; x_wconf 88' lang='lat' dir='ltr'>utrumque</span> <span class='ocrx_word' id='word_1_250' title='bbox 3248 1334 3402 1391; x_wconf 92' lang='lat' dir='ltr'>opus</span> <span class='ocrx_word' id='word_1_251' title='bbox 3437 1317 3858 1392; x_wconf 86' lang='lat' dir='ltr'>repetiverunt.</span> 
     </span>
    </p>
   </div>
   <div class='ocr_carea' id='block_1_36' title="bbox 2199 1407 3856 1477">
    <p class='ocr_par' dir='ltr' id='par_1_36' title="bbox 2199 1407 3856 1477">
     <span class='ocr_line' id='line_1_36' title="bbox 2199 1407 3856 1477; baseline 0.001 -17"><span class='ocrx_word' id='word_1_252' title='bbox 2199 1407 2420 1464; x_wconf 90' lang='lat' dir='ltr'>Gallica</span> <span class='ocrx_word' id='word_1_253' title='bbox 2477 1409 2690 1477; x_wconf 90' lang='lat' dir='ltr'>versio,</span> <span class='ocrx_word' id='word_1_254' title='bbox 2750 1423 2784 1464; x_wconf 89' lang='lat' dir='ltr'>a</span> <span class='ocrx_word' id='word_1_255' title='bbox 2819 1409 2939 1464; x_wconf 83' lang='lat' dir='ltr'>J.-J.</span> <span class='ocrx_word' id='word_1_256' title='bbox 2986 1407 3149 1466; x_wconf 89' lang='lat' dir='ltr'>Caiot</span> <span class='ocrx_word' id='word_1_257' title='bbox 3194 1407 3481 1475; x_wconf 84' lang='lat' dir='ltr'>confecta,</span> <span class='ocrx_word' id='word_1_258' title='bbox 3531 1423 3697 1464; x_wconf 89' lang='lat' dir='ltr'>anno</span> <span class='ocrx_word' id='word_1_259' title='bbox 3729 1408 3856 1462; x_wconf 82' lang='lat'>1775</span> 
     </span>
    </p>
   </div>
   <div class='ocr_carea' id='block_1_37' title="bbox 2199 1496 2880 1569">
    <p class='ocr_par' dir='ltr' id='par_1_37' title="bbox 2199 1496 2880 1569">
     <span class='ocr_line' id='line_1_37' title="bbox 2199 1496 2880 1569; baseline 0 -17"><span class='ocrx_word' id='word_1_260' title='bbox 2199 1496 2437 1552; x_wconf 87' lang='lat' dir='ltr'>Virduni</span> <span class='ocrx_word' id='word_1_261' title='bbox 2469 1496 2690 1569; x_wconf 90' lang='lat' dir='ltr'>prodiit</span> <span class='ocrx_word' id='word_1_262' title='bbox 2714 1499 2880 1568; x_wconf 76' lang='grc'>(378).</span> 
     </span>
    </p>
   </div>
   <div class='ocr_carea' id='block_1_38' title="bbox 2195 1638 3852 1712">
    <p class='ocr_par' dir='ltr' id='par_1_38' title="bbox 2195 1638 3852 1712">
     <span class='ocr_line' id='line_1_38' title="bbox 2195 1638 3852 1712; baseline 0.001 -19"><span class='ocrx_word' id='word_1_263' title='bbox 2195 1638 2451 1712; x_wconf 88' lang='lat' dir='ltr'>dierum,</span> <span class='ocrx_word' id='word_1_264' title='bbox 2481 1640 2665 1712; x_wconf 88' lang='lat' dir='ltr'>pedes</span> <span class='ocrx_word' id='word_1_265' title='bbox 2695 1645 2752 1697; x_wconf 93' lang='lat' dir='ltr'>et</span> <span class='ocrx_word' id='word_1_266' title='bbox 2781 1657 2966 1698; x_wconf 87' lang='lat' dir='ltr'>sanus</span> <span class='ocrx_word' id='word_1_267' title='bbox 2994 1657 3272 1696; x_wconf 85' lang='lat' dir='ltr'>reversus</span> <span class='ocrx_word' id='word_1_268' title='bbox 3302 1644 3408 1696; x_wconf 88' lang='lat' dir='ltr'>est.</span> <span class='ocrx_word' id='word_1_269' title='bbox 3440 1664 3466 1690; x_wconf 84' lang='lat'>»</span> <span class='ocrx_word' id='word_1_270' title='bbox 3499 1643 3625 1712; x_wconf 61' lang='grc'>(1.4</span> <span class='ocrx_word' id='word_1_271' title='bbox 3653 1640 3852 1695; x_wconf 89' lang='lat' dir='ltr'>initio:</span> 
     </span>
    </p>
   </div>
   <div class='ocr_carea' id='block_1_39' title="bbox 2199 1710 3854 1779">
    <p class='ocr_par' dir='ltr' id='par_1_39' title="bbox 2199 1710 3854 1779">
     <span class='ocr_line' id='line_1_39' title="bbox 2199 1710 3854 1779; baseline 0 -14"><span class='ocrx_word' id='word_1_272' title='bbox 2199 1733 2226 1757; x_wconf 88' lang='grc'><em>‹‹</em></span> <span class='ocrx_word' id='word_1_273' title='bbox 2284 1710 2570 1768; x_wconf 79' lang='lat' dir='ltr'>Defuncto</span> <span class='ocrx_word' id='word_1_274' title='bbox 2629 1717 2830 1769; x_wconf 86' lang='lat' dir='ltr'>autem</span> <span class='ocrx_word' id='word_1_275' title='bbox 2888 1718 3095 1768; x_wconf 89' lang='lat' dir='ltr'>sancto</span> <span class='ocrx_word' id='word_1_276' title='bbox 3143 1712 3425 1779; x_wconf 88' lang='lat' dir='ltr'>Firmino,</span> <span class='ocrx_word' id='word_1_277' title='bbox 3486 1711 3854 1767; x_wconf 88' lang='lat' dir='ltr'>habitatores</span> 
     </span>
    </p>
   </div>
   <div class='ocr_carea' id='block_1_40' title="bbox 2194 1781 3854 1855">
    <p class='ocr_par' dir='ltr' id='par_1_40' title="bbox 2194 1781 3854 1855">
     <span class='ocr_line' id='line_1_40' title="bbox 2194 1781 3854 1855; baseline 0.002 -20"><span class='ocrx_word' id='word_1_278' title='bbox 2194 1781 2362 1836; x_wconf 89' lang='lat' dir='ltr'>istius</span> <span class='ocrx_word' id='word_1_279' title='bbox 2425 1782 2672 1838; x_wconf 86' lang='lat' dir='ltr'>civitatis</span> <span class='ocrx_word' id='word_1_280' title='bbox 2717 1783 3417 1855; x_wconf 11' lang='lat' dir='ltr'>rebellaveruntgcontra</span> <span class='ocrx_word' id='word_1_281' title='bbox 3471 1781 3854 1838; x_wconf 86' lang='lat' dir='ltr'>Lodtharium</span> 
     </span>
    </p>
   </div>
   <div class='ocr_carea' id='block_1_41' title="bbox 2197 1853 3544 1921">
    <p class='ocr_par' dir='ltr' id='par_1_41' title="bbox 2197 1853 3544 1921">
     <span class='ocr_line' id='line_1_41' title="bbox 2197 1853 3544 1921; baseline 0 -14"><span class='ocrx_word' id='word_1_282' title='bbox 2197 1855 2556 1908; x_wconf 83' lang='lat' dir='ltr'>Francorum</span> <span class='ocrx_word' id='word_1_283' title='bbox 2583 1869 2806 1921; x_wconf 79' lang='lat' dir='ltr'>regem.</span> <span class='ocrx_word' id='word_1_284' title='bbox 2833 1855 2944 1920; x_wconf 85' lang='lat' dir='ltr'>Qui</span> <span class='ocrx_word' id='word_1_285' title='bbox 2972 1870 3110 1910; x_wconf 90' lang='lat' dir='ltr'>cum</span> <span class='ocrx_word' id='word_1_286' title='bbox 3139 1853 3217 1910; x_wconf 88' lang='lat' dir='ltr'>ab</span> <span class='ocrx_word' id='word_1_287' title='bbox 3246 1870 3340 1921; x_wconf 93' lang='lat' dir='ltr'>eo,</span> <span class='ocrx_word' id='word_1_288' title='bbox 3376 1878 3402 1902; x_wconf 87' lang='grc'><strong>››</strong></span> <span class='ocrx_word' id='word_1_289' title='bbox 3436 1858 3544 1908; x_wconf 91' lang='lat' dir='ltr'>etc.</span> 
     </span>
    </p>
   </div>
   <div class='ocr_carea' id='block_1_42' title="bbox 2263 1926 3853 1997">
    <p class='ocr_par' dir='ltr' id='par_1_42' title="bbox 2263 1926 3853 1997">
     <span class='ocr_line' id='line_1_42' title="bbox 2263 1926 3853 1997; baseline 0 -17"><span class='ocrx_word' id='word_1_290' title='bbox 2263 1926 2411 1997; x_wconf 80' lang='lat'>(378)</span> <span class='ocrx_word' id='word_1_291' title='bbox 2451 1926 2795 1982; x_wconf 80' lang='lat' dir='ltr'>Almanach</span> <span class='ocrx_word' id='word_1_292' title='bbox 2822 1926 3152 1997; x_wconf 68' lang='lat' dir='ltr'>histor-ique</span> <span class='ocrx_word' id='word_1_293' title='bbox 3177 1927 3248 1983; x_wconf 84' lang='lat' dir='ltr'>de</span> <span class='ocrx_word' id='word_1_294' title='bbox 3275 1927 3337 1982; x_wconf 80' lang='lat' dir='ltr'>la</span> <span class='ocrx_word' id='word_1_295' title='bbox 3368 1927 3511 1982; x_wconf 81' lang='lat' dir='ltr'>ville</span> <span class='ocrx_word' id='word_1_296' title='bbox 3537 1931 3590 1981; x_wconf 81' lang='lat' dir='ltr'>et</span> <span class='ocrx_word' id='word_1_297' title='bbox 3615 1926 3699 1980; x_wconf 84' lang='lat' dir='ltr'>du</span> <span class='ocrx_word' id='word_1_298' title='bbox 3731 1927 3853 1980; x_wconf 82' lang='lat' dir='ltr'>dio-</span> 
     </span>
    </p>
   </div>
   <div class='ocr_carea' id='block_1_43' title="bbox 2191 1992 3256 2070">
    <p class='ocr_par' dir='ltr' id='par_1_43' title="bbox 2191 1992 3256 2070">
     <span class='ocr_line' id='line_1_43' title="bbox 2191 1992 3256 2070; baseline 0.002 -18"><span class='ocrx_word' id='word_1_299' title='bbox 2191 1992 2315 2054; x_wconf 72' lang='lat' dir='ltr'>cese</span> <span class='ocrx_word' id='word_1_300' title='bbox 2343 1996 2415 2053; x_wconf 84' lang='lat' dir='ltr'>de</span> <span class='ocrx_word' id='word_1_301' title='bbox 2452 1997 2710 2066; x_wconf 83' lang='lat' dir='ltr'>Verdun,</span> <span class='ocrx_word' id='word_1_302' title='bbox 2747 1999 2899 2066; x_wconf 87' lang='lat'>1775,</span> <span class='ocrx_word' id='word_1_303' title='bbox 2933 1992 3140 2070; x_wconf 61' lang='grc' dir='ltr'>12⁸ξρ.</span> <span class='ocrx_word' id='word_1_304' title='bbox 3169 2003 3256 2054; x_wconf 85' lang='grc'>67.</span> 
     </span>
    </p>
   </div>
   <div class='ocr_carea' id='block_1_44' title="bbox 659 2208 2072 2484">
    <p class='ocr_par' dir='ltr' id='par_1_44' title="bbox 659 2208 2072 2481">
     <span class='ocr_line' id='line_1_44' title="bbox 659 2208 2072 2481; baseline 0.004 -7"><span class='ocrx_word' id='word_1_305' title='bbox 659 2363 1413 2480; x_wconf 83' lang='lat' dir='ltr'>EXCERPTUM</span> <span class='ocrx_word' id='word_1_306' title='bbox 1501 2365 1898 2481; x_wconf 86' lang='lat' dir='ltr'><strong>DOMNI</strong></span> 
     </span>
    </p>
   </div>
   <div class='ocr_carea' id='block_1_45' title="bbox 2207 2208 3608 2484">
    <p class='ocr_par' dir='ltr' id='par_1_45' title="bbox 2207 2209 3608 2484">
     <span class='ocr_line' id='line_1_45' title="bbox 2207 2209 3608 2484; baseline 0.001 -4"><span class='ocrx_word' id='word_1_307' title='bbox 2207 2209 2569 2484; x_wconf 50' lang='lat' dir='ltr'>U&#39;II‘TARII</span> <span class='ocrx_word' id='word_1_308' title='bbox 2651 2357 2786 2410; x_wconf 81' lang='grc'>¹⁷⁸⁰</span> <span class='ocrx_word' id='word_1_309' title='bbox 2863 2369 3608 2484; x_wconf 76' lang='lat' dir='ltr'>SACERDOTIS</span> 
     </span>
    </p>
   </div>
   <div class='ocr_carea' id='block_1_46' title="bbox 1259 2538 3008 2588">
    <p class='ocr_par' dir='ltr' id='par_1_46' title="bbox 1259 2538 3008 2588">
     <span class='ocr_line' id='line_1_46' title="bbox 1259 2538 3008 2588; baseline 0.002 -6"><span class='ocrx_word' id='word_1_310' title='bbox 1259 2539 1324 2582; x_wconf 85' lang='lat' dir='ltr'>IN</span> <span class='ocrx_word' id='word_1_311' title='bbox 1370 2538 1596 2582; x_wconf 82' lang='lat' dir='ltr'>GESTIS</span> <span class='ocrx_word' id='word_1_312' title='bbox 1643 2540 2057 2585; x_wconf 76' lang='lat' dir='ltr'>PONTIFICUM</span> <span class='ocrx_word' id='word_1_313' title='bbox 2101 2540 2156 2584; x_wconf 91' lang='lat' dir='ltr'>S.</span> <span class='ocrx_word' id='word_1_314' title='bbox 2191 2541 2641 2588; x_wconf 77' lang='lat' dir='ltr'>VIRDUNENSIS</span> <span class='ocrx_word' id='word_1_315' title='bbox 2687 2542 3008 2588; x_wconf 56' lang='lat' dir='ltr'>ECCLESIIE</span> 
     </span>
    </p>
   </div>
   <div class='ocr_carea' id='block_1_47' title="bbox 859 2623 3350 2712">
    <p class='ocr_par' dir='ltr' id='par_1_47' title="bbox 859 2623 3350 2712">
     <span class='ocr_line' id='line_1_47' title="bbox 859 2623 3350 2712; baseline 0 -18"><span class='ocrx_word' id='word_1_316' title='bbox 859 2624 1022 2712; x_wconf 15' lang='grc' dir='ltr'>ἈΒ</span> <span class='ocrx_word' id='word_1_317' title='bbox 1073 2623 1460 2696; x_wconf 88' lang='lat' dir='ltr'><strong>DOMNUM</strong></span> <span class='ocrx_word' id='word_1_318' title='bbox 1511 2626 1952 2700; x_wconf 85' lang='lat' dir='ltr'>DADONEM</span> <span class='ocrx_word' id='word_1_319' title='bbox 2001 2627 2409 2698; x_wconf 86' lang='lat' dir='ltr'>EJUSDEM</span> <span class='ocrx_word' id='word_1_320' title='bbox 2472 2629 2725 2698; x_wconf 90' lang='lat' dir='ltr'><strong>SEDIS</strong></span> <span class='ocrx_word' id='word_1_321' title='bbox 2775 2631 3350 2700; x_wconf 76' lang='lat' dir='ltr'>ANTISTITEM.</span> 
     </span>
    </p>
   </div>
   <div class='ocr_carea' id='block_1_48' title="bbox 476 2844 3856 2931">
    <p class='ocr_par' dir='ltr' id='par_1_48' title="bbox 476 2844 3856 2931">
     <span class='ocr_line' id='line_1_48' title="bbox 476 2844 3856 2931; baseline 0.002 -31"><span class='ocrx_word' id='word_1_322' title='bbox 476 2844 967 2901; x_wconf 79' lang='lat' dir='ltr'>Reverentissimo</span> <span class='ocrx_word' id='word_1_323' title='bbox 1049 2850 1108 2901; x_wconf 86' lang='lat' dir='ltr'>et</span> <span class='ocrx_word' id='word_1_324' title='bbox 1189 2846 1569 2903; x_wconf 84' lang='lat' dir='ltr'>sanctissimo</span> <span class='ocrx_word' id='word_1_325' title='bbox 1636 2848 1856 2904; x_wconf 85' lang='lat' dir='ltr'>seniori</span> <span class='ocrx_word' id='word_1_326' title='bbox 1932 2863 2068 2904; x_wconf 90' lang='lat' dir='ltr'>meo</span> <span class='ocrx_word' id='word_1_327' title='bbox 2109 2879 2148 2931; x_wconf 77' lang='grc' dir='ltr'>Β</span> <span class='ocrx_word' id='word_1_328' title='bbox 2180 2847 2476 2905; x_wconf 89' lang='lat' dir='ltr'>Dionisius</span> <span class='ocrx_word' id='word_1_329' title='bbox 2520 2851 2866 2906; x_wconf 86' lang='lat' dir='ltr'>Sanctinum</span> <span class='ocrx_word' id='word_1_330' title='bbox 2905 2849 3214 2908; x_wconf 80' lang='lat' dir='ltr'>Meldensis</span> <span class='ocrx_word' id='word_1_331' title='bbox 3260 2852 3356 2887; x_wconf 79' lang='grc'>¹⁷⁸⁸</span> <span class='ocrx_word' id='word_1_332' title='bbox 3411 2851 3684 2907; x_wconf 70' lang='lat' dir='ltr'>Ecclesiae</span> <span class='ocrx_word' id='word_1_333' title='bbox 3742 2854 3856 2926; x_wconf 89' lang='lat' dir='ltr'>epi-</span> 
     </span>
    </p>
   </div>
   <div class='ocr_carea' id='block_1_49' title="bbox 404 2931 2068 2999">
    <p class='ocr_par' dir='ltr' id='par_1_49' title="bbox 404 2931 2068 2999">
     <span class='ocr_line' id='line_1_49' title="bbox 404 2931 2068 2999; baseline 0.004 -13"><span class='ocrx_word' id='word_1_334' title='bbox 404 2931 634 2987; x_wconf 87' lang='lat' dir='ltr'>domno</span> <span class='ocrx_word' id='word_1_335' title='bbox 690 2934 783 2970; x_wconf 72' lang='grc'>¹⁷⁸¹</span> <span class='ocrx_word' id='word_1_336' title='bbox 852 2935 1084 2999; x_wconf 71' lang='grc' dir='ltr'>Ολυοιηι,</span> <span class='ocrx_word' id='word_1_337' title='bbox 1163 2935 1549 2993; x_wconf 85' lang='lat' dir='ltr'>Virdunensis</span> <span class='ocrx_word' id='word_1_338' title='bbox 1636 2936 1905 2992; x_wconf 80' lang='lat' dir='ltr'>Ecclesiae</span> <span class='ocrx_word' id='word_1_339' title='bbox 1973 2939 2068 2974; x_wconf 67' lang='lat'>‘7&quot;</span> 
     </span>
    </p>
   </div>
   <div class='ocr_carea' id='block_1_50' title="bbox 404 3019 2069 3099">
    <p class='ocr_par' dir='ltr' id='par_1_50' title="bbox 404 3019 2069 3099">
     <span class='ocr_line' id='line_1_50' title="bbox 404 3019 2069 3099; baseline 0.003 -23"><span class='ocrx_word' id='word_1_340' title='bbox 404 3019 631 3092; x_wconf 80' lang='lat' dir='ltr'>inclyte</span> <span class='ocrx_word' id='word_1_341' title='bbox 680 3022 984 3094; x_wconf 85' lang='lat' dir='ltr'>episcopo,</span> <span class='ocrx_word' id='word_1_342' title='bbox 1042 3025 1358 3080; x_wconf 70' lang='lat' dir='ltr'>Bxanaws</span> <span class='ocrx_word' id='word_1_343' title='bbox 1391 3027 1490 3061; x_wconf 73' lang='grc' dir='ltr'>¹τ⁸⁸</span> <span class='ocrx_word' id='word_1_344' title='bbox 1537 3029 1731 3082; x_wconf 89' lang='lat' dir='ltr'>vester</span> <span class='ocrx_word' id='word_1_345' title='bbox 1757 3027 2069 3099; x_wconf 83' lang='lat' dir='ltr'>presbyter</span> 
     </span>
    </p>
   </div>
   <div class='ocr_carea' id='block_1_51' title="bbox 404 3107 2066 3180">
    <p class='ocr_par' dir='ltr' id='par_1_51' title="bbox 404 3107 2066 3180">
     <span class='ocr_line' id='line_1_51' title="bbox 404 3107 2066 3180; baseline 0.004 -17"><span class='ocrx_word' id='word_1_346' title='bbox 404 3107 619 3164; x_wconf 88' lang='lat' dir='ltr'>devote</span> <span class='ocrx_word' id='word_1_347' title='bbox 671 3122 782 3180; x_wconf 89' lang='lat' dir='ltr'>pro</span> <span class='ocrx_word' id='word_1_348' title='bbox 832 3108 1002 3164; x_wconf 84' lang='lat' dir='ltr'>vobis</span> <span class='ocrx_word' id='word_1_349' title='bbox 1067 3111 1300 3166; x_wconf 88' lang='lat' dir='ltr'>orando</span> <span class='ocrx_word' id='word_1_350' title='bbox 1373 3111 1710 3170; x_wconf 80' lang='lat' dir='ltr'>felicitatem</span> <span class='ocrx_word' id='word_1_351' title='bbox 1780 3119 2066 3170; x_wconf 65' lang='lat' dir='ltr'>mternam</span> 
     </span>
    </p>
   </div>
   <div class='ocr_carea' id='block_1_52' title="bbox 403 3196 770 3252">
    <p class='ocr_par' dir='ltr' id='par_1_52' title="bbox 403 3196 770 3252">
     <span class='ocr_line' id='line_1_52' title="bbox 403 3196 770 3252; baseline -0.003 0"><span class='ocrx_word' id='word_1_352' title='bbox 403 3196 464 3252; x_wconf 90' lang='lat' dir='ltr'>in</span> <span class='ocrx_word' id='word_1_353' title='bbox 523 3196 770 3252; x_wconf 87' lang='lat' dir='ltr'>Christo.</span> 
     </span>
    </p>
   </div>
   <div class='ocr_carea' id='block_1_53' title="bbox 473 3281 2069 3359">
    <p class='ocr_par' dir='ltr' id='par_1_53' title="bbox 473 3281 2069 3359">
     <span class='ocr_line' id='line_1_53' title="bbox 473 3281 2069 3359; baseline 0.007 -23"><span class='ocrx_word' id='word_1_354' title='bbox 473 3281 765 3346; x_wconf 82' lang='lat' dir='ltr'>Quoniam</span> <span class='ocrx_word' id='word_1_355' title='bbox 796 3287 992 3340; x_wconf 87' lang='lat' dir='ltr'>vestro</span> <span class='ocrx_word' id='word_1_356' title='bbox 1022 3289 1290 3358; x_wconf 84' lang='lat' dir='ltr'>tempore</span> <span class='ocrx_word' id='word_1_357' title='bbox 1319 3302 1427 3359; x_wconf 90' lang='lat' dir='ltr'>per</span> <span class='ocrx_word' id='word_1_358' title='bbox 1456 3288 1694 3358; x_wconf 75' lang='lat' dir='ltr'>triginta</span> <span class='ocrx_word' id='word_1_359' title='bbox 1725 3295 1782 3346; x_wconf 86' lang='lat' dir='ltr'>et</span> <span class='ocrx_word' id='word_1_360' title='bbox 1813 3307 1920 3346; x_wconf 88' lang='lat' dir='ltr'>sex</span> <span class='ocrx_word' id='word_1_361' title='bbox 1967 3307 2069 3347; x_wconf 89' lang='lat' dir='ltr'>an-</span> 
     </span>
    </p>
   </div>
   <div class='ocr_carea' id='block_1_54' title="bbox 401 3373 2067 3448">
    <p class='ocr_par' dir='ltr' id='par_1_54' title="bbox 401 3373 2067 3448">
     <span class='ocr_line' id='line_1_54' title="bbox 401 3373 2067 3448; baseline 0.007 -23"><span class='ocrx_word' id='word_1_362' title='bbox 401 3384 514 3426; x_wconf 86' lang='lat' dir='ltr'>nos</span> <span class='ocrx_word' id='word_1_363' title='bbox 542 3376 739 3428; x_wconf 84' lang='lat' dir='ltr'>vestro</span> <span class='ocrx_word' id='word_1_364' title='bbox 759 3373 921 3428; x_wconf 88' lang='lat' dir='ltr'>bono</span> <span class='ocrx_word' id='word_1_365' title='bbox 947 3375 1148 3432; x_wconf 86' lang='lat' dir='ltr'>studio</span> <span class='ocrx_word' id='word_1_366' title='bbox 1173 3381 1230 3432; x_wconf 90' lang='lat' dir='ltr'>et</span> <span class='ocrx_word' id='word_1_367' title='bbox 1253 3376 1475 3448; x_wconf 81' lang='lat' dir='ltr'>inclyta</span> <span class='ocrx_word' id='word_1_368' title='bbox 1498 3378 1662 3435; x_wconf 89' lang='lat' dir='ltr'>fama</span> <span class='ocrx_word' id='word_1_369' title='bbox 1676 3379 1850 3436; x_wconf 89' lang='lat' dir='ltr'>nobis</span> <span class='ocrx_word' id='word_1_370' title='bbox 1879 3381 2067 3438; x_wconf 88' lang='lat' dir='ltr'>multa</span> 
     </span>
    </p>
   </div>
   <div class='ocr_carea' id='block_1_55' title="bbox 400 3463 2065 3539">
    <p class='ocr_par' dir='ltr' id='par_1_55' title="bbox 400 3463 2065 3539">
     <span class='ocr_line' id='line_1_55' title="bbox 400 3463 2065 3539; baseline 0.01 -30"><span class='ocrx_word' id='word_1_371' title='bbox 400 3463 693 3514; x_wconf 86' lang='lat' dir='ltr'>venerunt</span> <span class='ocrx_word' id='word_1_372' title='bbox 720 3474 1028 3533; x_wconf 86' lang='lat' dir='ltr'>prospera,</span> <span class='ocrx_word' id='word_1_373' title='bbox 1060 3477 1221 3518; x_wconf 90' lang='lat' dir='ltr'>nunc</span> <span class='ocrx_word' id='word_1_374' title='bbox 1269 3469 1492 3535; x_wconf 86' lang='lat' dir='ltr'>autem,</span> <span class='ocrx_word' id='word_1_375' title='bbox 1543 3469 1801 3539; x_wconf 89' lang='lat' dir='ltr'>peccatis</span> <span class='ocrx_word' id='word_1_376' title='bbox 1845 3470 2065 3524; x_wconf 85' lang='lat' dir='ltr'>nostris</span> 
     </span>
    </p>
   </div>
   <div class='ocr_carea' id='block_1_56' title="bbox 400 3544 2062 3627">
    <p class='ocr_par' dir='ltr' id='par_1_56' title="bbox 400 3544 2062 3627">
     <span class='ocr_line' id='line_1_56' title="bbox 400 3544 2062 3627; baseline 0.01 -28"><span class='ocrx_word' id='word_1_377' title='bbox 400 3544 795 3618; x_wconf 80' lang='lat' dir='ltr'>exigentibus,</span> <span class='ocrx_word' id='word_1_378' title='bbox 826 3549 1173 3624; x_wconf 88' lang='lat' dir='ltr'>principalis</span> <span class='ocrx_word' id='word_1_379' title='bbox 1225 3553 1476 3611; x_wconf 86' lang='lat' dir='ltr'>ecclesia</span> <span class='ocrx_word' id='word_1_380' title='bbox 1522 3561 1728 3613; x_wconf 87' lang='lat' dir='ltr'>nostra</span> <span class='ocrx_word' id='word_1_381' title='bbox 1766 3558 1902 3627; x_wconf 90' lang='lat' dir='ltr'>igne</span> <span class='ocrx_word' id='word_1_382' title='bbox 1933 3575 2062 3615; x_wconf 84' lang='lat' dir='ltr'>suc-</span> 
     </span>
    </p>
   </div>
   <div class='ocr_carea' id='block_1_57' title="bbox 398 3635 2062 3704">
    <p class='ocr_par' dir='ltr' id='par_1_57' title="bbox 398 3635 2062 3704">
     <span class='ocr_line' id='line_1_57' title="bbox 398 3635 2062 3704; baseline 0.009 -16"><span class='ocrx_word' id='word_1_383' title='bbox 398 3648 599 3702; x_wconf 86' lang='lat' dir='ltr'>censa,</span> <span class='ocrx_word' id='word_1_384' title='bbox 649 3635 783 3693; x_wconf 89' lang='lat' dir='ltr'>libri</span> <span class='ocrx_word' id='word_1_385' title='bbox 811 3643 868 3693; x_wconf 91' lang='lat' dir='ltr'>et</span> <span class='ocrx_word' id='word_1_386' title='bbox 895 3641 1203 3696; x_wconf 68' lang='lat' dir='ltr'>memoriae</span> <span class='ocrx_word' id='word_1_387' title='bbox 1258 3649 1604 3702; x_wconf 90' lang='lat' dir='ltr'>sanctorum</span> <span class='ocrx_word' id='word_1_388' title='bbox 1667 3649 1904 3704; x_wconf 85' lang='lat' dir='ltr'>Patrum</span> <span class='ocrx_word' id='word_1_389' title='bbox 1953 3664 2062 3703; x_wconf 90' lang='lat' dir='ltr'>no-</span> 
     </span>
    </p>
   </div>
   <div class='ocr_carea' id='block_1_58' title="bbox 399 3725 2064 3804">
    <p class='ocr_par' dir='ltr' id='par_1_58' title="bbox 399 3725 2064 3804">
     <span class='ocr_line' id='line_1_58' title="bbox 399 3725 2064 3804; baseline 0.01 -27"><span class='ocrx_word' id='word_1_390' title='bbox 399 3725 660 3781; x_wconf 87' lang='lat' dir='ltr'>strorum</span> <span class='ocrx_word' id='word_1_391' title='bbox 691 3727 788 3762; x_wconf 66' lang='lat'>‘7“</span> <span class='ocrx_word' id='word_1_392' title='bbox 837 3743 909 3784; x_wconf 87' lang='lat' dir='ltr'>ex</span> <span class='ocrx_word' id='word_1_393' title='bbox 951 3744 1178 3799; x_wconf 86' lang='lat' dir='ltr'>magna</span> <span class='ocrx_word' id='word_1_394' title='bbox 1206 3737 1376 3804; x_wconf 86' lang='lat' dir='ltr'>parte</span> <span class='ocrx_word' id='word_1_395' title='bbox 1405 3733 1602 3791; x_wconf 89' lang='lat' dir='ltr'>eidem</span> <span class='ocrx_word' id='word_1_396' title='bbox 1631 3735 1894 3793; x_wconf 65' lang='lat' dir='ltr'>ﬂammae</span> <span class='ocrx_word' id='word_1_397' title='bbox 1925 3743 2064 3793; x_wconf 91' lang='lat' dir='ltr'>sunt</span> 
     </span>
    </p>
   </div>
   <div class='ocr_carea' id='block_1_59' title="bbox 395 3812 2063 3890">
    <p class='ocr_par' dir='ltr' id='par_1_59' title="bbox 395 3812 2063 3890">
     <span class='ocr_line' id='line_1_59' title="bbox 395 3812 2063 3890; baseline 0.01 -24"><span class='ocrx_word' id='word_1_398' title='bbox 395 3812 646 3883; x_wconf 64' lang='lat' dir='ltr'>tradite,</span> <span class='ocrx_word' id='word_1_399' title='bbox 674 3829 749 3871; x_wconf 88' lang='lat' dir='ltr'>ne</span> <span class='ocrx_word' id='word_1_400' title='bbox 779 3820 981 3872; x_wconf 89' lang='lat' dir='ltr'>autem</span> <span class='ocrx_word' id='word_1_401' title='bbox 1009 3818 1247 3890; x_wconf 78' lang='lat' dir='ltr'>penitus</span> <span class='ocrx_word' id='word_1_402' title='bbox 1285 3821 1570 3879; x_wconf 87' lang='lat' dir='ltr'>oblivioni</span> <span class='ocrx_word' id='word_1_403' title='bbox 1600 3825 1930 3881; x_wconf 87' lang='lat' dir='ltr'>traderetur</span> <span class='ocrx_word' id='word_1_404' title='bbox 1959 3841 2063 3882; x_wconf 89' lang='lat' dir='ltr'>an-</span> 
     </span>
    </p>
   </div>
   <div class='ocr_carea' id='block_1_60' title="bbox 395 3903 2057 3980">
    <p class='ocr_par' dir='ltr' id='par_1_60' title="bbox 395 3903 2057 3980">
     <span class='ocr_line' id='line_1_60' title="bbox 395 3903 2057 3980; baseline 0.01 -25"><span class='ocrx_word' id='word_1_405' title='bbox 395 3903 760 3960; x_wconf 82' lang='lat' dir='ltr'>tecessorum</span> <span class='ocrx_word' id='word_1_406' title='bbox 789 3909 1128 3964; x_wconf 85' lang='lat' dir='ltr'>vestrorum</span> <span class='ocrx_word' id='word_1_407' title='bbox 1179 3916 1562 3967; x_wconf 84' lang='lat' dir='ltr'>sacrosancta</span> <span class='ocrx_word' id='word_1_408' title='bbox 1605 3915 1916 3980; x_wconf 88' lang='lat' dir='ltr'>memoria,</span> <span class='ocrx_word' id='word_1_409' title='bbox 1959 3931 2057 3971; x_wconf 90' lang='lat' dir='ltr'>ve-</span> 
     </span>
    </p>
   </div>
   <div class='ocr_carea' id='block_1_61' title="bbox 395 3991 2055 4070">
    <p class='ocr_par' dir='ltr' id='par_1_61' title="bbox 395 3991 2055 4070">
     <span class='ocr_line' id='line_1_61' title="bbox 395 3991 2055 4070; baseline 0.01 -27"><span class='ocrx_word' id='word_1_410' title='bbox 395 3991 662 4048; x_wconf 83' lang='lat' dir='ltr'>nerabile</span> <span class='ocrx_word' id='word_1_411' title='bbox 683 3994 948 4052; x_wconf 87' lang='lat' dir='ltr'>studium</span> <span class='ocrx_word' id='word_1_412' title='bbox 978 4001 1036 4053; x_wconf 88' lang='lat' dir='ltr'>et</span> <span class='ocrx_word' id='word_1_413' title='bbox 1061 4001 1332 4070; x_wconf 89' lang='lat' dir='ltr'>operatio</span> <span class='ocrx_word' id='word_1_414' title='bbox 1358 4007 1565 4057; x_wconf 86' lang='lat' dir='ltr'>sancta</span> <span class='ocrx_word' id='word_1_415' title='bbox 1592 4019 1604 4056; x_wconf 90' lang='lat'>:</span> <span class='ocrx_word' id='word_1_416' title='bbox 1637 4002 1771 4058; x_wconf 89' lang='lat' dir='ltr'>licet</span> <span class='ocrx_word' id='word_1_417' title='bbox 1806 4003 2055 4060; x_wconf 78' lang='lat' dir='ltr'>infirmi-</span> 
     </span>
    </p>
   </div>
   <div class='ocr_carea' id='block_1_62' title="bbox 396 4081 2054 4160">
    <p class='ocr_par' dir='ltr' id='par_1_62' title="bbox 396 4081 2054 4160">
     <span class='ocr_line' id='line_1_62' title="bbox 396 4081 2054 4160; baseline 0.01 -27"><span class='ocrx_word' id='word_1_418' title='bbox 396 4082 510 4135; x_wconf 86' lang='lat' dir='ltr'>tate</span> <span class='ocrx_word' id='word_1_419' title='bbox 536 4084 595 4136; x_wconf 84' lang='lat' dir='ltr'>et</span> <span class='ocrx_word' id='word_1_420' title='bbox 614 4081 844 4139; x_wconf 85' lang='lat' dir='ltr'>tristitia</span> <span class='ocrx_word' id='word_1_421' title='bbox 875 4086 1126 4152; x_wconf 88' lang='lat' dir='ltr'>attritus,</span> <span class='ocrx_word' id='word_1_422' title='bbox 1161 4103 1298 4160; x_wconf 84' lang='lat' dir='ltr'>quae</span> <span class='ocrx_word' id='word_1_423' title='bbox 1325 4090 1400 4146; x_wconf 89' lang='lat' dir='ltr'>de</span> <span class='ocrx_word' id='word_1_424' title='bbox 1449 4091 1669 4146; x_wconf 81' lang='lat' dir='ltr'>sanctis</span> <span class='ocrx_word' id='word_1_425' title='bbox 1718 4096 2054 4150; x_wconf 87' lang='lat' dir='ltr'>antecesso-</span> 
     </span>
    </p>
   </div>
   <div class='ocr_carea' id='block_1_63' title="bbox 391 4167 2056 4248">
    <p class='ocr_par' dir='ltr' id='par_1_63' title="bbox 391 4167 2056 4248">
     <span class='ocr_line' id='line_1_63' title="bbox 391 4167 2056 4248; baseline 0.01 -26"><span class='ocrx_word' id='word_1_426' title='bbox 391 4167 559 4226; x_wconf 85' lang='lat' dir='ltr'>ribus</span> <span class='ocrx_word' id='word_1_427' title='bbox 606 4172 813 4228; x_wconf 86' lang='lat' dir='ltr'>vestris</span> <span class='ocrx_word' id='word_1_428' title='bbox 861 4172 978 4244; x_wconf 87' lang='lat' dir='ltr'>legi</span> <span class='ocrx_word' id='word_1_429' title='bbox 1033 4181 1091 4232; x_wconf 90' lang='lat' dir='ltr'>et</span> <span class='ocrx_word' id='word_1_430' title='bbox 1125 4192 1160 4232; x_wconf 91' lang='lat' dir='ltr'>a</span> <span class='ocrx_word' id='word_1_431' title='bbox 1202 4177 1481 4234; x_wconf 87' lang='lat' dir='ltr'>ﬁdelibus</span> <span class='ocrx_word' id='word_1_432' title='bbox 1526 4178 1752 4248; x_wconf 88' lang='lat' dir='ltr'>audivi,</span> <span class='ocrx_word' id='word_1_433' title='bbox 1788 4181 2056 4240; x_wconf 89' lang='lat' dir='ltr'>breviato</span> 
     </span>
    </p>
   </div>
   <div class='ocr_carea' id='block_1_64' title="bbox 393 4263 2124 4340">
    <p class='ocr_par' dir='ltr' id='par_1_64' title="bbox 393 4263 2124 4340">
     <span class='ocr_line' id='line_1_64' title="bbox 393 4263 2124 4340; baseline 0.009 -29"><span class='ocrx_word' id='word_1_434' title='bbox 393 4272 670 4314; x_wconf 91' lang='lat' dir='ltr'>sermone</span> <span class='ocrx_word' id='word_1_435' title='bbox 695 4263 1204 4336; x_wconf 86' lang='lat' dir='ltr'>comprehendere</span> <span class='ocrx_word' id='word_1_436' title='bbox 1237 4267 1628 4324; x_wconf 89' lang='lat' dir='ltr'>commodum</span> <span class='ocrx_word' id='word_1_437' title='bbox 1670 4268 1836 4340; x_wconf 85' lang='lat' dir='ltr'>duxi,</span> <span class='ocrx_word' id='word_1_438' title='bbox 1886 4273 2055 4330; x_wconf 87' lang='lat' dir='ltr'>vobis</span> <span class='ocrx_word' id='word_1_439' title='bbox 2084 4273 2124 4326; x_wconf 93' lang='lat' dir='ltr'>C</span> 
     </span>
    </p>
   </div>
   <div class='ocr_carea' id='block_1_65' title="bbox 389 4347 1620 4426">
    <p class='ocr_par' dir='ltr' id='par_1_65' title="bbox 389 4347 1620 4426">
     <span class='ocr_line' id='line_1_65' title="bbox 389 4347 1620 4426; baseline 0.011 -25"><span class='ocrx_word' id='word_1_440' title='bbox 389 4347 637 4418; x_wconf 89' lang='lat' dir='ltr'>quidem</span> <span class='ocrx_word' id='word_1_441' title='bbox 667 4356 924 4422; x_wconf 86' lang='lat' dir='ltr'>gratum,</span> <span class='ocrx_word' id='word_1_442' title='bbox 947 4355 1201 4426; x_wconf 85' lang='lat' dir='ltr'>posteris</span> <span class='ocrx_word' id='word_1_443' title='bbox 1231 4360 1433 4414; x_wconf 79' lang='lat' dir='ltr'>autem</span> <span class='ocrx_word' id='word_1_444' title='bbox 1460 4356 1620 4414; x_wconf 85' lang='lat' dir='ltr'>utile.</span> 
     </span>
    </p>
   </div>
   <div class='ocr_carea' id='block_1_66' title="bbox 463 4440 2053 4518">
    <p class='ocr_par' dir='ltr' id='par_1_66' title="bbox 463 4440 2053 4518">
     <span class='ocr_line' id='line_1_66' title="bbox 463 4440 2053 4518; baseline 0.011 -26"><span class='ocrx_word' id='word_1_445' title='bbox 463 4442 511 4493; x_wconf 94' lang='grc'>1.</span> <span class='ocrx_word' id='word_1_446' title='bbox 557 4440 831 4509; x_wconf 91' lang='lat' dir='ltr'>Legimus</span> <span class='ocrx_word' id='word_1_447' title='bbox 856 4441 916 4497; x_wconf 89' lang='lat' dir='ltr'>in</span> <span class='ocrx_word' id='word_1_448' title='bbox 947 4443 1060 4499; x_wconf 90' lang='lat' dir='ltr'>ista</span> <span class='ocrx_word' id='word_1_449' title='bbox 1106 4444 1375 4512; x_wconf 92' lang='lat' dir='ltr'>ecclesia,</span> <span class='ocrx_word' id='word_1_450' title='bbox 1425 4462 1562 4518; x_wconf 80' lang='lat' dir='ltr'>quae</span> <span class='ocrx_word' id='word_1_451' title='bbox 1601 4453 1688 4504; x_wconf 90' lang='lat' dir='ltr'>est</span> <span class='ocrx_word' id='word_1_452' title='bbox 1719 4449 1776 4504; x_wconf 89' lang='lat' dir='ltr'>in</span> <span class='ocrx_word' id='word_1_453' title='bbox 1824 4451 2053 4512; x_wconf 84' lang='lat' dir='ltr'>honore</span> 
     </span>
    </p>
   </div>
   <div class='ocr_carea' id='block_1_67' title="bbox 387 4530 2048 4611">
    <p class='ocr_par' dir='ltr' id='par_1_67' title="bbox 387 4530 2048 4611">
     <span class='ocr_line' id='line_1_67' title="bbox 387 4530 2048 4611; baseline 0.009 -30"><span class='ocrx_word' id='word_1_454' title='bbox 387 4531 608 4584; x_wconf 68' lang='lat' dir='ltr'>sanctae</span> <span class='ocrx_word' id='word_1_455' title='bbox 641 4530 739 4586; x_wconf 90' lang='lat' dir='ltr'>Dei</span> <span class='ocrx_word' id='word_1_456' title='bbox 771 4532 1076 4588; x_wconf 90' lang='lat' dir='ltr'>Genitricis</span> <span class='ocrx_word' id='word_1_457' title='bbox 1105 4539 1449 4591; x_wconf 89' lang='lat' dir='ltr'>constructa</span> <span class='ocrx_word' id='word_1_458' title='bbox 1481 4537 1598 4605; x_wconf 66' lang='lat'>&#39;73“,</span> <span class='ocrx_word' id='word_1_459' title='bbox 1627 4537 1754 4608; x_wconf 88' lang='lat' dir='ltr'>jam</span> <span class='ocrx_word' id='word_1_460' title='bbox 1795 4555 2048 4611; x_wconf 71' lang='lat' dir='ltr'>praeces-</span> 
     </span>
    </p>
   </div>
   <div class='ocr_carea' id='block_1_68' title="bbox 387 4615 2048 4696">
    <p class='ocr_par' dir='ltr' id='par_1_68' title="bbox 387 4615 2048 4696">
     <span class='ocr_line' id='line_1_68' title="bbox 387 4615 2048 4696; baseline 0.008 -26"><span class='ocrx_word' id='word_1_461' title='bbox 387 4615 532 4671; x_wconf 90' lang='lat' dir='ltr'>sisse</span> <span class='ocrx_word' id='word_1_462' title='bbox 562 4617 800 4688; x_wconf 88' lang='lat' dir='ltr'>triginta</span> <span class='ocrx_word' id='word_1_463' title='bbox 829 4620 1170 4694; x_wconf 90' lang='lat' dir='ltr'>episcopos,</span> <span class='ocrx_word' id='word_1_464' title='bbox 1211 4639 1473 4695; x_wconf 91' lang='lat' dir='ltr'>quorum</span> <span class='ocrx_word' id='word_1_465' title='bbox 1522 4624 1754 4696; x_wconf 89' lang='lat' dir='ltr'>primus</span> <span class='ocrx_word' id='word_1_466' title='bbox 1806 4634 2048 4684; x_wconf 89' lang='lat' dir='ltr'>sanctus</span> 
     </span>
    </p>
   </div>
   <div class='ocr_carea' id='block_1_69' title="bbox 384 4705 2046 4785">
    <p class='ocr_par' dir='ltr' id='par_1_69' title="bbox 384 4705 2046 4785">
     <span class='ocr_line' id='line_1_69' title="bbox 384 4705 2046 4785; baseline 0.008 -25"><span class='ocrx_word' id='word_1_467' title='bbox 384 4705 696 4763; x_wconf 88' lang='lat' dir='ltr'>Sanctinus</span> <span class='ocrx_word' id='word_1_468' title='bbox 727 4712 990 4765; x_wconf 86' lang='lat' dir='ltr'>vocatur.</span> <span class='ocrx_word' id='word_1_469' title='bbox 1027 4713 1104 4766; x_wconf 91' lang='lat' dir='ltr'>De</span> <span class='ocrx_word' id='word_1_470' title='bbox 1135 4727 1258 4784; x_wconf 92' lang='lat' dir='ltr'>quo</span> <span class='ocrx_word' id='word_1_471' title='bbox 1288 4713 1453 4785; x_wconf 91' lang='lat' dir='ltr'>quod</span> <span class='ocrx_word' id='word_1_472' title='bbox 1497 4715 1786 4770; x_wconf 88' lang='lat' dir='ltr'>sentimus</span> <span class='ocrx_word' id='word_1_473' title='bbox 1835 4722 2046 4774; x_wconf 91' lang='lat' dir='ltr'>notare</span> 
     </span>
    </p>
   </div>
   <div class='ocr_carea' id='block_1_70' title="bbox 2183 2941 3854 3014">
    <p class='ocr_par' dir='ltr' id='par_1_70' title="bbox 2183 2941 3854 3014">
     <span class='ocr_line' id='line_1_70' title="bbox 2183 2941 3854 3014; baseline 0.004 -22"><span class='ocrx_word' id='word_1_474' title='bbox 2183 2955 2435 3011; x_wconf 90' lang='lat' dir='ltr'>scopum</span> <span class='ocrx_word' id='word_1_475' title='bbox 2467 2944 2523 2995; x_wconf 90' lang='lat' dir='ltr'>et</span> <span class='ocrx_word' id='word_1_476' title='bbox 2552 2941 2920 2996; x_wconf 84' lang='lat' dir='ltr'>Antoninum</span> <span class='ocrx_word' id='word_1_477' title='bbox 2959 2941 3381 3014; x_wconf 85' lang='lat' dir='ltr'>presbyterum</span> <span class='ocrx_word' id='word_1_478' title='bbox 3411 2942 3667 3000; x_wconf 89' lang='lat' dir='ltr'>mitteret</span> <span class='ocrx_word' id='word_1_479' title='bbox 3714 2959 3854 2998; x_wconf 88' lang='lat' dir='ltr'>cum</span> 
     </span>
    </p>
   </div>
   <div class='ocr_carea' id='block_1_71' title="bbox 2182 3029 3859 3102">
    <p class='ocr_par' dir='ltr' id='par_1_71' title="bbox 2182 3029 3859 3102">
     <span class='ocr_line' id='line_1_71' title="bbox 2182 3029 3859 3102; baseline 0.004 -20"><span class='ocrx_word' id='word_1_480' title='bbox 2182 3029 2365 3097; x_wconf 84' lang='lat' dir='ltr'>gestis</span> <span class='ocrx_word' id='word_1_481' title='bbox 2397 3045 2520 3084; x_wconf 67' lang='lat' dir='ltr'>suae</span> <span class='ocrx_word' id='word_1_482' title='bbox 2542 3029 2838 3102; x_wconf 88' lang='lat' dir='ltr'>passionis</span> <span class='ocrx_word' id='word_1_483' title='bbox 2866 3033 3116 3086; x_wconf 80' lang='lat' dir='ltr'>Romam</span> <span class='ocrx_word' id='word_1_484' title='bbox 3154 3030 3230 3085; x_wconf 90' lang='lat' dir='ltr'>ad</span> <span class='ocrx_word' id='word_1_485' title='bbox 3264 3035 3539 3087; x_wconf 89' lang='lat' dir='ltr'>sanctum</span> <span class='ocrx_word' id='word_1_486' title='bbox 3586 3030 3859 3089; x_wconf 81' lang='lat' dir='ltr'>Clemen-</span> 
     </span>
    </p>
   </div>
   <div class='ocr_carea' id='block_1_72' title="bbox 2184 3118 3858 3193">
    <p class='ocr_par' dir='ltr' id='par_1_72' title="bbox 2184 3118 3858 3193">
     <span class='ocr_line' id='line_1_72' title="bbox 2184 3118 3858 3193; baseline 0.004 -21"><span class='ocrx_word' id='word_1_487' title='bbox 2184 3120 2303 3172; x_wconf 89' lang='lat' dir='ltr'>tem</span> <span class='ocrx_word' id='word_1_488' title='bbox 2334 3122 2389 3172; x_wconf 92' lang='lat' dir='ltr'>et</span> <span class='ocrx_word' id='word_1_489' title='bbox 2412 3118 2520 3174; x_wconf 90' lang='lat' dir='ltr'>iter</span> <span class='ocrx_word' id='word_1_490' title='bbox 2542 3118 2777 3174; x_wconf 87' lang='lat' dir='ltr'>illorum</span> <span class='ocrx_word' id='word_1_491' title='bbox 2811 3119 3017 3175; x_wconf 89' lang='lat' dir='ltr'>fuisset</span> <span class='ocrx_word' id='word_1_492' title='bbox 3045 3135 3151 3193; x_wconf 89' lang='lat' dir='ltr'>per</span> <span class='ocrx_word' id='word_1_493' title='bbox 3198 3119 3373 3175; x_wconf 88' lang='lat' dir='ltr'>istam</span> <span class='ocrx_word' id='word_1_494' title='bbox 3421 3120 3752 3190; x_wconf 88' lang='lat' dir='ltr'>civitatem,</span> <span class='ocrx_word' id='word_1_495' title='bbox 3804 3126 3858 3178; x_wconf 91' lang='lat' dir='ltr'>et</span> 
     </span>
    </p>
   </div>
   <div class='ocr_carea' id='block_1_73' title="bbox 2179 3205 3857 3283">
    <p class='ocr_par' dir='ltr' id='par_1_73' title="bbox 2179 3205 3857 3283">
     <span class='ocr_line' id='line_1_73' title="bbox 2179 3205 3857 3283; baseline 0.003 -21"><span class='ocrx_word' id='word_1_496' title='bbox 2179 3205 2239 3262; x_wconf 90' lang='lat' dir='ltr'>in</span> <span class='ocrx_word' id='word_1_497' title='bbox 2267 3207 2467 3262; x_wconf 88' lang='lat' dir='ltr'>eundo</span> <span class='ocrx_word' id='word_1_498' title='bbox 2497 3224 2567 3264; x_wconf 88' lang='lat' dir='ltr'>ac</span> <span class='ocrx_word' id='word_1_499' title='bbox 2600 3207 2908 3264; x_wconf 89' lang='lat' dir='ltr'>redeundo</span> <span class='ocrx_word' id='word_1_500' title='bbox 2932 3208 3027 3266; x_wconf 91' lang='lat' dir='ltr'>hic</span> <span class='ocrx_word' id='word_1_501' title='bbox 3058 3208 3234 3282; x_wconf 91' lang='lat' dir='ltr'>primi</span> <span class='ocrx_word' id='word_1_502' title='bbox 3267 3209 3703 3283; x_wconf 71' lang='lat' dir='ltr'>prmdicassent</span> <span class='ocrx_word' id='word_1_503' title='bbox 3735 3228 3857 3269; x_wconf 81' lang='lat' dir='ltr'>ver-</span> 
     </span>
    </p>
   </div>
   <div class='ocr_carea' id='block_1_74' title="bbox 2176 3295 3856 3374">
    <p class='ocr_par' dir='ltr' id='par_1_74' title="bbox 2176 3295 3856 3374">
     <span class='ocr_line' id='line_1_74' title="bbox 2176 3295 3856 3374; baseline 0.005 -24"><span class='ocrx_word' id='word_1_504' title='bbox 2176 3295 2325 3352; x_wconf 89' lang='lat' dir='ltr'>bum</span> <span class='ocrx_word' id='word_1_505' title='bbox 2350 3297 2470 3352; x_wconf 90' lang='lat' dir='ltr'>Dei.</span> <span class='ocrx_word' id='word_1_506' title='bbox 2489 3301 2554 3353; x_wconf 88' lang='lat' dir='ltr'>Et</span> <span class='ocrx_word' id='word_1_507' title='bbox 2576 3297 2772 3354; x_wconf 89' lang='lat' dir='ltr'>ferunt</span> <span class='ocrx_word' id='word_1_508' title='bbox 2795 3299 2961 3370; x_wconf 87' lang='lat' dir='ltr'>quod</span> <span class='ocrx_word' id='word_1_509' title='bbox 2988 3299 3208 3355; x_wconf 89' lang='lat' dir='ltr'>idcirco</span> <span class='ocrx_word' id='word_1_510' title='bbox 3229 3299 3287 3356; x_wconf 90' lang='lat' dir='ltr'>in</span> <span class='ocrx_word' id='word_1_511' title='bbox 3305 3300 3513 3356; x_wconf 89' lang='lat' dir='ltr'>ordine</span> <span class='ocrx_word' id='word_1_512' title='bbox 3535 3300 3856 3374; x_wconf 87' lang='lat' dir='ltr'>episcopo—</span> 
     </span>
    </p>
   </div>
   <div class='ocr_carea' id='block_1_75' title="bbox 2176 3386 3855 3460">
    <p class='ocr_par' dir='ltr' id='par_1_75' title="bbox 2176 3386 3855 3460">
     <span class='ocr_line' id='line_1_75' title="bbox 2176 3386 3855 3460; baseline 0.004 -21"><span class='ocrx_word' id='word_1_513' title='bbox 2176 3400 2313 3440; x_wconf 90' lang='lat' dir='ltr'>rum</span> <span class='ocrx_word' id='word_1_514' title='bbox 2337 3386 2507 3441; x_wconf 87' lang='lat' dir='ltr'>istius</span> <span class='ocrx_word' id='word_1_515' title='bbox 2541 3386 2811 3442; x_wconf 71' lang='lat' dir='ltr'>Ecclesite</span> <span class='ocrx_word' id='word_1_516' title='bbox 2849 3387 3080 3460; x_wconf 89' lang='lat' dir='ltr'>primus</span> <span class='ocrx_word' id='word_1_517' title='bbox 3106 3393 3386 3460; x_wconf 88' lang='lat' dir='ltr'>ponatur.</span> <span class='ocrx_word' id='word_1_518' title='bbox 3435 3388 3675 3459; x_wconf 88' lang='lat' dir='ltr'>Legitur</span> <span class='ocrx_word' id='word_1_519' title='bbox 3711 3407 3855 3448; x_wconf 83' lang='lat' dir='ltr'>vero</span> 
     </span>
    </p>
   </div>
   <div class='ocr_carea' id='block_1_76' title="bbox 2177 3473 3858 3552">
    <p class='ocr_par' dir='ltr' id='par_1_76' title="bbox 2177 3473 3858 3552">
     <span class='ocr_line' id='line_1_76' title="bbox 2177 3473 3858 3552; baseline 0.005 -24"><span class='ocrx_word' id='word_1_520' title='bbox 2177 3473 2238 3529; x_wconf 92' lang='lat' dir='ltr'>in</span> <span class='ocrx_word' id='word_1_521' title='bbox 2266 3476 2391 3551; x_wconf 84' lang='lat' dir='ltr'>Vita</span> <span class='ocrx_word' id='word_1_522' title='bbox 2423 3477 2610 3533; x_wconf 90' lang='lat' dir='ltr'>sancti</span> <span class='ocrx_word' id='word_1_523' title='bbox 2635 3477 2882 3533; x_wconf 88' lang='lat' dir='ltr'>Servatii</span> <span class='ocrx_word' id='word_1_524' title='bbox 2912 3477 3176 3552; x_wconf 89' lang='lat' dir='ltr'>episcopi</span> <span class='ocrx_word' id='word_1_525' title='bbox 3209 3479 3378 3550; x_wconf 87' lang='lat'>(380),</span> <span class='ocrx_word' id='word_1_526' title='bbox 3413 3478 3516 3534; x_wconf 90' lang='lat' dir='ltr'>ubi</span> <span class='ocrx_word' id='word_1_527' title='bbox 3568 3485 3648 3535; x_wconf 89' lang='lat' dir='ltr'>de</span> <span class='ocrx_word' id='word_1_528' title='bbox 3693 3482 3858 3551; x_wconf 73' lang='lat' dir='ltr'>Agri-</span> 
     </span>
    </p>
   </div>
   <div class='ocr_carea' id='block_1_77' title="bbox 2176 3563 3852 3642">
    <p class='ocr_par' dir='ltr' id='par_1_77' title="bbox 2176 3563 3852 3642">
     <span class='ocr_line' id='line_1_77' title="bbox 2176 3563 3852 3642; baseline 0.003 -23"><span class='ocrx_word' id='word_1_529' title='bbox 2176 3563 2443 3637; x_wconf 90' lang='lat' dir='ltr'>pinensis</span> <span class='ocrx_word' id='word_1_530' title='bbox 2487 3566 2763 3623; x_wconf 63' lang='lat' dir='ltr'>Ecclesiae</span> <span class='ocrx_word' id='word_1_531' title='bbox 2815 3567 3250 3640; x_wconf 89' lang='lat' dir='ltr'>archiepiscopi</span> <span class='ocrx_word' id='word_1_532' title='bbox 3307 3568 3688 3642; x_wconf 87' lang='lat' dir='ltr'>depositione</span> <span class='ocrx_word' id='word_1_533' title='bbox 3760 3588 3852 3626; x_wconf 88' lang='lat' dir='ltr'>res</span> 
     </span>
    </p>
   </div>
   <div class='ocr_carea' id='block_1_78' title="bbox 2176 3653 3852 3726">
    <p class='ocr_par' dir='ltr' id='par_1_78' title="bbox 2176 3653 3852 3726">
     <span class='ocr_line' id='line_1_78' title="bbox 2176 3653 3852 3726; baseline 0.005 -18"><span class='ocrx_word' id='word_1_534' title='bbox 2176 3653 2391 3723; x_wconf 87' lang='lat' dir='ltr'>agitur,</span> <span class='ocrx_word' id='word_1_535' title='bbox 2416 3655 2582 3726; x_wconf 91' lang='lat' dir='ltr'>quod</span> <span class='ocrx_word' id='word_1_536' title='bbox 2608 3655 2971 3713; x_wconf 88' lang='lat' dir='ltr'>interfuisset</span> <span class='ocrx_word' id='word_1_537' title='bbox 2993 3657 3311 3714; x_wconf 85' lang='lat' dir='ltr'>Sanctinus</span> <span class='ocrx_word' id='word_1_538' title='bbox 3333 3659 3497 3714; x_wconf 89' lang='lat' dir='ltr'>urbis</span> <span class='ocrx_word' id='word_1_539' title='bbox 3524 3659 3852 3718; x_wconf 67' lang='lat' dir='ltr'>(ilavorum</span> 
     </span>
    </p>
   </div>
   <div class='ocr_carea' id='block_1_79' title="bbox 2173 3743 3852 3821">
    <p class='ocr_par' dir='ltr' id='par_1_79' title="bbox 2173 3743 3852 3821">
     <span class='ocr_line' id='line_1_79' title="bbox 2173 3743 3852 3821; baseline 0.004 -23"><span class='ocrx_word' id='word_1_540' title='bbox 2173 3743 2494 3816; x_wconf 89' lang='lat' dir='ltr'>episcopus</span> <span class='ocrx_word' id='word_1_541' title='bbox 2524 3746 2692 3814; x_wconf 87' lang='grc'>(381).</span> <span class='ocrx_word' id='word_1_542' title='bbox 2730 3745 2837 3800; x_wconf 90' lang='lat' dir='ltr'>Ubi</span> <span class='ocrx_word' id='word_1_543' title='bbox 2867 3749 3068 3802; x_wconf 90' lang='lat' dir='ltr'>tamen</span> <span class='ocrx_word' id='word_1_544' title='bbox 3113 3761 3334 3819; x_wconf 89' lang='lat' dir='ltr'>corpus</span> <span class='ocrx_word' id='word_1_545' title='bbox 3364 3748 3494 3818; x_wconf 90' lang='lat' dir='ltr'>ejus</span> <span class='ocrx_word' id='word_1_546' title='bbox 3537 3749 3852 3821; x_wconf 78' lang='lat' dir='ltr'>sepultum</span> 
     </span>
    </p>
   </div>
   <div class='ocr_carea' id='block_1_80' title="bbox 2174 3831 3372 3908">
    <p class='ocr_par' dir='ltr' id='par_1_80' title="bbox 2174 3831 3372 3908">
     <span class='ocr_line' id='line_1_80' title="bbox 2174 3831 3372 3908; baseline 0.006 -23"><span class='ocrx_word' id='word_1_547' title='bbox 2174 3831 2264 3897; x_wconf 91' lang='lat' dir='ltr'>sit,</span> <span class='ocrx_word' id='word_1_548' title='bbox 2293 3848 2599 3906; x_wconf 91' lang='lat' dir='ltr'>nusquam</span> <span class='ocrx_word' id='word_1_549' title='bbox 2625 3835 2981 3908; x_wconf 88' lang='lat' dir='ltr'>reperimus,</span> <span class='ocrx_word' id='word_1_550' title='bbox 3013 3833 3125 3890; x_wconf 91' lang='lat' dir='ltr'>nisi</span> <span class='ocrx_word' id='word_1_551' title='bbox 3155 3833 3372 3892; x_wconf 83' lang='lat' dir='ltr'>Meldis.</span> 
     </span>
    </p>
   </div>
   <div class='ocr_carea' id='block_1_81' title="bbox 2244 3922 3852 3992">
    <p class='ocr_par' dir='ltr' id='par_1_81' title="bbox 2244 3922 3852 3992">
     <span class='ocr_line' id='line_1_81' title="bbox 2244 3922 3852 3992; baseline 0.004 -15"><span class='ocrx_word' id='word_1_552' title='bbox 2244 3926 2296 3978; x_wconf 84' lang='lat'>2.</span> <span class='ocrx_word' id='word_1_553' title='bbox 2337 3924 2472 3978; x_wconf 85' lang='lat' dir='ltr'>Post</span> <span class='ocrx_word' id='word_1_554' title='bbox 2525 3922 2687 3978; x_wconf 90' lang='lat' dir='ltr'>hunc</span> <span class='ocrx_word' id='word_1_555' title='bbox 2749 3923 3006 3992; x_wconf 85' lang='lat' dir='ltr'>legimus</span> <span class='ocrx_word' id='word_1_556' title='bbox 3071 3924 3255 3982; x_wconf 86' lang='lat' dir='ltr'>fuisse</span> <span class='ocrx_word' id='word_1_557' title='bbox 3337 3931 3621 3983; x_wconf 87' lang='lat' dir='ltr'>sanctum</span> <span class='ocrx_word' id='word_1_558' title='bbox 3697 3931 3852 3985; x_wconf 73' lang='lat' dir='ltr'>Mau-</span> 
     </span>
    </p>
   </div>
   <div class='ocr_carea' id='block_1_82' title="bbox 2168 4013 3848 4076">
    <p class='ocr_par' dir='ltr' id='par_1_82' title="bbox 2168 4013 3848 4076">
     <span class='ocr_line' id='line_1_82' title="bbox 2168 4013 3848 4076; baseline 0.007 -12"><span class='ocrx_word' id='word_1_559' title='bbox 2168 4025 2328 4076; x_wconf 88' lang='lat' dir='ltr'>rum,</span> <span class='ocrx_word' id='word_1_560' title='bbox 2386 4015 2443 4066; x_wconf 91' lang='lat' dir='ltr'>et</span> <span class='ocrx_word' id='word_1_561' title='bbox 2499 4015 2778 4068; x_wconf 88' lang='lat' dir='ltr'>sanctum</span> <span class='ocrx_word' id='word_1_562' title='bbox 2838 4013 3148 4070; x_wconf 86' lang='lat' dir='ltr'>Salvinum</span> <span class='ocrx_word' id='word_1_563' title='bbox 3195 4019 3252 4072; x_wconf 86' lang='lat' dir='ltr'>et</span> <span class='ocrx_word' id='word_1_564' title='bbox 3305 4020 3582 4072; x_wconf 87' lang='lat' dir='ltr'>sanctum</span> <span class='ocrx_word' id='word_1_565' title='bbox 3637 4023 3848 4075; x_wconf 70' lang='lat' dir='ltr'>Arato-</span> 
     </span>
    </p>
   </div>
   <div class='ocr_carea' id='block_1_83' title="bbox 2169 4101 3855 4175">
    <p class='ocr_par' dir='ltr' id='par_1_83' title="bbox 2169 4101 3855 4175">
     <span class='ocr_line' id='line_1_83' title="bbox 2169 4101 3855 4175; baseline 0.005 -22"><span class='ocrx_word' id='word_1_566' title='bbox 2169 4114 2316 4154; x_wconf 90' lang='lat' dir='ltr'>rem.</span> <span class='ocrx_word' id='word_1_567' title='bbox 2377 4102 2644 4163; x_wconf 88' lang='lat' dir='ltr'>Quorum</span> <span class='ocrx_word' id='word_1_568' title='bbox 2692 4101 2905 4158; x_wconf 91' lang='lat' dir='ltr'>merita</span> <span class='ocrx_word' id='word_1_569' title='bbox 2948 4101 3027 4158; x_wconf 91' lang='lat' dir='ltr'>ad</span> <span class='ocrx_word' id='word_1_570' title='bbox 3077 4103 3354 4175; x_wconf 89' lang='lat' dir='ltr'>sepulcra</span> <span class='ocrx_word' id='word_1_571' title='bbox 3382 4103 3627 4162; x_wconf 87' lang='lat' dir='ltr'>illorum</span> <span class='ocrx_word' id='word_1_572' title='bbox 3650 4112 3855 4163; x_wconf 86' lang='lat' dir='ltr'>osten-</span> 
     </span>
    </p>
   </div>
   <div class='ocr_carea' id='block_1_84' title="bbox 2171 4185 3854 4266">
    <p class='ocr_par' dir='ltr' id='par_1_84' title="bbox 2171 4185 3854 4266">
     <span class='ocr_line' id='line_1_84' title="bbox 2171 4185 3854 4266; baseline 0.006 -25"><span class='ocrx_word' id='word_1_573' title='bbox 2171 4186 2323 4242; x_wconf 90' lang='lat' dir='ltr'>dunt</span> <span class='ocrx_word' id='word_1_574' title='bbox 2367 4185 2700 4259; x_wconf 79' lang='lat' dir='ltr'>frequentia</span> <span class='ocrx_word' id='word_1_575' title='bbox 2747 4189 3060 4246; x_wconf 88' lang='lat' dir='ltr'>miracula.</span> <span class='ocrx_word' id='word_1_576' title='bbox 3117 4191 3423 4264; x_wconf 87' lang='lat' dir='ltr'>Siquidem</span> <span class='ocrx_word' id='word_1_577' title='bbox 3450 4188 3672 4251; x_wconf 9' lang='lat' dir='ltr'>isancto</span> <span class='ocrx_word' id='word_1_578' title='bbox 3705 4200 3854 4266; x_wconf 73' lang='lat' dir='ltr'>Age-</span> 
     </span>
    </p>
   </div>
   <div class='ocr_carea' id='block_1_85' title="bbox 2168 4275 3852 4353">
    <p class='ocr_par' dir='ltr' id='par_1_85' title="bbox 2168 4275 3852 4353">
     <span class='ocr_line' id='line_1_85' title="bbox 2168 4275 3852 4353; baseline 0.007 -23"><span class='ocrx_word' id='word_1_579' title='bbox 2168 4275 2290 4331; x_wconf 91' lang='lat' dir='ltr'>rico</span> <span class='ocrx_word' id='word_1_580' title='bbox 2343 4275 2628 4332; x_wconf 89' lang='lat' dir='ltr'>divinitus</span> <span class='ocrx_word' id='word_1_581' title='bbox 2683 4282 2923 4336; x_wconf 87' lang='lat' dir='ltr'>ostensa</span> <span class='ocrx_word' id='word_1_582' title='bbox 2975 4285 3116 4337; x_wconf 87' lang='lat' dir='ltr'>sunt</span> <span class='ocrx_word' id='word_1_583' title='bbox 3166 4297 3376 4340; x_wconf 87' lang='lat' dir='ltr'>eorum</span> <span class='ocrx_word' id='word_1_584' title='bbox 3419 4291 3852 4353; x_wconf 83' lang='lat' dir='ltr'>monumenta,</span> 
     </span>
    </p>
   </div>
   <div class='ocr_carea' id='block_1_86' title="bbox 2167 4363 3858 4432">
    <p class='ocr_par' dir='ltr' id='par_1_86' title="bbox 2167 4363 3858 4432">
     <span class='ocr_line' id='line_1_86' title="bbox 2167 4363 3858 4432; baseline 0.007 -12"><span class='ocrx_word' id='word_1_585' title='bbox 2167 4367 2222 4421; x_wconf 89' lang='lat' dir='ltr'>et</span> <span class='ocrx_word' id='word_1_586' title='bbox 2276 4363 2356 4422; x_wconf 86' lang='lat' dir='ltr'>ab</span> <span class='ocrx_word' id='word_1_587' title='bbox 2413 4364 2628 4424; x_wconf 80' lang='lat' dir='ltr'>eodem</span> <span class='ocrx_word' id='word_1_588' title='bbox 2687 4367 3116 4426; x_wconf 87' lang='lat' dir='ltr'>honorabiliter</span> <span class='ocrx_word' id='word_1_589' title='bbox 3184 4374 3242 4432; x_wconf 86' lang='lat' dir='ltr'>et</span> <span class='ocrx_word' id='word_1_590' title='bbox 3306 4373 3696 4430; x_wconf 81' lang='lat' dir='ltr'>sanctissime</span> <span class='ocrx_word' id='word_1_591' title='bbox 3763 4391 3858 4430; x_wconf 88' lang='lat' dir='ltr'>or-</span> 
     </span>
    </p>
   </div>
   <div class='ocr_carea' id='block_1_87' title="bbox 2165 4453 3854 4531">
    <p class='ocr_par' dir='ltr' id='par_1_87' title="bbox 2165 4453 3854 4531">
     <span class='ocr_line' id='line_1_87' title="bbox 2165 4453 3854 4531; baseline 0.005 -19"><span class='ocrx_word' id='word_1_592' title='bbox 2165 4453 2391 4512; x_wconf 89' lang='lat' dir='ltr'>dinata.</span> <span class='ocrx_word' id='word_1_593' title='bbox 2447 4458 2526 4511; x_wconf 92' lang='lat' dir='ltr'>De</span> <span class='ocrx_word' id='word_1_594' title='bbox 2582 4456 2708 4513; x_wconf 89' lang='lat' dir='ltr'>istis</span> <span class='ocrx_word' id='word_1_595' title='bbox 2763 4457 2925 4513; x_wconf 91' lang='lat' dir='ltr'>enim</span> <span class='ocrx_word' id='word_1_596' title='bbox 2969 4474 3105 4531; x_wconf 63' lang='lat' dir='ltr'>quae</span> <span class='ocrx_word' id='word_1_597' title='bbox 3159 4462 3381 4517; x_wconf 89' lang='lat' dir='ltr'>nostris</span> <span class='ocrx_word' id='word_1_598' title='bbox 3441 4462 3637 4519; x_wconf 91' lang='lat' dir='ltr'>oculis</span> <span class='ocrx_word' id='word_1_599' title='bbox 3697 4464 3854 4520; x_wconf 81' lang='lat' dir='ltr'>vidi-</span> 
     </span>
    </p>
   </div>
   <div class='ocr_carea' id='block_1_88' title="bbox 2169 4545 3855 4626">
    <p class='ocr_par' dir='ltr' id='par_1_88' title="bbox 2169 4545 3855 4626">
     <span class='ocr_line' id='line_1_88' title="bbox 2169 4545 3855 4626; baseline 0.007 -28"><span class='ocrx_word' id='word_1_600' title='bbox 2169 4559 2308 4598; x_wconf 92' lang='lat' dir='ltr'>mus</span> <span class='ocrx_word' id='word_1_601' title='bbox 2353 4559 2541 4615; x_wconf 90' lang='lat' dir='ltr'>quam</span> <span class='ocrx_word' id='word_1_602' title='bbox 2589 4545 2850 4617; x_wconf 89' lang='lat' dir='ltr'>plurima</span> <span class='ocrx_word' id='word_1_603' title='bbox 2898 4545 3114 4604; x_wconf 88' lang='lat' dir='ltr'>referre</span> <span class='ocrx_word' id='word_1_604' title='bbox 3157 4564 3507 4621; x_wconf 90' lang='lat' dir='ltr'>possumus.</span> <span class='ocrx_word' id='word_1_605' title='bbox 3548 4555 3855 4626; x_wconf 87' lang='lat' dir='ltr'>Tempore</span> 
     </span>
    </p>
   </div>
   <div class='ocr_carea' id='block_1_89' title="bbox 2167 4631 3860 4707">
    <p class='ocr_par' dir='ltr' id='par_1_89' title="bbox 2167 4631 3860 4707">
     <span class='ocr_line' id='line_1_89' title="bbox 2167 4631 3860 4707; baseline 0.008 -21"><span class='ocrx_word' id='word_1_606' title='bbox 2167 4631 2386 4687; x_wconf 90' lang='lat' dir='ltr'>etenim</span> <span class='ocrx_word' id='word_1_607' title='bbox 2411 4634 2666 4689; x_wconf 87' lang='lat' dir='ltr'>Lotharii</span> <span class='ocrx_word' id='word_1_608' title='bbox 2679 4635 2934 4706; x_wconf 90' lang='lat' dir='ltr'>junioris</span> <span class='ocrx_word' id='word_1_609' title='bbox 2963 4637 3120 4707; x_wconf 89' lang='lat' dir='ltr'>regis</span> <span class='ocrx_word' id='word_1_610' title='bbox 3144 4641 3201 4693; x_wconf 92' lang='lat' dir='ltr'>et</span> <span class='ocrx_word' id='word_1_611' title='bbox 3219 4637 3430 4695; x_wconf 91' lang='lat' dir='ltr'>domni</span> <span class='ocrx_word' id='word_1_612' title='bbox 3455 4643 3860 4700; x_wconf 84' lang='lat' dir='ltr'>Hattonisno-</span> 
     </span>
    </p>
   </div>
   <div class='ocr_carea' id='block_1_90' title="bbox 2164 4721 3857 4797">
    <p class='ocr_par' dir='ltr' id='par_1_90' title="bbox 2164 4721 3857 4797">
     <span class='ocr_line' id='line_1_90' title="bbox 2164 4721 3857 4797; baseline 0.008 -22"><span class='ocrx_word' id='word_1_613' title='bbox 2164 4724 2302 4778; x_wconf 71' lang='lat' dir='ltr'>atras</span> <span class='ocrx_word' id='word_1_614' title='bbox 2331 4721 2582 4777; x_wconf 90' lang='lat' dir='ltr'>civitatis</span> <span class='ocrx_word' id='word_1_615' title='bbox 2610 4723 2898 4797; x_wconf 89' lang='lat' dir='ltr'>episcopi,</span> <span class='ocrx_word' id='word_1_616' title='bbox 2915 4724 2990 4780; x_wconf 90' lang='lat' dir='ltr'>de</span> <span class='ocrx_word' id='word_1_617' title='bbox 3018 4725 3141 4781; x_wconf 86' lang='lat' dir='ltr'>istis</span> <span class='ocrx_word' id='word_1_618' title='bbox 3164 4727 3560 4784; x_wconf 88' lang='lat' dir='ltr'>sanctissimis</span> <span class='ocrx_word' id='word_1_619' title='bbox 3590 4729 3742 4786; x_wconf 84' lang='lat' dir='ltr'>viris</span> <span class='ocrx_word' id='word_1_620' title='bbox 3765 4747 3857 4788; x_wconf 86' lang='lat' dir='ltr'>re—</span> 
     </span>
    </p>
   </div>
   <div class='ocr_carea' id='block_1_91' title="bbox 383 4793 3858 4893">
    <p class='ocr_par' dir='ltr' id='par_1_91' title="bbox 383 4793 3858 4893">
     <span class='ocr_line' id='line_1_91' title="bbox 383 4793 3858 4893; baseline 0.008 -43"><span class='ocrx_word' id='word_1_621' title='bbox 383 4793 478 4851; x_wconf 90' lang='lat' dir='ltr'>hic</span> <span class='ocrx_word' id='word_1_622' title='bbox 511 4797 870 4854; x_wconf 87' lang='lat' dir='ltr'>studuimus.</span> <span class='ocrx_word' id='word_1_623' title='bbox 901 4802 1050 4856; x_wconf 81' lang='lat' dir='ltr'>Nam</span> <span class='ocrx_word' id='word_1_624' title='bbox 1089 4799 1343 4870; x_wconf 91' lang='lat' dir='ltr'>legimus</span> <span class='ocrx_word' id='word_1_625' title='bbox 1389 4803 1534 4873; x_wconf 89' lang='lat'>(379)</span> <span class='ocrx_word' id='word_1_626' title='bbox 1585 4803 1749 4876; x_wconf 91' lang='lat' dir='ltr'>quod</span> <span class='ocrx_word' id='word_1_627' title='bbox 1800 4811 2043 4864; x_wconf 88' lang='lat' dir='ltr'>sanctus</span> <span class='ocrx_word' id='word_1_628' title='bbox 2152 4809 2358 4884; x_wconf 84' lang='lat' dir='ltr'>liquiae</span> <span class='ocrx_word' id='word_1_629' title='bbox 2390 4816 2529 4869; x_wconf 89' lang='lat' dir='ltr'>sunt</span> <span class='ocrx_word' id='word_1_630' title='bbox 2567 4793 2842 4888; x_wconf 54' lang='lat' dir='ltr'>sumptae,</span> <span class='ocrx_word' id='word_1_631' title='bbox 2877 4818 2936 4871; x_wconf 90' lang='lat' dir='ltr'>et</span> <span class='ocrx_word' id='word_1_632' title='bbox 2977 4815 3056 4872; x_wconf 91' lang='lat' dir='ltr'>ad</span> <span class='ocrx_word' id='word_1_633' title='bbox 3103 4815 3492 4892; x_wconf 88' lang='lat' dir='ltr'>Theolegium</span> <span class='ocrx_word' id='word_1_634' title='bbox 3526 4818 3682 4893; x_wconf 79' lang='lat'><strong>(382)</strong></span> <span class='ocrx_word' id='word_1_635' title='bbox 3723 4838 3858 4880; x_wconf 88' lang='lat' dir='ltr'>mo-</span> 
     </span>
    </p>
   </div>
   <div class='ocr_carea' id='block_1_92' title="bbox 1762 4905 2438 4966">
    <p class='ocr_par' dir='ltr' id='par_1_92' title="bbox 1762 4905 2438 4966">
     <span class='ocr_line' id='line_1_92' title="bbox 1762 4905 2438 4966; baseline 0.013 -9"><span class='ocrx_word' id='word_1_636' title='bbox 1762 4905 1994 4961; x_wconf 65' lang='grc' dir='ltr'>νΑΗΙιΕ</span> <span class='ocrx_word' id='word_1_637' title='bbox 2035 4906 2328 4966; x_wconf 84' lang='lat' dir='ltr'>LECTION</span> <span class='ocrx_word' id='word_1_638' title='bbox 2337 4911 2438 4966; x_wconf 85' lang='lat' dir='ltr'>ES.</span> 
     </span>
    </p>
   </div>
   <div class='ocr_carea' id='block_1_93' title="bbox 409 4980 3854 5073">
    <p class='ocr_par' dir='ltr' id='par_1_93' title="bbox 409 4980 3854 5073">
     <span class='ocr_line' id='line_1_93' title="bbox 409 4980 3854 5073; baseline 0.01 -44"><span class='ocrx_word' id='word_1_639' title='bbox 409 4981 552 5073; x_wconf 39' lang='lat'>&quot;1‘7?</span> <span class='ocrx_word' id='word_1_640' title='bbox 562 4980 854 5073; x_wconf 63' lang='lat' dir='ltr'>bertharii</span> <span class='ocrx_word' id='word_1_641' title='bbox 883 4986 1106 5073; x_wconf 26' lang='grc' dir='ltr'>1.-Λί-τέι</span> <span class='ocrx_word' id='word_1_642' title='bbox 1131 4985 1366 5073; x_wconf 79' lang='lat' dir='ltr'>domno</span> <span class='ocrx_word' id='word_1_643' title='bbox 1384 4992 1443 5073; x_wconf 35' lang='grc'>,1.</span> <span class='ocrx_word' id='word_1_644' title='bbox 1523 4987 1622 5024; x_wconf 73' lang='grc'>³⁷⁸³</span> <span class='ocrx_word' id='word_1_645' title='bbox 1661 4990 1761 5073; x_wconf 37' lang='grc' dir='ltr'>Δζίῼιξ</span> <span class='ocrx_word' id='word_1_646' title='bbox 1813 5006 2044 5073; x_wconf 77' lang='lat' dir='ltr'>semper</span> <span class='ocrx_word' id='word_1_647' title='bbox 2086 4997 2352 5073; x_wconf 65' lang='lat' dir='ltr'>scripsi;</span> <span class='ocrx_word' id='word_1_648' title='bbox 2403 4997 2652 5054; x_wconf 89' lang='lat' dir='ltr'>ecclesia</span> <span class='ocrx_word' id='word_1_649' title='bbox 2703 5003 2750 5054; x_wconf 95' lang='grc'>1.</span> <span class='ocrx_word' id='word_1_650' title='bbox 2810 5001 3184 5073; x_wconf 76' lang='lat' dir='ltr'>plerumque.</span> <span class='ocrx_word' id='word_1_651' title='bbox 3267 5004 3368 5039; x_wconf 81' lang='grc'>¹⁷³⁸</span> <span class='ocrx_word' id='word_1_652' title='bbox 3414 5003 3742 5063; x_wconf 84' lang='lat' dir='ltr'>bercarius</span> <span class='ocrx_word' id='word_1_653' title='bbox 3804 5015 3854 5064; x_wconf 88' lang='grc'>1.</span> 
     </span>
    </p>
   </div>
   <div class='ocr_carea' id='block_1_94' title="bbox 385 5050 3849 5139">
    <p class='ocr_par' dir='ltr' id='par_1_94' title="bbox 385 5050 3849 5139">
     <span class='ocr_line' id='line_1_94' title="bbox 385 5050 3849 5139; baseline 0.01 -37"><span class='ocrx_word' id='word_1_654' title='bbox 385 5050 479 5084; x_wconf 66' lang='grc' dir='ltr'>ιτει</span> <span class='ocrx_word' id='word_1_655' title='bbox 512 5057 852 5109; x_wconf 88' lang='lat' dir='ltr'>nostrarum</span> <span class='ocrx_word' id='word_1_656' title='bbox 879 5060 1083 5124; x_wconf 80' lang='lat' dir='ltr'>postea</span> <span class='ocrx_word' id='word_1_657' title='bbox 1113 5072 1234 5112; x_wconf 81' lang='lat' dir='ltr'>cor.</span> <span class='ocrx_word' id='word_1_658' title='bbox 1265 5063 1605 5115; x_wconf 87' lang='lat' dir='ltr'>nostrorum</span> <span class='ocrx_word' id='word_1_659' title='bbox 1659 5062 1762 5100; x_wconf 71' lang='grc'>⁸⁷⁸⁵</span> <span class='ocrx_word' id='word_1_660' title='bbox 1793 5050 2140 5122; x_wconf 70' lang='lat' dir='ltr'>constructa</span> <span class='ocrx_word' id='word_1_661' title='bbox 2163 5050 3188 5139; x_wconf 46' lang='lat' dir='ltr'>siquia;b‘dhéiniétarﬁiféiizii</span> <span class='ocrx_word' id='word_1_662' title='bbox 3234 5075 3337 5110; x_wconf 81' lang='grc'>¹⁷⁸⁸</span> <span class='ocrx_word' id='word_1_663' title='bbox 3377 5050 3771 5136; x_wconf 45' lang='lat' dir='ltr'>inﬁma};</span> 
     </span>
    </p>
   </div>
   <div class='ocr_carea' id='block_1_95' title="bbox 1985 5166 2217 5223">
    <p class='ocr_par' dir='ltr' id='par_1_95' title="bbox 1985 5166 2217 5223">
     <span class='ocr_line' id='line_1_95' title="bbox 1985 5166 2217 5223; baseline 0.013 -3"><span class='ocrx_word' id='word_1_664' title='bbox 1985 5167 2027 5220; x_wconf 85' lang='lat' dir='ltr'><strong>N</strong></span> <span class='ocrx_word' id='word_1_665' title='bbox 2041 5166 2217 5223; x_wconf 69' lang='lat' dir='ltr'>OTE.</span> 
     </span>
    </p>
   </div>
   <div class='ocr_carea' id='block_1_96' title="bbox 411 5236 2038 5320">
    <p class='ocr_par' dir='ltr' id='par_1_96' title="bbox 411 5236 2038 5320">
     <span class='ocr_line' id='line_1_96' title="bbox 411 5236 2038 5320; baseline 0.011 -30"><span class='ocrx_word' id='word_1_666' title='bbox 411 5306 421 5316; x_wconf 85' lang='lat'><strong>_</strong></span> <span class='ocrx_word' id='word_1_667' title='bbox 451 5236 607 5320; x_wconf 39' lang='lat'>(379‘).</span> <span class='ocrx_word' id='word_1_668' title='bbox 637 5237 718 5295; x_wconf 86' lang='lat' dir='ltr'>Cf.</span> <span class='ocrx_word' id='word_1_669' title='bbox 746 5239 1044 5320; x_wconf 65' lang='lat' dir='ltr'>[linemari</span> <span class='ocrx_word' id='word_1_670' title='bbox 1072 5239 1243 5314; x_wconf 89' lang='lat' dir='ltr'>epist.</span> <span class='ocrx_word' id='word_1_671' title='bbox 1277 5241 1350 5320; x_wconf 73' lang='lat' dir='ltr'>de</span> <span class='ocrx_word' id='word_1_672' title='bbox 1378 5246 1432 5302; x_wconf 92' lang='lat' dir='ltr'>S.</span> <span class='ocrx_word' id='word_1_673' title='bbox 1467 5243 1752 5320; x_wconf 79' lang='lat' dir='ltr'>Dionysio</span> <span class='ocrx_word' id='word_1_674' title='bbox 1788 5265 1887 5320; x_wconf 90' lang='lat' dir='ltr'>ap.</span> <span class='ocrx_word' id='word_1_675' title='bbox 1933 5251 2038 5308; x_wconf 89' lang='lat' dir='ltr'>Su-</span> 
     </span>
    </p>
   </div>
   <div class='ocr_carea' id='block_1_97' title="bbox 377 5310 2038 5382">
    <p class='ocr_par' dir='ltr' id='par_1_97' title="bbox 377 5310 2038 5382">
     <span class='ocr_line' id='line_1_97' title="bbox 377 5310 2038 5382; baseline 0.011 -20"><span class='ocrx_word' id='word_1_676' title='bbox 377 5310 532 5382; x_wconf 82' lang='lat' dir='ltr'>rium</span> <span class='ocrx_word' id='word_1_677' title='bbox 563 5310 627 5377; x_wconf 89' lang='lat' dir='ltr'>V,</span> <span class='ocrx_word' id='word_1_678' title='bbox 657 5325 714 5382; x_wconf 91' lang='lat' dir='ltr'>p.</span> <span class='ocrx_word' id='word_1_679' title='bbox 745 5313 869 5382; x_wconf 64' lang='lat'>660,</span> <span class='ocrx_word' id='word_1_680' title='bbox 894 5311 1006 5382; x_wconf 89' lang='lat' dir='ltr'>ubi</span> <span class='ocrx_word' id='word_1_681' title='bbox 1031 5310 1234 5372; x_wconf 82' lang='lat' dir='ltr'>tamen</span> <span class='ocrx_word' id='word_1_682' title='bbox 1286 5310 1637 5373; x_wconf 78' lang='lat' dir='ltr'>Sanotinuni</span> <span class='ocrx_word' id='word_1_683' title='bbox 1685 5310 2038 5379; x_wconf 81' lang='lat' dir='ltr'>Viridunum</span> 
     </span>
    </p>
   </div>
   <div class='ocr_carea' id='block_1_98' title="bbox 377 5377 2038 5464">
    <p class='ocr_par' dir='ltr' id='par_1_98' title="bbox 377 5377 2038 5464">
     <span class='ocr_line' id='line_1_98' title="bbox 377 5377 2038 5464; baseline 0.011 -33"><span class='ocrx_word' id='word_1_684' title='bbox 377 5377 761 5464; x_wconf 39' lang='lat' dir='ltr'>ve’nisse‘rion</span> <span class='ocrx_word' id='word_1_685' title='bbox 790 5379 1020 5451; x_wconf 89' lang='lat' dir='ltr'>legitur.</span> <span class='ocrx_word' id='word_1_686' title='bbox 1043 5382 1240 5464; x_wconf 37' lang='lat' dir='ltr'>‘Aliam</span> <span class='ocrx_word' id='word_1_687' title='bbox 1267 5382 1607 5464; x_wconf 85' lang='lat' dir='ltr'>legendam,</span> <span class='ocrx_word' id='word_1_688' title='bbox 1641 5389 1700 5445; x_wconf 91' lang='lat' dir='ltr'>in</span> <span class='ocrx_word' id='word_1_689' title='bbox 1750 5377 2038 5464; x_wconf 9' lang='lat' dir='ltr'>quairbrec</span> 
     </span>
    </p>
   </div>
   <div class='ocr_carea' id='block_1_99' title="bbox 374 5447 1595 5530">
    <p class='ocr_par' dir='ltr' id='par_1_99' title="bbox 374 5447 1595 5530">
     <span class='ocr_line' id='line_1_99' title="bbox 374 5447 1595 5530; baseline 0.011 -27"><span class='ocrx_word' id='word_1_690' title='bbox 374 5447 728 5530; x_wconf 64' lang='lat' dir='ltr'>referuntur,</span> <span class='ocrx_word' id='word_1_691' title='bbox 762 5447 1060 5530; x_wconf 64' lang='lat' dir='ltr'>memorat</span> <span class='ocrx_word' id='word_1_692' title='bbox 1081 5455 1302 5530; x_wconf 72' lang='lat' dir='ltr'>Calmet</span> <span class='ocrx_word' id='word_1_693' title='bbox 1326 5447 1366 5525; x_wconf 83' lang='grc' dir='ltr'>ῑ,</span> <span class='ocrx_word' id='word_1_694' title='bbox 1400 5474 1459 5530; x_wconf 92' lang='lat' dir='ltr'>p.</span> <span class='ocrx_word' id='word_1_695' title='bbox 1481 5477 1595 5516; x_wconf 80' lang='lat' dir='ltr'>xu.</span> 
     </span>
    </p>
   </div>
   <div class='ocr_carea' id='block_1_100' title="bbox 448 5522 2038 5607">
    <p class='ocr_par' dir='ltr' id='par_1_100' title="bbox 448 5522 2038 5607">
     <span class='ocr_line' id='line_1_100' title="bbox 448 5522 2038 5607; baseline 0.011 -33"><span class='ocrx_word' id='word_1_696' title='bbox 448 5522 602 5607; x_wconf 56' lang='grc'>(383)¹</span> <span class='ocrx_word' id='word_1_697' title='bbox 637 5525 768 5607; x_wconf 53' lang='lat' dir='ltr'>llaec</span> <span class='ocrx_word' id='word_1_698' title='bbox 791 5523 916 5607; x_wconf 55' lang='lat' dir='ltr'>Xita</span> <span class='ocrx_word' id='word_1_699' title='bbox 940 5525 1266 5607; x_wconf 68' lang='lat' dir='ltr'>deperdita</span> <span class='ocrx_word' id='word_1_700' title='bbox 1280 5522 1419 5607; x_wconf 59' lang='lat' dir='ltr'>esse</span> <span class='ocrx_word' id='word_1_701' title='bbox 1435 5531 1684 5607; x_wconf 77' lang='lat' dir='ltr'>videtur.</span> <span class='ocrx_word' id='word_1_702' title='bbox 1741 5535 1880 5590; x_wconf 89' lang='lat' dir='ltr'>Vide</span> <span class='ocrx_word' id='word_1_703' title='bbox 1901 5550 2038 5607; x_wconf 65' lang='lat' dir='ltr'>quae</span> 
     </span>
    </p>
   </div>
   <div class='ocr_carea' id='block_1_101' title="bbox 374 5592 2037 5682">
    <p class='ocr_par' dir='ltr' id='par_1_101' title="bbox 374 5592 2037 5682">
     <span class='ocr_line' id='line_1_101' title="bbox 374 5592 2037 5682; baseline 0.01 -35"><span class='ocrx_word' id='word_1_704' title='bbox 374 5592 611 5652; x_wconf 88' lang='lat' dir='ltr'>monuit</span> <span class='ocrx_word' id='word_1_705' title='bbox 638 5595 685 5651; x_wconf 80' lang='lat' dir='ltr'>J.</span> <span class='ocrx_word' id='word_1_706' title='bbox 717 5592 1207 5662; x_wconf 65' lang='lat' dir='ltr'>Bollandus&#39;Acta</span> <span class='ocrx_word' id='word_1_707' title='bbox 1235 5602 1332 5662; x_wconf 90' lang='lat' dir='ltr'>SS.</span> <span class='ocrx_word' id='word_1_708' title='bbox 1361 5602 1492 5672; x_wconf 78' lang='lat' dir='ltr'>Mai,</span> <span class='ocrx_word' id='word_1_709' title='bbox 1519 5604 1612 5675; x_wconf 87' lang='lat' dir='ltr'>Ill,</span> <span class='ocrx_word' id='word_1_710' title='bbox 1641 5621 1702 5682; x_wconf 91' lang='lat' dir='ltr'>p.</span> <span class='ocrx_word' id='word_1_711' title='bbox 1737 5609 1864 5676; x_wconf 82' lang='grc'>210,</span> <span class='ocrx_word' id='word_1_712' title='bbox 1887 5592 1946 5665; x_wconf 72' lang='grc' dir='ltr'>οἱ</span> <span class='ocrx_word' id='word_1_713' title='bbox 1963 5606 2037 5664; x_wconf 89' lang='lat' dir='ltr'>de</span> 
     </span>
    </p>
   </div>
   <div class='ocr_carea' id='block_1_102' title="bbox 2151 5253 3855 5346">
    <p class='ocr_par' dir='ltr' id='par_1_102' title="bbox 2151 5253 3855 5346">
     <span class='ocr_line' id='line_1_102' title="bbox 2151 5253 3855 5346; baseline 0.001 0"><span class='ocrx_word' id='word_1_714' title='bbox 2151 5253 2386 5346; x_wconf 60' lang='grc' dir='ltr'>ξιῖίξὲείε)</span> <span class='ocrx_word' id='word_1_715' title='bbox 2413 5256 2793 5346; x_wconf 54' lang='lat' dir='ltr'>Assrieiasnsi</span> <span class='ocrx_word' id='word_1_716' title='bbox 2818 5260 2997 5346; x_wconf 58' lang='grc' dir='ltr'>(ἔρυον</span> <span class='ocrx_word' id='word_1_717' title='bbox 3022 5257 3122 5346; x_wconf 66' lang='lat' dir='ltr'>sei.-</span> <span class='ocrx_word' id='word_1_718' title='bbox 3158 5260 3342 5346; x_wconf 60' lang='lat' dir='ltr'>sté-</span> <span class='ocrx_word' id='word_1_719' title='bbox 3378 5261 3448 5331; x_wconf 54' lang='grc' dir='ltr'>ιι,</span> <span class='ocrx_word' id='word_1_720' title='bbox 3480 5278 3542 5346; x_wconf 64' lang='lat'>9.:</span> <span class='ocrx_word' id='word_1_721' title='bbox 3567 5266 3855 5346; x_wconf 52' lang='lat' dir='ltr'>“subi</span> 
     </span>
    </p>
   </div>
   <div class='ocr_carea' id='block_1_103' title="bbox 2151 5327 3848 5400">
    <p class='ocr_par' dir='ltr' id='par_1_103' title="bbox 2151 5327 3848 5400">
     <span class='ocr_line' id='line_1_103' title="bbox 2151 5327 3848 5400; baseline 0.01 -21"><span class='ocrx_word' id='word_1_722' title='bbox 2151 5327 2331 5382; x_wconf 86' lang='lat' dir='ltr'>etiam</span> <span class='ocrx_word' id='word_1_723' title='bbox 2352 5342 2413 5398; x_wconf 91' lang='lat' dir='ltr'>p.</span> <span class='ocrx_word' id='word_1_724' title='bbox 2448 5327 2982 5400; x_wconf 46' lang='lat' dir='ltr'>(in—fragmentum</span> <span class='ocrx_word' id='word_1_725' title='bbox 3022 5331 3160 5387; x_wconf 70' lang='lat' dir='ltr'>Vitae</span> <span class='ocrx_word' id='word_1_726' title='bbox 3209 5333 3263 5388; x_wconf 88' lang='lat' dir='ltr'>S.</span> <span class='ocrx_word' id='word_1_727' title='bbox 3298 5327 3546 5392; x_wconf 71' lang='lat' dir='ltr'>Servatii</span> <span class='ocrx_word' id='word_1_728' title='bbox 3594 5327 3848 5396; x_wconf 83' lang='lat' dir='ltr'>editum</span> 
     </span>
    </p>
   </div>
   <div class='ocr_carea' id='block_1_104' title="bbox 2153 5401 3285 5544">
    <p class='ocr_par' dir='ltr' id='par_1_104' title="bbox 2153 5401 3285 5544">
     <span class='ocr_line' id='line_1_104' title="bbox 2153 5401 3285 5544; baseline 0.004 -20"><span class='ocrx_word' id='word_1_729' title='bbox 2153 5401 2368 5544; x_wconf 44' lang='grc' dir='ltr'>82ςὶ381)</span> <span class='ocrx_word' id='word_1_730' title='bbox 2409 5467 2492 5544; x_wconf 46' lang='lat' dir='ltr'>(Lf.</span> <span class='ocrx_word' id='word_1_731' title='bbox 2526 5469 2751 5544; x_wconf 79' lang='lat' dir='ltr'>Calmet</span> <span class='ocrx_word' id='word_1_732' title='bbox 2781 5471 2822 5541; x_wconf 83' lang='grc' dir='ltr'>Ι,</span> <span class='ocrx_word' id='word_1_733' title='bbox 2855 5488 2915 5544; x_wconf 92' lang='lat' dir='ltr'>p.</span> <span class='ocrx_word' id='word_1_734' title='bbox 2948 5489 3285 5530; x_wconf 74' lang='lat' dir='ltr'>xxxv-xmv.</span> 
     </span>
    </p>
   </div>
   <div class='ocr_carea' id='block_1_105' title="bbox 2225 5539 3370 5618">
    <p class='ocr_par' dir='ltr' id='par_1_105' title="bbox 2225 5539 3370 5618">
     <span class='ocr_line' id='line_1_105' title="bbox 2225 5539 3370 5618; baseline 0.007 -24"><span class='ocrx_word' id='word_1_735' title='bbox 2225 5539 2376 5610; x_wconf 84' lang='lat'>(382)</span> <span class='ocrx_word' id='word_1_736' title='bbox 2423 5540 2643 5612; x_wconf 81' lang='lat' dir='ltr'>Tholey</span> <span class='ocrx_word' id='word_1_737' title='bbox 2672 5539 3088 5618; x_wconf 47' lang='lat' dir='ltr'>prope—Saint-</span> <span class='ocrx_word' id='word_1_738' title='bbox 3107 5545 3370 5602; x_wconf 79' lang='lat' dir='ltr'>Wendel.</span> 
     </span>
    </p>
   </div>
  </div>
