4034 6182
444 138 561 203 '5“

451 356 868 415 suﬂlcientiam
915 351 1251 415 habuisset,
1284 349 1421 423 plus
1470 348 1834 405 inveniretur
1876 345 1998 403 vini
2045 345 2105 401 in

449 449 584 521 ipso
614 443 859 503 vasculo
902 443 965 497 in
1008 439 1126 497 ﬁne
1154 456 1339 513 quam
1388 439 1592 495 initio:
1626 454 1749 499 rex.
1781 442 1943 493 tanto
1973 452 2105 509 per-

451 536 685 593 territus
713 530 1026 600 miraculo,
1056 528 1284 586 audivit
1328 528 1494 602 quod
1544 528 1654 583 ista
1694 526 1953 582 Ecclesia
1985 542 2107 581 non

450 622 763 699 habuisset
780 621 984 677 locum
1013 618 1174 675 unde
1200 618 1500 687 colligeret
1522 616 1749 672 vinum.
1776 616 2001 671 Idcirco
2026 632 2111 671 er-

452 729 531 785 go
573 712 739 768 dedit
782 710 879 766 isti
925 708 1197 765 Ecclesia:
1241 708 1396 763 duos
1436 706 1733 763 amandos
1760 705 1900 775 (389)
1934 720 2112 778 super

452 801 757 861 Mosellam
793 805 850 856 et
891 799 1193 857 Modinum
1224 799 1392 870 (390),
1420 802 1478 853 et
1500 795 1798 869 quidquid
1830 796 1922 830 ¹⁷⁹¹
1957 795 2110 851 intra

344 954 353 957 4
452 890 737 947 Luceium
768 890 918 959 (391)
944 893 1000 943 et
1044 888 1244 943 Baiam
1276 890 1384 958 est,
1415 890 1471 941 et
1497 900 1677 941 omne
1707 884 1873 956 quod
1903 884 2114 940 subtus

453 979 719 1036 Treveris
765 978 1080 1035 habemus.
1118 976 1360 1032 Addidit
1387 975 1567 1031 etiam
1600 973 1911 1032 Marseium
1943 973 2111 1046 (392),

456 1073 515 1127 et
544 1067 1013 1142 Sampiniacum,
1037 1071 1093 1122 et
1123 1065 1504 1122 Commenias
1533 1069 1590 1120 et
1617 1067 1860 1121 Mercast
1888 1063 2110 1130 villam,

457 1162 515 1214 et
561 1157 776 1212 Hairici
827 1155 1031 1211 villam
1083 1159 1141 1211 et
1195 1155 1510 1223 contiguas
1552 1152 1725 1210 villas
1768 1152 1859 1208 isti
1900 1151 2115 1208 civitati

458 1245 816 1303 Carniacum
863 1245 1007 1317 (393)
1056 1249 1113 1300 et
1160 1242 1615 1311 Novamvillam,
1648 1242 1958 1315 multaque
2001 1241 2119 1297 alia

454 1334 590 1391 loca
636 1350 773 1408 quae
813 1338 952 1389 sunt
980 1332 1145 1388 oneri
1185 1332 1280 1387 hic
1310 1348 1683 1396 enumerare,
1711 1348 1847 1404 quae
1886 1347 1996 1403 pro
2026 1346 2116 1386 re-

455 1424 721 1480 verentia
743 1423 889 1480 tanti
913 1422 1024 1478 viri
1052 1437 1156 1477 rex
1185 1425 1242 1476 et
1271 1421 1363 1475 sui
1394 1420 1599 1475 ﬁdeles
1630 1419 1722 1475 isti
1747 1419 2013 1475 Ecclesiae
2040 1419 2117 1475 ad

457 1512 811 1570 habendum
861 1510 1250 1567 tradiderunt.
1303 1510 1485 1580 Cujus
1532 1509 1933 1565 venerationis
1977 1514 2117 1563 tunc

459 1602 747 1673 temporis
781 1601 862 1657 vir
885 1600 991 1655 iste
1011 1598 1185 1655 fuerit
1208 1598 1469 1654 ostendit
1494 1601 1738 1653 sanctus
1765 1600 2117 1654 Fortunatus
2150 1607 2188 1660 Β

461 1690 522 1745 in
550 1689 843 1758 versibus,
866 1703 1021 1761 quos
1047 1691 1320 1744 ex......te
1339 1688 1433 1722 “9’
1460 1686 1520 1742 in
1551 1686 1728 1743 laude
1748 1686 1936 1759 ipsius
1959 1703 2119 1743 com-

460 1777 682 1850 posuit,
714 1792 867 1850 quos
896 1776 992 1831 hic
1023 1774 1354 1830 subinferre
1382 1774 1771 1830 commodum
1814 1775 2115 1832 duximus.

464 1870 613 1924 Nam
642 1867 811 1937 (394),
843 1881 982 1921 cum
1009 1864 1171 1920 idem
1213 1867 1566 1920 Fortunatus
1596 1869 1754 1920 esset
1777 1864 1837 1919 in
1869 1864 2033 1921 Italia
2065 1870 2122 1921 et

462 1955 717 2012 nimium
748 1954 1018 2010 dolorem
1046 1954 1357 2009 oculorum
1390 1970 1637 2009 suorum
1667 1959 1986 2026 pateretur,
2018 1970 2119 2010 ve-

462 2044 551 2101 nit
581 2044 659 2100 ad
707 2044 1020 2116 quoddam
1065 2042 1493 2097 monasterium
1545 2042 1605 2098 in
1654 2044 1881 2098 honore
1932 2044 2121 2099 sancti

461 2133 687 2192 Martini
720 2136 1147 2200 constructum,
1180 2132 1462 2187 etvisum
1505 2137 1591 2187 est
1644 2130 1723 2186 illi
1772 2136 1836 2187 ut
1875 2131 1949 2186 de
1989 2130 2121 2186 oleo

462 2223 629 2297 quod
659 2227 786 2278 erat
826 2222 886 2277 in
933 2221 1217 2296 lampade
1264 2238 1468 2277 coram
1517 2221 1699 2277 altare
1738 2221 1852 2276 sub
1879 2221 2122 2276 nomine
2228 2231 2235 2237 '

465 2312 655 2369 sancti
684 2311 909 2368 Martini
937 2311 1144 2367 oculos
1179 2310 1390 2368 liniret.
1423 2311 1592 2377 Quod
1644 2316 1705 2366 ut
1746 2310 1900 2379 fecit,
1939 2311 2121 2382 proti-

463 2417 580 2457 nus
609 2401 920 2457 sanitatem
968 2401 1190 2457 meritis
1220 2401 1408 2456 sancti
1446 2400 1671 2457 Martini
1704 2400 1981 2473 suscepit.
2016 2401 2125 2466 Qui

462 2494 678 2564 postea
707 2488 971 2559 ﬂagrans
1018 2489 1316 2545 desiderio
1352 2494 1412 2544 ut
1459 2489 1736 2544 inviseret
1782 2489 2123 2561 sepulcrum

465 2579 655 2636 sancti
685 2578 911 2634 Martini
935 2578 1011 2634 de
1055 2578 1220 2633 Italia
1249 2577 1410 2634 venit
1435 2577 1493 2632 in
1521 2576 1769 2633 Galliam
1797 2583 1851 2633 et
1886 2577 1988 2634 fuit
2018 2579 2125 2634 iter

464 2662 621 2719 illius
651 2678 760 2735 per
781 2662 1139 2718 Virdunum.
1174 2664 1241 2718 Et
1272 2667 1586 2734 susceptus
1613 2678 1648 2717 a
1679 2667 1885 2718 sancto
1920 2663 2122 2732 Ageri-

467 2763 538 2804 co
562 2747 822 2815 benigne
850 2751 908 2803 et
937 2763 1076 2803 cum
1107 2746 1413 2816 charitate,
1445 2746 1609 2820 quod
1656 2746 1717 2801 in
1762 2763 1834 2803 eo
1860 2747 2006 2803 vidit
2033 2764 2123 2803 sa-

467 2835 581 2891 cris
611 2836 905 2906 expressit
932 2835 1160 2891 litteris.

925 2925 1137 2980 Versus
1164 2926 1488 2980 Fortunati
1511 2926 1680 2994 (395).

472 3035 480 3039 .
541 2994 689 3047 Urbs
722 2994 1001 3060 Virduna,
1030 2995 1186 3049 brevi
1220 2998 1483 3065 quamvis
1512 2995 1803 3065 claudaris
1834 2997 1892 3048 in
1927 2998 2085 3063 orbe,

612 3066 908 3119 Pontificis
933 3067 1157 3121 meritis
1189 3064 1539 3138 ampliﬁcata
1571 3064 1778 3138 places.

539 3136 725 3206 Major
754 3138 810 3189 in
850 3142 881 3187 .‘\
897 3146 1106 3205 ngusto
1139 3140 1234 3178 “93
1265 3136 1579 3209 praefulget
1604 3136 1793 3204 gloria
1823 3139 1975 3206 giro,

610 3209 872 3275 Agerice,
907 3214 1041 3262 tuus
1073 3226 1147 3279 qu
1167 3227 1241 3263 sm
1267 3208 1452 3277 magis
1484 3208 1646 3262 auxit
1676 3210 1878 3263 honor.

539 3278 795 3333 Plurima
819 3278 1159 3347 magnarum
1184 3282 1385 3334 fudisti
1412 3281 1632 3333 semina
1662 3279 1917 3342 laudum,

611 3350 752 3414 Quae
782 3357 1008 3404 matura
1039 3351 1540 3421 Opereferiilitate
1566 3358 1764 3405 metes.

538 3419 819 3492 Tempore
850 3419 1125 3492 praesen—ti
1154 3424 1363 3477 victum
1394 3422 1633 3489 largiris
1662 3422 1883 3489 egenis,

536 3548 564 3564 μ
609 3491 769 3545 Unde
794 3491 988 3547 futura
1022 3493 1143 3545 dies
1172 3493 1586 3563 cestuplicabit
1617 3510 1775 3564 Opes.

536 3563 804 3631 Dogmati
832 3564 1027 3635 arcani
1062 3578 1287 3618 reseras
1328 3563 1670 3634 penetralia,
1701 3574 1945 3635 pastor;

608 3635 732 3706 Non
762 3633 947 3688 solum
978 3635 1224 3705 dapibus
1251 3633 1440 3706 pascis
1467 3640 1524 3688 et
1556 3652 1655 3689 ore
1679 3633 1908 3704 greges,

536 3702 775 3790 Templa
797 3711 1026 3790 vetusta
1056 3702 1579 3790 novas—pretiosius
1615 3702 1854 3790 ‘et’nov‘a
1884 3709 2084 3763 condis
2110 3725 2124 3770 ;

609 3777 837 3831 Cultior
864 3786 951 3831 est
977 3777 1206 3832 Domini
1238 3777 1334 3817 ¹τ⁹¹⁸
1368 3787 1422 3834 te
1456 3779 1770 3832 famulante
1798 3780 2035 3843 domus;

536 3847 1037 3921 Egregiosplontes
1061 3851 1219 3921 sacri
1250 3850 1614 3921 baptismatis
1642 3849 1837 3919 exples
1861 3867 1875 3913 ;

609 3917 748 3970 Tam
780 3918 874 3989 "9F
908 3919 1003 3988 pia
1044 3919 1237 3975 divino
1260 3917 1418 3976 fonte
1450 3917 1882 3989 repletus'agis.

535 3987 791 4042 Candida
811 3987 1037 4044 sincero
1067 3991 1256 4045 radiat
1281 3991 1408 4047 haec
1432 3987 1567 4044 aula
1595 4006 1820 4055 sereno,

609 4059 699 4121 Et,
728 4059 778 4113 si
809 4060 898 4115 sol
930 4062 1139 4129 fugiat,
1174 4062 1270 4115 hic
1298 4068 1490 4116 manet
1519 4066 1647 4115 orta
1671 4060 1793 4114 dies

536 4130 796 4204 Adﬂnova
817 4132 1032 4204 templa
1053 4133 1237 4204 avidae
1255 4140 1607 4188 concurrunt
1629 4131 1871 4204 undique
1903 4134 2122 4204 plebes.

611 4203 681 4255 Et
710 4203 920 4275 tribuis
954 4203 1185 4275 populis
1215 4205 1349 4274 plus
1376 4204 1434 4256 in
1466 4219 1658 4256 amore
1687 4203 1882 4256 Deum.

538 4271 619 4326 Te
650 4272 903 4328 solamen
936 4271 1104 4346 inops
1131 4271 1357 4337 meruit,
1392 4281 1448 4329 te
1477 4275 1667 4327 nudus
1691 4276 1980 4338 amictum,

1506 134 1830 191 BEBTARII
1874 127 2335 186 VIRDUNENSIS
2376 128 2827 186 SACERDOTIS.
3770 122 3866 181 812

447 272 633 326 tasset
659 272 725 323 ut
750 281 856 321 rex
884 278 1023 320 cum
1078 261 1203 316 suis
1255 259 1539 316 omnibus
1567 259 1642 315 de
1680 257 1812 332 ipso
1858 269 2104 313 omnem
2134 256 2181 308 A

2359 253 2429 307 Et
2454 252 2612 307 solus
2641 252 2864 306 cunctis
2890 257 3059 322 potus
3089 256 3143 302 et
3164 266 3295 322 esca
3315 265 3531 303 manes.

2293 323 2447 378 Felix
2476 327 2573 395 qui
2605 325 2845 385 meritis,
2879 321 3113 395 (sternis
3143 321 3293 376 lucis
3320 328 3540 395 amator

2361 389 2641 468 Tem'pore
2672 400 2786 450 tam
2811 394 3036 450 modico
3068 410 3179 448 non
3206 393 3489 448 moritura
3520 408 3696 462 paras
3721 389 3735 443 !

2292 538 2543 593 thbus
2567 544 2632 593 ut
2660 537 2875 591 elatum
2906 536 3207 608 suspendit
3233 534 3292 587 in
3330 535 3808 608 mtheraicurrum
3850 542 3855 545 λ

2363 611 2544 663 Purus
2575 616 2632 664 et
2660 610 2968 678 igniferum
3000 606 3226 678 spargit
3257 606 3470 678 ubique
3486 607 3664 675 jubar

2282 682 2502 753 .Eﬁ‘usis
2535 676 2714 753 radiis
2745 686 2926 735 totum
2948 676 3068 753 sibi
3099 679 3362 753 vendicat
3392 676 3608 753 orbem,

2365 753 2612 817 Montes,
2644 752 2815 822 plana
2847 751 3094 820 replens,
3123 751 3236 804 ima
3261 748 3351 802 vel
3380 748 3500 822 alta
3519 753 3679 802 tenet
3703 769 3719 813 ς

2293 826 2384 878 80
2409 825 2625 895 praesul
2645 819 2967 895 splendore
2990 823 3166 876 animi
3187 837 3322 895 cum
3356 819 3481 895 sole
3512 836 3812 877 coruscas.

2365 843 2384 878 3
2409 843 2625 948 praesul
2660 843 2967 895 εριθιιίιοη
2990 843 3166 876 animi
3195 843 3322 876 cum
3356 843 3472 873 soie

2365 896 2410 950 Il
2439 913 2467 949 e
2499 897 2619 949 suis
2653 894 2832 948 radiis
2865 894 3067 962 fulget.
3098 897 3155 946 et
3181 894 3307 963 ipse
3334 891 3472 963 tuis,

2295 969 2537 1035 Agerice
2569 982 2751 1027 sacer,
2775 969 2940 1036 cujus
2961 961 3233 1018 sermone
3261 961 3485 1036 colente

2366 1037 2633 1093 Ecclesia
2664 1034 2893 1106 segetes
2923 1036 3225 1091 fertilitate
3254 1034 3505 1104 placent,

2296 1109 2565 1164 Terrenis
2596 1105 2818 1163 sterilis
2853 1110 3045 1169 rebus,
3074 1108 3308 1163 fecunde
3338 1105 3629 1175 supernis,

2368 1181 2630 1234 Humana
2654 1197 2950 1251 spernens,
2985 1179 3143 1251 dives
3176 1178 3327 1233 iture
3348 1177 3522 1251 polis,

2298 1251 2593 1306 Illecebris
2627 1245 2823 1305 mundi
2852 1245 3098 1304 mundus
3130 1245 3690 1318 lsi-civfrepellens,

2371 1323 2463 1376 Nil
2491 1325 2582 1377 cui
2614 1324 2908 1394 subripuit
2935 1338 3145 1375 carnus
3168 1336 3399 1394 amarus
3425 1334 3608 1394 amor.

2299 1395 2551 1477 Lubrica.
2566 1389 2901 1477 culpap'e‘rit
2915 1410 3020 1477 neq
3030 1409 3102 1448 ue
3123 1392 3370 1477 mors_de
3395 1391 3638 1477 crimine
3654 1389 3879 1457 gaudet.

2369 1466 2511 1520 Cum
2537 1471 2635 1519 tua
2660 1461 2887 1521 delictis
2918 1461 3105 1519 libera
3133 1465 3383 1518 membra
3410 1461 3596 1515 vides.

2299 1538 2357 1591 In
2382 1536 2615 1608 templis
2646 1537 2956 1591 habitando
2986 1537 3118 1608 piis,
3153 1537 3241 1608 sic
3267 1550 3447 1606 purus
3474 1533 3715 1608 tiaberis

2371 1609 2446 1663 Ut
2470 1603 2570 1662 tua
2599 1608 2795 1671 corda,
2827 1603 3016 1669 Pater,
3046 1606 3163 1660 sint
3192 1603 3288 1677 pia
3318 1603 3533 1677 templa
3560 1604 3661 1657 Dei

2303 1680 2484 1748 Eligit
2512 1681 2571 1733 in
2601 1679 2704 1733 tali
2735 1678 2998 1732 Christus
3030 1694 3091 1730 se
3120 1674 3255 1731 vaie
3286 1674 3561 1748 recondi;

2374 1746 2554 1818 Quam
2587 1751 2697 1804 sibi
2726 1750 2995 1820 purgavit
3022 1749 3281 1818 possidet
3308 1749 3434 1817 ipse
3462 1746 3724 1820 domum.

2301 1816 2426 1876 Non
2459 1823 2628 1877 dolus
2660 1816 2943 1886 in—labiis,
2968 1816 3070 1874 nec
3101 1830 3235 1875 sunt
3258 1816 3383 1873 fera
3412 1816 3613 1871 nubila.
3643 1818 3881 1869 mentis:

2372 1894 2525 1948 Sinci
2542 1895 2623 1946 ris
2651 1893 2860 1947 animis
2892 1899 3091 1946 vernat
3121 1892 3176 1944 in
3211 1908 3310 1945 ore
3337 1890 3458 1942 dies

2305 1964 2667 2034 Doctilognm
2700 1965 2906 2017 ﬁumen
2936 1963 3169 2017 salienti
3196 1964 3349 2016 fonte
3372 1961 3660 2021 refundis,

2373 2038 2444 2090 Et
2474 2054 2676 2090 sensus
2710 2036 2939 2089 steriles
2969 2050 3105 2088 voce
3129 2034 3359 2103 rigante
3387 2034 3565 2086 foves.

2303 2108 2500 2162 Ardua
2523 2107 2796 2162 caelorum
2827 2106 3032 2178 pandis
3064 2106 3338 2178 mysteria
3365 2104 3541 2178 terris
3567 2123 3582 2169 ;

2376 2178 2488 2233 Per
2506 2196 2670 2250 quem
2694 2175 3154 2250 plus'Domiiium
3179 2176 3312 2250 scit»,
3335 2175 3523 2250 timet,
3548 2178 3703 2250 orat,
3723 2182 3889 2226 amat.

2306 2245 2582 2318 Dogmata
2609 2245 2824 2311 divino,
2853 2248 3063 2319 praesul
3095 2247 3361 2312 facunde,
3388 2245 3721 2317 triumphas

2378 2322 2548 2385 Dans,
2586 2326 2805 2393 pastor,
2839 2321 3071 2375 monitis
3098 2336 3168 2393 ne
3198 2326 3423 2393 premat
3450 2334 3618 2371 error
3654 2332 3815 2393 oves.

2307 2393 2543 2447 Delictis
2575 2386 2798 2463 reﬁcis,
2819 2409 2984 2462 quam
3026 2386 3233 2445 coelum
3266 2391 3386 2455 ηπ,
3418 2406 3575 2453 arva,
3609 2386 3774 2463 unda
3804 2386 3892 2438 mi-

3587 2460 3728 2524 [nisf
3743 2468 3834 2512 rat

2377 2536 2448 2589 Et
2474 2537 2648 2588 satiat
2680 2535 2946 2606 populos,
2978 2534 3115 2606 hinc
3143 2533 3329 2593 cibus,
3354 2532 3679 2606 inde_ﬁdes.

2305 2608 2490 2661 Sumit
2512 2601 2729 2677 pauper
2751 2601 2935 2675 opem,
2966 2604 3155 2677 tristis
3186 2620 3368 2674 spem,
3398 2603 3572 2677 nudus
3600 2601 3892 2677 amictum,

2377 2672 2581 2731 Omnia
2608 2672 2892 2749 quidquid
2926 2677 3021 2710 ¹⁷⁹⁷
3061 2672 3251 2749 habes
3265 2674 3539 2749 omnibus
3555 2690 3700 2749 esse
3736 2672 3893 2726 facis.

2308 2750 2409 2804 Hic
2434 2750 2541 2803 tibi
2572 2745 2745 2817 longa
2771 2745 2933 2801 salus
2965 2745 3371 2809 maneat,'licet
3392 2745 3520 2798 inde
3544 2745 3773 2805 futura,

2377 2822 2564 2891 Atque
2597 2816 2714 2883 diu,
2750 2826 2975 2891 pastor,
3004 2835 3109 2889 pro
3140 2833 3321 2887 grege
3352 2822 3485 2871 vota
3514 2816 3691 2869 feras.
3777 2870 3785 2876 ,

2156 2960 2195 3013 (ἶ
2306 2985 2336 3035 7
2372 2980 2489 3033 ίτθθ.
2535 2979 2654 3049 (Im.
2686 2980 2811 3049 588)
2855 2979 2991 3032 Post
3032 2980 3312 3032 sanctum
3336 2974 3656 3046 Agericum
3700 2970 3902 3026 Bucio-

2233 3068 2467 3126 waldus
2488 3066 2781 3140 quiddam
2808 3066 3004 3122 abbas
3029 3065 3444 3138 episcopatum
3475 3062 3758 3130 ambivit,
3785 3060 3901 3125 sed,

2232 3157 2376 3231 quia
2429 3161 2587 3212 esset
2638 3155 2960 3229 superbus,
3011 3153 3156 3210 nihil
3199 3152 3473 3209 obtinuit.
3508 3152 3901 3208 Caramerum

2234 3248 2329 3289 i799
2360 3244 2831 3302 referendarium
2883 3260 3022 3300 cum
3071 3257 3371 3299 consensu
3419 3240 3641 3297 civium
3688 3237 3902 3311 regalis

2232 3334 2494 3391 decrevit
2537 3333 2858 3390 auctoritas
2896 3333 2993 3368 ¹⁸⁰⁰
3024 3332 3148 3389 ﬁeri
3178 3333 3533 3404 episcopum
3568 3330 3749 3400 (396).
3782 3331 3906 3383 Post

2236 3425 2328 3467 ηοι
2361 3423 2747 3478 Caramerum
2777 3423 2925 3492 (397)
2956 3419 3365 3476 Ermenfridus
3398 3417 3525 3473 fuit.
3560 3420 3641 3473 De
3682 3416 3903 3489 quibus

2232 3511 2463 3568 nullam
2511 3510 2689 3567 aliam
2737 3509 3033 3567 habemus
3062 3508 3442 3577 memoriam,
3477 3507 3595 3562 nisi
3635 3505 3815 3579 quod
3853 3505 3902 3558 in

2235 3601 2443 3658 ordine
2475 3601 2897 3675 episcoporum
2926 3598 3192 3672 episcopi
3223 3602 3365 3653 sunt
3394 3596 3635 3669 reperti.

2310 3747 2359 3798 8.
2412 3744 2551 3815 (an.‘
2583 3742 2707 3812 360)
2750 3745 2886 3798 Post
2930 3739 3368 3797 Ermenfridum
3423 3742 3650 3794 tractus
3697 3744 3795 3794 est
3834 3736 3902 3791 de

2236 3830 2603 3887 monasterio
2643 3828 2964 3900 Theologio
3008 3828 3158 3900 (398)
3210 3830 3453 3883 sanctus
3498 3825 3754 3895 Paulus,
3808 3824 3904 3897 qui

2236 3919 2348 3976 fuit
2374 3920 2554 3976 frater
2583 3920 2728 3991 (399)
2758 3918 2948 3975 sancti
3001 3917 3279 3974 Germani
3322 3915 3757 3972 Parisiacensis
3793 3914 3904 3987 epi-

2238 4010 2428 4082 scopi,
2470 4013 2528 4065 et
2570 4008 2629 4063 in
2677 4009 2789 4064 ista
2841 4007 3098 4064 Ecclesia
3136 4005 3457 4080 episcopus
3494 4009 3898 4061 consecratus.

2238 4099 2421 4169 Cujus
2459 4097 2750 4154 memoria
2780 4102 2997 4154 aeterna
3027 4101 3135 4153 est.
3172 4099 3319 4152 Nam
3360 4109 3552 4168 nepos
3586 4092 3905 4163 Dagoberti

2235 4189 2392 4257 regis
2442 4188 2642 4243 Grimo
2689 4187 3001 4254 diaconus,
3035 4186 3138 4258 qui
3185 4189 3244 4241 et
3282 4183 3603 4252 Adelgisus
3646 4182 3900 4239 dicitur:

2237 4293 2376 4335 cum
2405 4276 2616 4333 fuisset
2645 4293 2681 4333 a
2712 4280 2922 4332 sancto
2952 4274 3137 4331 Paulo
3185 4274 3264 4331 ab
3291 4272 3544 4330 infantia
3569 4279 3906 4329 reverenter

1855 4472 2088 4527 νΑΒιΑΞ
2128 4472 2531 4528 LECTIONES.‘

540 4597 633 4637 ¹⁷⁹¹
667 4594 956 4668 quidquic
985 4600 1036 4664 l,
1073 4596 1167 4668 ‘7”
1193 4599 1443 4651 ex:::::te
1472 4607 1709 4668 erasum
1744 4596 1923 4668 1.}"3
1944 4611 2117 4668 augu:

2288 4598 2428 4668 {gnos
2468 4605 2574 4655 dus
2605 4600 2653 4650 ί,
2690 4596 2787 4668 nes
2814 4595 2963 4668 Ire—3
2993 4598 3588 4668 υρτξμςῌδεᾳαςῃςεε,
3616 4594 3736 4668 gui
3862 4597 3904 4645 l.

465 4664 795 4749 maxim—am
817 4664 1049 4749 partem
1080 4667 1200 4737 legi
1226 4670 1547 4749 nequeant,
1581 4680 1662 4749 ar
1685 4667 1739 4719 2.
1773 4664 2186 4749 des-.cripsi'.me
2219 4666 2442 4723 Cellum
2480 4672 2526 4723 l.
2559 4667 2664 4749 ‘7".
2687 4665 3170 4749 quidquic‘lim
3193 4664 3504 4749 ,νιλίλιτξο
3524 4664 3719 4749 ςτέρνο
3745 4671 3910 4749 atra-

466 4745 662 4794 mento
710 4738 775 4792 in
818 4734 873 4807 1,
905 4753 1086 4807 super
1114 4734 1353 4794 nomine
1382 4741 1441 4795 XI
1473 4734 1766 4805 scriptum
1796 4742 1898 4802 est,
1932 4743 1985 4791 et
2035 4738 2122 4793 ita
2170 4754 2400 4809 semper
2428 4738 2664 4794 numeri
2701 4734 2940 4808 EzdjeEti.
2987 4737 3085 4770 ¹⁸⁰⁰
3116 4734 3399 4791 actoritas
3450 4739 3503 4790 1.
3546 4736 3638 4769 ¹⁸⁰¹
3702 4752 3760 4790 c.
3796 4735 3904 4789 VII.

467 4810 678 4879 incipit
722 4813 771 4865 l.

2076 4935 2297 4991 ΝΟΤᾸΕ.

540 5030 690 5100 (389)
729 5032 962 5086 Mansos
986 5029 1014 5084 ?
1042 5029 1194 5096 Quid
1225 5029 1338 5083 sibi
1371 5026 1507 5084 velit
1535 5028 1755 5086 nescio.

514 5099 691 5226 883:0)
733 5101 967 5182 Manlii}
1014 5117 1199 5182 prppe
1254 5100 1467 5181 Meti'm,
1501 5104 1567 5155 ut
1614 5099 2030 5182 wessebourg
2073 5105 2130 5158 et

638 5176 715 5226 et.
745 5187 901 5226 auos
930 5186 992 5226 in
1038 5172 1129 5226 his
1162 5170 1510 5226 nominibus
1558 5171 1927 5226 exnlicandis
1966 5188 2130 5226 secu-

470 5170 715 5241 Calmet,
745 5187 901 5243 quos
930 5172 992 5226 in
1014 5170 1510 5226 liis—nominibus
1558 5171 1927 5244 explicandis
1966 5188 2131 5227 secu-

472 5244 567 5297 tus
597 5258 755 5298 sum.
788 5246 1139 5297 statuerunt.

543 5284 1184 5453 ξθέἷῖὶῖιὶιῖὲἷὲἑάὶ.

566 5384 692 5453 392)
729 5382 996 5453 Marcey,
1051 5385 1184 5440 Sam

566 5384 692 5455 392)
729 5382 996 5453 Marcey,
1051 5381 1409 5454 Sampigny,
1455 5381 1907 5453 Commmiéres,
1964 5386 2127 5441 Μαν-

474 5453 821 5522 chaz‘nville,
857 5455 1150 5511 Harm’tle.

542 5524 695 5668 (393)
734 5524 986 5597 Charny
1023 5530 1081 5583 et
1105 5527 1414 5608 Neuvi'lly.

566 5600 669 5654 394
728 5594 813 5654 Cf.
843 5597 1006 5655 Paul.
1040 5600 1200 5656 Diae.
1232 5599 1371 5655 Hist.
1406 5601 1414 5654 l

566 5594 688 5667 394)
728 5594 813 5654 Cf.
843 5594 1006 5655 Paul.
1040 5600 1200 5656 Diac.
1232 5594 1375 5655 HistI
1406 5601 1588 5669 Lang.
1621 5614 1683 5667 ii,
1715 5602 1768 5654 9.

2311 5035 2460 5098 (395)
2502 5032 2799 5089 Fortunati
2825 5030 3095 5088 carmina
3118 5045 3201 5097 iii,
3232 5033 3322 5098 29,
3349 5031 3441 5084 30.

2310 5103 2461 5244 (396)
2499 5106 2580 5159 Ex
2610 5106 2779 5175 Greg.
2811 5106 2944 5159 Tur.
2984 5118 3062 5167 ix,
3093 5105 3183 5157 23.
3573 5169 3584 5179 .
3880 5167 3889 5176 ⁴

2312 5177 2436 5235 (397
2502 5175 2794 5232 Bertarius
2846 5172 3044 5230 omisit
3098 5171 3430 5233 Godonem.
3481 5185 3588 5242 qui
3638 5168 3889 5244 subseri

2312 5168 2461 5242 (397)
2502 5168 2794 5232 Bertariﬁs
2846 5172 3044 5230 omisit
3098 5171 3430 5233 Godonem.
3481 5169 3588 5242 qui
3639 5168 3914 5242 subscri-

2283 5245 2359 5299 sit
2401 5238 2655 5302 concilio
2705 5244 3018 5302 Rhemensi
3061 5259 3159 5299 an.
3198 5244 3302 5298 265
3355 5238 3539 5299 Cone.
3585 5238 3686 5295 ed.
3722 5238 3913 5296 Labb.

2311 5332 2733 5461 (5981;33’Iiuley
2752 5400 2939 5461 prope
2976 5385 3176 5442 Sainl-
3197 5384 3466 5461 Weridel.

2313 5452 2457 5529 (399)
2498 5458 2669 5524 Quod
2686 5452 2932 5517 'falsu'm
2962 5472 3090 5513 esse
3133 5456 3369 5511 monuit
3403 5452 3620 5512 Mabill.
3656 5458 3821 5509 Acta
3854 5452 3916 5519 ll,

2237 5536 2298 5601 p.
2331 5532 2454 5584 268.
