3980 6182
188 170 294 228 513

1128 185 1132 190 '
1168 173 1257 230 DE
1295 173 1536 231 GESTIS
1575 168 2056 229 EPISCOPORUM
2096 168 2641 231 VlRDUNENSIUM.

3508 183 3614 237 514

190 295 503 364 educatus,
531 310 644 368 pro
664 311 870 352 amore
901 296 1089 370 ipsius
1137 299 1416 355 antistitis
1479 314 1655 355 suam
1710 310 1845 368 pro-
1883 296 1929 347 Α
1956 297 2253 361 vaserant,
2284 295 2634 364 retinuit,.et
2686 297 2887 354 adhuc
2943 300 3099 355 Casa
3145 299 3335 356 Petria
3385 304 3613 361 retenta

188 384 523 457 prietatem,
556 385 617 440 id
643 388 735 440 est
759 386 1147 456 Theologium
1192 388 1647 455 monasterium,
1681 400 1852 441 sanc-

188 479 262 531 tas
282 474 475 531 Mariae
504 474 565 530 in
596 473 884 547 Virduno,
913 493 1025 532 suo
1046 478 1267 549 pariter
1282 484 1340 534 et
1359 478 1684 534 multorum
1710 475 1854 531 ﬁde-

186 563 339 625 lium
370 564 614 637 scripto,
646 564 707 620 in
766 566 1132 638 sempiterno
1180 568 1529 624 habendum
1591 567 1848 633 tradidit,

188 653 498 710 roboravit
524 658 582 710 et
611 654 779 711 omni
805 656 1152 713 auctoritate
1183 657 1461 714 ﬁrmavit.
1498 658 1850 714 Frasnidum

191 744 335 812 (400)
391 759 533 798 vero
588 742 794 799 villam
847 742 1008 800 idem
1062 746 1261 800 Grimo
1316 762 1429 819 pro
1485 762 1594 801 sua
1635 745 1849 818 pietate

187 830 372 888 victui
403 832 655 888 fratrum
681 837 1026 889 nostrorum
1051 834 1361 903 delegavit.
1410 837 1659 891 Sanctus
1711 851 1849 891 vero

187 920 407 977 Paulus
438 920 897 977 Basonisvillare
928 922 1002 977 de
1032 922 1155 978 suis
1180 922 1512 979 redditibus
1530 939 1846 995 compara-

185 1009 284 1065 vit.
310 1008 697 1079 Privilegium
727 1011 945 1066 etenim
976 1011 1193 1067 nostris
1244 1012 1549 1068 canonicis
1607 1012 1680 1068 de
1739 1029 1846 1068 an-

183 1097 547 1169 tiquioribus
578 1097 730 1154 villis
756 1098 918 1169 fecit,
950 1105 1007 1155 et
1028 1100 1152 1156 suis
1172 1102 1456 1157 manibus
1472 1102 1848 1175 aliorumque

185 1187 611 1260 episcoporum
633 1186 836 1260 ipsum
860 1188 975 1244 sub
991 1188 1191 1247 divina
1213 1191 1580 1247 attestatione
1601 1191 1847 1248 robora-

184 1276 284 1331 vit.
318 1279 399 1332 De
430 1277 749 1333 virtutibus
779 1283 979 1334 autem
1012 1280 1198 1336 sancti
1227 1280 1413 1336 Patris
1452 1280 1636 1336 nostri
1686 1282 1845 1336 istud

182 1364 462 1421 mirabile
492 1366 855 1423 audivimus.
888 1368 1039 1423 Cum
1076 1369 1276 1425 adhuc
1334 1370 1727 1426 monasticam
1758 1371 1845 1426 vi-

183 1457 308 1509 tam
358 1453 588 1510 ducens
632 1453 694 1509 in
753 1454 1071 1527 pistrinum
1144 1457 1393 1513 fratrum
1442 1458 1845 1515 obedientiam

177 1542 518 1611 habuisset,
550 1547 608 1600 et
634 1543 866 1600 timeret
883 1561 958 1600 ne
984 1547 1134 1602 hora
1160 1551 1377 1603 statuta
1399 1547 1608 1605 fratres
1624 1564 1845 1621 panem

176 1631 409 1688 habere
439 1633 777 1706 potuissent
804 1634 991 1706 ejecto
1020 1634 1156 1706 igne
1187 1635 1262 1692 de
1287 1626 1544 1704 clibano,
1603 1638 1731 1710 ipse
1760 1638 1845 1694 in-

175 1723 278 1775 tus
303 1719 614 1790 ingressus
643 1738 781 1778 cum
806 1723 1043 1780 cuculla
1075 1741 1185 1781 sua
1209 1724 1402 1781 cliban
1414 1742 1510 1781 um
1542 1727 1840 1800 purgavit,

174 1812 239 1864 et
267 1824 493 1881 panem
521 1810 638 1866 illic
668 1811 746 1867 ad
779 1812 1165 1885 coquendum
1224 1814 1322 1849 ¹⁸⁰²
1374 1814 1691 1881 ordinavit,
1752 1833 1840 1872 sa-

171 1912 423 1971 nusque
449 1898 607 1954 foras
638 1915 920 1970 egressus
961 1916 1183 1973 panem
1240 1908 1512 1958 sanctum
1564 1901 1842 1958 fratribus

170 1986 242 2042 in
280 1988 592 2045 refectorio
644 1994 911 2064 tempore
964 1988 1181 2047 statuto
1235 1992 1551 2048 distribuit.
1604 1992 1739 2060 Legi
1786 1997 1844 2048 et

172 2076 346 2148 picta
376 2078 494 2134 vidi
516 2079 705 2135 multa
736 2080 1024 2137 miracula
1085 2098 1222 2155 quae
1271 2083 1477 2139 vivens
1502 2083 1561 2137 in
1617 2082 1844 2154 episco-

167 2170 327 2237 patu
380 2167 518 2237 egit,
559 2173 615 2224 et
672 2174 808 2242 post
862 2186 1178 2226 excessum
1234 2170 1463 2244 positus
1503 2171 1562 2225 in
1593 2170 1843 2226 basilica

169 2252 380 2310 sancti
409 2256 708 2313 Saturnini
736 2261 854 2314 Deo
885 2264 1242 2333 cooperante
1266 2260 1419 2315 fecit.
1449 2262 1648 2315 Ctecos
1669 2276 1842 2316 nam-

164 2358 301 2416 que
360 2343 736 2417 illuminavit,
792 2348 988 2403 surdis
1051 2348 1324 2404 auditum
1379 2348 1564 2415 dedit,
1614 2349 1844 2405 claudis

164 2447 464 2502 gressum
490 2434 764 2506 praebuit,
798 2440 1051 2505 aegrotos
1083 2452 1119 2491 a
1171 2436 1349 2492 variis
1401 2436 1843 2507 infirmitatibus

163 2522 435 2578 curavit.
472 2525 539 2578 Et
577 2522 724 2595 quid
770 2523 943 2596 plura
980 2526 1008 2580 ?
1058 2529 1235 2581 Istam
1295 2525 1617 2581 Ecclesiam
1665 2525 1845 2582 rebus

164 2611 622 2683 temporalibus
654 2611 937 2670 dilatavit.
969 2617 1033 2670 Et
1080 2618 1232 2671 Deus
1284 2614 1666 2687 omnipotens
1715 2616 1842 2672 ani-

161 2715 351 2755 mam
379 2699 538 2755 illius
569 2718 708 2757 cum
738 2702 1021 2759 omnibus
1047 2703 1267 2760 sanctis
1297 2703 1355 2759 in
1381 2696 1602 2760 aeterna
1655 2704 1845 2775 gloria

163 2792 312 2845 sine
342 2790 462 2846 ﬁne
494 2792 757 2859 gaudere
786 2793 940 2869 facit.

253 2885 307 2936 9.
342 2882 477 2937 Post
503 2881 665 2937 hunc
687 2882 903 2939 exstitit
932 2883 1287 2955 Gisloaldus,
1320 2884 1691 2954 Gerebertus,
1743 2891 1842 2940 Ar-

1880 1650 1915 1699 ll

162 2969 445 3039 moinus,
474 2970 831 3039 Agrebertus
863 2972 1147 3046 episcopi.
1183 2974 1300 3044 (an.
1332 2972 1457 3045 648)
1488 2976 1672 3045 Hujus
1697 2978 1841 3031 tem-
1867 3000 1914 3055 ε

162 3073 331 3131 pore
351 3063 591 3115 sanctus
615 3059 947 3133 Crodingus
978 3061 1344 3133 Waslogium
1367 3063 1516 3129 (401)
1546 3068 1843 3119 monaste-

163 3146 341 3202 rium
381 3149 711 3205 construxit
750 3153 807 3206 et
859 3150 971 3206 sub
1019 3150 1242 3207 ditione
1300 3155 1519 3207 nostra;
1570 3151 1840 3233 Ecclesiae

164 3235 404 3308 posuit.

261 3325 345 3379 l0.
376 3324 515 3381 Post
540 3326 701 3383 hunc
725 3327 1111 3385 Bertalamius
1161 3328 1503 3402 episcopus.
1563 3328 1683 3400 (an.
1715 3330 1841 3401 710)

170 3412 374 3483 Hujus
407 3415 604 3471 studio
631 3421 685 3472 et
708 3417 1001 3473 industria
1032 3417 1408 3486 Mactigisilus
1439 3422 1497 3474 et
1521 3435 1672 3475 uxor
1712 3419 1842 3490 ejus

168 3499 409 3558 Hechia
433 3503 738 3561 Tilliacum
765 3506 912 3578 (402)
944 3507 1160 3563 ﬁscum
1186 3513 1243 3563 et
1289 3513 1571 3578 stagnum
1621 3513 1679 3564 et
1734 3510 1840 3564 Ca-

171 3606 316 3647 sam
348 3593 601 3650 Petriam
622 3600 844 3652 nostrae
870 3596 1163 3667 Ecclesize,
1215 3596 1643 3653 Frumisiacam
1699 3597 1840 3670 (403)

168 3678 384 3736 villam
414 3680 695 3739 fratribus
729 3684 948 3740 nostris
986 3689 1043 3740 et
1071 3684 1188 3741 alia
1218 3700 1405 3757 quam
1444 3685 1703 3757 plurima
1734 3701 1843 3759 pro

169 3768 447 3827 remedio
466 3771 686 3828 animai
711 3787 835 3830 suae
862 3772 1046 3829 dedit.

258 3857 320 3912 ll
344 3857 467 3928 (an.
503 3860 630 3929 716)
659 3863 796 3918 Post
829 3860 992 3918 hunc
1008 3860 1179 3917 Abbo
1208 3861 1531 3934 episcopus
1551 3866 1608 3918 et
1627 3862 1844 3919 deinde

171 3949 383 4020 Peppo
411 3949 751 4024 episcopus.
800 3951 989 4022 Hujus
1047 3955 1315 4023 tempore
1358 3951 1576 4008 exstitit
1633 3951 1843 4008 seditio

172 4051 307 4094 non
336 4038 578 4095 modica
607 4039 759 4096 inter
812 4039 1090 4098 Carolum
1147 4039 1416 4113 primum
1468 4040 1574 4113 qui
1629 4040 1844 4097 dicitur

172 4124 429 4183 Carolus
456 4127 773 4193 Martellus,
806 4132 864 4185 et
891 4128 1264 4186 Rainfridum
1286 4131 1653 4185 Francorum
1684 4129 1841 4202 prin-

172 4213 400 4287 cipem.
446 4218 534 4279 Et,
583 4217 729 4290 quia
778 4219 979 4290 Peppo
1020 4217 1294 4291 partibus
1354 4218 1545 4275 Caroli
1570 4222 1840 4291 tempore

172 4303 490 4362 seditionis
519 4306 680 4375 favit,
706 4306 962 4363 obtinuit
990 4307 1180 4380 pretio
1206 4324 1346 4364 cum
1371 4307 1582 4365 Carolo
1604 4312 1662 4363 et
1689 4323 1838 4381 quo-

171 4392 326 4449 dam
350 4393 539 4450 nobili
568 4395 792 4452 vasallo
828 4396 958 4467 ejus
1012 4396 1380 4453 Calmontem
1430 4395 1633 4453 villam
1690 4396 1839 4467 (404)

1957 386 2063 438 est.

2030 565 2113 617 l2.
2143 562 2265 633 (an.
2300 569 2426 627 7°25)
2462 568 2601 622 Post
2646 567 2807 623 hunc
2853 566 3070 623 exstitit
3122 567 3435 626 Voschisus
3485 570 3610 644 epi-

1956 666 2174 724 scopus
2201 658 2259 709 et
2278 656 2576 725 Agroinus
2618 656 2960 730 episcopus.
3020 660 3086 713 Et
3138 663 3274 731 post
3293 659 3475 716 istum
3505 660 3613 717 fuit
3716 680 3719 683 λ

1954 741 2156 797 multis
2193 742 2408 800 diebus
2436 744 2822 818 episcopatus
2853 762 3098 802 vacuus.
3127 748 3229 815 (an
3298 750 3424 820 735)
3448 749 3613 805 Dein-

1954 829 2028 884 de
2050 830 2269 887 exstitit
2296 838 2560 889 domnus
2597 834 2933 891 Madelveus
2983 835 3320 908 episcopus,
3371 837 3476 909 qui
3506 837 3615 895 fuit

1955 919 2029 975 de
2061 919 2285 977 familia
2318 922 2499 994 hujus
2547 923 2839 992 Ecclesiae,
2885 929 2941 980 et
2987 925 3203 980 exstitit
3254 924 3345 982 vir
3370 932 3612 983 sanctus

1956 1013 2012 1064 et
2049 1010 2272 1079 justus.
2333 1012 2535 1084 Cujus,
2584 1013 2877 1071 industria
2929 1018 2986 1069 et
3029 1012 3227 1069 studio
3282 1014 3465 1071 fertur
3505 1032 3613 1088 per

1955 1099 2288 1169 precariam
2320 1100 2648 1157 obtinuisse
2673 1117 2813 1158 eum
2842 1101 3180 1157 Wasnaum
3202 1102 3348 1175 (407)
3370 1109 3427 1159 et
3455 1107 3613 1161 War-

1954 1187 2131 1243 nunsi
2173 1193 2403 1244 curtem
2429 1195 2487 1244 et
2507 1189 2940 1246 Ramisbatium
2998 1190 3149 1261 (408)
3198 1195 3255 1246 et
3311 1192 3429 1248 alia
3459 1192 3613 1270 .plu-

1952 1274 2125 1339 rima,
2157 1276 2567 1349 sicutegomet
2594 1278 2655 1334 in
2682 1277 2903 1334 chartis
2950 1278 3081 1349 ejus
3127 1279 3408 1335 manibus
3432 1280 3613 1337 robo-

1952 1364 2096 1419 ratis
2121 1365 2257 1435 legi.
2295 1368 2410 1435 (an.
2446 1371 2571 1423 750)
2613 1368 2795 1439 ("hujus
2851 1368 3031 1423 etiam
3080 1372 3346 1440 tempore
3393 1370 3613 1425 domus

1951 1452 2121 1523 istius
2152 1455 2420 1510 Ecclesiae
2449 1457 2709 1528 peccatis
2741 1456 3114 1526 exigentibus
3141 1457 3252 1513 fuit
3301 1475 3610 1516 succensa.

1955 1545 2019 1597 Et
2047 1543 2126 1597 ob
2156 1544 2269 1600 hoc
2298 1561 2404 1616 per
2433 1545 2679 1607 Galliam
2710 1551 2768 1601 et
2797 1545 3026 1601 Italiam
3057 1551 3115 1601 et
3164 1546 3248 1601 sic
3302 1563 3410 1620 per
3461 1549 3615 1604 Grae-

1953 1631 2111 1688 ciam
2154 1638 2211 1689 et
2238 1636 2469 1707 .loppen
2501 1651 2639 1692 cum
2664 1650 2889 1705 magna
2918 1635 3151 1693 viarum
3185 1637 3463 1706 angustia
3490 1638 3618 1694 Hie-

1952 1720 2322 1792 rosolymam
2358 1723 2627 1794 pervenit
2652 1728 2707 1779 et
2736 1723 3079 1796 patriarcha
3101 1722 3290 1795 ipsius
3326 1723 3443 1780 loci
3463 1725 3614 1781 mul-

1952 1814 2147 1866 torum
2178 1816 2522 1867 sanctorum
2550 1812 2833 1885 reliquias
2879 1812 3155 1884 obtinuit,
3204 1818 3259 1869 et
3314 1830 3416 1870 eas
3470 1831 3608 1872 cum

1951 1899 2133 1956 calice
2162 1900 2483 1957 cristallino
2504 1917 2683 1974 opere
2726 1901 2976 1958 miriﬁco
3014 1902 3245 1975 sculpta
3280 1902 3609 1961 Virdunum

1951 1988 2311 2061 apportavit,
2336 1990 2471 2045 etin
2503 1990 2816 2063 principali
2855 1990 3119 2047 Ecclesia
3166 1996 3374 2048 nostra
3430 2009 3610 2050 vene-

1950 2077 2213 2135 rabiliter
2241 2095 2343 2134 eas
2368 2079 2695 2136 collocavit.
2720 2079 3017 2152 Reliquias
3040 2096 3179 2136 vero
3208 2096 3345 2153 quae
3374 2081 3613 2139 fuerunt

1951 2166 2012 2223 in
2040 2166 2361 2239 antiquiori
2394 2167 2651 2223 Ecclesia
2679 2167 2740 2222 in
2768 2167 3014 2223 dextera
3038 2172 3208 2239 parte
3238 2168 3444 2224 altaris
3476 2186 3611 2226 san-

1951 2259 2059 2310 ctae
2108 2255 2297 2311 Mariae
2351 2255 2413 2310 in
2456 2260 2666 2327 crypta
2721 2255 3111 2312 subterranea
3146 2258 3430 2330 reposuit.
3485 2258 3612 2315 Fuit

1952 2342 2112 2398 enim
2140 2348 2406 2416 tempore
2438 2343 2624 2416 Pipini
2656 2344 2812 2413 regis
2839 2359 3030 2416 usque
3058 2344 3134 2399 ad
3170 2350 3404 2417 tempus
3435 2350 3611 2404 Caro-

1952 2430 1991 2485 li
2022 2431 2233 2501 Magni,
2258 2436 2316 2487 et
2339 2431 2485 2487 obiit
2506 2432 2565 2488 in
2594 2432 2873 2505 proxima
2900 2432 3040 2488 villa
3059 2449 3195 2506 quae
3244 2433 3459 2492 dicitur
3502 2439 3611 2493 No-

1952 2520 2191 2576 vavilla.
2228 2524 2376 2578 Cum
2410 2536 2548 2577 vero
2601 2520 2738 2576 inde
2796 2525 3133 2594 portaretur
3188 2522 3266 2579 ad
3325 2524 3607 2581 Sanctum

1954 2610 2193 2686 Petrum
2225 2609 2347 2665 sive
2404 2610 2478 2666 ad
2529 2611 2815 2667 Sanctum
2864 2609 3164 2679 Vitonum,
3211 2612 3395 2669 fertur
3442 2614 3609 2686 quod

1954 2713 2134 2770 super
2159 2715 2417 2765 crucem,
2451 2698 2791 2755 videntibus
2830 2699 3081 2768 cunctis,
3127 2700 3264 2756 duas
3311 2701 3608 2773 columbae

1952 2787 2224 2843 candidae
2253 2786 2404 2843 sicut
2459 2787 2557 2843 nix
2608 2788 2879 2844 venerint
2924 2793 2982 2844 et
3035 2789 3097 2847 in
3148 2790 3362 2846 eadem
3416 2807 3609 2864 usque

1950 2875 2097 2931 dum
2128 2891 2347 2948 corpus
2388 2876 2518 2948 ejus
2564 2876 2881 2948 sepulturae
2931 2877 3214 2935 traditum
3264 2879 3471 2936 fuisset
3525 2897 3612 2937 se-

1950 2962 2180 3019 derunt.
2234 2963 2410 3020 Multa
2468 2964 2763 3041 siquidem
2816 2964 2978 3034 bona
3039 2965 3098 3021 in
3168 2967 3281 3023 ista
3352 2968 3610 3026 Ecclesia

1951 3052 2267 3109 constituit.
2313 3057 2458 3109 Nam
2486 3058 2541 3110 et
2567 3053 2858 3110 Ecclesias
2910 3054 2970 3110 in
3014 3054 3126 3111 ista
3173 3056 3406 3113 civitate
3435 3058 3608 3114 valde

1948 3141 2102 3197 bene
2158 3142 2506 3212 construxit,
2563 3147 2619 3199 et
2676 3142 2901 3199 clerum
2958 3147 3016 3198 et
3073 3144 3366 3217 populum
3438 3146 3607 3203 istius

1952 3231 2221 3287 Ecclesiae
2250 3231 2666 3289 venerabiliter
2690 3232 3007 3303 ordinavit,
3038 3238 3094 3289 et
3134 3233 3379 3291 evidens
3436 3240 3608 3309 pater

1951 3325 2007 3377 et
2051 3321 2369 3395 episcopus
2415 3322 2587 3378 istius
2654 3322 2923 3379 Ecclesize
2973 3323 3208 3380 exstitit.
3242 3327 3354 3381 Res
3401 3326 3603 3394 etiam,

1950 3428 2085 3484 qua:
2112 3416 2253 3468 sunt
2270 3412 2332 3467 in
2354 3412 2667 3484 Equitania
2693 3412 3019 3484 antiquitus
3044 3406 3141 3468 isti
3162 3413 3431 3470 Ecclesire
3471 3415 3607 3471 sub-

1946 3501 2137 3571 jectae,
2162 3501 2223 3556 id
2252 3505 2340 3555 est
2368 3501 2614 3556 abbatia
2644 3501 2832 3556 sancti
2856 3501 3110 3556 Amantii
3142 3502 3287 3573 (409)
3316 3502 3374 3557 in
3418 3490 3608 3560 Rodo-

1951 3590 2051 3646 dia
2080 3589 2193 3645 sita
2218 3593 2275 3645 et
2295 3574 2738 3646 Maderniacum
2769 3592 2826 3644 et
2857 3588 3229 3645 Puliniacum
3268 3590 3609 3662 frequenter

1949 3678 2254 3743 visitabat,
2310 3682 2370 3733 et
2414 3682 2582 3747 gesta
2626 3676 3048 3749 praedictorum
3098 3677 3453 3749 pontiﬁcum
3504 3696 3610 3737 no-

1953 3772 2210 3824 strorum
2244 3781 2449 3822 secum
2475 3765 2721 3834 ferebat,
2751 3769 2817 3820 ut
2838 3781 2945 3838 per
2964 3765 3203 3821 illorum
3232 3766 3445 3823 merita
3473 3767 3607 3825 illas

1952 3873 2045 3913 res
2086 3855 2326 3927 longius
2361 3855 2502 3911 sitas
2548 3852 2794 3911 liberius
2840 3853 3147 3928 possidere
3184 3854 3489 3929 quivisset.
3544 3860 3612 3915 Et

1950 3961 2061 4019 pro
2091 3945 2205 4000 hac
2253 3942 2568 3999 occasione
2613 3942 2820 3999 dicunt
2861 3942 3031 4017 quod
3082 3942 3374 4001 miracula
3419 3945 3608 4003 sancti

1951 4034 2177 4105 Agerici
2221 4034 2283 4090 in
2330 4032 2587 4091 Massilia
2637 4032 2935 4106 descripta
2981 4034 3299 4091 habentur.
3360 4037 3431 4091 Et
3483 4035 3609 4093 Vita

1950 4124 2136 4181 sancti
2168 4123 2353 4180 Vitoni
2383 4128 2439 4180 et
2460 4123 2645 4180 sancti
2666 4123 2828 4179 Pauli
2858 4127 3009 4191 (410)
3031 4139 3138 4197 per
3162 4124 3445 4196 contigua
3474 4125 3608 4183 loca

1948 4216 2103 4271 ultra
2148 4213 2441 4284 Liggerim
2499 4213 2742 4286 reperiri
2789 4212 3078 4270 feruntur.
3139 4214 3321 4286 Cujus
3363 4231 3603 4288 corpus,

1948 4305 2110 4361 dictu
2139 4302 2412 4358 mirabile
2440 4302 2452 4358 l
2486 4307 2621 4375 post
2649 4302 3053 4375 quadraginta
3075 4319 3266 4360 annos
3304 4303 3606 4374 integrum

1947 4396 2293 4466 repertuum
2352 4395 2458 4458 est,
2516 4396 2575 4448 et
2621 4391 2723 4448 ubi
2776 4407 2938 4447 nunc
2978 4392 3137 4462 jacet
3194 4392 3607 4448 venerabiliter

172 4497 323 4537 cum
378 4482 663 4539 omnibus
712 4483 1073 4557 appenditiis
1126 4483 1271 4539 suis.
1325 4486 1642 4557 Postquam
1697 4499 1838 4539 vero
1946 4479 2323 4538 reconditum
2345 4483 2450 4536 est.

174 4570 394 4627 Carolo
424 4573 581 4629 Deus
609 4572 888 4630 solidavit
934 4576 1298 4629 Francorum
1345 4588 1622 4644 regnum,
1678 4571 1842 4629 dedit

172 4660 364 4716 etiam
415 4661 685 4719 Ecclesiae
736 4667 954 4719 nostrae
1008 4665 1253 4718 Pontem
1304 4662 1561 4718 Petrium
1615 4660 1763 4734 (405)
1784 4665 1841 4716 et

2023 4664 2106 4717 t3.
2137 4663 2273 4716 Post
2307 4659 2467 4715 hunc
2525 4656 2909 4731 episcopatus
2963 4654 3132 4711 istius
3174 4653 3445 4712 Ecclesiae
3497 4670 3605 4728 per

176 4749 538 4823 suojscripto
564 4750 741 4808 nobis
770 4768 906 4808 eam
937 4750 1230 4806 solidavit.
1256 4750 1463 4807 Melam
1496 4751 1633 4820 (406)
1697 4765 1838 4805 vero
1947 4748 2269 4804 duodecim
2299 4762 2493 4804 annos
2520 4761 2752 4801 vacuus
2768 4743 3003 4801 exstitit.
3032 4745 3153 4815 (an.
3179 4743 3306 4815 770)
3336 4743 3449 4800 Sed
3467 4742 3604 4815 qui-

175 4841 235 4893 et
261 4839 484 4894 Casam
533 4841 631 4875 ¹⁸⁰³
672 4838 947 4906 Petriam,
1000 4839 1141 4912 quia
1201 4855 1303 4896 eas
1333 4838 1423 4894 sui
1450 4836 1726 4894 satellites
1753 4838 1839 4893 in-

1948 4836 2091 4893 dam
2122 4853 2331 4893 servus
2365 4834 2484 4902 Dei,
2516 4832 2894 4891 Amalbertus
2936 4831 3202 4901 nomine,
3251 4831 3425 4903 juxta
3475 4847 3631 4888 mo—-

1548 4953 1788 5010 VARUE
1828 4954 2117 5044 EECTION
2126 4954 2228 5010 ES.

251 5061 349 5095 ³⁸⁰¹
378 5062 815 5135 quoquendum
849 5068 897 5119 1.
979 5063 1075 5098 ³⁸0³
1106 5061 1334 5120 casiam
1367 5066 1415 5118 1.

1777 5169 1997 5225 NOTAE.

269 5278 402 5343 400)
438 5274 714 5335 Fraisne.
1336 5274 1341 5279 ’
2018 5278 2042 5343 (¹

2024 5276 2169 5349 (406)
2206 5275 2415 5349 Μενίε.

268 5348 396 5422 401)
435 5349 729 5422 Βεᾳαιίεῃ
753 5349 816 5405 in
848 5349 1000 5406 silva
1030 5354 1333 5422 Argonna.
1824 5405 1839 5415 .
2019 5355 2042 5422 li

2024 5347 2168 5422 £407)
2214 5347 2478 5422 Υαηξίὲα·

265 5416 398 5492 402)
440 5420 623 5491 Tilly,
664 5420 876 5478 Estain
907 5426 965 5477 et
995 5416 1390 5492 Cassepierre.
2015 5420 2042 5492 (ι

2024 5419 2160 5492 ξ408)
2198 5416 2606 5492 ῌθηιὸἐςοανι.

214 5520 219 5539 ς
245 5493 375 5547 (403

246 5563 404 5707 lﬁl

436 5492 741 5563 Fromesy.

442 5562 748 5637 Qtermont
773 5563 837 5620 in
867 5563 1016 5622 silva
1044 5568 1325 5637 Argonna
1348 5565 1377 5620 ?

442 5636 819 5707 Pierrepont.

2020 5482 2163 5559 (409)
2200 5484 2645 5559 δ’ᾳὶηι-Ατηαῃά
2662 5482 2710 5559 ᾀΔ
2723 5484 2935 5559 Rodez.

2019 5525 2163 5629 (ἷῖὅί
2200 5525 2953 5615 ἶιῖιὶί’ξ.“ἰίὲἱὶἶίῖ“ὲςῑίῐὲνὲἱῖὲι
2985 5558 3082 5629 ss.
3106 5555 3273 5629 Ij‘ebr.
3295 5555 3372 5629 ιι,
3393 5555 3592 5627 Ῑ).173,

1945 5636 2003 5688 et
2026 5625 2241 5689 Mabill.
2270 5631 2438 5698 Acta,
2467 5633 2533 5697 ll,
2558 5644 2617 5701 p.
2650 5631 2792 5697 268;
2823 5626 3168 5687 recentioris
3198 5625 3311 5683 sevi
3329 5625 3436 5681 est.
