3980 6182
391 3373 399 3386 ·
486 3365 636 3405 num
669 3353 725 3404 et
754 3353 1054 3416 sanctum,
1089 3350 1188 3422 qui
1227 3352 1555 3406 construxit
1597 3352 1816 3408 multas
1865 3353 2143 3409 ecclesias

485 205 586 259 515
1539 197 1861 256 BERTARII
1898 189 2356 254 VIBDUNENSIS
2399 194 2852 254 SACERDOTIS.
3159 205 3216 217 "'
3700 209 3768 266 διδ

482 342 612 382 rem
635 324 793 382 illius
819 323 1104 397 temporis
1135 323 1525 395 coepiscopus
1551 322 1762 393 factus,
1808 323 2003 395 ipsam
2056 335 2142 376 re-
2169 320 2215 372 Α
2251 321 2368 375 Deo
2399 321 2664 377 tunicam
2686 325 2904 378 sanctas
2933 321 3120 378 Mariae
3175 321 3587 393 redintegratam
3622 328 3770 390 habuit

486 417 668 487 gebat
697 415 1039 484 Ecclesiam,
1071 418 1127 469 et
1154 413 1214 469 in
1245 412 1516 486 quodam
1574 413 1834 469 oratorio
1890 411 2002 468 sub
2034 411 2136 467 ho-
2248 412 2305 464 et
2329 410 2406 466 ad
2440 410 2749 483 proprium
2780 415 3000 467 statum
3028 411 3270 468 reduxit.
3309 417 3526 486 Insuper
3541 418 3680 474 etiam
3702 422 3768 476 ob

486 521 631 561 nore
653 503 923 560 omnium
959 501 1368 576 apostolorum
1395 501 1568 574 quasi
1595 501 1922 558 solitariam
1952 500 2138 556 vitam
2248 499 2421 555 tinuit
2451 499 2614 572 apud
2643 515 2847 570 regem
2880 500 3212 556 Lotharium
3235 501 3508 571 juniorem
3543 508 3771 566 Marcellis.

486 593 742 649 ducebat
764 592 879 647 ηαδ.
914 593 979 646 Et
1007 594 1142 646 tunc
1174 589 1433 663 perdidit
1485 591 1596 646 ista
1626 589 1885 646 Ecclesia
1911 588 2137 645 Waslo—
2249 603 2387 643 cum
2416 588 2653 657 ﬁscum,
2702 594 2759 645 et
2807 589 3263 661 Arbereivillam,
3320 596 3372 646 et
3427 594 3687 652 Maureium
3721 600 3768 654 ad

486 681 670 752 gium,
699 684 756 736 et
781 679 1110 748 Tilliacum,
1143 682 1200 735 et
1231 681 1542 748 Stagnum,
1574 681 1631 735 et
1657 678 1914 745 Merlam,
1948 682 2004 734 et
2028 680 2138 735 Ca-
2250 691 2404 749 opus
2428 676 2696 745 fratrum,
2716 682 2772 734 et
2788 678 3211 748 Mercuringas,
3236 680 3607 738 etCrasaidam
3623 688 3666 739 et
3681 685 3773 742 Wa-

485 785 615 827 sam
636 769 896 826 Petriam
926 773 981 826 et
1011 768 1128 826 alia
1160 783 1343 842 quam
1371 767 1649 844 plurima.
1685 768 1811 824 Fuit
1834 768 1996 825 enim
2025 767 2139 824 hoc
2249 764 2464 835 lacras,
2489 771 2545 822 et
2569 781 2678 838 per
2704 765 3006 839 precariae
3038 767 3309 836 Metganis
3334 767 3532 836 villam,
3583 776 3628 826 et
3656 775 3772 828 Com-

483 859 597 916 sub
626 863 896 932 tempore
919 857 1109 916 Caroli
1139 858 1349 929 Magni.
2250 853 2551 910 menarias
2579 857 2636 910 et
2663 855 3051 925 Gaugiacum.
3087 857 3151 910 Et
3199 855 3428 911 intentio
3450 860 3564 926 ejus
3580 863 3624 914 et
3660 859 3775 917 labor

559 951 645 1004 14.
677 951 813 1004 Post
839 947 1002 1003 hunc
1029 947 1242 1004 exstitit
1270 948 1494 1016 Petrus,
1535 947 1626 1002 vir
1682 945 1935 1002 Italicus.
1992 948 2138 1002 Nam
2251 943 2380 1013 ejus
2408 943 2630 998 nimius
2666 943 2730 998 in
2768 945 2883 999 hoc
2937 943 3150 1000 exstitit
3177 948 3239 999 ut
3290 945 3394 1000 ista
3446 946 3654 1003 Ecclesia
3671 949 3776 1005 erat

487 1054 625 1093 cum
658 1040 812 1092 esset
842 1035 1132 1093 exercitus
1155 1038 1520 1092 Francorum
1554 1037 1710 1092 circa
1738 1035 1986 1107 Papiam
2013 1035 2135 1104 (an.
2251 1036 2470 1087 teretur
2525 1036 2580 1088 et
2629 1048 2781 1105 pace
2839 1033 3128 1089 frueretur
3179 1033 3337 1105 quod
3378 1039 3429 1089 et
3478 1034 3588 1090 fecit
3631 1036 3776 1092 diebus

487 1126 612 1196 774)
642 1129 698 1182 et
722 1126 1021 1181 obsideret
1049 1141 1204 1189 eam,
1240 1126 1317 1182 ab
1347 1125 1478 1192 isto,
1514 1129 1578 1181 ut
1608 1124 1791 1180 fertur
1818 1125 1989 1194 (411),
2021 1128 2138 1178 tra-
2252 1121 2384 1176 vitm
2443 1122 2698 1177 Lotbarii
2745 1123 2844 1158 “0‘
2890 1121 3164 1193 junioris.
3221 1123 3318 1178 Illo
3368 1138 3496 1179 vero
3540 1131 3718 1181 mortuo
3740 1129 3778 1181 in

486 1214 610 1270 dita
640 1218 746 1282 est,
780 1219 836 1270 et
860 1214 938 1270 ob
962 1215 1078 1270 hoc
1108 1213 1376 1271 aCarolo
1405 1215 1616 1283 Magno
1642 1213 1716 1269 de
1745 1213 1857 1268 isto
1915 1211 2140 1285 episco-
2253 1226 2457 1267 mense
2509 1215 2776 1281 Augusto
2830 1211 2957 1283 (an.
3019 1213 3166 1283 869),
3225 1212 3328 1268 iste
3379 1213 3538 1269 etiam
3586 1214 3777 1270 obiitlla-

486 1307 632 1375 patu
660 1303 991 1360 honoratus
1018 1308 1121 1359 est.
1160 1304 1284 1360 Fuit
1314 1302 1474 1358 enim
1529 1302 1589 1358 in
1647 1303 1997 1375 episcopatu
2035 1315 2141 1373 per
2251 1300 2444 1356 lendis
2475 1300 2737 1356 Januarii
2769 1301 2888 1372 (an.
2923 1302 3068 1373 870),
3102 1306 3157 1357 et
3185 1301 3438 1374 sepultus
3485 1307 3561 1357 est
3602 1302 3650 1357 in
3680 1303 3780 1358 basi-

483 1390 691 1461 viginti
721 1393 990 1464 quinque
1020 1391 1164 1462 (412)
1193 1406 1405 1459 annos,
1454 1396 1510 1446 et
1556 1407 1774 1464 passus
1830 1393 1918 1445 est
1963 1389 2022 1443 in
2069 1404 2139 1443 eo
2249 1390 2363 1446 lica
2390 1390 2576 1446 sancti
2603 1390 2792 1446 Vitoni
2836 1389 2896 1445 in
2937 1395 3148 1464 crypta
3196 1391 3361 1462 juxta
3407 1407 3596 1464 corpus
3639 1391 3778 1446 domui

484 1479 672 1536 multa
693 1480 966 1537 adversa.
999 1483 1162 1538 Certe
1192 1481 1371 1536 etiam
1422 1479 1833 1536 inﬁdelitatem
1886 1477 2139 1550 impera-
2251 1478 2469 1534 Hildini
2505 1478 2789 1552 episcopi.
2848 1479 2974 1535 Fuit
3030 1483 3231 1536 autem
3282 1479 3340 1534 in
3385 1479 3677 1552 episcopatu
3713 1496 3780 1552 per

485 1568 626 1623 toris
653 1568 1001 1639 objecerunt
1023 1567 1106 1624 illi
1131 1573 1186 1624 et
1209 1568 1290 1624 ob
1318 1569 1432 1624 hoc
1461 1585 1568 1642 per
1596 1568 1915 1625 duodecim
1947 1581 2138 1622 annos
2250 1583 2442 1625 annos
2484 1567 2688 1638 viginti
2747 1570 2843 1643 “9'
2903 1573 2958 1624 et
3011 1574 3147 1625 tres.
3198 1569 3324 1641 ipse
3363 1569 3523 1624 etiam
3569 1569 3781 1624 inchoavit

484 1645 907 1727 imperatorem
923 1656 1123 1712 videre
1140 1671 1264 1712 non
1290 1661 1378 1712 est
1397 1671 1599 1712 ausus.
1622 1657 1735 1714 Sed
1761 1657 1947 1714 atiliis
1971 1655 2137 1711 istius
2177 1671 2221 1725 Β
2249 1662 2515 1714 nostram
2544 1672 2765 1714 novam
2797 1657 3113 1714 ecclesiam
3140 1663 3196 1714 et
3225 1673 3295 1714 ex
3323 1673 3524 1728 magna
3548 1662 3677 1730 parte
3689 1673 3780 1712 cou-

489 1760 692 1800 coram
719 1745 988 1818 principe
1013 1751 1168 1802 recte
1221 1751 1531 1819 purgatus,
1593 1749 1710 1819 (an.
1745 1748 1870 1818 794)
1926 1749 2137 1819 postea
2250 1748 2477 1804 struxit.

488 1831 645 1888 illius
673 1834 817 1889 adiit
845 1834 1230 1906 praesentiam
1263 1835 1644 1903 (413).Multas
1675 1835 1974 1908 precarias
2003 1833 2135 1889 inu-

489 1921 617 1977 tiles
637 1921 789 1993 fecit,
824 1923 959 1980 etin
990 1921 1202 1979 diebus
1227 1923 1382 1980 illius
1411 1923 1614 1981 multae
1637 1939 1734 1980 res
1767 1924 1843 1980 ab
1864 1923 1978 1979 ista
2035 1926 2139 1995 Ec-

491 2010 672 2067 clesia
698 2011 1015 2068 subtracta
1045 2017 1206 2068 sunt.

562 2104 647 2155 t3.
676 2102 812 2155 Post
852 2107 1105 2157 mortem
1143 2115 1286 2158 vero
1314 2100 1470 2157 illius
1517 2102 1822 2172 elegerunt
1865 2101 1976 2158 sibi
2024 2103 2142 2176 epi-

491 2204 745 2261 scopum
776 2189 850 2245 de
879 2191 1034 2259 regis
1077 2190 1300 2264 palatio
1349 2197 1780 2260 Anstrannum,
1836 2197 2142 2248 cautorem

488 2277 697 2350 ipsius,
723 2278 922 2334 virum
953 2284 1284 2346 strenuum,
1333 2282 1504 2352 cujus
1557 2280 1850 2336 industria
1897 2283 2146 2336 Bracen-

487 2383 582 2422 ses
631 2368 779 2438 (414)
808 2368 1207 2448 negotiatores
1253 2369 1344 2425 isti
1378 2371 1647 2426 Ecclesiae
1693 2371 1920 2427 redacti
1981 2376 2138 2427 sunt.

488 2457 608 2528 (an.
642 2459 768 2530 800)
799 2457 1100 2530 Superfuit
1129 2458 1398 2532 quinque
1430 2459 1624 2516 annis.

561 2549 644 2601 16.
703 2547 923 2602 Deinde
980 2547 1335 2604 Herilandus
1393 2548 1657 2623 suscepit
1711 2551 1891 2605 istum
1941 2550 2141 2606 locum

487 2634 576 2691 vir
629 2635 887 2691 multum
940 2635 1192 2710 simplex
1242 2640 1298 2693 et
1342 2637 1495 2694 ultra
1550 2638 1801 2694 modum
1839 2638 2139 2695 inﬁmus.

488 2725 669 2794 Cujus
699 2723 876 2780 etiam
904 2729 1172 2798 tempore
1199 2725 1388 2782 multa
1414 2726 1576 2783 mala
1603 2743 1888 2800 perpessa
1913 2732 2001 2783 est
2028 2728 2144 2784 ista

488 2813 763 2870 Ecclesia.
796 2814 936 2870 Post
963 2813 1168 2885 viginti
1214 2819 1475 2887 quatuor
1519 2832 1712 2872 annos
1771 2817 1860 2871 sui
1909 2816 2139 2889 episco-

485 2907 664 2974 patus
696 2902 844 2958 obiit
870 2903 1073 2974 Aquis,
1107 2905 1163 2958 et
1188 2907 1273 2959 est
1315 2903 1582 2977 sepultus
1627 2905 1798 2976 juxta
1852 2907 2140 2961 Anstran-

489 3006 636 3046 num
667 2991 726 3046 in
750 2991 997 3046 basilica
1029 2991 1220 3048 sancti
1246 2993 1456 3048 Vitoni.
1489 2993 1610 3065 (an.
1643 2998 1789 3061 823).

564 3085 623 3134 17
635 3124 645 3135 .
680 3069 964 3136 Defuncto
995 3085 1198 3136 autem
1222 3079 1353 3150 isto,
1388 3081 1533 3136 abiit
1560 3098 1700 3154 pars
1730 3083 1867 3138 cleri
1915 3088 1971 3139 et
2019 3083 2142 3156 ple-

489 3167 582 3225 bis
605 3169 682 3224 ad
712 3168 1077 3225 Lndovicnm
1108 3170 1553 3242 imperatorem,
1585 3176 1642 3228 et
1681 3172 1977 3244 petierunt
2028 3173 2143 3228 sibi

489 3257 619 3314 dari
647 3259 943 3316 domnum
977 3259 1282 3316 Hildinum
1313 3259 1386 3315 de
1417 3260 1790 3334 Alemannia,
1815 3263 2013 3318 virum
2035 3262 2142 3318 bo-

2325 1878 2407 1931 19.
2443 1875 2577 1930 Post
2609 1874 2781 1946 cujus
2809 1890 3126 1932 excessum
3142 1874 3456 1932 domnuset
3477 1873 3781 1932 sanctissimus

2250 1967 2418 2020 Pater
2437 1967 2637 2019 noster
2666 1963 3006 2020 Berhardus
3031 1965 3350 2039 episcopus
3371 1964 3541 2020 factus
3579 1967 3676 2029 est;
3716 1961 3781 2032 qui

2253 2052 2684 2110 acclamatione
2715 2053 2852 2110 cleri
2880 2057 2938 2108 et
2968 2053 3164 2128 plebis
3191 2053 3443 2126 suscepit
3465 2053 3560 2111 sub
3587 2068 3669 2108 suo
3685 2050 3781 2122 regi-

2253 2143 2414 2199 mine
2442 2141 2621 2198 istam
2648 2140 2987 2199 Ecclesiam.
3017 2143 3202 2214 Cujus
3241 2142 3472 2200 intentio
3513 2145 3560 2196 et
3601 2138 3782 2196 studium

2254 2230 2698 2288 sanctissimum
2727 2229 2834 2287 fuit
2862 2230 3179 2288 basilicam
3206 2231 3488 2304 inceptam
3530 2229 3593 2286 ad
3631 2227 3782 2301 perfec-

2253 2321 2472 2377 tionem
2499 2335 2686 2392 usque
2715 2319 3041 2392 perducere
3072 2338 3084 2388 ;
3113 2319 3280 2394 quod
3300 2320 3583 2376 miserante
3633 2317 3718 2370 Deo
3750 2317 3784 2369 et

2251 2409 2597 2480 fecit.Signa
2625 2409 2775 2480 (415)
2805 2409 3058 2478 grandia
3089 2414 3146 2466 et
3174 2408 3545 2475 honorabilia,
3561 2410 3606 2462 et
3627 2404 3784 2462 minora

2250 2498 2427 2554 valde
2457 2498 2620 2556 bona
2650 2496 2714 2554 in
2735 2496 2836 2554 illa
2864 2497 3118 2555 basilica
3149 2515 3257 2555 suo
3295 2513 3462 2572 opere
3511 2494 3685 2553 ibidem
3702 2506 3784 2550 esse

2255 2588 2572 2645 constituit.
2606 2585 2967 2644 Pontiﬁcalia
3015 2588 3369 2646 vestimenta
3419 2590 3472 2642 et
3508 2579 3786 2654 Evangelium

2254 2692 2403 2732 auro
2431 2677 2809 2749 gemmisque
2835 2680 3142 2750 paratum,
3172 2674 3523 2734 thuribulum
3547 2684 3732 2728 aureum
3755 2669 3789 2722 et

2254 2764 2417 2821 aliud
2443 2768 2794 2834 argenteum
2840 2763 3013 2819 valde
3061 2764 3317 2833 bonum,
3373 2767 3426 2819 et
3462 2762 3687 2818 feretrum
3723 2753 3788 2812 ubi

2253 2859 2392 2910 sunt
2416 2869 2575 2910 nunc
2606 2852 2870 2926 reliquiae
2917 2858 3288 2921 sanctorum,
3346 2847 3697 2908 honestissimo
3727 2843 3790 2900 de-
3880 2891 3881 2894 η

2253 2960 2388 2999 core
2410 2943 2766 3017 composuit,
2801 2946 2858 2998 et
2882 2942 2998 2999 alia
3018 2960 3210 3017 quam
3235 2943 3482 3017 plurima
3498 2933 3791 2996 ecclesiastica

2178 3024 2220 3078 C
2253 3036 2608 3089 ornamenta
2626 3030 2718 3089 isti
2740 3031 3004 3088 ecclesiae
3029 3049 3156 3089 suae
3170 3033 3383 3089 tribuit.
3408 3027 3682 3090 canonicos
3699 3036 3790 3078 suos

2253 3122 2538 3180 canonice
2570 3121 2760 3178 vivere
2790 3120 2945 3190 fecit,
2973 3125 3031 3178 et
3059 3121 3299 3179 villanis
3325 3116 3644 3198 presbyteris
3685 3111 3791 3167 viam

2247 3212 2490 3283 justitize
2515 3211 2758 3268 viriliter
2785 3211 3064 3280 ostendit,
3090 3217 3151 3269 et
3175 3229 3408 3286 pueros,
3425 3212 3557 3268 inter
3569 3221 3687 3280 quos
3702 3215 3788 3271 θεον

2252 3301 2546 3359 Bertarius
2577 3317 2733 3356 unus
2761 3301 2865 3369 fui,
2898 3301 2959 3356 in
2986 3301 3273 3360 humanis
3303 3307 3360 3359 et
3399 3302 3455 3359 in
3481 3295 3656 3356 divinis
3683 3288 3790 3348 libris

2252 3407 2359 3465 per
2381 3407 2443 3448 se
2473 3395 2530 3447 et
2547 3405 2655 3464 per
2686 3389 2834 3447 alios
2857 3407 2995 3446 cum
3025 3397 3273 3449 summa
3325 3389 3598 3454 charitate,
3644 3383 3790 3437 instru~

2253 3481 2353 3536 xit.
2390 3479 2545 3536 Obiit
2569 3484 2771 3536 autem
2817 3479 2878 3536 in
2926 3479 3202 3552 Teolegio
3253 3475 3604 3542 monasterio,
3651 3469 3724 3527 ubi
3759 3468 3792 3520 et

2253 3585 2473 3644 corpus
2504 3569 2634 3640 ejus
2663 3569 2970 3626 conditum
3001 3575 3108 3638 est,
3137 3570 3330 3645 pridie
3357 3565 3622 3626 Kalendas
3645 3564 3791 3618 Janua-

2253 3659 2322 3716 rii
2351 3675 2451 3715 an.
2485 3662 2610 3730 879,
2639 3661 2774 3714 Dec.
2803 3661 2915 3730 22).

488 3438 550 3494 in
578 3438 690 3494 isto
719 3437 1074 3514 episcOpatu
1130 3444 1186 3496 et
1237 3439 1427 3496 multa
1471 3440 1638 3498 bona
1697 3447 1979 3516 operatus
2034 3449 2138 3499 est.

490 3528 624 3599 Sed,
656 3533 795 3601 post
812 3528 1038 3584 bellum
1071 3529 1131 3585 in
1165 3530 1494 3587 Fontanido
1525 3535 1646 3600 (an.
1677 3536 1806 3592 841)
1853 3538 2074 3603 actum,
2108 3548 2145 3588 a

488 3617 763 3673 Lothario
785 3617 1144 3690 imperatore
1172 3634 1400 3690 magno
1446 3619 1689 3676 habitus
1741 3621 1880 3677 odio
1929 3621 1993 3676 in
2033 3621 2144 3676 ista

488 3705 720 3764 civitate
753 3707 981 3763 octavis
1003 3707 1348 3781 Epiphaniae
1377 3710 1500 3781 (an.
1551 3713 1677 3779 847)
1727 3727 1864 3767 cum
1919 3726 2145 3782 magna
2254 3705 2322 3716 ’⁸⁸
2351 3705 2451 3715 “”””
2486 3705 2610 3730 ”’”⁷
2641 3705 2782 3785 ’Ννί
2808 3705 2915 3730 “’¹’
3057 3783 3064 3785 Α
3670 3775 3679 3785 ,

398 3781 404 3788 ’
485 3795 719 3852 tristitia
746 3800 802 3852 et
833 3794 1038 3853 dolore
1101 3797 1247 3854 obiit
1275 3797 1336 3853 in
1366 3798 1594 3856 Christo
1624 3799 1714 3856 vir
1737 3800 1952 3874 plenus
1978 3781 2142 3856 omni
2323 3789 2412 3883 29-
2443 3784 3026 3883 Chrifto‘misel‘ante
3051 3783 3356 3883 δείξει-1111³⁸
3397 3797 3542 3883 nu.”
3581 3781 3791 3883 “nt

483 3885 746 3943 bonitate
778 3889 834 3942 et
874 3885 1179 3943 charitate.
1239 3887 1367 3943 Fuit
1415 3892 1618 3944 autem
1679 3873 1751 3944 in
1789 3892 2143 3964 episcopatu
2251 3879 2550 3964 nostrum,
2573 3873 2884 3930 Βεάοῐιεω
2938 3875 3347 3964 νέξὶετᾶὺίλέω
3372 3873 3791 3964 γθΡξεοοΡΠΠξνβῖΨ

485 3989 594 4046 per
621 3973 830 4045 viginti
871 3979 1131 4047 quatuor
1188 3990 1400 4031 annos.
1455 3976 1678 4033 Deinde
1739 3961 1904 4050 quod
1956 3961 2139 4035 oculis

2252 3963 2519 4038 suscepit
2537 3962 2719 4019 istum
2751 3961 3126 4035 temporibus
3158 3961 3435 4020 Ludovici
3454 3961 3723 4050 Germanic:

486 4061 610 4117 vidi
628 4061 872 4117 liberius
899 4062 1072 4119 valeo
1097 4063 1305 4121 litteris
1335 4080 1658 4139 exsequere
1691 4033 1809 4122 “0“.

2255 4053 2345 4124 gis
2369 4033 2531 4125 (416).
2567 4055 2715 4110 Cum
2743 4033 3078 4124 quo'etiam
3107 4067 3272 4108 anno
3299 4048 3546 4139 secundo
3565 4059 3666 4101 sure
3696 4033 3791 4139 0rd):

563 4153 646 4205 18.
681 4153 948 4207 Domnus
1001 4155 1167 4208 Hatto
1215 4157 1355 4226 post
1404 4137 1591 4210 istum
1639 4154 1699 4210 in
1742 4155 1856 4212 ista
1888 4155 2139 4213 Ecclesia

2254 4142 2514 4200 nationis
2547 4149 2669 4210 (an.
2699 4141 2826 4213 881)
2851 4141 3108 4230 obtinuit
3135 4141 3493 4199 leinrodum
3729 4137 3792 4198 να

488 4238 799 4296 ordinatus
826 4244 913 4296 est
937 4224 1276 4314 episcopus,
1308 4247 1364 4299 et
1386 4259 1499 4316 pro
1554 4243 1836 4317 praedicto
1894 4246 2148 4320 impera-
2251 4235 2622 4306 μωοερειιω
2649 4231 2729 4288 δά
2754 4247 2908 4304 ορυε
2932 4229 3046 4286 Sibi
3076 4230 3413 4287 commissa!
3438 4224 3684 4284 E00105”.

487 4329 628 4386 toris
649 4328 788 4386 odio
818 4329 1042 4386 invenit
1067 4332 1334 4387 tunicam
1364 4337 1585 4390 sanctae
1610 4335 1801 4392 Mariae
1824 4352 1934 4409 per
1955 4336 2145 4393 multa
2175 4376 2217 4431 Β
2323 4335 2940 4393 21.PostLudovicum
2969 4335 3201 4408 accepit
3222 4347 3532 4407 germanus
3553 4341 3668 4431 sua?
3683 4324 3797 4431 68:0"

488 4420 735 4476 scissam
761 4425 816 4477 et
843 4420 1200 4494 disruptam,
1237 4421 1298 4478 id
1330 4427 1436 4491 est,
1493 4439 1588 4480 res
1647 4424 1816 4481 istius
1871 4424 2139 4483 Ecclesia

2252 4427 2347 4483 lus
2369 4425 2782 4482 monarchiam
2795 4425 3221 4499 totiusimperii
3244 4427 3361 4498 (an.
3375 4427 3513 4492 882),
3527 4414 3662 4492 apud
3675 4420 3798 4499 qua?

486 4511 741 4566 nimium
772 4510 1106 4569 subtractas
1136 4517 1192 4567 et
1221 4512 1528 4570 alienatas.
1560 4517 1666 4571 Pro
1695 4531 1954 4588 quarum
2008 4516 2144 4572 alie-
2254 4515 2507 4589 adeptus
2533 4519 2622 4571 est
2645 4531 2756 4571 suo
2777 4514 2946 4571 altari
2974 4496 3284 4572 Tilliacum
3304 4515 3529 4581 ﬁscum,
3557 4505 3640 4581 qui
3672 4496 3799 4557 fuerat

486 4601 725 4657 natione
756 4605 810 4658 et
838 4617 1087 4657 suorum
1110 4601 1428 4659 afﬂictione
1482 4607 1602 4660 toto
1657 4605 1792 4660 nisu
1845 4606 2027 4662 erexit
2082 4623 2144 4662 se
2255 4609 2430 4661 antea
2459 4604 2533 4661 de
2561 4604 2675 4660 ista
2707 4603 2983 4660 Ecclesia.
3018 4605 3152 4660 Post
3185 4604 3458 4662 Carolum
3508 4591 3696 4669 accepit
3733 4591 3798 4641 ΑΓ·

485 4695 692 4750 contra
720 4690 994 4748 inimicos
1024 4690 1194 4748 istius
1228 4692 1520 4763 Ecclesiae,
1575 4693 1769 4751 donec
1820 4695 2141 4752 miserante
2254 4695 2455 4751 nulfus
2480 4709 2670 4768 nepos
2699 4693 2855 4750 illius
2885 4709 3142 4767 regnum
3173 4695 3296 4767 (an.
3331 4694 3472 4764 887).

1854 4854 2085 4911 VARIE
2125 4856 2529 4914 LECTIONES.

557 4995 654 5031 ¹⁰⁸⁶
682 4995 961 5053 ducaebat
992 4996 1039 5052 1.
1121 4997 1215 5033 1⁸0⁸
1245 5012 1530 5069 exequzzzz
1569 4998 1614 5052 l.
1696 4998 1790 5033 ¹⁸⁰⁶
1819 4998 2049 5056 lottonii
2079 5014 2238 5056 corr.
2268 4997 2484 5055 lottarii
2507 5002 2555 5054 1.
2638 4999 2732 5032 ¹³⁰⁷
2765 4999 2891 5054 ΧΧΧ
2922 5013 3077 5054 corr.
3104 5001 3188 5054 XX
3220 4998 3267 5052 l.

561 5281 800 5382 (419111
858 5282 1176 5340 annalibus
1215 5284 1396 5356 hujus
1451 5283 1735 5358 temporis
1789 5283 1866 5341 de
1918 5283 2033 5341 hac
2087 5299 2150 5340 re
2249 5358 2288 5382 ἢ
2331 5281 2478 5382 (4114)
2864 5273 3803 5382 εροηῐὲίιξξξρξςὲζὲἒέξεεωξνξξξθᾝῗ

488 5335 1095 5426 nihiiiégiiuﬁf"m
1114 5335 1174 5340 “”
1215 5335 1394 5356 ”“·’““’
1455 5335 1732 5358 ”“τ““
1794 5335 1864 5341 ’⁷
1918 5335 2029 5341 “”’
2088 5335 2146 5340 “
2249 5335 2517 5426 Dacbery
2544 5335 2846 5426 intellexit.
2874 5335 3668 5426 maritast-5163mm
3703 5335 3803 5426 ἓξὲξ·

562 5405 908 5502 illiilli—et
960 5429 1275 5502 sequentes
1323 5429 1744 5502 episcoporum
1791 5427 1941 5502 anni
1979 5427 2139 5502 inter
2248 5405 2500 5502 ofﬂaﬁié
2530 5405 2863 5502 {11133651}
2879 5405 2947 5481 ἓί
2960 5405 3554 5482 Virbii'i'iai'dfiim
3600 5405 3804 5472 οοσιιτίῑο

488 5494 951 5574 se_‘m‘i.n_us_bene
983 5494 1472 5566 conveniuntfita
1520 5494 1585 5556 fit
1641 5503 1832 5557 certos
1889 5499 2136 5556 delinire
2319 5499 2459 5574 (415)
2491 5495 2554 5574 l_d
2583 5501 2669 5574 est
2699 5512 3052 5574 campanas.
3085 5573 3093 5574 ί
3497 5563 3506 5574 θ

492 5565 564 5624 sit
589 5566 1028 5641 diﬁcillimum.
1047 5636 1062 5641 _
1208 5639 1238 5641 η
1350 5565 1353 5566 ⁷
1409 5640 1412 5641 γ
2321 5565 2464 5641 (416⁷)
2485 5568 2772 5638 Junioris,
2800 5565 2906 5640 q'ui
2934 5585 2972 5625 θ
2998 5571 3238 5626 876σ882
3271 5565 3550 5638 regnavit.

559 5640 710 5713 (413)
737 5641 800 5697 V.
834 5636 1170 5712 Capitulam
1199 5639 1528 5700 Francmrt.
1552 5659 1610 5700 a.
1644 5647 1769 5700 794.
