4034 6182
161 117 267 172 517

1169 109 1258 162 DE
1298 110 1532 168 GESTlS
1570 110 2058 172 EPISCOPO‘RUM
2099 118 2565 177 VIRDUNENSIU
2590 123 2660 178 Μ.

3535 128 3637 197 sis

179 239 3632 284 __._________________________________________________

1407 364 2429 498 CONTINUATIO.

1680 583 2115 603 ᾜ

225 738 275 790 t.
311 735 457 789 Post
515 731 686 786 hunc
730 723 953 820 exstitit
1000 724 1467 820 Barnoinust808
1519 729 1842 820 episcopus
1873 734 1922 786 A
1954 733 2386 792 Bellamvillam
2428 737 2612 795 dedit.
2668 739 2857 811 Hujus
2901 741 3090 801 etiam
3147 749 3518 820 temporibus
3571 753 3634 810 in

150 825 274 894 (an.
307 823 462 892 9'25),
489 820 670 891 cujus
698 817 833 873 vitae
861 813 1142 888 priorum
1189 816 1422 876 desidia
1447 819 1572 876 solo
1601 819 1844 876 nomine

148 913 409 987 posteris
438 915 653 968 manet
682 905 1001 965 memoria.

218 1010 273 1060 2.
307 1005 433 1074 (an.
461 1003 588 1072 940)
646 997 866 1056 Deinde
915 996 1196 1052 domnus
1232 1000 1637 1072 Berengarius,
1671 1000 1846 1056 Primi

152 1093 384 1151 Ottonis
413 1093 515 1127 "‘0'
539 1087 918 1164 imperatoris
951 1088 1474 1160 consanguineus,
1506 1090 1598 1146 vir
1625 1089 1844 1146 nobilis

153 1189 207 1239 et
251 1181 616 1245 Saxonicus,
644 1179 836 1234 factus
879 1178 967 1230 est
990 1175 1185 1246 hujus
1221 1177 1472 1235 civitatis
1502 1180 1842 1253 episcopus.

151 1273 250 1328 llic
309 1269 632 1327 basilicam
687 1270 1031 1322 sanctorum
1096 1266 1525 1333 apostolorum
1589 1271 1740 1324 Petri
1792 1272 1850 1323 et

149 1361 338 1428 Pauli,
370 1360 431 1415 in
460 1373 590 1431 qua
633 1353 944 1429 requiescit
993 1367 1227 1425 corpus
1261 1357 1452 1413 sancti
1483 1358 1679 1413 Vitoni
1707 1373 1847 1413 cum

150 1450 355 1507 multis
386 1446 804 1504 decessoribus
835 1442 1429 1517 successoribusque
1460 1446 1607 1513 suis,
1636 1447 1699 1502 in
1730 1463 1851 1502 me-

146 1542 360 1597 liorem
393 1535 656 1593 reddidit
687 1537 922 1598 statum,
957 1538 1082 1599 (an.
1117 1533 1258 1604 952)
1309 1535 1476 1591 auxit
1527 1538 1585 1589 et
1611 1535 1852 1591 ornavit

146 1632 322 1698 (417),
357 1627 732 1698 cloricosque
761 1624 816 1678 in
848 1637 916 1678 ea
947 1621 1246 1691 degentes
1278 1629 1337 1680 et
1386 1623 1603 1678 multis
1641 1625 1850 1680 vilibus

148 1719 408 1789 negotiis
439 1715 836 1773 deservientes
874 1710 1104 1782 abjecit,
1157 1713 1652 1784 monachosque
1706 1713 1850 1769 inibi

152 1815 274 1868 Deo
305 1808 638 1865 servituros
661 1801 976 1870 constituit,
1027 1800 1266 1873 quibus
1298 1803 1604 1859 abbatem
1655 1803 1854 1874 praefe-

149 1902 245 1969 cit,
277 1897 530 1955 nomine
570 1893 973 1955 Humbertum,
1024 1889 1169 1946 olim
1231 1892 1523 1962 ejusdem
1579 1891 1855 1948 Ecclesiae

151 1991 464 2055 clericum,
490 1984 598 2041 sed
632 1989 770 2040 tunc
789 1979 1065 2054 temporis
1081 1979 1283 2036 divini
1305 1980 1548 2036 amoris
1564 1980 1856 2037 instinctu

150 2079 316 2154 apud
349 2079 645 2135 Sanctum
699 2078 919 2144 Aprum
948 2070 1112 2126 Tullo
1163 2071 1582 2137 monachum,
1619 2071 1855 2144 ipsique
1886 2085 1925 2137 Β

151 2171 284 2226 loco
312 2171 447 2239 jam
478 2183 517 2223 a
548 2169 668 2222 Deo
690 2166 915 2218 Patrem
937 2160 1193 2216 factum.
1231 2161 1505 2224 Quorum
1537 2159 1728 2215 victui
1757 2160 1857 2215 de-

152 2258 374 2329 legavit
431 2255 740 2313 Scantiam
784 2251 986 2307 villam
1035 2263 1179 2304 cum
1242 2247 1469 2315 banno,
1535 2248 1854 2305 abbatiam

155 2363 404 2421 quoque
433 2344 631 2401 sancti
681 2340 936 2398 Amantii
990 2340 1052 2395 in
1080 2336 1408 2409 Aquitania
1453 2351 1601 2392 cum
1645 2338 1852 2394 multis

156 2436 439 2493 Ecclesiis
465 2435 652 2505 hujus
682 2429 990 2505 episcopii.
1045 2427 1177 2483 Fuit
1225 2428 1430 2481 autem
1476 2427 1852 2497 temporibus

158 2526 430 2600 prodicti
453 2523 690 2582 Ottonis
717 2521 873 2591 regis
890 2515 1343 2581 Germanite,de
1363 2530 1487 2586 quo
1512 2514 1740 2571 dictum
1763 2523 1852 2574 est

159 2618 334 2685 (418),
386 2614 562 2687 quod
621 2612 701 2668 ad
750 2607 1130 2680 triumphum
1160 2603 1430 2659 Ecclesiae
1481 2604 1662 2676 erepit
1691 2608 1850 2662 Otto.

161 2718 436 2760 crescere
467 2706 528 2758 et
556 2700 636 2756 ad
664 2698 1004 2772 profectum
1028 2693 1250 2750 venire.
1278 2691 1420 2747 Huic
1450 2690 1736 2747 successit
1757 2707 1849 2746 se-

160 2793 402 2848 cundus
435 2793 596 2847 Ottto
619 2789 696 2845 ad
718 2786 1045 2860 imperium
1073 2787 1138 2839 ut
1161 2782 1398 2837 ﬂoreret
1417 2780 1725 2835 saeculum.
1747 2783 1848 2836 llic

160 2886 361 2938 Pam
396 2879 741 2944 defunctus,
772 2873 1188 2932 nescientibus
1216 2870 1500 2926 Romanis
1532 2885 1569 2925 a
1597 2870 1722 2924 suis
1758 2875 1851 2926 est

153 2972 484 3036 ablatus,et
516 2967 701 3039 Aquis
725 2959 1262 3038 quiescitsepultus
1282 2958 1616 3028 (419).Vixit
1647 2963 1850 3014 autem

157 3063 215 3116 in
239 3061 379 3132 ipso
411 3057 769 3130 episcopatu
800 3054 996 3109 isdem
1052 3051 1148 3086 ¹⁸⁴⁰
1206 3049 1383 3106 bonae
1411 3047 1720 3103 memoriae
1753 3052 1852 3104 Be-

157 3148 482 3219 rengarius
518 3145 721 3202 multis
748 3143 989 3210 diebus,
1015 3145 1072 3196 et
1098 3138 1371 3212 sepultus
1399 3142 1490 3194 est
1514 3138 1574 3192 in
1601 3137 1850 3194 basilica

158 3239 349 3296 sancti
385 3235 540 3293 Petri
567 3235 630 3290 in
656 3234 897 3290 sinistra
919 3233 1092 3304 parte
1122 3229 1306 3295 chori,
1332 3242 1512 3300 super
1532 3243 1713 3300 quem
1743 3243 1850 3300 po-

157 3332 340 3386 situm
369 3332 464 3384 est
496 3325 684 3382 altare
709 3337 904 3395 usque
933 3321 995 3376 in
1025 3334 1296 3392 praesens
1321 3319 1487 3390 (420).
1515 3318 1698 3387 Hujus
1728 3333 1843 3388 ego

156 3418 434 3474 casulam
468 3429 599 3488 qua
625 3413 871 3469 indutus
901 3414 1032 3466 erat
1063 3411 1324 3478 (an.960)
1355 3407 1416 3462 in
1442 3406 1717 3478 sepulcro
1753 3409 1845 3442 Im

159 3508 394 3580 positus
425 3504 575 3570 vidi,
603 3518 743 3576 quae
789 3507 1008 3575 postea
1039 3499 1119 3554 ab
1167 3499 1297 3568 ejus
1348 3512 1596 3568 corpore
1625 3496 1836 3554 evulsa

163 3599 289 3653 fuit.
335 3595 543 3651 Multis
595 3599 796 3649 autem
829 3587 1226 3647 referentibus
1277 3586 1483 3641 audivi
1523 3586 1687 3656 quod
1718 3588 1850 3657 ejus

159 3705 271 3761 pes
295 3692 438 3743 ante
469 3688 728 3740 mortem
759 3681 954 3738 factus
979 3682 1070 3733 est
1111 3675 1335 3732 aridus.
1386 3677 1534 3730 Nam
1576 3675 1850 3745 quadam

157 3777 264 3832 die
277 3772 680 3830 descendente
691 3786 762 3827 eo
775 3770 854 3826 ad
866 3765 1184 3825 ecclesiam
1201 3763 1391 3819 beatae
1405 3761 1851 3830 Marieednvenit

161 3864 454 3922 clericum
488 3859 816 3934 quemdam
858 3856 988 3913 solo
1017 3857 1386 3927 prostratum
1433 3850 1625 3906 beatae
1657 3851 1850 3906 Marias

163 3953 537 4011 memoriam
585 3949 1012 4005 celebrantem.
1048 3945 1218 3998 Hunc
1263 3939 1556 4014 percussit
1581 3938 1756 4011 pede,
1788 3946 1853 3996 ut

172 4044 471 4112 surgeret.
505 4041 634 4095 Mox
657 4037 752 4092 ille
783 4033 1038 4090 surrexit
1088 4033 1185 4073 ίειι
1210 4034 1268 4086 et
1295 4029 1419 4084 viso
1458 4043 1529 4083 eo
1559 4026 1852 4099 patienter

165 4131 324 4187 tulit.
387 4125 673 4200 Sequenti
731 4128 932 4179 autem
974 4124 1147 4176 nocte
1199 4118 1415 4175 lectulo
1463 4116 1717 4188 jacentis
1791 4121 1850 4173 et

165 4219 440 4276 necdum
511 4213 860 4271 dormientis
920 4209 1185 4284 episcopi
1239 4224 1378 4263 cum
1439 4207 1616 4263 beata
1677 4206 1848 4262 Tecla

165 4309 361 4366 astitit
415 4305 596 4374 Virgo
648 4304 859 4361 Maria:
932 4303 1208 4369 Percute,
1260 4298 1470 4370 inquit,
1529 4298 1699 4352 istius
1745 4313 1845 4368 pe-

164 4401 332 4464 dem,
393 4396 593 4464 Tecta,
625 4400 677 4450 et
711 4394 919 4450 clerici
942 4392 1061 4446 mei
1114 4391 1359 4459 injuria:
1399 4389 1596 4444 ultrix
1638 4389 1840 4444 exists.

163 4492 302 4544 Hac
328 4482 718 4559 percussione
747 4481 825 4537 ab
853 4479 1066 4536 eadem
1111 4479 1260 4532 hora
1284 4477 1459 4550 erepit
1482 4475 1691 4532 ardere
1738 4492 1844 4550 pes

167 4579 334 4649 ejus,
386 4579 447 4631 et
487 4575 550 4630 in
593 4573 721 4643 jam
767 4571 924 4627 dicto
951 4569 1083 4626 loco
1132 4569 1467 4624 monachus
1509 4567 1702 4623 factus
1733 4573 1839 4623 est.

164 4666 383 4721 Isdem
416 4661 697 4737 praefatus
725 4661 1050 4734 episcopus
1087 4657 1365 4713 fratribus
1397 4659 1614 4712 sancite
1654 4656 1844 4712 Mariae

1953 825 2242 896 praedicta
2266 825 2426 883 beati
2472 827 2664 883 Vitoni
2695 829 2954 887 ecclesia
2985 832 3318 893 revelatum
3345 844 3403 895 et
3427 839 3636 897 iuven-

1956 917 2081 968 tum
2111 918 2200 969 est
2237 930 2454 986 corpus
2506 916 2696 974 sancti
2741 917 2986 974 Firmini
3040 937 3147 993 per
3184 923 3641 986 devotissimam

1955 1000 2244 1058 feminam
2275 1003 2626 1071 Eugeniam,
2675 1009 2753 1076 et,
2804 1023 2917 1079 pro
2952 1008 3205 1068 tuitione
3245 1013 3468 1074 civium
3504 1032 3640 1074 suav

1954 1106 2212 1162 rumque
2240 1091 2673 1162 ampliﬁcanda
2697 1095 2990 1167 opinione
3022 1099 3328 1172 virtutum,
3361 1105 3642 1176 petitione

1955 1180 2223 1251 praedicti
2252 1180 2492 1238 abbatis
2539 1183 2848 1241 Humberti
2874 1185 2940 1242 in
2988 1188 3196 1247 villam
3240 1193 3640 1253 Haviniacum

1955 1269 2222 1338 regalem
2271 1271 2596 1342 quondam
2644 1273 2860 1330 ﬁscum
2907 1275 3244 1337 honoriﬁce
3287 1284 3639 1343 translatum

1957 1362 2063 1414 est.

2030 1454 2080 1504 3.
2106 1451 2246 1504 Post
2261 1448 2437 1520 cuius
2466 1466 2788 1509 excessum
2818 1455 3043 1512 exstitit
3071 1456 3294 1514 domus
3313 1460 3638 1518 Wicﬁ-idus

1959 1537 2282 1609 episcopus
2312 1540 2484 1609 (421),
2514 1539 2591 1594 de
2617 1541 3030 1598 Bawariorum
3071 1547 3345 1615 partibus
3374 1549 3464 1604 vir
3488 1553 3635 1605 Teu-

1959 1625 2213 1681 tonicus.
2266 1631 2378 1683 Iste
2408 1627 2860 1698 diligentissime
2898 1635 3354 1692 antecessorum
3381 1653 3633 1694 suorum

1961 1719 2094 1770 acta
2122 1715 2483 1788 requirebat,
2515 1721 2573 1773 et
2597 1717 2778 1776 vitam
2802 1735 3016 1775 eorum
3047 1722 3474 1794 amplectenda
3497 1726 3635 1799 qui-

1961 1802 2078 1859 bus
2110 1809 2342 1876 poterat
2371 1805 2566 1862 modis
2585 1805 2804 1863 imitari
2829 1807 3126 1880 cupiebat.
3145 1813 3298 1869 Cum
3329 1819 3533 1871 autem
3556 1815 3634 1870 de

1963 1907 2171 1948 eorum
2196 1893 2410 1950 virtute
2435 1900 2493 1952 et
2509 1894 2675 1952 bona
2693 1896 2978 1969 opinione
2999 1897 3193 1956 multa
3213 1900 3456 1972 legeret.
3482 1902 3634 1960 etde

1966 1984 2120 2036 statu
2177 1981 2439 2038 ecclesiae
2486 1983 2659 2039 istius
2706 1999 2742 2038 a
2777 1984 3002 2056 quibus
3035 1985 3228 2044 ditata
3267 1989 3462 2050 fuerat
3491 1990 3634 2046 satis

1965 2070 2316 2140 exquireret,
2347 2071 2574 2128 invenit
2612 2071 2862 2130 Paulum
2904 2073 3268 2148 episcopum
3298 2078 3452 2135 inter
3480 2079 3631 2135 alios

1965 2159 2262 2231 praecipue
2293 2177 2426 2217 eam
2455 2162 2634 2217 rebus
2665 2161 2892 2218 collatis
2918 2163 3214 2222 exultasse
3245 2172 3303 2224 et
3347 2183 3423 2224 ex
3450 2168 3630 2240 inope

1964 2247 2206 2304 divitem
2235 2248 2466 2306 iecisse.
2522 2253 2657 2305 Erat
2686 2250 2846 2307 enim
2896 2257 3063 2308 extra
3115 2271 3330 2312 muros
3381 2255 3631 2312 urbisin

1962 2338 2190 2392 honore
2247 2337 2436 2393 sancti
2468 2339 2703 2395 Saturni
2751 2339 3020 2408 ecclesia,
3077 2341 3183 2398 ubi
3234 2361 3457 2416 corpus
3498 2346 3634 2416 ejus

1963 2427 2274 2486 conditum
2320 2427 2580 2498 jacebat,
2640 2444 2825 2500 supra
2860 2429 3090 2486 ﬂumen
3135 2433 3355 2504 posita,
3410 2435 3472 2491 in
3505 2451 3632 2502 qua

1962 2515 2152 2572 multa
2176 2515 2455 2571 beniﬁcia
2473 2517 2804 2588 prtestabat
2825 2534 2932 2590 per
2952 2519 3240 2576 meritum
3264 2527 3323 2579 et
3351 2523 3632 2581 intercus.

1961 2606 2192 2662 sionem
2222 2605 2313 2660 sui
2344 2604 2723 2662 confessoris.
2747 2611 2896 2662 Nam
2924 2623 3000 2663 ex
3030 2609 3245 2666 tumba
3273 2608 3405 2682 ejus
3426 2613 3628 2671 oleum

1960 2710 2164 2750 revera
2193 2692 2515 2762 deﬂuebat,
2537 2695 2710 2767 cujus
2733 2700 2892 2752 tactu
2912 2696 3116 2768 plures
3130 2699 3355 2756 inﬁrmi
3374 2704 3628 2776 sospites

1959 2783 2388 2849 efﬁciebantur,
2421 2788 2479 2839 et
2531 2783 2610 2839 ab
2640 2784 2850 2840 incolis
2875 2785 3192 2843 dicebatur
3216 2789 3404 2860 hujus
3432 2794 3630 2865 sepul-

1960 2890 2132 2930 crum
2179 2873 2416 2946 plorare
2465 2889 2536 2929 eo
2578 2874 2745 2946 quod
2795 2875 3090 2931 incultum
3138 2877 3438 2936 videretur
3471 2898 3622 2940 esse.

1962 2964 2130 3028 Hanc
2153 2978 2297 3032 ergo
2325 2963 2611 3030 studiose,
2631 2966 2689 3018 et
2717 2962 2872 3019 sicut
2895 2969 3026 3020 erat
3049 2965 3186 3037 pius
3217 2971 3379 3035 voto,
3433 2971 3496 3027 in
3522 2972 3629 3029 ho-

1960 3067 2106 3107 nore
2118 3052 2263 3108 tanti
2282 3052 2554 3124 praesulis
2570 3052 2961 3123 magniﬁcare
2990 3054 3247 3112 devovit.
3261 3060 3454 3123 Quam
3483 3075 3627 3118 mox

1961 3157 1997 3196 a
2021 3140 2428 3196 fundamentis
2459 3141 2658 3208 erexit,
2689 3145 2745 3195 et
2775 3144 2893 3197 Deo
2923 3142 3158 3200 volente
3191 3147 3436 3218 peregit,
3466 3153 3523 3206 et
3544 3149 3627 3206 ad

1962 3229 2305 3302 petitionem
2333 3230 2572 3300 civium,
2601 3245 2723 3286 non
2772 3229 3096 3288 immemor
3123 3233 3218 3289 sui
3258 3236 3391 3301 voti,
3415 3250 3627 3294 mona-

1962 3319 2107 3374 chos
2133 3318 2217 3372 ibi
2247 3319 2470 3391 posuit,
2501 3319 2608 3393 qui
2638 3319 2735 3375 die
2771 3325 3076 3394 noctuque
3106 3324 3399 3381 servirent
3426 3328 3546 3382 Deo
3567 3329 3628 3382 et

1963 3412 2172 3464 sancto
2203 3423 2314 3462 suo
2361 3407 2689 3463 confessori
2742 3407 2946 3474 Paulo,
2977 3415 3037 3466 et
3071 3410 3136 3465 in
3185 3411 3412 3468 honore
3438 3413 3628 3472 sancti

1915 3480 1930 3498 ¹
1962 3497 2128 3553 Pauli
2167 3495 2422 3567 apostoli
2486 3496 2686 3567 majus
2735 3495 2919 3552 altare
2963 3501 3355 3557 consecravit.
3397 3505 3626 3574 Corpus

1960 3590 2159 3642 autem
2217 3585 2407 3640 sancti
2461 3585 2628 3640 Pauli
2653 3600 2730 3638 ex
2759 3584 3037 3656 sepulcro
3097 3589 3193 3623 “"3
3239 3589 3544 3646 sublatum
3591 3607 3626 3646 v

1968 3674 2265 3730 Kalendas
2293 3672 2659 3746 Septembris
2683 3671 2964 3729 decenter
2987 3674 3050 3729 in
3095 3676 3309 3732 feretro
3338 3682 3622 3749 argenteo

1967 3762 2254 3834 reposuit.
2289 3761 2669 3818 Ornamentis
2715 3765 2774 3817 et
2819 3762 3004 3832 signis
3053 3764 3294 3836 optimis
3331 3765 3624 3838 templum

1964 3851 2214 3912 ornavit.
2245 3856 2301 3906 et
2324 3852 2399 3906 de
2428 3851 2608 3907 rebus
2636 3850 2805 3906 istius
2854 3853 3123 3909 Ecclesia
3151 3854 3372 3910 victum
3411 3871 3624 3912 mona-

1965 3939 2090 3994 chis
2142 3941 2526 4013 praeparavit,
2587 3940 2980 4014 villarumque
3035 3959 3282 4000 suarum
3348 3944 3624 4001 meliores

1961 4028 2243 4084 ecclesias
2265 4029 2350 4084 eis
2379 4029 2646 4085 contulit.
2709 4030 3051 4087 Wasnaum
3091 4033 3306 4089 ﬁscum
3328 4033 3627 4108 optimum

1963 4118 2273 4190 stipendiis
2297 4135 2508 4175 eorum
2559 4119 2857 4191 delegavit
2885 4125 2942 4176 et
2988 4121 3107 4178 alia
3136 4124 3326 4180 multa
3357 4141 3492 4198 quae
3522 4142 3628 4200 po-

1959 4209 2066 4266 tuit
2115 4209 2399 4266 attribuit.
2455 4210 2745 4267 Tabulam
2797 4225 3044 4268 auream
3094 4219 3234 4270 ante
3275 4214 3463 4272 altam
3493 4232 3627 4272 san~

1958 4303 2064 4355 ctae
2087 4299 2280 4356 Mariae
2309 4299 2464 4371 fecit,
2497 4305 2552 4357 et
2601 4303 2974 4358 ornamentis
3022 4307 3202 4375 atque
3247 4305 3484 4361 coronis
3537 4322 3630 4362 ec.

1957 4388 2148 4444 clesite
2178 4388 2392 4445 faciem
2417 4390 2671 4446 ornavit.
2723 4390 2847 4446 Fuit
2871 4395 3073 4447 autem
3100 4395 3370 4464 tempore
3399 4393 3625 4448 Ottonis

1959 4477 2156 4545 Tertii,
2213 4479 2318 4550 qui
2371 4495 2407 4534 a
2461 4479 2783 4536 cunabulis
2838 4479 3115 4552 sumpsit,
3175 4484 3477 4553 sceptrum
3520 4483 3628 4537 Bo-

1956 4584 2278 4624 manorum
2310 4572 2366 4624 et
2425 4569 2676 4624 traditus
2705 4572 2792 4624 est
2839 4567 3184 4624 liberalibus
3221 4569 3475 4637 studiis;
3507 4570 3624 4626 sub

1958 4657 2130 4728 cujus
2156 4656 2446 4728 regimine
2480 4657 2643 4714 salus
2675 4656 2784 4713 fuit
2839 4657 3070 4714 mundo
3121 4657 3269 4729 (422)
3301 4663 3356 4714 et
3413 4659 3621 4730 gloria.

1554 4762 1792 4817 VARIIE
1846 4763 2248 4821 LECTIONES.

260 4887 358 4922 "0'
387 4845 681 4955 superscr.
713 4881 941 4942 XXVIIII
962 4887 1038 4956 Aet
1065 4882 1154 4956 ita
1172 4895 1328 4956 seqq.
1362 4881 1410 4956 l_.
1503 4879 1598 4915 ιεοο
1629 4877 1846 4937 ottonis
1871 4883 1919 4956 ς.
1977 4879 2079 4956 ξθίο
2110 4882 2149 4937 2'.
2182 4895 2231 4938 ε.
2258 4880 2472 4950 isdem,
2518 4880 2698 4938 idem.
2792 4879 2887 4923 im
2923 4877 3200 4952 sepulcro
3227 4895 3525 4952 superscr.
3559 4883 3619 4940 h.

177 4949 509 5031 (sepulcro)
546 4963 593 5012 l.
653 4956 747 4993 ι⁸¹²
778 4954 1000 5011 surexit
1029 4954 1078 5009 l.
1116 4953 1211 4987 ¹⁸¹³
1242 4949 1514 5025 sepulcro
1545 4965 1842 5023 superscr.
1876 4951 1936 5006 h.
1977 4949 2024 5006 l.

1794 5057 2016 5115 NOTAE.

237 5172 417 5268 ’(Itn)
449 5171 534 5228 Cf.
565 5169 894 5244 diplomata
940 5165 1272 5237 Berengarii
1297 5181 1396 5238 ap.
1447 5164 1676 5221 Calmet
1705 5169 1745 5236 Ι,
1786 5181 1846 5237 p.

181 5243 342 5386 ὣ(ὲῖ
357 5313 416 5385 8)
444 5314 528 5371 ad
583 5313 951 5386 triumphum
981 5312 1324 5386 crescereet
1371 5308 1854 5386 postjgnperium

173 5378 332 5457 ut‘f.
365 5378 525 5461 (ex
575 5378 871 5461 rhythmis
900 5382 973 5438 de
1029 5381 1194 5438 obitu
1221 5378 1466 5461 Othonis
1506 5379 1578 5461 Ill
1610 5383 1856 5461 sumpta

171 5451 354 5526 sunt,
380 5456 486 5512 ubi
515 5451 715 5512 tamen
749 5459 991 5526 uterque
1013 5469 1218 5508 versus
1247 5451 1324 5508 ad
1349 5452 1510 5508 hunc
1536 5451 1856 5524 imperato-

172 5547 324 5587 rem
358 5532 606 5602 spectat.

267 5594 414 5673 (iis)
443 5603 568 5658 Non
596 5599 746 5656 Otho
776 5601 841 5670 ιι,
875 5595 979 5653 sed
1005 5594 1154 5653 Otho
1181 5598 1268 5651 ιιι.

2030 5167 2178 5233 (420)
2239 5169 2358 5223 Huc
2421 5164 2702 5239 Richardi
2777 5169 3046 5239 tempore
3091 5183 3310 5239 corpus
3376 5169 3625 5228 transla-

1963 5241 2274 5363 tun‘165esse
2321 5242 2525 5294 narrat
2584 5237 2756 5308 Hugo
2831 5237 2989 5294 Flav.
3050 5255 3148 5312 ap.
3195 5237 3519 5298 Labbeum
3575 5243 3620 5313 Ι,

1965 5325 2051 5380 Pr
2169 5350 2180 5362 -
2633 5379 2638 5380 ,

1963 5450 1988 5505 ἰ
2033 5379 2179 5506 (tim)
2213 5380 2564 5450 Berengario
2587 5379 2725 5437 vivo
2746 5380 2966 5439 electus
2987 5383 3116 5454 jam
3149 5399 3310 5443 anno
3342 5387 3444 5440 962
3475 5400 3624 5458 pm-

1988 5467 2047 5506 ui
2078 5492 2089 5505 .

1988 5467 2089 5506 un.

2040 5522 2184 5596 [422)
2216 5521 2297 5578 Cf.
2331 5523 2613 5596 Rhythmi
2640 5524 2678 5582 l.
2707 5543 2726 5582 1
2753 5545 2764 5586 :
2826 5525 2966 5584 Vivo
2997 5527 3226 5588 Othone
3254 5526 3429 5589 tertio
3460 5526 3623 5584 saltu

1959 5595 2083 5664 fuit
2101 5597 2346 5665 populo.
