  <div class='ocr_page' id='page_1' title='image "/cluster/home/n/w/nwhite01/storage/ocr_20150623/132/hvd.32044054759931/265.png"; bbox 0 0 4034 6182; ppageno 0'>
   <div class='ocr_carea' id='block_1_1' title="bbox 377 59 3819 156">
    <p class='ocr_par' dir='ltr' id='par_1_1' title="bbox 377 59 3819 156">
     <span class='ocr_line' id='line_1_1' title="bbox 377 59 3819 156; baseline -0.004 0"><span class='ocrx_word' id='word_1_1' title='bbox 377 103 485 156; x_wconf 73' lang='lat' dir='ltr'>sis</span> <span class='ocrx_word' id='word_1_2' title='bbox 1441 89 1771 150; x_wconf 80' lang='lat' dir='ltr'>BERTARII</span> <span class='ocrx_word' id='word_1_3' title='bbox 1810 86 2278 144; x_wconf 79' lang='lat' dir='ltr'>VIRDUNENSIS</span> <span class='ocrx_word' id='word_1_4' title='bbox 2318 84 2748 143; x_wconf 80' lang='lat' dir='ltr'><strong>SACERDOTIS</strong></span> <span class='ocrx_word' id='word_1_5' title='bbox 3688 59 3819 153; x_wconf 61' lang='grc' dir='ltr'>ἠέ)</span> 
     </span>
    </p>
   </div>
   <div class='ocr_carea' id='block_1_2' title="bbox 379 207 3793 290">
    <p class='ocr_par' dir='ltr' id='par_1_2' title="bbox 379 207 3793 290">
     <span class='ocr_line' id='line_1_2' title="bbox 379 207 3793 290; baseline -0.003 -10"><span class='ocrx_word' id='word_1_6' title='bbox 379 222 641 281; x_wconf 88' lang='lat' dir='ltr'>Evolutis</span> <span class='ocrx_word' id='word_1_7' title='bbox 668 225 869 279; x_wconf 88' lang='lat' dir='ltr'>autem</span> <span class='ocrx_word' id='word_1_8' title='bbox 897 217 1098 276; x_wconf 89' lang='lat' dir='ltr'>multis</span> <span class='ocrx_word' id='word_1_9' title='bbox 1146 217 1368 290; x_wconf 87' lang='lat' dir='ltr'>quibus</span> <span class='ocrx_word' id='word_1_10' title='bbox 1394 216 1539 272; x_wconf 74' lang='lat' dir='ltr'>vixit</span> <span class='ocrx_word' id='word_1_11' title='bbox 1561 219 1624 273; x_wconf 92' lang='lat' dir='ltr'>in</span> <span class='ocrx_word' id='word_1_12' title='bbox 1666 216 1781 272; x_wconf 88' lang='lat' dir='ltr'>isto</span> <span class='ocrx_word' id='word_1_13' title='bbox 1811 213 2037 287; x_wconf 89' lang='lat' dir='ltr'>episco-</span> <span class='ocrx_word' id='word_1_14' title='bbox 2065 213 2114 266; x_wconf 82' lang='grc' dir='ltr'><strong>Α</strong></span> <span class='ocrx_word' id='word_1_15' title='bbox 2222 214 2273 266; x_wconf 83' lang='lat'>6.</span> <span class='ocrx_word' id='word_1_16' title='bbox 2308 207 2452 265; x_wconf 87' lang='lat' dir='ltr'>Huic</span> <span class='ocrx_word' id='word_1_17' title='bbox 2483 209 2769 267; x_wconf 81' lang='lat' dir='ltr'>successit</span> <span class='ocrx_word' id='word_1_18' title='bbox 2798 210 3060 267; x_wconf 89' lang='lat' dir='ltr'>domnus</span> <span class='ocrx_word' id='word_1_19' title='bbox 3090 209 3407 277; x_wconf 80' lang='lat' dir='ltr'>Adalbero,</span> <span class='ocrx_word' id='word_1_20' title='bbox 3440 210 3602 267; x_wconf 84' lang='lat' dir='ltr'>ﬁlius</span> <span class='ocrx_word' id='word_1_21' title='bbox 3633 212 3793 269; x_wconf 89' lang='lat' dir='ltr'>comi</span> 
     </span>
    </p>
   </div>
   <div class='ocr_carea' id='block_1_3' title="bbox 376 296 3823 387">
    <p class='ocr_par' dir='ltr' id='par_1_3' title="bbox 376 296 3823 387">
     <span class='ocr_line' id='line_1_3' title="bbox 376 296 3823 387; baseline -0.004 -18"><span class='ocrx_word' id='word_1_22' title='bbox 376 316 520 387; x_wconf 89' lang='lat' dir='ltr'>patu</span> <span class='ocrx_word' id='word_1_23' title='bbox 548 311 747 380; x_wconf 87' lang='lat' dir='ltr'>anuis,</span> <span class='ocrx_word' id='word_1_24' title='bbox 795 308 1018 382; x_wconf 82' lang='lat' dir='ltr'>quievit</span> <span class='ocrx_word' id='word_1_25' title='bbox 1063 306 1124 362; x_wconf 92' lang='lat' dir='ltr'>in</span> <span class='ocrx_word' id='word_1_26' title='bbox 1155 322 1304 379; x_wconf 83' lang='lat' dir='ltr'>pace</span> <span class='ocrx_word' id='word_1_27' title='bbox 1333 323 1373 360; x_wconf 89' lang='grc' dir='ltr'>ιι</span> <span class='ocrx_word' id='word_1_28' title='bbox 1433 305 1731 362; x_wconf 83' lang='lat' dir='ltr'>Kalendas</span> <span class='ocrx_word' id='word_1_29' title='bbox 1785 306 2047 376; x_wconf 88' lang='lat' dir='ltr'>Septem-</span> <span class='ocrx_word' id='word_1_30' title='bbox 2154 298 2228 353; x_wconf 87' lang='lat' dir='ltr'>tis</span> <span class='ocrx_word' id='word_1_31' title='bbox 2260 296 2582 368; x_wconf 83' lang='lat' dir='ltr'>Godefridi,</span> <span class='ocrx_word' id='word_1_32' title='bbox 2613 299 2717 370; x_wconf 89' lang='lat' dir='ltr'>qui</span> <span class='ocrx_word' id='word_1_33' title='bbox 2748 298 2858 355; x_wconf 83' lang='lat' dir='ltr'>fuit</span> <span class='ocrx_word' id='word_1_34' title='bbox 2887 314 3037 354; x_wconf 86' lang='lat' dir='ltr'>avus</span> <span class='ocrx_word' id='word_1_35' title='bbox 3060 298 3229 354; x_wconf 88' lang='lat' dir='ltr'>ducis</span> <span class='ocrx_word' id='word_1_36' title='bbox 3251 299 3554 355; x_wconf 87' lang='lat' dir='ltr'>Godefridi</span> <span class='ocrx_word' id='word_1_37' title='bbox 3584 300 3692 373; x_wconf 90' lang='lat' dir='ltr'>qui</span> <span class='ocrx_word' id='word_1_38' title='bbox 3724 316 3823 372; x_wconf 88' lang='lat' dir='ltr'>po-</span> 
     </span>
    </p>
   </div>
   <div class='ocr_carea' id='block_1_4' title="bbox 376 387 3825 472">
    <p class='ocr_par' dir='ltr' id='par_1_4' title="bbox 376 387 3825 472">
     <span class='ocr_line' id='line_1_4' title="bbox 376 387 3825 472; baseline -0.003 -17"><span class='ocrx_word' id='word_1_39' title='bbox 376 398 520 465; x_wconf 90' lang='lat' dir='ltr'>bris,</span> <span class='ocrx_word' id='word_1_40' title='bbox 543 404 601 455; x_wconf 91' lang='lat' dir='ltr'>et</span> <span class='ocrx_word' id='word_1_41' title='bbox 627 399 894 472; x_wconf 89' lang='lat' dir='ltr'>sepultus</span> <span class='ocrx_word' id='word_1_42' title='bbox 918 401 1007 453; x_wconf 92' lang='lat' dir='ltr'>est</span> <span class='ocrx_word' id='word_1_43' title='bbox 1033 397 1094 453; x_wconf 91' lang='lat' dir='ltr'>in</span> <span class='ocrx_word' id='word_1_44' title='bbox 1120 395 1490 454; x_wconf 90' lang='lat' dir='ltr'>monasterio</span> <span class='ocrx_word' id='word_1_45' title='bbox 1517 393 1682 469; x_wconf 90' lang='lat' dir='ltr'>quod</span> <span class='ocrx_word' id='word_1_46' title='bbox 1712 395 1841 466; x_wconf 88' lang='lat' dir='ltr'>ipse</span> <span class='ocrx_word' id='word_1_47' title='bbox 1860 392 1921 447; x_wconf 92' lang='lat' dir='ltr'>in</span> <span class='ocrx_word' id='word_1_48' title='bbox 1938 391 2044 446; x_wconf 89' lang='lat' dir='ltr'>ho-</span> <span class='ocrx_word' id='word_1_49' title='bbox 2153 392 2278 443; x_wconf 89' lang='lat' dir='ltr'>stea</span> <span class='ocrx_word' id='word_1_50' title='bbox 2306 391 2554 459; x_wconf 89' lang='lat' dir='ltr'>accepta</span> <span class='ocrx_word' id='word_1_51' title='bbox 2596 403 2781 443; x_wconf 82' lang='lat' dir='ltr'>uxore</span> <span class='ocrx_word' id='word_1_52' title='bbox 2830 387 3117 461; x_wconf 80' lang='lat' dir='ltr'>principis</span> <span class='ocrx_word' id='word_1_53' title='bbox 3148 388 3447 446; x_wconf 86' lang='lat' dir='ltr'>Bonefacii</span> <span class='ocrx_word' id='word_1_54' title='bbox 3492 389 3692 445; x_wconf 80' lang='lat' dir='ltr'>factus</span> <span class='ocrx_word' id='word_1_55' title='bbox 3740 394 3825 446; x_wconf 90' lang='lat' dir='ltr'>est</span> 
     </span>
    </p>
   </div>
   <div class='ocr_carea' id='block_1_5' title="bbox 378 474 3823 556">
    <p class='ocr_par' dir='ltr' id='par_1_5' title="bbox 378 474 3823 556">
     <span class='ocr_line' id='line_1_5' title="bbox 378 474 3823 556; baseline -0.002 -12"><span class='ocrx_word' id='word_1_56' title='bbox 378 503 521 544; x_wconf 91' lang='lat' dir='ltr'>nore</span> <span class='ocrx_word' id='word_1_57' title='bbox 580 487 767 544; x_wconf 80' lang='lat' dir='ltr'>sancti</span> <span class='ocrx_word' id='word_1_58' title='bbox 814 485 981 542; x_wconf 80' lang='lat' dir='ltr'>Pauli</span> <span class='ocrx_word' id='word_1_59' title='bbox 1037 489 1468 556; x_wconf 84' lang='lat' dir='ltr'>construxerat,</span> <span class='ocrx_word' id='word_1_60' title='bbox 1524 485 1697 556; x_wconf 84' lang='lat' dir='ltr'>juxta</span> <span class='ocrx_word' id='word_1_61' title='bbox 1751 483 1934 537; x_wconf 66' lang='lat' dir='ltr'>uitare</span> <span class='ocrx_word' id='word_1_62' title='bbox 1982 479 2045 535; x_wconf 91' lang='lat' dir='ltr'>in</span> <span class='ocrx_word' id='word_1_63' title='bbox 2152 474 2431 549; x_wconf 89' lang='lat' dir='ltr'>marquio</span> <span class='ocrx_word' id='word_1_64' title='bbox 2458 476 2877 534; x_wconf 86' lang='lat' dir='ltr'>ltalorum.Hic</span> <span class='ocrx_word' id='word_1_65' title='bbox 2911 479 3007 513; x_wconf 81' lang='grc'>¹⁸¹⁷</span> <span class='ocrx_word' id='word_1_66' title='bbox 3036 493 3176 533; x_wconf 90' lang='lat' dir='ltr'>vero</span> <span class='ocrx_word' id='word_1_67' title='bbox 3198 478 3487 534; x_wconf 89' lang='lat' dir='ltr'>honestus</span> <span class='ocrx_word' id='word_1_68' title='bbox 3510 478 3625 535; x_wconf 84' lang='lat' dir='ltr'>fuit</span> <span class='ocrx_word' id='word_1_69' title='bbox 3648 485 3823 552; x_wconf 80' lang='lat' dir='ltr'>atque</span> 
     </span>
    </p>
   </div>
   <div class='ocr_carea' id='block_1_6' title="bbox 376 564 3826 648">
    <p class='ocr_par' dir='ltr' id='par_1_6' title="bbox 376 564 3826 648">
     <span class='ocr_line' id='line_1_6' title="bbox 376 564 3826 648; baseline -0.003 -16"><span class='ocrx_word' id='word_1_70' title='bbox 376 576 585 633; x_wconf 83' lang='lat' dir='ltr'>dextra</span> <span class='ocrx_word' id='word_1_71' title='bbox 614 580 802 648; x_wconf 84' lang='lat' dir='ltr'>parte.</span> <span class='ocrx_word' id='word_1_72' title='bbox 822 579 934 632; x_wconf 80' lang='lat' dir='ltr'>Nec</span> <span class='ocrx_word' id='word_1_73' title='bbox 966 575 1268 632; x_wconf 91' lang='lat' dir='ltr'>silendum</span> <span class='ocrx_word' id='word_1_74' title='bbox 1292 573 1498 648; x_wconf 86' lang='lat' dir='ltr'>putavi</span> <span class='ocrx_word' id='word_1_75' title='bbox 1528 571 1696 647; x_wconf 90' lang='lat' dir='ltr'>quod</span> <span class='ocrx_word' id='word_1_76' title='bbox 1717 571 1795 629; x_wconf 89' lang='lat' dir='ltr'>ab</span> <span class='ocrx_word' id='word_1_77' title='bbox 1825 570 2045 627; x_wconf 86' lang='lat' dir='ltr'>abbate</span> <span class='ocrx_word' id='word_1_78' title='bbox 2152 564 2547 631; x_wconf 85' lang='lat' dir='ltr'>humillimus,</span> <span class='ocrx_word' id='word_1_79' title='bbox 2579 566 2681 621; x_wconf 92' lang='lat' dir='ltr'>sed</span> <span class='ocrx_word' id='word_1_80' title='bbox 2712 564 2890 622; x_wconf 84' lang='lat' dir='ltr'>valde</span> <span class='ocrx_word' id='word_1_81' title='bbox 2920 565 3584 639; x_wconf 86' lang='lat' dir='ltr'>inﬁrmus,tantamque</span> <span class='ocrx_word' id='word_1_82' title='bbox 3615 583 3826 640; x_wconf 86' lang='lat' dir='ltr'>corpo-</span> 
     </span>
    </p>
   </div>
   <div class='ocr_carea' id='block_1_7' title="bbox 376 654 3825 735">
    <p class='ocr_par' dir='ltr' id='par_1_7' title="bbox 376 654 3825 735">
     <span class='ocr_line' id='line_1_7' title="bbox 376 654 3825 735; baseline -0.002 -15"><span class='ocrx_word' id='word_1_83' title='bbox 376 664 650 735; x_wconf 86' lang='lat' dir='ltr'>ejusdem</span> <span class='ocrx_word' id='word_1_84' title='bbox 677 663 792 721; x_wconf 91' lang='lat' dir='ltr'>loci</span> <span class='ocrx_word' id='word_1_85' title='bbox 841 664 1065 720; x_wconf 89' lang='lat' dir='ltr'>audivi.</span> <span class='ocrx_word' id='word_1_86' title='bbox 1101 664 1373 728; x_wconf 88' lang='lat' dir='ltr'>Quadam</span> <span class='ocrx_word' id='word_1_87' title='bbox 1422 663 1519 719; x_wconf 93' lang='lat' dir='ltr'>die</span> <span class='ocrx_word' id='word_1_88' title='bbox 1547 662 1621 718; x_wconf 93' lang='lat' dir='ltr'>de</span> <span class='ocrx_word' id='word_1_89' title='bbox 1672 661 1904 718; x_wconf 82' lang='lat' dir='ltr'>civitate</span> <span class='ocrx_word' id='word_1_90' title='bbox 1935 674 2046 714; x_wconf 88' lang='lat' dir='ltr'>sua</span> <span class='ocrx_word' id='word_1_91' title='bbox 2154 654 2232 710; x_wconf 90' lang='lat' dir='ltr'>ris</span> <span class='ocrx_word' id='word_1_92' title='bbox 2247 654 2568 726; x_wconf 87' lang='lat' dir='ltr'>suipassus</span> <span class='ocrx_word' id='word_1_93' title='bbox 2592 654 3162 711; x_wconf 85' lang='lat' dir='ltr'>estimbecillitatem</span> <span class='ocrx_word' id='word_1_94' title='bbox 3182 661 3245 711; x_wconf 90' lang='lat' dir='ltr'>ut</span> <span class='ocrx_word' id='word_1_95' title='bbox 3269 654 3399 727; x_wconf 90' lang='lat' dir='ltr'>ipso</span> <span class='ocrx_word' id='word_1_96' title='bbox 3419 655 3643 712; x_wconf 90' lang='lat' dir='ltr'>eodem</span> <span class='ocrx_word' id='word_1_97' title='bbox 3666 672 3825 713; x_wconf 91' lang='lat' dir='ltr'>anno</span> 
     </span>
    </p>
   </div>
   <div class='ocr_carea' id='block_1_8' title="bbox 376 736 3825 826">
    <p class='ocr_par' dir='ltr' id='par_1_8' title="bbox 376 736 3825 826">
     <span class='ocr_line' id='line_1_8' title="bbox 376 736 3825 826; baseline -0.003 -16"><span class='ocrx_word' id='word_1_98' title='bbox 376 769 565 810; x_wconf 88' lang='lat' dir='ltr'>causa</span> <span class='ocrx_word' id='word_1_99' title='bbox 589 759 872 826; x_wconf 90' lang='lat' dir='ltr'>poscente</span> <span class='ocrx_word' id='word_1_100' title='bbox 903 752 1217 825; x_wconf 87' lang='lat' dir='ltr'>egrediens</span> <span class='ocrx_word' id='word_1_101' title='bbox 1236 736 1501 809; x_wconf 85' lang='lat' dir='ltr'>domnus</span> <span class='ocrx_word' id='word_1_102' title='bbox 1531 750 1856 826; x_wconf 89' lang='lat' dir='ltr'>episcopus</span> <span class='ocrx_word' id='word_1_103' title='bbox 1887 748 2047 804; x_wconf 89' lang='lat' dir='ltr'>venit</span> <span class='ocrx_word' id='word_1_104' title='bbox 2153 743 2588 800; x_wconf 85' lang='lat' dir='ltr'>benedictionis</span> <span class='ocrx_word' id='word_1_105' title='bbox 2612 760 2735 799; x_wconf 70' lang='lat' dir='ltr'>suae</span> <span class='ocrx_word' id='word_1_106' title='bbox 2754 742 3085 800; x_wconf 87' lang='lat' dir='ltr'>Salerniam</span> <span class='ocrx_word' id='word_1_107' title='bbox 3102 760 3286 801; x_wconf 89' lang='lat' dir='ltr'>causa</span> <span class='ocrx_word' id='word_1_108' title='bbox 3304 743 3515 800; x_wconf 87' lang='lat' dir='ltr'>salutis</span> <span class='ocrx_word' id='word_1_109' title='bbox 3542 761 3825 819; x_wconf 85' lang='lat' dir='ltr'>exposce-</span> 
     </span>
    </p>
   </div>
   <div class='ocr_carea' id='block_1_9' title="bbox 375 831 3825 916">
    <p class='ocr_par' dir='ltr' id='par_1_9' title="bbox 375 831 3825 916">
     <span class='ocr_line' id='line_1_9' title="bbox 375 831 3825 916; baseline -0.003 -18"><span class='ocrx_word' id='word_1_110' title='bbox 375 841 437 899; x_wconf 91' lang='lat' dir='ltr'>in</span> <span class='ocrx_word' id='word_1_111' title='bbox 466 842 669 899; x_wconf 86' lang='lat' dir='ltr'>villam</span> <span class='ocrx_word' id='word_1_112' title='bbox 694 842 983 910; x_wconf 80' lang='lat' dir='ltr'>fratrum,</span> <span class='ocrx_word' id='word_1_113' title='bbox 1037 858 1171 916; x_wconf 61' lang='lat' dir='ltr'>quae</span> <span class='ocrx_word' id='word_1_114' title='bbox 1202 841 1417 897; x_wconf 87' lang='lat' dir='ltr'>dicitur</span> <span class='ocrx_word' id='word_1_115' title='bbox 1444 838 1843 896; x_wconf 86' lang='lat' dir='ltr'>Wandersalis</span> <span class='ocrx_word' id='word_1_116' title='bbox 1872 837 2039 907; x_wconf 89' lang='grc'><strong>(423).</strong></span> <span class='ocrx_word' id='word_1_117' title='bbox 2155 837 2260 895; x_wconf 82' lang='lat' dir='ltr'>ret,</span> <span class='ocrx_word' id='word_1_118' title='bbox 2294 831 2511 887; x_wconf 89' lang='lat' dir='ltr'>nostris</span> <span class='ocrx_word' id='word_1_119' title='bbox 2542 848 2744 888; x_wconf 89' lang='lat' dir='ltr'>secum</span> <span class='ocrx_word' id='word_1_120' title='bbox 2775 833 3086 889; x_wconf 84' lang='lat' dir='ltr'>comitatis.</span> <span class='ocrx_word' id='word_1_121' title='bbox 3121 833 3228 899; x_wconf 90' lang='lat' dir='ltr'>Qui</span> <span class='ocrx_word' id='word_1_122' title='bbox 3273 849 3412 890; x_wconf 88' lang='lat' dir='ltr'>cum</span> <span class='ocrx_word' id='word_1_123' title='bbox 3445 831 3527 887; x_wconf 86' lang='lat' dir='ltr'>ibi</span> <span class='ocrx_word' id='word_1_124' title='bbox 3556 847 3825 887; x_wconf 86' lang='lat' dir='ltr'>morare-</span> 
     </span>
    </p>
   </div>
   <div class='ocr_carea' id='block_1_10' title="bbox 380 920 3829 993">
    <p class='ocr_par' dir='ltr' id='par_1_10' title="bbox 380 920 3829 993">
     <span class='ocr_line' id='line_1_10' title="bbox 380 920 3829 993; baseline -0.004 -3"><span class='ocrx_word' id='word_1_125' title='bbox 380 932 488 990; x_wconf 88' lang='lat' dir='ltr'>Ubi</span> <span class='ocrx_word' id='word_1_126' title='bbox 516 936 690 988; x_wconf 88' lang='lat' dir='ltr'>nocte</span> <span class='ocrx_word' id='word_1_127' title='bbox 720 931 980 988; x_wconf 82' lang='lat' dir='ltr'>irruente</span> <span class='ocrx_word' id='word_1_128' title='bbox 1026 948 1164 987; x_wconf 85' lang='lat' dir='ltr'>cum</span> <span class='ocrx_word' id='word_1_129' title='bbox 1207 931 1567 986; x_wconf 84' lang='lat' dir='ltr'>detineretur</span> <span class='ocrx_word' id='word_1_130' title='bbox 1596 933 1653 985; x_wconf 91' lang='lat' dir='ltr'>et</span> <span class='ocrx_word' id='word_1_131' title='bbox 1703 927 1796 984; x_wconf 87' lang='lat' dir='ltr'>sui</span> <span class='ocrx_word' id='word_1_132' title='bbox 1832 942 2045 983; x_wconf 87' lang='lat' dir='ltr'>omnes</span> <span class='ocrx_word' id='word_1_133' title='bbox 2154 925 2249 975; x_wconf 85' lang='lat' dir='ltr'>tur</span> <span class='ocrx_word' id='word_1_134' title='bbox 2274 924 2330 975; x_wconf 89' lang='lat' dir='ltr'>et</span> <span class='ocrx_word' id='word_1_135' title='bbox 2386 935 2421 974; x_wconf 87' lang='lat' dir='ltr'>a</span> <span class='ocrx_word' id='word_1_136' title='bbox 2454 920 2701 975; x_wconf 88' lang='lat' dir='ltr'>medicis</span> <span class='ocrx_word' id='word_1_137' title='bbox 2749 920 2945 976; x_wconf 91' lang='lat' dir='ltr'>curari</span> <span class='ocrx_word' id='word_1_138' title='bbox 2997 936 3117 976; x_wconf 93' lang='lat' dir='ltr'>non</span> <span class='ocrx_word' id='word_1_139' title='bbox 3146 925 3368 993; x_wconf 83' lang='lat' dir='ltr'>posset,</span> <span class='ocrx_word' id='word_1_140' title='bbox 3428 935 3717 976; x_wconf 85' lang='lat' dir='ltr'>reversus</span> <span class='ocrx_word' id='word_1_141' title='bbox 3743 925 3829 976; x_wconf 85' lang='lat' dir='ltr'>est</span> 
     </span>
    </p>
   </div>
   <div class='ocr_carea' id='block_1_11' title="bbox 377 1007 3830 1094">
    <p class='ocr_par' dir='ltr' id='par_1_11' title="bbox 377 1007 3830 1094">
     <span class='ocr_line' id='line_1_11' title="bbox 377 1007 3830 1094; baseline -0 -30"><span class='ocrx_word' id='word_1_142' title='bbox 377 1022 653 1078; x_wconf 68' lang='lat' dir='ltr'>membra</span> <span class='ocrx_word' id='word_1_143' title='bbox 684 1021 889 1094; x_wconf 65' lang='lat' dir='ltr'>sopori</span> <span class='ocrx_word' id='word_1_144' title='bbox 918 1022 1242 1087; x_wconf 46' lang='lat' dir='ltr'>dedissem,</span> <span class='ocrx_word' id='word_1_145' title='bbox 1271 1020 1542 1093; x_wconf 63' lang='lat' dir='ltr'>protinus</span> <span class='ocrx_word' id='word_1_146' title='bbox 1573 1036 1609 1075; x_wconf 71' lang='grc' dir='ltr'>θ,</span> <span class='ocrx_word' id='word_1_147' title='bbox 1638 1017 1853 1075; x_wconf 73' lang='lat' dir='ltr'>comite</span> <span class='ocrx_word' id='word_1_148' title='bbox 1883 1016 2043 1085; x_wconf 77' lang='lat' dir='ltr'>sige-</span> <span class='ocrx_word' id='word_1_149' title='bbox 2157 1008 2407 1074; x_wconf 85' lang='lat' dir='ltr'>Italiam,</span> <span class='ocrx_word' id='word_1_150' title='bbox 2437 1008 2641 1081; x_wconf 90' lang='lat' dir='ltr'>ibique</span> <span class='ocrx_word' id='word_1_151' title='bbox 2670 1009 2982 1080; x_wconf 81' lang='lat' dir='ltr'>ingruente</span> <span class='ocrx_word' id='word_1_152' title='bbox 3014 1013 3227 1079; x_wconf 87' lang='lat' dir='ltr'>morte,</span> <span class='ocrx_word' id='word_1_153' title='bbox 3257 1014 3511 1064; x_wconf 89' lang='lat' dir='ltr'>vocatus</span> <span class='ocrx_word' id='word_1_154' title='bbox 3536 1007 3830 1064; x_wconf 85' lang='lat' dir='ltr'>omnibus</span> 
     </span>
    </p>
   </div>
   <div class='ocr_carea' id='block_1_12' title="bbox 375 1097 3832 1179">
    <p class='ocr_par' dir='ltr' id='par_1_12' title="bbox 375 1097 3832 1179">
     <span class='ocr_line' id='line_1_12' title="bbox 375 1097 3832 1179; baseline -0.001 -21"><span class='ocrx_word' id='word_1_155' title='bbox 375 1112 544 1167; x_wconf 78' lang='lat' dir='ltr'>berto</span> <span class='ocrx_word' id='word_1_156' title='bbox 567 1109 876 1165; x_wconf 76' lang='lat' dir='ltr'>insecutus</span> <span class='ocrx_word' id='word_1_157' title='bbox 908 1115 1017 1175; x_wconf 58' lang='lat' dir='ltr'>est,</span> <span class='ocrx_word' id='word_1_158' title='bbox 1048 1115 1123 1178; x_wconf 63' lang='lat' dir='ltr'>et,</span> <span class='ocrx_word' id='word_1_159' title='bbox 1159 1109 1310 1165; x_wconf 74' lang='lat' dir='ltr'>sicut</span> <span class='ocrx_word' id='word_1_160' title='bbox 1343 1109 1538 1179; x_wconf 77' lang='lat' dir='ltr'>major</span> <span class='ocrx_word' id='word_1_161' title='bbox 1567 1124 1746 1164; x_wconf 77' lang='lat' dir='ltr'>casus</span> <span class='ocrx_word' id='word_1_162' title='bbox 1780 1105 2047 1162; x_wconf 79' lang='lat' dir='ltr'>nescien-</span> <span class='ocrx_word' id='word_1_163' title='bbox 2157 1097 2279 1152; x_wconf 85' lang='lat' dir='ltr'>suis</span> <span class='ocrx_word' id='word_1_164' title='bbox 2309 1097 2549 1153; x_wconf 80' lang='lat' dir='ltr'>tradidit</span> <span class='ocrx_word' id='word_1_165' title='bbox 2574 1098 2880 1155; x_wconf 88' lang='lat' dir='ltr'>abbatiam</span> <span class='ocrx_word' id='word_1_166' title='bbox 2904 1098 3089 1154; x_wconf 89' lang='lat' dir='ltr'>sancti</span> <span class='ocrx_word' id='word_1_167' title='bbox 3113 1097 3392 1155; x_wconf 81' lang='lat' dir='ltr'>Germani</span> <span class='ocrx_word' id='word_1_168' title='bbox 3416 1099 3563 1169; x_wconf 67' lang='grc'><strong>(426)</strong></span> <span class='ocrx_word' id='word_1_169' title='bbox 3582 1097 3832 1154; x_wconf 85' lang='lat' dir='ltr'>cuidam</span> 
     </span>
    </p>
   </div>
   <div class='ocr_carea' id='block_1_13' title="bbox 378 1186 3833 1269">
    <p class='ocr_par' dir='ltr' id='par_1_13' title="bbox 378 1186 3833 1269">
     <span class='ocr_line' id='line_1_13' title="bbox 378 1186 3833 1269; baseline -0.004 -14"><span class='ocrx_word' id='word_1_170' title='bbox 378 1200 537 1256; x_wconf 87' lang='lat' dir='ltr'>tibus</span> <span class='ocrx_word' id='word_1_171' title='bbox 563 1198 872 1269; x_wconf 80' lang='lat' dir='ltr'>ingeritur,</span> <span class='ocrx_word' id='word_1_172' title='bbox 905 1215 943 1255; x_wconf 89' lang='lat' dir='ltr'>a</span> <span class='ocrx_word' id='word_1_173' title='bbox 991 1198 1277 1255; x_wconf 87' lang='lat' dir='ltr'>militibus</span> <span class='ocrx_word' id='word_1_174' title='bbox 1306 1199 1436 1269; x_wconf 81' lang='lat' dir='ltr'>ejus</span> <span class='ocrx_word' id='word_1_175' title='bbox 1481 1197 1917 1268; x_wconf 76' lang='lat' dir='ltr'>circumseptus</span> <span class='ocrx_word' id='word_1_176' title='bbox 1946 1210 2043 1249; x_wconf 89' lang='lat' dir='ltr'>ca-</span> <span class='ocrx_word' id='word_1_177' title='bbox 2161 1186 2432 1257; x_wconf 82' lang='lat' dir='ltr'>RodulfO,</span> <span class='ocrx_word' id='word_1_178' title='bbox 2451 1188 2653 1259; x_wconf 84' lang='lat' dir='ltr'>nepoti</span> <span class='ocrx_word' id='word_1_179' title='bbox 2682 1189 2775 1230; x_wconf 81' lang='grc' dir='ltr'>¹⁸ι⁸</span> <span class='ocrx_word' id='word_1_180' title='bbox 2803 1204 2932 1253; x_wconf 90' lang='lat' dir='ltr'>suo,</span> <span class='ocrx_word' id='word_1_181' title='bbox 2956 1187 3215 1259; x_wconf 79' lang='lat' dir='ltr'>quivixit</span> <span class='ocrx_word' id='word_1_182' title='bbox 3241 1201 3436 1260; x_wconf 90' lang='lat' dir='ltr'>usque</span> <span class='ocrx_word' id='word_1_183' title='bbox 3457 1186 3833 1259; x_wconf 79' lang='lat' dir='ltr'>adtempora</span> 
     </span>
    </p>
   </div>
   <div class='ocr_carea' id='block_1_14' title="bbox 376 1274 3833 1359">
    <p class='ocr_par' dir='ltr' id='par_1_14' title="bbox 376 1274 3833 1359">
     <span class='ocr_line' id='line_1_14' title="bbox 376 1274 3833 1359; baseline -0.001 -17"><span class='ocrx_word' id='word_1_184' title='bbox 376 1287 553 1359; x_wconf 89' lang='lat' dir='ltr'>pitur.</span> <span class='ocrx_word' id='word_1_185' title='bbox 589 1286 722 1343; x_wconf 85' lang='lat' dir='ltr'>Suis</span> <span class='ocrx_word' id='word_1_186' title='bbox 777 1291 979 1343; x_wconf 83' lang='lat' dir='ltr'>autem</span> <span class='ocrx_word' id='word_1_187' title='bbox 1011 1287 1092 1343; x_wconf 91' lang='lat' dir='ltr'>ad</span> <span class='ocrx_word' id='word_1_188' title='bbox 1135 1302 1306 1343; x_wconf 88' lang='lat' dir='ltr'>arma</span> <span class='ocrx_word' id='word_1_189' title='bbox 1355 1283 1840 1351; x_wconf 83' lang='lat' dir='ltr'>convolantibus,</span> <span class='ocrx_word' id='word_1_190' title='bbox 1890 1281 2046 1338; x_wconf 88' lang='lat' dir='ltr'>illico</span> <span class='ocrx_word' id='word_1_191' title='bbox 2158 1274 2367 1330; x_wconf 76' lang='lat' dir='ltr'>domn!</span> <span class='ocrx_word' id='word_1_192' title='bbox 2398 1275 2674 1331; x_wconf 77' lang='lat' dir='ltr'>Richardi</span> <span class='ocrx_word' id='word_1_193' title='bbox 2727 1275 2991 1348; x_wconf 67' lang='lat' dir='ltr'>episcopi</span> <span class='ocrx_word' id='word_1_194' title='bbox 3018 1275 3234 1348; x_wconf 74' lang='lat' dir='ltr'>plenus</span> <span class='ocrx_word' id='word_1_195' title='bbox 3263 1274 3539 1341; x_wconf 73' lang='lat' dir='ltr'>dierum;</span> <span class='ocrx_word' id='word_1_196' title='bbox 3586 1274 3833 1349; x_wconf 76' lang='lat' dir='ltr'>aliaque</span> 
     </span>
    </p>
   </div>
   <div class='ocr_carea' id='block_1_15' title="bbox 377 1364 3839 1447">
    <p class='ocr_par' dir='ltr' id='par_1_15' title="bbox 377 1364 3839 1447">
     <span class='ocr_line' id='line_1_15' title="bbox 377 1364 3839 1447; baseline -0 -17"><span class='ocrx_word' id='word_1_197' title='bbox 377 1391 567 1447; x_wconf 89' lang='lat' dir='ltr'>nepos</span> <span class='ocrx_word' id='word_1_198' title='bbox 595 1375 726 1446; x_wconf 91' lang='lat' dir='ltr'>ejus</span> <span class='ocrx_word' id='word_1_199' title='bbox 766 1376 1049 1432; x_wconf 85' lang='lat' dir='ltr'>Richerus</span> <span class='ocrx_word' id='word_1_200' title='bbox 1076 1375 1422 1431; x_wconf 88' lang='lat' dir='ltr'>interﬁcitur</span> <span class='ocrx_word' id='word_1_201' title='bbox 1440 1379 1497 1431; x_wconf 89' lang='lat' dir='ltr'>et</span> <span class='ocrx_word' id='word_1_202' title='bbox 1524 1374 1845 1447; x_wconf 88' lang='lat' dir='ltr'>episcopus</span> <span class='ocrx_word' id='word_1_203' title='bbox 1864 1370 1927 1427; x_wconf 92' lang='lat' dir='ltr'>in</span> <span class='ocrx_word' id='word_1_204' title='bbox 1957 1387 2050 1426; x_wconf 86' lang='lat' dir='ltr'>ca-</span> <span class='ocrx_word' id='word_1_205' title='bbox 2159 1364 2350 1419; x_wconf 76' lang='lat' dir='ltr'>multa</span> <span class='ocrx_word' id='word_1_206' title='bbox 2381 1364 2505 1419; x_wconf 79' lang='lat' dir='ltr'>suis</span> <span class='ocrx_word' id='word_1_207' title='bbox 2531 1364 2919 1432; x_wconf 79' lang='lat' dir='ltr'>dislribuenS,</span> <span class='ocrx_word' id='word_1_208' title='bbox 2938 1369 3211 1421; x_wconf 61' lang='lat' dir='ltr'>mortalis</span> <span class='ocrx_word' id='word_1_209' title='bbox 3232 1365 3479 1435; x_wconf 74' lang='lat' dir='ltr'>est.(€m-</span> <span class='ocrx_word' id='word_1_210' title='bbox 3500 1367 3655 1432; x_wconf 71' lang='grc'>(427)</span> <span class='ocrx_word' id='word_1_211' title='bbox 3687 1366 3839 1435; x_wconf 69' lang='grc' dir='ltr'><strong>(99ίῖ</strong></span> 
     </span>
    </p>
   </div>
   <div class='ocr_carea' id='block_1_16' title="bbox 377 1454 3835 1537">
    <p class='ocr_par' dir='ltr' id='par_1_16' title="bbox 377 1454 3835 1537">
     <span class='ocr_line' id='line_1_16' title="bbox 377 1454 3835 1537; baseline -0.004 -16"><span class='ocrx_word' id='word_1_212' title='bbox 377 1464 645 1537; x_wconf 89' lang='lat' dir='ltr'>ptionem</span> <span class='ocrx_word' id='word_1_213' title='bbox 694 1464 950 1522; x_wconf 90' lang='lat' dir='ltr'>ducitur.</span> <span class='ocrx_word' id='word_1_214' title='bbox 1011 1466 1121 1531; x_wconf 88' lang='lat' dir='ltr'>Qui</span> <span class='ocrx_word' id='word_1_215' title='bbox 1170 1481 1312 1520; x_wconf 85' lang='lat' dir='ltr'>mox</span> <span class='ocrx_word' id='word_1_216' title='bbox 1362 1461 1922 1527; x_wconf 82' lang='lat' dir='ltr'>excommunicatus</span> <span class='ocrx_word' id='word_1_217' title='bbox 1972 1459 2049 1515; x_wconf 91' lang='lat' dir='ltr'>ab</span> <span class='ocrx_word' id='word_1_218' title='bbox 2160 1454 2345 1525; x_wconf 81' lang='lat' dir='ltr'>Clljus</span> <span class='ocrx_word' id='word_1_219' title='bbox 2377 1470 2615 1527; x_wconf 85' lang='lat' dir='ltr'>corpus,</span> <span class='ocrx_word' id='word_1_220' title='bbox 2649 1454 2727 1511; x_wconf 88' lang='lat' dir='ltr'>ab</span> <span class='ocrx_word' id='word_1_221' title='bbox 2770 1454 2931 1510; x_wconf 84' lang='lat' dir='ltr'>Italia</span> <span class='ocrx_word' id='word_1_222' title='bbox 2978 1454 3244 1511; x_wconf 88' lang='lat' dir='ltr'>delatum</span> <span class='ocrx_word' id='word_1_223' title='bbox 3273 1472 3308 1511; x_wconf 91' lang='lat' dir='ltr'>a</span> <span class='ocrx_word' id='word_1_224' title='bbox 3354 1454 3538 1511; x_wconf 82' lang='lat' dir='ltr'>fratre</span> <span class='ocrx_word' id='word_1_225' title='bbox 3579 1471 3698 1511; x_wconf 89' lang='lat' dir='ltr'>suo</span> <span class='ocrx_word' id='word_1_226' title='bbox 3744 1472 3835 1511; x_wconf 89' lang='lat' dir='ltr'>co-</span> 
     </span>
    </p>
   </div>
   <div class='ocr_carea' id='block_1_17' title="bbox 376 1542 3836 1626">
    <p class='ocr_par' dir='ltr' id='par_1_17' title="bbox 376 1542 3836 1626">
     <span class='ocr_line' id='line_1_17' title="bbox 376 1542 3836 1626; baseline -0.003 -15"><span class='ocrx_word' id='word_1_227' title='bbox 376 1553 663 1609; x_wconf 83' lang='lat' dir='ltr'>omnibus</span> <span class='ocrx_word' id='word_1_228' title='bbox 719 1554 1036 1626; x_wconf 89' lang='lat' dir='ltr'>episcopis,</span> <span class='ocrx_word' id='word_1_229' title='bbox 1110 1553 1355 1610; x_wconf 87' lang='lat' dir='ltr'>tandem</span> <span class='ocrx_word' id='word_1_230' title='bbox 1416 1551 1769 1625; x_wconf 85' lang='lat' dir='ltr'>poenitentia</span> <span class='ocrx_word' id='word_1_231' title='bbox 1823 1553 2045 1615; x_wconf 91' lang='lat' dir='ltr'>motus,</span> <span class='ocrx_word' id='word_1_232' title='bbox 2082 1562 2124 1614; x_wconf 82' lang='grc' dir='ltr'>Β</span> <span class='ocrx_word' id='word_1_233' title='bbox 2161 1542 2301 1598; x_wconf 88' lang='lat' dir='ltr'>mite</span> <span class='ocrx_word' id='word_1_234' title='bbox 2330 1542 2937 1615; x_wconf 77' lang='lat' dir='ltr'>Frederico,positum</span> <span class='ocrx_word' id='word_1_235' title='bbox 2969 1548 3060 1598; x_wconf 89' lang='lat' dir='ltr'>est</span> <span class='ocrx_word' id='word_1_236' title='bbox 3086 1543 3145 1598; x_wconf 91' lang='lat' dir='ltr'>in</span> <span class='ocrx_word' id='word_1_237' title='bbox 3180 1543 3430 1599; x_wconf 89' lang='lat' dir='ltr'>ecclesia</span> <span class='ocrx_word' id='word_1_238' title='bbox 3451 1559 3564 1599; x_wconf 87' lang='lat' dir='ltr'>sua</span> <span class='ocrx_word' id='word_1_239' title='bbox 3593 1543 3657 1599; x_wconf 91' lang='lat' dir='ltr'>in</span> <span class='ocrx_word' id='word_1_240' title='bbox 3693 1543 3836 1599; x_wconf 87' lang='lat' dir='ltr'>cho-</span> 
     </span>
    </p>
   </div>
   <div class='ocr_carea' id='block_1_18' title="bbox 377 1631 3835 1714">
    <p class='ocr_par' dir='ltr' id='par_1_18' title="bbox 377 1631 3835 1714">
     <span class='ocr_line' id='line_1_18' title="bbox 377 1631 3835 1714; baseline -0.004 -16"><span class='ocrx_word' id='word_1_241' title='bbox 377 1640 695 1714; x_wconf 87' lang='lat' dir='ltr'>episcopis,</span> <span class='ocrx_word' id='word_1_242' title='bbox 729 1641 1201 1697; x_wconf 90' lang='lat' dir='ltr'>misericordiam</span> <span class='ocrx_word' id='word_1_243' title='bbox 1230 1653 1561 1712; x_wconf 81' lang='lat' dir='ltr'>exposcens</span> <span class='ocrx_word' id='word_1_244' title='bbox 1590 1638 1855 1712; x_wconf 89' lang='lat' dir='ltr'>primum</span> <span class='ocrx_word' id='word_1_245' title='bbox 1884 1636 2051 1692; x_wconf 80' lang='lat' dir='ltr'>dolo-</span> <span class='ocrx_word' id='word_1_246' title='bbox 2158 1647 2225 1686; x_wconf 89' lang='lat' dir='ltr'>ro</span> <span class='ocrx_word' id='word_1_247' title='bbox 2278 1636 2496 1687; x_wconf 74' lang='lat' dir='ltr'>sanctae</span> <span class='ocrx_word' id='word_1_248' title='bbox 2553 1632 2743 1689; x_wconf 68' lang='lat' dir='ltr'>Mariae</span> <span class='ocrx_word' id='word_1_249' title='bbox 2776 1638 2911 1689; x_wconf 85' lang='lat' dir='ltr'>ante</span> <span class='ocrx_word' id='word_1_250' title='bbox 2956 1631 3201 1703; x_wconf 85' lang='lat' dir='ltr'>gradus,</span> <span class='ocrx_word' id='word_1_251' title='bbox 3255 1636 3314 1687; x_wconf 90' lang='lat' dir='ltr'>et</span> <span class='ocrx_word' id='word_1_252' title='bbox 3367 1635 3695 1688; x_wconf 85' lang='lat' dir='ltr'>veneratur</span> <span class='ocrx_word' id='word_1_253' title='bbox 3755 1632 3835 1689; x_wconf 86' lang='lat' dir='ltr'>ibi</span> 
     </span>
    </p>
   </div>
   <div class='ocr_carea' id='block_1_19' title="bbox 374 1721 3832 1803">
    <p class='ocr_par' dir='ltr' id='par_1_19' title="bbox 374 1721 3832 1803">
     <span class='ocr_line' id='line_1_19' title="bbox 374 1721 3832 1803; baseline -0.002 -17"><span class='ocrx_word' id='word_1_254' title='bbox 374 1746 502 1786; x_wconf 88' lang='lat' dir='ltr'>rem</span> <span class='ocrx_word' id='word_1_255' title='bbox 530 1730 798 1803; x_wconf 90' lang='lat' dir='ltr'>corporis</span> <span class='ocrx_word' id='word_1_256' title='bbox 856 1730 999 1793; x_wconf 85' lang='lat' dir='ltr'>tulit,</span> <span class='ocrx_word' id='word_1_257' title='bbox 1030 1729 1246 1785; x_wconf 87' lang='lat' dir='ltr'>deinde</span> <span class='ocrx_word' id='word_1_258' title='bbox 1292 1743 1595 1784; x_wconf 88' lang='lat' dir='ltr'>summam</span> <span class='ocrx_word' id='word_1_259' title='bbox 1646 1726 1916 1799; x_wconf 64' lang='lat' dir='ltr'>pecunias</span> <span class='ocrx_word' id='word_1_260' title='bbox 1967 1724 2045 1780; x_wconf 87' lang='lat' dir='ltr'>ad</span> <span class='ocrx_word' id='word_1_261' title='bbox 2159 1737 2400 1777; x_wconf 88' lang='lat' dir='ltr'>summo</span> <span class='ocrx_word' id='word_1_262' title='bbox 2429 1721 2657 1777; x_wconf 91' lang='lat' dir='ltr'>honore</span> <span class='ocrx_word' id='word_1_263' title='bbox 2687 1726 2744 1777; x_wconf 90' lang='lat' dir='ltr'>et</span> <span class='ocrx_word' id='word_1_264' title='bbox 2765 1722 3099 1780; x_wconf 82' lang='lat' dir='ltr'>reverentia</span> <span class='ocrx_word' id='word_1_265' title='bbox 3152 1737 3346 1794; x_wconf 88' lang='lat' dir='ltr'>usque</span> <span class='ocrx_word' id='word_1_266' title='bbox 3370 1721 3433 1777; x_wconf 91' lang='lat' dir='ltr'>in</span> <span class='ocrx_word' id='word_1_267' title='bbox 3465 1728 3832 1794; x_wconf 67' lang='lat' dir='ltr'>praesentem</span> 
     </span>
    </p>
   </div>
   <div class='ocr_carea' id='block_1_20' title="bbox 376 1809 3835 1888">
    <p class='ocr_par' dir='ltr' id='par_1_20' title="bbox 376 1809 3835 1888">
     <span class='ocr_line' id='line_1_20' title="bbox 376 1809 3835 1888; baseline -0.002 -14"><span class='ocrx_word' id='word_1_268' title='bbox 376 1818 539 1874; x_wconf 91' lang='lat' dir='ltr'>diem</span> <span class='ocrx_word' id='word_1_269' title='bbox 586 1818 1043 1875; x_wconf 89' lang='lat' dir='ltr'>denominatum</span> <span class='ocrx_word' id='word_1_270' title='bbox 1091 1818 1320 1874; x_wconf 90' lang='lat' dir='ltr'>domno</span> <span class='ocrx_word' id='word_1_271' title='bbox 1367 1816 1651 1888; x_wconf 88' lang='lat' dir='ltr'>episcopo</span> <span class='ocrx_word' id='word_1_272' title='bbox 1693 1813 2040 1871; x_wconf 88' lang='lat' dir='ltr'>revadiavit.</span> <span class='ocrx_word' id='word_1_273' title='bbox 2155 1809 2497 1865; x_wconf 82' lang='lat' dir='ltr'>diem.Vixit</span> <span class='ocrx_word' id='word_1_274' title='bbox 2522 1816 2723 1866; x_wconf 88' lang='lat' dir='ltr'>autem</span> <span class='ocrx_word' id='word_1_275' title='bbox 2754 1811 2815 1866; x_wconf 91' lang='lat' dir='ltr'>in</span> <span class='ocrx_word' id='word_1_276' title='bbox 2841 1810 3198 1883; x_wconf 88' lang='lat' dir='ltr'>episcopatu</span> <span class='ocrx_word' id='word_1_277' title='bbox 3222 1810 3411 1866; x_wconf 87' lang='lat' dir='ltr'>tribus</span> <span class='ocrx_word' id='word_1_278' title='bbox 3445 1811 3631 1867; x_wconf 82' lang='lat' dir='ltr'>semis</span> <span class='ocrx_word' id='word_1_279' title='bbox 3652 1812 3835 1867; x_wconf 83' lang='lat' dir='ltr'>annis</span> 
     </span>
    </p>
   </div>
   <div class='ocr_carea' id='block_1_21' title="bbox 381 1898 3832 1981">
    <p class='ocr_par' dir='ltr' id='par_1_21' title="bbox 381 1898 3832 1981">
     <span class='ocr_line' id='line_1_21' title="bbox 381 1898 3832 1981; baseline -0.002 -17"><span class='ocrx_word' id='word_1_280' title='bbox 381 1911 460 1964; x_wconf 85' lang='lat' dir='ltr'>Ex</span> <span class='ocrx_word' id='word_1_281' title='bbox 488 1923 612 1981; x_wconf 89' lang='lat' dir='ltr'>qua</span> <span class='ocrx_word' id='word_1_282' title='bbox 653 1908 874 1967; x_wconf 85' lang='lat' dir='ltr'>metalli</span> <span class='ocrx_word' id='word_1_283' title='bbox 904 1908 1077 1980; x_wconf 89' lang='lat' dir='ltr'>copia</span> <span class='ocrx_word' id='word_1_284' title='bbox 1128 1906 1418 1980; x_wconf 86' lang='lat' dir='ltr'>templum</span> <span class='ocrx_word' id='word_1_285' title='bbox 1452 1909 1675 1962; x_wconf 62' lang='lat' dir='ltr'>sanctae</span> <span class='ocrx_word' id='word_1_286' title='bbox 1723 1904 1911 1961; x_wconf 64' lang='lat' dir='ltr'>Maria!</span> <span class='ocrx_word' id='word_1_287' title='bbox 1944 1904 2042 1938; x_wconf 63' lang='lat'>&quot;1*</span> <span class='ocrx_word' id='word_1_288' title='bbox 2156 1898 2321 1969; x_wconf 83' lang='lat'>(428).</span> <span class='ocrx_word' id='word_1_289' title='bbox 2357 1899 2579 1955; x_wconf 87' lang='lat' dir='ltr'>Horum</span> <span class='ocrx_word' id='word_1_290' title='bbox 2610 1914 2753 1969; x_wconf 92' lang='lat' dir='ltr'>ergo</span> <span class='ocrx_word' id='word_1_291' title='bbox 2780 1898 3131 1971; x_wconf 85' lang='lat' dir='ltr'>pontiﬁcum</span> <span class='ocrx_word' id='word_1_292' title='bbox 3163 1903 3508 1955; x_wconf 88' lang='lat' dir='ltr'>nostrorum</span> <span class='ocrx_word' id='word_1_293' title='bbox 3539 1902 3832 1973; x_wconf 85' lang='lat' dir='ltr'>tempori-</span> 
     </span>
    </p>
   </div>
   <div class='ocr_carea' id='block_1_22' title="bbox 377 1986 3835 2070">
    <p class='ocr_par' dir='ltr' id='par_1_22' title="bbox 377 1986 3835 2070">
     <span class='ocr_line' id='line_1_22' title="bbox 377 1986 3835 2070; baseline -0.002 -17"><span class='ocrx_word' id='word_1_294' title='bbox 377 2001 592 2070; x_wconf 65' lang='lat' dir='ltr'>prreter</span> <span class='ocrx_word' id='word_1_295' title='bbox 620 1998 738 2054; x_wconf 88' lang='lat' dir='ltr'>alia</span> <span class='ocrx_word' id='word_1_296' title='bbox 780 2004 946 2070; x_wconf 87' lang='lat' dir='ltr'>gesta</span> <span class='ocrx_word' id='word_1_297' title='bbox 976 1998 1037 2052; x_wconf 90' lang='lat' dir='ltr'>in</span> <span class='ocrx_word' id='word_1_298' title='bbox 1089 1997 1325 2053; x_wconf 91' lang='lat' dir='ltr'>coronis</span> <span class='ocrx_word' id='word_1_299' title='bbox 1374 1995 1609 2051; x_wconf 88' lang='lat' dir='ltr'>ornavit</span> <span class='ocrx_word' id='word_1_300' title='bbox 1638 2005 1723 2057; x_wconf 83' lang='lat' dir='ltr'>ut,</span> <span class='ocrx_word' id='word_1_301' title='bbox 1757 1993 1807 2048; x_wconf 88' lang='lat' dir='ltr'>si</span> <span class='ocrx_word' id='word_1_302' title='bbox 1855 2008 2039 2048; x_wconf 89' lang='lat' dir='ltr'>manu</span> <span class='ocrx_word' id='word_1_303' title='bbox 2153 1986 2289 2051; x_wconf 90' lang='lat' dir='ltr'>bus,</span> <span class='ocrx_word' id='word_1_304' title='bbox 2332 1987 2615 2044; x_wconf 80' lang='lat' dir='ltr'>defuncto</span> <span class='ocrx_word' id='word_1_305' title='bbox 2674 1987 2903 2043; x_wconf 92' lang='lat' dir='ltr'>domno</span> <span class='ocrx_word' id='word_1_306' title='bbox 2959 1988 3285 2044; x_wconf 88' lang='lat' dir='ltr'>Humberto</span> <span class='ocrx_word' id='word_1_307' title='bbox 3349 1988 3549 2060; x_wconf 87' lang='lat' dir='ltr'>primo</span> <span class='ocrx_word' id='word_1_308' title='bbox 3610 1988 3835 2046; x_wconf 86' lang='lat' dir='ltr'>abbate</span> 
     </span>
    </p>
   </div>
   <div class='ocr_carea' id='block_1_23' title="bbox 377 2076 3833 2159">
    <p class='ocr_par' dir='ltr' id='par_1_23' title="bbox 377 2076 3833 2159">
     <span class='ocr_line' id='line_1_23' title="bbox 377 2076 3833 2159; baseline -0.001 -18"><span class='ocrx_word' id='word_1_309' title='bbox 377 2086 637 2159; x_wconf 88' lang='lat' dir='ltr'>primam</span> <span class='ocrx_word' id='word_1_310' title='bbox 681 2091 976 2156; x_wconf 89' lang='lat' dir='ltr'>tangeres,</span> <span class='ocrx_word' id='word_1_311' title='bbox 1031 2102 1223 2159; x_wconf 90' lang='lat' dir='ltr'>usque</span> <span class='ocrx_word' id='word_1_312' title='bbox 1271 2085 1346 2141; x_wconf 88' lang='lat' dir='ltr'>ad</span> <span class='ocrx_word' id='word_1_313' title='bbox 1396 2083 1794 2141; x_wconf 88' lang='lat' dir='ltr'>novissimam</span> <span class='ocrx_word' id='word_1_314' title='bbox 1830 2098 2041 2137; x_wconf 87' lang='lat' dir='ltr'>omnes</span> <span class='ocrx_word' id='word_1_315' title='bbox 2152 2076 2414 2132; x_wconf 67' lang='lat' dir='ltr'>ecclesiae</span> <span class='ocrx_word' id='word_1_316' title='bbox 2444 2076 2640 2133; x_wconf 91' lang='lat' dir='ltr'>Sancti</span> <span class='ocrx_word' id='word_1_317' title='bbox 2674 2077 2883 2147; x_wconf 89' lang='lat' dir='ltr'>Vitoni,</span> <span class='ocrx_word' id='word_1_318' title='bbox 2917 2077 3251 2148; x_wconf 85' lang='lat' dir='ltr'>gubernata</span> <span class='ocrx_word' id='word_1_319' title='bbox 3276 2083 3367 2133; x_wconf 87' lang='lat' dir='ltr'>est</span> <span class='ocrx_word' id='word_1_320' title='bbox 3388 2079 3609 2135; x_wconf 87' lang='lat' dir='ltr'>eadem</span> <span class='ocrx_word' id='word_1_321' title='bbox 3636 2079 3833 2136; x_wconf 78' lang='lat' dir='ltr'>Eccle-</span> 
     </span>
    </p>
   </div>
   <div class='ocr_carea' id='block_1_24' title="bbox 377 2166 3827 2244">
    <p class='ocr_par' dir='ltr' id='par_1_24' title="bbox 377 2166 3827 2244">
     <span class='ocr_line' id='line_1_24' title="bbox 377 2166 3827 2244; baseline -0.002 -13"><span class='ocrx_word' id='word_1_322' title='bbox 377 2180 780 2231; x_wconf 87' lang='lat' dir='ltr'>moverentur.</span> <span class='ocrx_word' id='word_1_323' title='bbox 813 2190 933 2241; x_wconf 77' lang='lat' dir='ltr'>(an.</span> <span class='ocrx_word' id='word_1_324' title='bbox 968 2178 1070 2231; x_wconf 89' lang='lat'>982</span> <span class='ocrx_word' id='word_1_325' title='bbox 1101 2173 1195 2230; x_wconf 87' lang='lat' dir='ltr'>vel</span> <span class='ocrx_word' id='word_1_326' title='bbox 1225 2175 1346 2243; x_wconf 88' lang='lat'>983)</span> <span class='ocrx_word' id='word_1_327' title='bbox 1371 2172 1487 2229; x_wconf 90' lang='lat' dir='ltr'>Tali</span> <span class='ocrx_word' id='word_1_328' title='bbox 1512 2171 1771 2244; x_wconf 87' lang='lat' dir='ltr'>denique</span> <span class='ocrx_word' id='word_1_329' title='bbox 1798 2174 2040 2243; x_wconf 76' lang='lat' dir='ltr'>pastore</span> <span class='ocrx_word' id='word_1_330' title='bbox 2152 2166 2240 2221; x_wconf 89' lang='lat' dir='ltr'>sia</span> <span class='ocrx_word' id='word_1_331' title='bbox 2266 2182 2371 2239; x_wconf 89' lang='lat' dir='ltr'>per</span> <span class='ocrx_word' id='word_1_332' title='bbox 2399 2182 2593 2221; x_wconf 89' lang='lat' dir='ltr'>annos</span> <span class='ocrx_word' id='word_1_333' title='bbox 2616 2166 2801 2222; x_wconf 88' lang='lat' dir='ltr'>ferme</span> <span class='ocrx_word' id='word_1_334' title='bbox 2832 2171 2900 2223; x_wconf 88' lang='lat'><strong>60</strong></span> <span class='ocrx_word' id='word_1_335' title='bbox 2928 2169 3023 2203; x_wconf 77' lang='grc'>¹³¹⁰</span> <span class='ocrx_word' id='word_1_336' title='bbox 3054 2183 3191 2223; x_wconf 90' lang='lat' dir='ltr'>cum</span> <span class='ocrx_word' id='word_1_337' title='bbox 3218 2168 3389 2223; x_wconf 88' lang='lat' dir='ltr'>omni</span> <span class='ocrx_word' id='word_1_338' title='bbox 3418 2168 3827 2225; x_wconf 81' lang='lat' dir='ltr'>honoriﬁcen-</span> 
     </span>
    </p>
   </div>
   <div class='ocr_carea' id='block_1_25' title="bbox 377 2255 3829 2331">
    <p class='ocr_par' dir='ltr' id='par_1_25' title="bbox 377 2255 3829 2331">
     <span class='ocr_line' id='line_1_25' title="bbox 377 2255 3829 2331; baseline -0.001 -13"><span class='ocrx_word' id='word_1_339' title='bbox 377 2262 613 2319; x_wconf 89' lang='lat' dir='ltr'>sublato</span> <span class='ocrx_word' id='word_1_340' title='bbox 638 2268 965 2320; x_wconf 88' lang='lat' dir='ltr'>evenerunt</span> <span class='ocrx_word' id='word_1_341' title='bbox 1007 2262 1144 2318; x_wconf 91' lang='lat' dir='ltr'>huic</span> <span class='ocrx_word' id='word_1_342' title='bbox 1184 2261 1403 2318; x_wconf 88' lang='lat' dir='ltr'>civitati</span> <span class='ocrx_word' id='word_1_343' title='bbox 1461 2260 1649 2315; x_wconf 87' lang='lat' dir='ltr'>multa</span> <span class='ocrx_word' id='word_1_344' title='bbox 1703 2259 1959 2315; x_wconf 89' lang='lat' dir='ltr'>adversa</span> <span class='ocrx_word' id='word_1_345' title='bbox 1984 2261 2041 2314; x_wconf 89' lang='lat' dir='ltr'>et</span> <span class='ocrx_word' id='word_1_346' title='bbox 2150 2256 2230 2311; x_wconf 87' lang='lat' dir='ltr'>tia</span> <span class='ocrx_word' id='word_1_347' title='bbox 2261 2272 2297 2311; x_wconf 92' lang='lat' dir='ltr'>a</span> <span class='ocrx_word' id='word_1_348' title='bbox 2321 2255 2462 2311; x_wconf 89' lang='lat' dir='ltr'>viris</span> <span class='ocrx_word' id='word_1_349' title='bbox 2485 2255 2818 2312; x_wconf 87' lang='lat' dir='ltr'>illustribus</span> <span class='ocrx_word' id='word_1_350' title='bbox 2847 2262 2904 2312; x_wconf 91' lang='lat' dir='ltr'>et</span> <span class='ocrx_word' id='word_1_351' title='bbox 2931 2256 3218 2326; x_wconf 81' lang='lat' dir='ltr'>singulari</span> <span class='ocrx_word' id='word_1_352' title='bbox 3253 2256 3553 2314; x_wconf 87' lang='lat' dir='ltr'>industria</span> <span class='ocrx_word' id='word_1_353' title='bbox 3584 2258 3829 2331; x_wconf 83' lang='lat' dir='ltr'>pollen—</span> 
     </span>
    </p>
   </div>
   <div class='ocr_carea' id='block_1_26' title="bbox 379 2344 3800 2424">
    <p class='ocr_par' dir='ltr' id='par_1_26' title="bbox 379 2344 3800 2424">
     <span class='ocr_line' id='line_1_26' title="bbox 379 2344 3800 2424; baseline -0.001 -19"><span class='ocrx_word' id='word_1_354' title='bbox 379 2349 788 2408; x_wconf 87' lang='lat' dir='ltr'>tribulationes</span> <span class='ocrx_word' id='word_1_355' title='bbox 812 2351 871 2407; x_wconf 90' lang='lat' dir='ltr'>in</span> <span class='ocrx_word' id='word_1_356' title='bbox 911 2350 1156 2424; x_wconf 89' lang='lat' dir='ltr'>populo.</span> <span class='ocrx_word' id='word_1_357' title='bbox 1186 2354 1337 2406; x_wconf 78' lang='lat' dir='ltr'>Nam</span> <span class='ocrx_word' id='word_1_358' title='bbox 1364 2348 1692 2413; x_wconf 89' lang='lat' dir='ltr'>Lotharius,</span> <span class='ocrx_word' id='word_1_359' title='bbox 1721 2363 1822 2402; x_wconf 84' lang='lat' dir='ltr'>rex</span> <span class='ocrx_word' id='word_1_360' title='bbox 1852 2347 2037 2402; x_wconf 85' lang='lat' dir='ltr'>Fran-</span> <span class='ocrx_word' id='word_1_361' title='bbox 2149 2344 2671 2410; x_wconf 79' lang='lat' dir='ltr'>tibus,Adelmaro,</span> <span class='ocrx_word' id='word_1_362' title='bbox 2698 2345 3016 2413; x_wconf 84' lang='lat' dir='ltr'>Adelardo,</span> <span class='ocrx_word' id='word_1_363' title='bbox 3043 2346 3705 2413; x_wconf 84' lang='lat' dir='ltr'>Ermenrico,Rohardo</span> <span class='ocrx_word' id='word_1_364' title='bbox 3728 2350 3800 2387; x_wconf 75' lang='lat'>&#39;“</span> 
     </span>
    </p>
   </div>
   <div class='ocr_carea' id='block_1_27' title="bbox 378 2433 3830 2513">
    <p class='ocr_par' dir='ltr' id='par_1_27' title="bbox 378 2433 3830 2513">
     <span class='ocr_line' id='line_1_27' title="bbox 378 2433 3830 2513; baseline -0.001 -17"><span class='ocrx_word' id='word_1_365' title='bbox 378 2456 607 2507; x_wconf 89' lang='lat' dir='ltr'>corum,</span> <span class='ocrx_word' id='word_1_366' title='bbox 639 2440 929 2513; x_wconf 90' lang='lat' dir='ltr'>quoniam</span> <span class='ocrx_word' id='word_1_367' title='bbox 973 2445 1099 2497; x_wconf 90' lang='lat' dir='ltr'>erat</span> <span class='ocrx_word' id='word_1_368' title='bbox 1125 2455 1230 2496; x_wconf 79' lang='lat' dir='ltr'>rex</span> <span class='ocrx_word' id='word_1_369' title='bbox 1257 2438 1501 2513; x_wconf 88' lang='lat' dir='ltr'>publica</span> <span class='ocrx_word' id='word_1_370' title='bbox 1528 2437 2038 2512; x_wconf 32' lang='lat' dir='ltr'>minusadefensa-</span> <span class='ocrx_word' id='word_1_371' title='bbox 2152 2433 2466 2490; x_wconf 87' lang='lat' dir='ltr'>Lamberto</span> <span class='ocrx_word' id='word_1_372' title='bbox 2510 2439 2568 2490; x_wconf 93' lang='lat' dir='ltr'>et</span> <span class='ocrx_word' id='word_1_373' title='bbox 2606 2434 2890 2503; x_wconf 83' lang='lat' dir='ltr'>Fingenio</span> <span class='ocrx_word' id='word_1_374' title='bbox 2919 2435 3263 2505; x_wconf 86' lang='lat' dir='ltr'>abbatibus,</span> <span class='ocrx_word' id='word_1_375' title='bbox 3296 2436 3494 2493; x_wconf 91' lang='lat' dir='ltr'>donec</span> <span class='ocrx_word' id='word_1_376' title='bbox 3535 2438 3830 2511; x_wconf 87' lang='lat' dir='ltr'>tempori-</span> 
     </span>
    </p>
   </div>
   <div class='ocr_carea' id='block_1_28' title="bbox 375 2521 3828 2602">
    <p class='ocr_par' dir='ltr' id='par_1_28' title="bbox 375 2521 3828 2602">
     <span class='ocr_line' id='line_1_28' title="bbox 375 2521 3828 2602; baseline -0.001 -17"><span class='ocrx_word' id='word_1_377' title='bbox 375 2527 509 2585; x_wconf 90' lang='lat' dir='ltr'>bilis</span> <span class='ocrx_word' id='word_1_378' title='bbox 556 2528 670 2585; x_wconf 87' lang='lat' dir='ltr'>sub</span> <span class='ocrx_word' id='word_1_379' title='bbox 718 2528 965 2602; x_wconf 70' lang='lat' dir='ltr'>praafato</span> <span class='ocrx_word' id='word_1_380' title='bbox 1027 2528 1295 2601; x_wconf 83' lang='lat' dir='ltr'>principe</span> <span class='ocrx_word' id='word_1_381' title='bbox 1352 2530 1761 2584; x_wconf 83' lang='lat' dir='ltr'>Romanorum</span> <span class='ocrx_word' id='word_1_382' title='bbox 1814 2525 2038 2595; x_wconf 89' lang='lat' dir='ltr'>juvene</span> <span class='ocrx_word' id='word_1_383' title='bbox 2150 2521 2265 2577; x_wconf 89' lang='lat' dir='ltr'>bus</span> <span class='ocrx_word' id='word_1_384' title='bbox 2294 2521 2502 2577; x_wconf 87' lang='lat' dir='ltr'>domni</span> <span class='ocrx_word' id='word_1_385' title='bbox 2535 2521 2801 2595; x_wconf 91' lang='lat' dir='ltr'>episcopi</span> <span class='ocrx_word' id='word_1_386' title='bbox 2835 2523 3155 2595; x_wconf 83' lang='lat' dir='ltr'>Heymonis</span> <span class='ocrx_word' id='word_1_387' title='bbox 3193 2524 3459 2596; x_wconf 88' lang='lat' dir='ltr'>suscepit</span> <span class='ocrx_word' id='word_1_388' title='bbox 3488 2524 3695 2598; x_wconf 85' lang='lat' dir='ltr'>ipsam</span> <span class='ocrx_word' id='word_1_389' title='bbox 3727 2528 3828 2581; x_wconf 82' lang='lat' dir='ltr'>Ec-</span> 
     </span>
    </p>
   </div>
   <div class='ocr_carea' id='block_1_29' title="bbox 283 2610 3833 2689">
    <p class='ocr_par' dir='ltr' id='par_1_29' title="bbox 283 2610 3833 2689">
     <span class='ocr_line' id='line_1_29' title="bbox 283 2610 3833 2689; baseline -0.001 -15"><span class='ocrx_word' id='word_1_390' title='bbox 283 2634 287 2639; x_wconf 77' lang='lat'><strong>&#39;</strong></span> <span class='ocrx_word' id='word_1_391' title='bbox 376 2618 584 2674; x_wconf 87' lang='lat' dir='ltr'>Ottone</span> <span class='ocrx_word' id='word_1_392' title='bbox 613 2617 736 2689; x_wconf 81' lang='lat' dir='ltr'>(an.</span> <span class='ocrx_word' id='word_1_393' title='bbox 778 2618 904 2688; x_wconf 86' lang='lat'>984)</span> <span class='ocrx_word' id='word_1_394' title='bbox 932 2616 1167 2673; x_wconf 90' lang='lat' dir='ltr'>obsedit</span> <span class='ocrx_word' id='word_1_395' title='bbox 1195 2616 1494 2672; x_wconf 87' lang='lat' dir='ltr'>civitatem</span> <span class='ocrx_word' id='word_1_396' title='bbox 1524 2615 1701 2670; x_wconf 89' lang='lat' dir='ltr'>istam</span> <span class='ocrx_word' id='word_1_397' title='bbox 1730 2616 1902 2683; x_wconf 84' lang='grc'><strong>(424),</strong></span> <span class='ocrx_word' id='word_1_398' title='bbox 1931 2612 2039 2668; x_wconf 88' lang='lat' dir='ltr'>sed</span> <span class='ocrx_word' id='word_1_399' title='bbox 2150 2610 2391 2666; x_wconf 88' lang='lat' dir='ltr'>clesiam</span> <span class='ocrx_word' id='word_1_400' title='bbox 2426 2610 2909 2681; x_wconf 85' lang='lat' dir='ltr'>gubernandam,</span> <span class='ocrx_word' id='word_1_401' title='bbox 2944 2616 3006 2667; x_wconf 92' lang='lat' dir='ltr'>ut</span> <span class='ocrx_word' id='word_1_402' title='bbox 3048 2616 3185 2683; x_wconf 90' lang='lat' dir='ltr'>post</span> <span class='ocrx_word' id='word_1_403' title='bbox 3222 2612 3518 2680; x_wconf 86' lang='lat' dir='ltr'>dicemus,</span> <span class='ocrx_word' id='word_1_404' title='bbox 3561 2613 3833 2670; x_wconf 88' lang='lat' dir='ltr'>domnus</span> 
     </span>
    </p>
   </div>
   <div class='ocr_carea' id='block_1_30' title="bbox 381 2696 3831 2779">
    <p class='ocr_par' dir='ltr' id='par_1_30' title="bbox 381 2696 3831 2779">
     <span class='ocr_line' id='line_1_30' title="bbox 381 2696 3831 2779; baseline -0 -17"><span class='ocrx_word' id='word_1_405' title='bbox 381 2708 499 2763; x_wconf 92' lang='lat' dir='ltr'>Deo</span> <span class='ocrx_word' id='word_1_406' title='bbox 544 2706 781 2763; x_wconf 89' lang='lat' dir='ltr'>volente</span> <span class='ocrx_word' id='word_1_407' title='bbox 818 2707 1066 2763; x_wconf 89' lang='lat' dir='ltr'>minime</span> <span class='ocrx_word' id='word_1_408' title='bbox 1098 2706 1288 2779; x_wconf 90' lang='lat' dir='ltr'>cepit;</span> <span class='ocrx_word' id='word_1_409' title='bbox 1348 2709 1610 2761; x_wconf 87' lang='lat' dir='ltr'>attamen</span> <span class='ocrx_word' id='word_1_410' title='bbox 1644 2703 1849 2758; x_wconf 89' lang='lat' dir='ltr'>omnia</span> <span class='ocrx_word' id='word_1_411' title='bbox 1903 2718 2039 2775; x_wconf 64' lang='lat' dir='ltr'>quae</span> <span class='ocrx_word' id='word_1_412' title='bbox 2152 2705 2207 2755; x_wconf 89' lang='lat' dir='ltr'>et</span> <span class='ocrx_word' id='word_1_413' title='bbox 2237 2700 2593 2756; x_wconf 88' lang='lat' dir='ltr'>venerabilis</span> <span class='ocrx_word' id='word_1_414' title='bbox 2633 2703 2801 2757; x_wconf 86' lang='lat' dir='ltr'>Pater</span> <span class='ocrx_word' id='word_1_415' title='bbox 2846 2700 3194 2771; x_wconf 81' lang='lat' dir='ltr'>Richardus,</span> <span class='ocrx_word' id='word_1_416' title='bbox 3228 2702 3464 2758; x_wconf 87' lang='lat' dir='ltr'>noviter</span> <span class='ocrx_word' id='word_1_417' title='bbox 3492 2702 3555 2758; x_wconf 90' lang='lat' dir='ltr'>in</span> <span class='ocrx_word' id='word_1_418' title='bbox 3589 2696 3663 2759; x_wconf 88' lang='lat' dir='ltr'>ea</span> <span class='ocrx_word' id='word_1_419' title='bbox 3697 2721 3831 2761; x_wconf 90' lang='lat' dir='ltr'>mo-</span> 
     </span>
    </p>
   </div>
   <div class='ocr_carea' id='block_1_31' title="bbox 376 2788 3829 2864">
    <p class='ocr_par' dir='ltr' id='par_1_31' title="bbox 376 2788 3829 2864">
     <span class='ocr_line' id='line_1_31' title="bbox 376 2788 3829 2864; baseline -0 -15"><span class='ocrx_word' id='word_1_420' title='bbox 376 2794 535 2852; x_wconf 90' lang='lat' dir='ltr'>circa</span> <span class='ocrx_word' id='word_1_421' title='bbox 560 2794 774 2851; x_wconf 89' lang='lat' dir='ltr'>urbem</span> <span class='ocrx_word' id='word_1_422' title='bbox 802 2800 972 2851; x_wconf 89' lang='lat' dir='ltr'>erant</span> <span class='ocrx_word' id='word_1_423' title='bbox 996 2794 1269 2851; x_wconf 86' lang='lat' dir='ltr'>vastavit.</span> <span class='ocrx_word' id='word_1_424' title='bbox 1304 2794 1521 2851; x_wconf 86' lang='lat' dir='ltr'>Contra</span> <span class='ocrx_word' id='word_1_425' title='bbox 1553 2807 1737 2864; x_wconf 88' lang='lat' dir='ltr'>quem</span> <span class='ocrx_word' id='word_1_426' title='bbox 1759 2805 1897 2845; x_wconf 90' lang='lat' dir='ltr'>cum</span> <span class='ocrx_word' id='word_1_427' title='bbox 1929 2806 2037 2845; x_wconf 90' lang='lat' dir='ltr'>no-</span> <span class='ocrx_word' id='word_1_428' title='bbox 2151 2789 2384 2845; x_wconf 90' lang='lat' dir='ltr'>nachus</span> <span class='ocrx_word' id='word_1_429' title='bbox 2434 2789 2652 2859; x_wconf 86' lang='lat' dir='ltr'>factus,</span> <span class='ocrx_word' id='word_1_430' title='bbox 2706 2789 2809 2862; x_wconf 90' lang='lat' dir='ltr'>qui</span> <span class='ocrx_word' id='word_1_431' title='bbox 2856 2788 2964 2845; x_wconf 91' lang='lat' dir='ltr'>fuit</span> <span class='ocrx_word' id='word_1_432' title='bbox 3010 2790 3085 2846; x_wconf 90' lang='lat' dir='ltr'>de</span> <span class='ocrx_word' id='word_1_433' title='bbox 3132 2790 3503 2862; x_wconf 84' lang='lat' dir='ltr'>primoribus</span> <span class='ocrx_word' id='word_1_434' title='bbox 3548 2792 3829 2849; x_wconf 66' lang='lat' dir='ltr'>Ecclesia:</span> 
     </span>
    </p>
   </div>
   <div class='ocr_carea' id='block_1_32' title="bbox 377 2878 3832 2967">
    <p class='ocr_par' dir='ltr' id='par_1_32' title="bbox 377 2878 3832 2967">
     <span class='ocr_line' id='line_1_32' title="bbox 377 2878 3832 2967; baseline 0.001 -31"><span class='ocrx_word' id='word_1_435' title='bbox 377 2882 479 2937; x_wconf 88' lang='lat' dir='ltr'>stri</span> <span class='ocrx_word' id='word_1_436' title='bbox 509 2883 731 2951; x_wconf 82' lang='lat' dir='ltr'>egressi</span> <span class='ocrx_word' id='word_1_437' title='bbox 758 2882 837 2937; x_wconf 91' lang='lat' dir='ltr'>ad</span> <span class='ocrx_word' id='word_1_438' title='bbox 884 2881 1044 2938; x_wconf 89' lang='lat' dir='ltr'>bella</span> <span class='ocrx_word' id='word_1_439' title='bbox 1074 2881 1339 2937; x_wconf 88' lang='lat' dir='ltr'>venirent</span> <span class='ocrx_word' id='word_1_440' title='bbox 1388 2880 1466 2936; x_wconf 89' lang='lat' dir='ltr'>ab</span> <span class='ocrx_word' id='word_1_441' title='bbox 1492 2880 1622 2951; x_wconf 91' lang='lat' dir='ltr'>ejus</span> <span class='ocrx_word' id='word_1_442' title='bbox 1653 2878 1915 2934; x_wconf 86' lang='lat' dir='ltr'>exercitu</span> <span class='ocrx_word' id='word_1_443' title='bbox 1942 2896 2039 2934; x_wconf 89' lang='lat' dir='ltr'>su-</span> <span class='ocrx_word' id='word_1_444' title='bbox 2080 2913 2121 2967; x_wconf 70' lang='grc' dir='ltr'><strong>Ο</strong></span> <span class='ocrx_word' id='word_1_445' title='bbox 2152 2882 2374 2934; x_wconf 62' lang='lat' dir='ltr'>sanctae</span> <span class='ocrx_word' id='word_1_446' title='bbox 2404 2879 2597 2934; x_wconf 49' lang='lat' dir='ltr'>Maria).</span> <span class='ocrx_word' id='word_1_447' title='bbox 2650 2878 3003 2935; x_wconf 85' lang='lat' dir='ltr'>Rhemensis</span> <span class='ocrx_word' id='word_1_448' title='bbox 3061 2880 3389 2937; x_wconf 81' lang='lat' dir='ltr'>c‘anonicus</span> <span class='ocrx_word' id='word_1_449' title='bbox 3421 2886 3480 2937; x_wconf 91' lang='lat' dir='ltr'>et</span> <span class='ocrx_word' id='word_1_450' title='bbox 3529 2881 3628 2938; x_wconf 88' lang='lat' dir='ltr'>vir</span> <span class='ocrx_word' id='word_1_451' title='bbox 3656 2882 3832 2939; x_wconf 84' lang='lat' dir='ltr'>valde</span> 
     </span>
    </p>
   </div>
   <div class='ocr_carea' id='block_1_33' title="bbox 376 2965 2490 3042">
    <p class='ocr_par' dir='ltr' id='par_1_33' title="bbox 376 2965 2490 3042">
     <span class='ocr_line' id='line_1_33' title="bbox 376 2965 2490 3042; baseline -0.002 -17"><span class='ocrx_word' id='word_1_452' title='bbox 376 2969 585 3042; x_wconf 89' lang='lat' dir='ltr'>perati,</span> <span class='ocrx_word' id='word_1_453' title='bbox 617 2969 821 3042; x_wconf 90' lang='lat' dir='ltr'>plures</span> <span class='ocrx_word' id='word_1_454' title='bbox 850 2968 1005 3041; x_wconf 90' lang='lat' dir='ltr'>capti</span> <span class='ocrx_word' id='word_1_455' title='bbox 1041 2974 1177 3026; x_wconf 87' lang='lat' dir='ltr'>sunt</span> <span class='ocrx_word' id='word_1_456' title='bbox 1217 2974 1273 3024; x_wconf 88' lang='lat' dir='ltr'>et</span> <span class='ocrx_word' id='word_1_457' title='bbox 1315 2968 1578 3025; x_wconf 90' lang='lat' dir='ltr'>abducti.</span> <span class='ocrx_word' id='word_1_458' title='bbox 1636 2969 1749 3023; x_wconf 88' lang='lat' dir='ltr'>Pro</span> <span class='ocrx_word' id='word_1_459' title='bbox 1777 2983 2042 3039; x_wconf 79' lang='lat' dir='ltr'>quorum</span> <span class='ocrx_word' id='word_1_460' title='bbox 2095 2965 2108 2967; x_wconf 65' lang='grc'>⁷</span> <span class='ocrx_word' id='word_1_461' title='bbox 2152 2965 2490 3033; x_wconf 75' lang='lat' dir='ltr'>religiosus.</span> 
     </span>
    </p>
   </div>
   <div class='ocr_carea' id='block_1_34' title="bbox 372 3054 3830 3135">
    <p class='ocr_par' dir='ltr' id='par_1_34' title="bbox 372 3054 3830 3135">
     <span class='ocr_line' id='line_1_34' title="bbox 372 3054 3830 3135; baseline 0.002 -23"><span class='ocrx_word' id='word_1_462' title='bbox 372 3056 721 3113; x_wconf 90' lang='lat' dir='ltr'>liberatione</span> <span class='ocrx_word' id='word_1_463' title='bbox 753 3056 1046 3114; x_wconf 89' lang='lat' dir='ltr'>Gobertus</span> <span class='ocrx_word' id='word_1_464' title='bbox 1072 3057 1346 3130; x_wconf 89' lang='lat' dir='ltr'>quidam,</span> <span class='ocrx_word' id='word_1_465' title='bbox 1367 3055 1537 3113; x_wconf 90' lang='lat' dir='ltr'>miles</span> <span class='ocrx_word' id='word_1_466' title='bbox 1566 3054 2036 3129; x_wconf 85' lang='lat' dir='ltr'>potentissimus,</span> <span class='ocrx_word' id='word_1_467' title='bbox 2223 3062 2274 3112; x_wconf 83' lang='lat'>7.</span> <span class='ocrx_word' id='word_1_468' title='bbox 2307 3056 2564 3113; x_wconf 88' lang='lat' dir='ltr'>Ecclesia</span> <span class='ocrx_word' id='word_1_469' title='bbox 2594 3072 2737 3113; x_wconf 90' lang='lat' dir='ltr'>vero</span> <span class='ocrx_word' id='word_1_470' title='bbox 2769 3057 3151 3113; x_wconf 89' lang='lat' dir='ltr'>Virdunensis</span> <span class='ocrx_word' id='word_1_471' title='bbox 3171 3058 3349 3114; x_wconf 89' lang='lat' dir='ltr'>tantis</span> <span class='ocrx_word' id='word_1_472' title='bbox 3370 3059 3706 3132; x_wconf 70' lang='lat' dir='ltr'>prselibatis</span> <span class='ocrx_word' id='word_1_473' title='bbox 3725 3077 3830 3135; x_wconf 88' lang='lat' dir='ltr'>pa-</span> 
     </span>
    </p>
   </div>
   <div class='ocr_carea' id='block_1_35' title="bbox 378 3145 3833 3221">
    <p class='ocr_par' dir='ltr' id='par_1_35' title="bbox 378 3145 3833 3221">
     <span class='ocr_line' id='line_1_35' title="bbox 378 3145 3833 3221; baseline 0.002 -20"><span class='ocrx_word' id='word_1_474' title='bbox 378 3145 577 3203; x_wconf 82' lang='lat' dir='ltr'>claves</span> <span class='ocrx_word' id='word_1_475' title='bbox 607 3145 858 3216; x_wconf 86' lang='lat' dir='ltr'>civitatis</span> <span class='ocrx_word' id='word_1_476' title='bbox 886 3146 1012 3217; x_wconf 92' lang='lat' dir='ltr'>regi</span> <span class='ocrx_word' id='word_1_477' title='bbox 1041 3145 1269 3203; x_wconf 90' lang='lat' dir='ltr'>detulit.</span> <span class='ocrx_word' id='word_1_478' title='bbox 2151 3145 2412 3201; x_wconf 89' lang='lat' dir='ltr'>storibus</span> <span class='ocrx_word' id='word_1_479' title='bbox 2446 3146 2688 3201; x_wconf 86' lang='lat' dir='ltr'>viduata</span> <span class='ocrx_word' id='word_1_480' title='bbox 2704 3151 3009 3218; x_wconf 86' lang='lat' dir='ltr'>pastorem</span> <span class='ocrx_word' id='word_1_481' title='bbox 3035 3163 3072 3203; x_wconf 91' lang='lat' dir='ltr'>a</span> <span class='ocrx_word' id='word_1_482' title='bbox 3099 3163 3222 3218; x_wconf 92' lang='lat' dir='ltr'>quo</span> <span class='ocrx_word' id='word_1_483' title='bbox 3246 3163 3384 3204; x_wconf 88' lang='lat' dir='ltr'>vere</span> <span class='ocrx_word' id='word_1_484' title='bbox 3409 3151 3729 3221; x_wconf 87' lang='lat' dir='ltr'>pascenda</span> <span class='ocrx_word' id='word_1_485' title='bbox 3746 3150 3833 3207; x_wconf 88' lang='lat' dir='ltr'>fo-</span> 
     </span>
    </p>
   </div>
   <div class='ocr_carea' id='block_1_36' title="bbox 446 3234 3831 3310">
    <p class='ocr_par' dir='ltr' id='par_1_36' title="bbox 446 3234 3831 3310">
     <span class='ocr_line' id='line_1_36' title="bbox 446 3234 3831 3310; baseline 0.001 -20"><span class='ocrx_word' id='word_1_486' title='bbox 446 3238 499 3291; x_wconf 89' lang='lat'>4.</span> <span class='ocrx_word' id='word_1_487' title='bbox 532 3238 775 3292; x_wconf 85' lang='lat' dir='ltr'>Factum</span> <span class='ocrx_word' id='word_1_488' title='bbox 797 3240 886 3292; x_wconf 88' lang='lat' dir='ltr'>est</span> <span class='ocrx_word' id='word_1_489' title='bbox 914 3239 1116 3292; x_wconf 90' lang='lat' dir='ltr'>autem</span> <span class='ocrx_word' id='word_1_490' title='bbox 1160 3240 1299 3309; x_wconf 87' lang='lat' dir='ltr'>post</span> <span class='ocrx_word' id='word_1_491' title='bbox 1326 3236 1454 3291; x_wconf 72' lang='lat' dir='ltr'>haec</span> <span class='ocrx_word' id='word_1_492' title='bbox 1486 3239 1549 3291; x_wconf 88' lang='lat' dir='ltr'>ut</span> <span class='ocrx_word' id='word_1_493' title='bbox 1586 3235 1760 3305; x_wconf 88' lang='lat' dir='ltr'>Hugo</span> <span class='ocrx_word' id='word_1_494' title='bbox 1785 3235 2040 3308; x_wconf 90' lang='lat' dir='ltr'>quidam</span> <span class='ocrx_word' id='word_1_495' title='bbox 2148 3238 2254 3301; x_wconf 90' lang='lat' dir='ltr'>ret,</span> <span class='ocrx_word' id='word_1_496' title='bbox 2274 3239 2331 3289; x_wconf 89' lang='lat' dir='ltr'>et</span> <span class='ocrx_word' id='word_1_497' title='bbox 2353 3237 2583 3290; x_wconf 86' lang='lat' dir='ltr'>Patrem</span> <span class='ocrx_word' id='word_1_498' title='bbox 2608 3251 2644 3290; x_wconf 89' lang='lat' dir='ltr'>a</span> <span class='ocrx_word' id='word_1_499' title='bbox 2668 3251 2792 3306; x_wconf 89' lang='lat' dir='ltr'>quo</span> <span class='ocrx_word' id='word_1_500' title='bbox 2819 3234 3077 3304; x_wconf 83' lang='lat' dir='ltr'>benigne</span> <span class='ocrx_word' id='word_1_501' title='bbox 3094 3235 3413 3293; x_wconf 89' lang='lat' dir='ltr'>nutrienda</span> <span class='ocrx_word' id='word_1_502' title='bbox 3433 3242 3494 3293; x_wconf 87' lang='lat' dir='ltr'>et</span> <span class='ocrx_word' id='word_1_503' title='bbox 3513 3237 3831 3310; x_wconf 83' lang='lat' dir='ltr'>diligenda</span> 
     </span>
    </p>
   </div>
   <div class='ocr_carea' id='block_1_37' title="bbox 375 3323 3833 3401">
    <p class='ocr_par' dir='ltr' id='par_1_37' title="bbox 375 3323 3833 3401">
     <span class='ocr_line' id='line_1_37' title="bbox 375 3323 3833 3401; baseline 0.001 -21"><span class='ocrx_word' id='word_1_504' title='bbox 375 3324 622 3381; x_wconf 91' lang='lat' dir='ltr'>clericus</span> <span class='ocrx_word' id='word_1_505' title='bbox 655 3324 984 3398; x_wconf 88' lang='lat' dir='ltr'>susciperet</span> <span class='ocrx_word' id='word_1_506' title='bbox 1028 3325 1462 3398; x_wconf 88' lang='lat' dir='ltr'>episcopatum.</span> <span class='ocrx_word' id='word_1_507' title='bbox 1525 3324 1629 3380; x_wconf 88' lang='lat' dir='ltr'>Hic</span> <span class='ocrx_word' id='word_1_508' title='bbox 1666 3324 1869 3396; x_wconf 89' lang='lat' dir='ltr'>itaque</span> <span class='ocrx_word' id='word_1_509' title='bbox 1899 3341 2039 3380; x_wconf 90' lang='lat' dir='ltr'>cum</span> <span class='ocrx_word' id='word_1_510' title='bbox 2148 3328 2462 3389; x_wconf 89' lang='lat' dir='ltr'>esset,tum</span> <span class='ocrx_word' id='word_1_511' title='bbox 2494 3327 2872 3389; x_wconf 74' lang='lat' dir='ltr'>genere,tum</span> <span class='ocrx_word' id='word_1_512' title='bbox 2900 3323 3168 3380; x_wconf 89' lang='lat' dir='ltr'>moribus</span> <span class='ocrx_word' id='word_1_513' title='bbox 3197 3324 3656 3384; x_wconf 87' lang='lat' dir='ltr'>nobilissimum</span> <span class='ocrx_word' id='word_1_514' title='bbox 3679 3331 3833 3401; x_wconf 79' lang='lat' dir='ltr'>lley-</span> 
     </span>
    </p>
   </div>
   <div class='ocr_carea' id='block_1_38' title="bbox 376 3411 3829 3485">
    <p class='ocr_par' dir='ltr' id='par_1_38' title="bbox 376 3411 3829 3485">
     <span class='ocr_line' id='line_1_38' title="bbox 376 3411 3829 3485; baseline 0.001 -17"><span class='ocrx_word' id='word_1_515' title='bbox 376 3412 678 3484; x_wconf 86' lang='lat' dir='ltr'>ingressus</span> <span class='ocrx_word' id='word_1_516' title='bbox 702 3412 912 3469; x_wconf 89' lang='lat' dir='ltr'>fuisset</span> <span class='ocrx_word' id='word_1_517' title='bbox 936 3413 1492 3483; x_wconf 85' lang='lat' dir='ltr'>civitatem,vocatis</span> <span class='ocrx_word' id='word_1_518' title='bbox 1524 3412 1600 3468; x_wconf 89' lang='lat' dir='ltr'>ad</span> <span class='ocrx_word' id='word_1_519' title='bbox 1633 3428 1694 3467; x_wconf 91' lang='lat' dir='ltr'>se</span> <span class='ocrx_word' id='word_1_520' title='bbox 1727 3412 2033 3480; x_wconf 88' lang='lat' dir='ltr'>ministris,</span> <span class='ocrx_word' id='word_1_521' title='bbox 2146 3427 2411 3479; x_wconf 88' lang='lat' dir='ltr'>monem,</span> <span class='ocrx_word' id='word_1_522' title='bbox 2427 3411 2502 3467; x_wconf 86' lang='lat' dir='ltr'>de</span> <span class='ocrx_word' id='word_1_523' title='bbox 2523 3428 2646 3484; x_wconf 87' lang='lat' dir='ltr'>quo</span> <span class='ocrx_word' id='word_1_524' title='bbox 2672 3412 2854 3485; x_wconf 89' lang='lat' dir='ltr'>paulo</span> <span class='ocrx_word' id='word_1_525' title='bbox 2881 3418 3019 3469; x_wconf 88' lang='lat' dir='ltr'>ante</span> <span class='ocrx_word' id='word_1_526' title='bbox 3040 3412 3321 3481; x_wconf 78' lang='lat' dir='ltr'>diximus,</span> <span class='ocrx_word' id='word_1_527' title='bbox 3338 3415 3562 3471; x_wconf 89' lang='lat' dir='ltr'>meruit</span> <span class='ocrx_word' id='word_1_528' title='bbox 3581 3432 3619 3473; x_wconf 89' lang='lat' dir='ltr'>a</span> <span class='ocrx_word' id='word_1_529' title='bbox 3641 3418 3829 3473; x_wconf 83' lang='lat' dir='ltr'>Theu-</span> 
     </span>
    </p>
   </div>
   <div class='ocr_carea' id='block_1_39' title="bbox 377 3500 3832 3581">
    <p class='ocr_par' dir='ltr' id='par_1_39' title="bbox 377 3500 3832 3581">
     <span class='ocr_line' id='line_1_39' title="bbox 377 3500 3832 3581; baseline 0.002 -23"><span class='ocrx_word' id='word_1_530' title='bbox 377 3502 537 3558; x_wconf 87' lang='lat' dir='ltr'>unde</span> <span class='ocrx_word' id='word_1_531' title='bbox 566 3501 848 3573; x_wconf 88' lang='lat' dir='ltr'>viverent,</span> <span class='ocrx_word' id='word_1_532' title='bbox 880 3502 1216 3576; x_wconf 83' lang='lat' dir='ltr'>exquisivit.</span> <span class='ocrx_word' id='word_1_533' title='bbox 1279 3501 1507 3567; x_wconf 87' lang='lat' dir='ltr'>Quibus</span> <span class='ocrx_word' id='word_1_534' title='bbox 1536 3500 2038 3574; x_wconf 90' lang='lat' dir='ltr'>respondentibus</span> <span class='ocrx_word' id='word_1_535' title='bbox 2146 3501 2363 3557; x_wconf 90' lang='lat' dir='ltr'>tonica.</span> <span class='ocrx_word' id='word_1_536' title='bbox 2381 3501 2492 3567; x_wconf 88' lang='lat' dir='ltr'>Qui</span> <span class='ocrx_word' id='word_1_537' title='bbox 2520 3501 2653 3557; x_wconf 93' lang='lat' dir='ltr'>loco</span> <span class='ocrx_word' id='word_1_538' title='bbox 2675 3502 2786 3558; x_wconf 90' lang='lat' dir='ltr'>sibi</span> <span class='ocrx_word' id='word_1_539' title='bbox 2812 3503 3135 3559; x_wconf 91' lang='lat' dir='ltr'>commisso</span> <span class='ocrx_word' id='word_1_540' title='bbox 3160 3519 3283 3559; x_wconf 92' lang='lat' dir='ltr'>non</span> <span class='ocrx_word' id='word_1_541' title='bbox 3305 3518 3528 3576; x_wconf 89' lang='lat' dir='ltr'>parum</span> <span class='ocrx_word' id='word_1_542' title='bbox 3560 3506 3659 3542; x_wconf 71' lang='lat' dir='ltr'>m‘</span> <span class='ocrx_word' id='word_1_543' title='bbox 3693 3523 3832 3581; x_wconf 70' lang='grc' dir='ltr'>ριὀο</span> 
     </span>
    </p>
   </div>
   <div class='ocr_carea' id='block_1_40' title="bbox 375 3589 3831 3668">
    <p class='ocr_par' dir='ltr' id='par_1_40' title="bbox 375 3589 3831 3668">
     <span class='ocr_line' id='line_1_40' title="bbox 375 3589 3831 3668; baseline 0.001 -20"><span class='ocrx_word' id='word_1_544' title='bbox 375 3608 436 3648; x_wconf 88' lang='lat' dir='ltr'>se</span> <span class='ocrx_word' id='word_1_545' title='bbox 464 3592 702 3666; x_wconf 89' lang='lat' dir='ltr'>penitus</span> <span class='ocrx_word' id='word_1_546' title='bbox 732 3608 932 3650; x_wconf 87' lang='lat' dir='ltr'>carere</span> <span class='ocrx_word' id='word_1_547' title='bbox 963 3592 1240 3664; x_wconf 85' lang='lat' dir='ltr'>expensis</span> <span class='ocrx_word' id='word_1_548' title='bbox 1271 3608 1407 3664; x_wconf 79' lang='lat' dir='ltr'>quae</span> <span class='ocrx_word' id='word_1_549' title='bbox 1438 3590 1674 3647; x_wconf 89' lang='lat' dir='ltr'>fuerant</span> <span class='ocrx_word' id='word_1_550' title='bbox 1711 3590 2035 3663; x_wconf 88' lang='lat' dir='ltr'>pontiﬁcis,</span> <span class='ocrx_word' id='word_1_551' title='bbox 2145 3589 2271 3659; x_wconf 87' lang='lat' dir='ltr'>fuit,</span> <span class='ocrx_word' id='word_1_552' title='bbox 2291 3606 2431 3645; x_wconf 87' lang='lat' dir='ltr'>cum</span> <span class='ocrx_word' id='word_1_553' title='bbox 2462 3590 2774 3646; x_wconf 90' lang='lat' dir='ltr'>ecclesiam</span> <span class='ocrx_word' id='word_1_554' title='bbox 2795 3591 3391 3664; x_wconf 88' lang='lat' dir='ltr'>perbrevemmagna</span> <span class='ocrx_word' id='word_1_555' title='bbox 3414 3610 3489 3650; x_wconf 83' lang='lat' dir='ltr'>ex</span> <span class='ocrx_word' id='word_1_556' title='bbox 3512 3599 3689 3668; x_wconf 88' lang='lat' dir='ltr'>parte</span> <span class='ocrx_word' id='word_1_557' title='bbox 3704 3612 3831 3652; x_wconf 87' lang='lat' dir='ltr'>am-</span> 
     </span>
    </p>
   </div>
   <div class='ocr_carea' id='block_1_41' title="bbox 373 3679 3829 3756">
    <p class='ocr_par' dir='ltr' id='par_1_41' title="bbox 373 3679 3829 3756">
     <span class='ocr_line' id='line_1_41' title="bbox 373 3679 3829 3756; baseline 0.001 -17"><span class='ocrx_word' id='word_1_558' title='bbox 373 3686 431 3740; x_wconf 90' lang='lat' dir='ltr'>et</span> <span class='ocrx_word' id='word_1_559' title='bbox 472 3681 931 3753; x_wconf 89' lang='lat' dir='ltr'>designantibus</span> <span class='ocrx_word' id='word_1_560' title='bbox 974 3681 1530 3738; x_wconf 87' lang='lat' dir='ltr'>exterminationem</span> <span class='ocrx_word' id='word_1_561' title='bbox 1567 3679 1845 3736; x_wconf 86' lang='lat' dir='ltr'>villarum</span> <span class='ocrx_word' id='word_1_562' title='bbox 1893 3694 2039 3752; x_wconf 87' lang='lat' dir='ltr'>qua-</span> <span class='ocrx_word' id='word_1_563' title='bbox 2145 3679 2435 3753; x_wconf 86' lang='lat' dir='ltr'>pliaverit,</span> <span class='ocrx_word' id='word_1_564' title='bbox 2464 3679 2850 3747; x_wconf 89' lang='lat' dir='ltr'>decoraverit,</span> <span class='ocrx_word' id='word_1_565' title='bbox 2866 3680 3157 3750; x_wconf 84' lang='lat' dir='ltr'>extulerit,</span> <span class='ocrx_word' id='word_1_566' title='bbox 3172 3698 3312 3738; x_wconf 89' lang='lat' dir='ltr'>cum</span> <span class='ocrx_word' id='word_1_567' title='bbox 3334 3683 3688 3756; x_wconf 60' lang='lat' dir='ltr'>praebendas</span> <span class='ocrx_word' id='word_1_568' title='bbox 3708 3686 3829 3742; x_wconf 81' lang='lat' dir='ltr'>fra-</span> 
     </span>
    </p>
   </div>
   <div class='ocr_carea' id='block_1_42' title="bbox 371 3768 3829 3846">
    <p class='ocr_par' dir='ltr' id='par_1_42' title="bbox 371 3768 3829 3846">
     <span class='ocr_line' id='line_1_42' title="bbox 371 3768 3829 3846; baseline 0.001 -20"><span class='ocrx_word' id='word_1_569' title='bbox 371 3785 509 3826; x_wconf 89' lang='lat' dir='ltr'>rum</span> <span class='ocrx_word' id='word_1_570' title='bbox 536 3769 869 3826; x_wconf 88' lang='lat' dir='ltr'>redditibus</span> <span class='ocrx_word' id='word_1_571' title='bbox 896 3768 1096 3825; x_wconf 90' lang='lat' dir='ltr'>vivere</span> <span class='ocrx_word' id='word_1_572' title='bbox 1145 3768 1394 3836; x_wconf 89' lang='lat' dir='ltr'>solebat,</span> <span class='ocrx_word' id='word_1_573' title='bbox 1423 3783 1677 3825; x_wconf 90' lang='lat' dir='ltr'>ascenso</span> <span class='ocrx_word' id='word_1_574' title='bbox 1708 3783 1851 3825; x_wconf 82' lang='lat' dir='ltr'>mox</span> <span class='ocrx_word' id='word_1_575' title='bbox 1881 3782 2037 3839; x_wconf 89' lang='lat' dir='ltr'>equo</span> <span class='ocrx_word' id='word_1_576' title='bbox 2148 3772 2305 3824; x_wconf 90' lang='lat' dir='ltr'>trum</span> <span class='ocrx_word' id='word_1_577' title='bbox 2337 3768 2725 3843; x_wconf 88' lang='lat' dir='ltr'>Superiacum</span> <span class='ocrx_word' id='word_1_578' title='bbox 2772 3774 2829 3825; x_wconf 89' lang='lat' dir='ltr'>et</span> <span class='ocrx_word' id='word_1_579' title='bbox 2857 3768 2976 3826; x_wconf 91' lang='lat' dir='ltr'>alia</span> <span class='ocrx_word' id='word_1_580' title='bbox 3005 3769 3180 3842; x_wconf 89' lang='lat' dir='ltr'>plura</span> <span class='ocrx_word' id='word_1_581' title='bbox 3213 3769 3358 3827; x_wconf 89' lang='lat' dir='ltr'>data</span> <span class='ocrx_word' id='word_1_582' title='bbox 3386 3771 3483 3828; x_wconf 83' lang='lat' dir='ltr'>vel</span> <span class='ocrx_word' id='word_1_583' title='bbox 3506 3775 3829 3846; x_wconf 56' lang='lat' dir='ltr'>praestanda</span> 
     </span>
    </p>
   </div>
   <div class='ocr_carea' id='block_1_43' title="bbox 372 3856 3827 3929">
    <p class='ocr_par' dir='ltr' id='par_1_43' title="bbox 372 3856 3827 3929">
     <span class='ocr_line' id='line_1_43' title="bbox 372 3856 3827 3929; baseline 0.001 -14"><span class='ocrx_word' id='word_1_584' title='bbox 372 3874 647 3915; x_wconf 88' lang='lat' dir='ltr'>reversus</span> <span class='ocrx_word' id='word_1_585' title='bbox 678 3863 785 3914; x_wconf 89' lang='lat' dir='ltr'>est.</span> <span class='ocrx_word' id='word_1_586' title='bbox 2148 3856 2506 3929; x_wconf 87' lang='lat' dir='ltr'>acquisierit,</span> <span class='ocrx_word' id='word_1_587' title='bbox 2530 3874 2669 3914; x_wconf 90' lang='lat' dir='ltr'>cum</span> <span class='ocrx_word' id='word_1_588' title='bbox 2690 3857 2865 3914; x_wconf 87' lang='lat' dir='ltr'>etiam</span> <span class='ocrx_word' id='word_1_589' title='bbox 2891 3874 3014 3914; x_wconf 77' lang='lat' dir='ltr'>suae</span> <span class='ocrx_word' id='word_1_590' title='bbox 3044 3863 3100 3915; x_wconf 92' lang='lat' dir='ltr'>et</span> <span class='ocrx_word' id='word_1_591' title='bbox 3117 3871 3539 3917; x_wconf 84' lang='lat' dir='ltr'>successorum</span> <span class='ocrx_word' id='word_1_592' title='bbox 3566 3878 3827 3920; x_wconf 86' lang='lat' dir='ltr'>suorum</span> 
     </span>
    </p>
   </div>
   <div class='ocr_carea' id='block_1_44' title="bbox 443 3943 3826 4024">
    <p class='ocr_par' dir='ltr' id='par_1_44' title="bbox 443 3943 3826 4024">
     <span class='ocr_line' id='line_1_44' title="bbox 443 3943 3826 4024; baseline 0.002 -22"><span class='ocrx_word' id='word_1_593' title='bbox 443 3952 495 4002; x_wconf 81' lang='grc'>5.</span> <span class='ocrx_word' id='word_1_594' title='bbox 531 3948 659 4011; x_wconf 88' lang='lat' dir='ltr'>Quo</span> <span class='ocrx_word' id='word_1_595' title='bbox 682 3960 943 4014; x_wconf 90' lang='lat' dir='ltr'>egresso,</span> <span class='ocrx_word' id='word_1_596' title='bbox 972 3949 1368 4019; x_wconf 89' lang='lat' dir='ltr'>susceperunt</span> <span class='ocrx_word' id='word_1_597' title='bbox 1389 3946 1548 4002; x_wconf 90' lang='lat' dir='ltr'>cives</span> <span class='ocrx_word' id='word_1_598' title='bbox 1579 3943 1767 4000; x_wconf 86' lang='lat' dir='ltr'>nostri</span> <span class='ocrx_word' id='word_1_599' title='bbox 1795 3943 1919 3999; x_wconf 92' lang='lat' dir='ltr'>sine</span> <span class='ocrx_word' id='word_1_600' title='bbox 1951 3960 2039 4000; x_wconf 79' lang='lat' dir='ltr'>re-</span> <span class='ocrx_word' id='word_1_601' title='bbox 2147 3946 2701 4003; x_wconf 70' lang='lat' dir='ltr'>mensseaHeinrico</span> <span class='ocrx_word' id='word_1_602' title='bbox 2715 3944 3133 4018; x_wconf 87' lang='lat' dir='ltr'>paciﬁcorege,</span> <span class='ocrx_word' id='word_1_603' title='bbox 3155 3946 3826 4024; x_wconf 86' lang='lat' dir='ltr'>ﬁdeliterobsequendo</span> 
     </span>
    </p>
   </div>
   <div class='ocr_carea' id='block_1_45' title="bbox 373 4030 3827 4111">
    <p class='ocr_par' dir='ltr' id='par_1_45' title="bbox 373 4030 3827 4111">
     <span class='ocr_line' id='line_1_45' title="bbox 373 4030 3827 4111; baseline 0.002 -20"><span class='ocrx_word' id='word_1_604' title='bbox 373 4034 471 4106; x_wconf 87' lang='lat' dir='ltr'>gio</span> <span class='ocrx_word' id='word_1_605' title='bbox 499 4034 662 4090; x_wconf 92' lang='lat' dir='ltr'>dono</span> <span class='ocrx_word' id='word_1_606' title='bbox 690 4032 1128 4091; x_wconf 82' lang='lat' dir='ltr'>Adalberonem</span> <span class='ocrx_word' id='word_1_607' title='bbox 1163 4035 1259 4070; x_wconf 70' lang='lat'>&quot;&quot;5</span> <span class='ocrx_word' id='word_1_608' title='bbox 1290 4034 1482 4090; x_wconf 88' lang='lat' dir='ltr'>ﬁlium</span> <span class='ocrx_word' id='word_1_609' title='bbox 1509 4030 1783 4088; x_wconf 88' lang='lat' dir='ltr'>Beatricis</span> <span class='ocrx_word' id='word_1_610' title='bbox 1800 4030 2041 4087; x_wconf 88' lang='lat' dir='ltr'>nobilis—</span> <span class='ocrx_word' id='word_1_611' title='bbox 2148 4040 2504 4107; x_wconf 86' lang='lat' dir='ltr'>strenueque</span> <span class='ocrx_word' id='word_1_612' title='bbox 2518 4051 2578 4090; x_wconf 94' lang='lat' dir='ltr'>se</span> <span class='ocrx_word' id='word_1_613' title='bbox 2595 4034 2897 4105; x_wconf 90' lang='lat' dir='ltr'>habendo,</span> <span class='ocrx_word' id='word_1_614' title='bbox 2916 4035 3200 4108; x_wconf 88' lang='lat' dir='ltr'>Jupiliam</span> <span class='ocrx_word' id='word_1_615' title='bbox 3230 4037 3617 4111; x_wconf 88' lang='lat' dir='ltr'>impetratam</span> <span class='ocrx_word' id='word_1_616' title='bbox 3645 4038 3827 4097; x_wconf 87' lang='lat' dir='ltr'>addi-</span> 
     </span>
    </p>
   </div>
   <div class='ocr_carea' id='block_1_46' title="bbox 371 4120 3827 4195">
    <p class='ocr_par' dir='ltr' id='par_1_46' title="bbox 371 4120 3827 4195">
     <span class='ocr_line' id='line_1_46' title="bbox 371 4120 3827 4195; baseline 0.001 -16"><span class='ocrx_word' id='word_1_617' title='bbox 371 4123 537 4181; x_wconf 66' lang='lat' dir='ltr'>simte</span> <span class='ocrx_word' id='word_1_618' title='bbox 566 4122 844 4179; x_wconf 87' lang='lat' dir='ltr'>ductricis</span> <span class='ocrx_word' id='word_1_619' title='bbox 888 4124 1118 4195; x_wconf 88' lang='lat' dir='ltr'>[matris</span> <span class='ocrx_word' id='word_1_620' title='bbox 1166 4124 1263 4158; x_wconf 81' lang='grc'>¹⁸¹⁶</span> <span class='ocrx_word' id='word_1_621' title='bbox 1294 4120 1635 4179; x_wconf 89' lang='lat' dir='ltr'>Theoderici</span> <span class='ocrx_word' id='word_1_622' title='bbox 1675 4120 1889 4191; x_wconf 82' lang='lat' dir='ltr'>ducis].</span> <span class='ocrx_word' id='word_1_623' title='bbox 1928 4121 2038 4187; x_wconf 88' lang='lat' dir='ltr'>Qui</span> <span class='ocrx_word' id='word_1_624' title='bbox 2146 4122 2313 4178; x_wconf 90' lang='lat' dir='ltr'>derit.</span> <span class='ocrx_word' id='word_1_625' title='bbox 2337 4125 2627 4195; x_wconf 88' lang='lat' dir='ltr'>Oquanta</span> <span class='ocrx_word' id='word_1_626' title='bbox 2640 4122 2746 4178; x_wconf 89' lang='lat' dir='ltr'>viri</span> <span class='ocrx_word' id='word_1_627' title='bbox 2768 4123 2949 4194; x_wconf 89' lang='lat' dir='ltr'>hujus</span> <span class='ocrx_word' id='word_1_628' title='bbox 2973 4139 3115 4193; x_wconf 87' lang='lat' dir='ltr'>erga</span> <span class='ocrx_word' id='word_1_629' title='bbox 3136 4123 3422 4182; x_wconf 84' lang='lat' dir='ltr'>ecclesias</span> <span class='ocrx_word' id='word_1_630' title='bbox 3447 4125 3827 4193; x_wconf 85' lang='lat' dir='ltr'>sollicitudo,</span> 
     </span>
    </p>
   </div>
   <div class='ocr_carea' id='block_1_47' title="bbox 372 4208 3829 4286">
    <p class='ocr_par' dir='ltr' id='par_1_47' title="bbox 372 4208 3829 4286">
     <span class='ocr_line' id='line_1_47' title="bbox 372 4208 3829 4286; baseline 0.001 -16"><span class='ocrx_word' id='word_1_631' title='bbox 372 4230 513 4270; x_wconf 90' lang='lat' dir='ltr'>cum</span> <span class='ocrx_word' id='word_1_632' title='bbox 541 4211 972 4286; x_wconf 87' lang='lat' dir='ltr'>aliquantisper</span> <span class='ocrx_word' id='word_1_633' title='bbox 993 4213 1409 4286; x_wconf 86' lang='lat' dir='ltr'>episcopatum</span> <span class='ocrx_word' id='word_1_634' title='bbox 1439 4209 1729 4266; x_wconf 89' lang='lat' dir='ltr'>tenuisset</span> <span class='ocrx_word' id='word_1_635' title='bbox 1756 4208 1906 4282; x_wconf 78' lang='grc'><strong>(425)</strong></span> <span class='ocrx_word' id='word_1_636' title='bbox 1936 4210 2035 4265; x_wconf 90' lang='lat' dir='ltr'>de-</span> <span class='ocrx_word' id='word_1_637' title='bbox 2072 4278 2107 4286; x_wconf 39' lang='grc' dir='ltr'><strong>κ</strong></span> <span class='ocrx_word' id='word_1_638' title='bbox 2147 4226 2283 4266; x_wconf 87' lang='lat' dir='ltr'>cum</span> <span class='ocrx_word' id='word_1_639' title='bbox 2317 4210 2629 4266; x_wconf 88' lang='lat' dir='ltr'>ecclesiam</span> <span class='ocrx_word' id='word_1_640' title='bbox 2665 4211 2823 4267; x_wconf 88' lang='lat' dir='ltr'>beati</span> <span class='ocrx_word' id='word_1_641' title='bbox 2861 4211 3104 4268; x_wconf 82' lang='lat' dir='ltr'>Joannis</span> <span class='ocrx_word' id='word_1_642' title='bbox 3153 4212 3427 4286; x_wconf 56' lang='lat' dir='ltr'>Baptista</span> <span class='ocrx_word' id='word_1_643' title='bbox 3467 4217 3829 4286; x_wconf 79' lang='lat' dir='ltr'>mutaverit,</span> 
     </span>
    </p>
   </div>
   <div class='ocr_carea' id='block_1_48' title="bbox 372 4278 3832 4377">
    <p class='ocr_par' dir='ltr' id='par_1_48' title="bbox 372 4278 3832 4377">
     <span class='ocr_line' id='line_1_48' title="bbox 372 4278 3832 4377; baseline 0.001 -19"><span class='ocrx_word' id='word_1_644' title='bbox 372 4302 577 4359; x_wconf 89' lang='lat' dir='ltr'>functo</span> <span class='ocrx_word' id='word_1_645' title='bbox 602 4278 1358 4376; x_wconf 48' lang='lat' dir='ltr'>lli-ettense-episcopo—(an.</span> <span class='ocrx_word' id='word_1_646' title='bbox 1393 4300 1521 4370; x_wconf 88' lang='lat'>984)</span> <span class='ocrx_word' id='word_1_647' title='bbox 1552 4298 1631 4356; x_wconf 91' lang='lat' dir='ltr'>ad</span> <span class='ocrx_word' id='word_1_648' title='bbox 1661 4278 1938 4356; x_wconf 81' lang='lat' dir='ltr'>eamdem</span> <span class='ocrx_word' id='word_1_649' title='bbox 1970 4296 2043 4355; x_wconf 85' lang='lat' dir='ltr'>se</span> <span class='ocrx_word' id='word_1_650' title='bbox 2072 4278 2113 4330; x_wconf 74' lang='grc' dir='ltr'>θ</span> <span class='ocrx_word' id='word_1_651' title='bbox 2147 4299 3195 4373; x_wconf 86' lang='lat' dir='ltr'>mutatamampliaverit,ampliatam</span> <span class='ocrx_word' id='word_1_652' title='bbox 3210 4278 3832 4377; x_wconf 51' lang='lat' dir='ltr'>hiauropraesulisan;</span> 
     </span>
    </p>
   </div>
   <div class='ocr_carea' id='block_1_49' title="bbox 371 4386 3834 4463">
    <p class='ocr_par' dir='ltr' id='par_1_49' title="bbox 371 4386 3834 4463">
     <span class='ocr_line' id='line_1_49' title="bbox 371 4386 3834 4463; baseline 0.001 -15"><span class='ocrx_word' id='word_1_653' title='bbox 371 4389 619 4448; x_wconf 87' lang='lat' dir='ltr'>contulit</span> <span class='ocrx_word' id='word_1_654' title='bbox 648 4391 1334 4463; x_wconf 90' lang='lat' dir='ltr'>civitatem,episcopatu</span> <span class='ocrx_word' id='word_1_655' title='bbox 1354 4390 1466 4445; x_wconf 88' lang='lat' dir='ltr'>isto</span> <span class='ocrx_word' id='word_1_656' title='bbox 1492 4387 1818 4444; x_wconf 85' lang='lat' dir='ltr'>relicto.Ad</span> <span class='ocrx_word' id='word_1_657' title='bbox 1847 4404 2032 4462; x_wconf 90' lang='lat' dir='ltr'>quem</span> <span class='ocrx_word' id='word_1_658' title='bbox 2142 4386 2411 4445; x_wconf 86' lang='lat' dir='ltr'>ctissimo</span> <span class='ocrx_word' id='word_1_659' title='bbox 2445 4389 2899 4460; x_wconf 89' lang='lat' dir='ltr'>consecraverit,</span> <span class='ocrx_word' id='word_1_660' title='bbox 2923 4406 3060 4446; x_wconf 89' lang='lat' dir='ltr'>cum</span> <span class='ocrx_word' id='word_1_661' title='bbox 3092 4391 3647 4450; x_wconf 88' lang='lat' dir='ltr'>sanctimonialium</span> <span class='ocrx_word' id='word_1_662' title='bbox 3681 4412 3834 4453; x_wconf 86' lang='lat' dir='ltr'>con-</span> 
     </span>
    </p>
   </div>
   <div class='ocr_carea' id='block_1_50' title="bbox 371 4476 3838 4553">
    <p class='ocr_par' dir='ltr' id='par_1_50' title="bbox 371 4476 3838 4553">
     <span class='ocr_line' id='line_1_50' title="bbox 371 4476 3838 4553; baseline 0.002 -17"><span class='ocrx_word' id='word_1_663' title='bbox 371 4497 510 4538; x_wconf 89' lang='lat' dir='ltr'>cum</span> <span class='ocrx_word' id='word_1_664' title='bbox 540 4479 843 4537; x_wconf 89' lang='lat' dir='ltr'>venissent</span> <span class='ocrx_word' id='word_1_665' title='bbox 871 4478 1077 4546; x_wconf 90' lang='lat' dir='ltr'>nostri,</span> <span class='ocrx_word' id='word_1_666' title='bbox 1094 4478 1387 4552; x_wconf 87' lang='lat' dir='ltr'>susceptis</span> <span class='ocrx_word' id='word_1_667' title='bbox 1409 4476 1643 4532; x_wconf 90' lang='lat' dir='ltr'>eiscum</span> <span class='ocrx_word' id='word_1_668' title='bbox 1668 4476 1897 4535; x_wconf 91' lang='lat' dir='ltr'>honore</span> <span class='ocrx_word' id='word_1_669' title='bbox 1928 4477 2031 4535; x_wconf 87' lang='lat' dir='ltr'>ba-</span> <span class='ocrx_word' id='word_1_670' title='bbox 2141 4476 3838 4553; x_wconf 68' lang='lat' dir='ltr'>gregationemiuibiordinaveritetcongregationineoes-</span> 
     </span>
    </p>
   </div>
   <div class='ocr_carea' id='block_1_51' title="bbox 374 4564 3835 4647">
    <p class='ocr_par' dir='ltr' id='par_1_51' title="bbox 374 4564 3835 4647">
     <span class='ocr_line' id='line_1_51' title="bbox 374 4564 3835 4647; baseline 0.002 -22"><span class='ocrx_word' id='word_1_671' title='bbox 374 4568 580 4626; x_wconf 91' lang='lat' dir='ltr'>culum</span> <span class='ocrx_word' id='word_1_672' title='bbox 608 4568 885 4625; x_wconf 92' lang='lat' dir='ltr'>reddidit.</span> <span class='ocrx_word' id='word_1_673' title='bbox 2144 4564 2303 4621; x_wconf 89' lang='lat' dir='ltr'>saria</span> <span class='ocrx_word' id='word_1_674' title='bbox 2316 4582 2387 4623; x_wconf 85' lang='lat' dir='ltr'>ex</span> <span class='ocrx_word' id='word_1_675' title='bbox 2399 4566 2580 4622; x_wconf 88' lang='lat' dir='ltr'>rebus</span> <span class='ocrx_word' id='word_1_676' title='bbox 2610 4568 2858 4639; x_wconf 90' lang='lat' dir='ltr'>majoris</span> <span class='ocrx_word' id='word_1_677' title='bbox 2869 4568 3131 4626; x_wconf 63' lang='lat' dir='ltr'>ecclesia</span> <span class='ocrx_word' id='word_1_678' title='bbox 3156 4571 3835 4647; x_wconf 74' lang='lat' dir='ltr'>provideritloiligebat</span> 
     </span>
    </p>
   </div>
   <div class='ocr_carea' id='block_1_52' title="bbox 1747 4705 2424 4765">
    <p class='ocr_par' dir='ltr' id='par_1_52' title="bbox 1747 4705 2424 4765">
     <span class='ocr_line' id='line_1_52' title="bbox 1747 4705 2424 4765; baseline 0.001 -4"><span class='ocrx_word' id='word_1_679' title='bbox 1747 4709 1974 4762; x_wconf 77' lang='lat' dir='ltr'><strong>VARle</strong></span> <span class='ocrx_word' id='word_1_680' title='bbox 2016 4705 2424 4765; x_wconf 82' lang='lat' dir='ltr'>LECTIONES.</span> 
     </span>
    </p>
   </div>
   <div class='ocr_carea' id='block_1_53' title="bbox 448 4839 3834 4917">
    <p class='ocr_par' dir='ltr' id='par_1_53' title="bbox 448 4839 3834 4917">
     <span class='ocr_line' id='line_1_53' title="bbox 448 4839 3834 4917; baseline 0.002 -16"><span class='ocrx_word' id='word_1_681' title='bbox 448 4848 545 4881; x_wconf 65' lang='lat'>&#39;3“</span> <span class='ocrx_word' id='word_1_682' title='bbox 576 4846 664 4902; x_wconf 78' lang='lat' dir='ltr'>ila</span> <span class='ocrx_word' id='word_1_683' title='bbox 690 4849 724 4901; x_wconf 84' lang='grc'>2</span> <span class='ocrx_word' id='word_1_684' title='bbox 754 4845 911 4903; x_wconf 85' lang='lat' dir='ltr'>deest</span> <span class='ocrx_word' id='word_1_685' title='bbox 947 4843 994 4900; x_wconf 94' lang='lat' dir='ltr'>l.</span> <span class='ocrx_word' id='word_1_686' title='bbox 1075 4843 1172 4879; x_wconf 79' lang='grc' dir='ltr'>¹ε¹⁵</span> <span class='ocrx_word' id='word_1_687' title='bbox 1205 4841 1723 4917; x_wconf 76' lang='lat' dir='ltr'>adalboronem__t_.</span> <span class='ocrx_word' id='word_1_688' title='bbox 1805 4840 2011 4917; x_wconf 58' lang='lat' dir='ltr'>imm.</span> <span class='ocrx_word' id='word_1_689' title='bbox 2038 4842 2082 4917; x_wconf 92' lang='lat' dir='ltr'>_t.</span> <span class='ocrx_word' id='word_1_690' title='bbox 2111 4839 2489 4917; x_wconf 59' lang='lat' dir='ltr'>d.s_zgperse1_&#39;.</span> <span class='ocrx_word' id='word_1_691' title='bbox 2521 4839 2567 4896; x_wconf 93' lang='lat' dir='ltr'>l.</span> <span class='ocrx_word' id='word_1_692' title='bbox 2602 4840 2776 4899; x_wconf 79' lang='lat' dir='ltr'>habet</span> <span class='ocrx_word' id='word_1_693' title='bbox 2797 4850 2855 4900; x_wconf 86' lang='lat' dir='ltr'>et</span> <span class='ocrx_word' id='word_1_694' title='bbox 2883 4846 3061 4901; x_wconf 78' lang='lat' dir='ltr'>etiam</span> <span class='ocrx_word' id='word_1_695' title='bbox 3090 4846 3267 4917; x_wconf 74' lang='lat' dir='ltr'>[Iugo</span> <span class='ocrx_word' id='word_1_696' title='bbox 3292 4847 3464 4904; x_wconf 84' lang='lat' dir='ltr'>Flav.</span> <span class='ocrx_word' id='word_1_697' title='bbox 3548 4849 3657 4884; x_wconf 72' lang='lat'>&quot;&#39;7</span> <span class='ocrx_word' id='word_1_698' title='bbox 3713 4851 3834 4908; x_wconf 88' lang='lat' dir='ltr'>His</span> 
     </span>
    </p>
   </div>
   <div class='ocr_carea' id='block_1_54' title="bbox 378 4912 3581 4991">
    <p class='ocr_par' dir='ltr' id='par_1_54' title="bbox 378 4912 3581 4991">
     <span class='ocr_line' id='line_1_54' title="bbox 378 4912 3581 4991; baseline 0.001 -21"><span class='ocrx_word' id='word_1_699' title='bbox 378 4920 425 4971; x_wconf 91' lang='grc'>1.</span> <span class='ocrx_word' id='word_1_700' title='bbox 506 4918 603 4953; x_wconf 78' lang='grc'>¹⁸¹⁸</span> <span class='ocrx_word' id='word_1_701' title='bbox 631 4922 846 4990; x_wconf 90' lang='lat' dir='ltr'>nepote</span> <span class='ocrx_word' id='word_1_702' title='bbox 876 4932 1032 4973; x_wconf 79' lang='lat' dir='ltr'>corr.</span> <span class='ocrx_word' id='word_1_703' title='bbox 1056 4915 1281 4988; x_wconf 91' lang='lat' dir='ltr'>nepoti.</span> <span class='ocrx_word' id='word_1_704' title='bbox 1320 4914 1367 4969; x_wconf 89' lang='lat'>1.</span> <span class='ocrx_word' id='word_1_705' title='bbox 1449 4914 1545 4949; x_wconf 75' lang='grc'>¹⁸¹⁰</span> <span class='ocrx_word' id='word_1_706' title='bbox 1574 4914 1698 4969; x_wconf 80' lang='lat' dir='ltr'><strong>LXX</strong></span> <span class='ocrx_word' id='word_1_707' title='bbox 1727 4928 1883 4969; x_wconf 81' lang='lat' dir='ltr'>corr.</span> <span class='ocrx_word' id='word_1_708' title='bbox 1918 4914 1999 4967; x_wconf 81' lang='lat' dir='ltr'>LX</span> <span class='ocrx_word' id='word_1_709' title='bbox 2030 4915 2078 4967; x_wconf 87' lang='grc'>1.</span> <span class='ocrx_word' id='word_1_710' title='bbox 2160 4913 2260 4947; x_wconf 80' lang='grc'>¹⁸²⁰</span> <span class='ocrx_word' id='word_1_711' title='bbox 2288 4912 2506 4968; x_wconf 87' lang='lat' dir='ltr'>roardo</span> <span class='ocrx_word' id='word_1_712' title='bbox 2525 4928 2822 4984; x_wconf 77' lang='lat' dir='ltr'>superscr.</span> <span class='ocrx_word' id='word_1_713' title='bbox 2901 4916 2960 4972; x_wconf 88' lang='lat' dir='ltr'>h.</span> <span class='ocrx_word' id='word_1_714' title='bbox 2997 4922 3045 4972; x_wconf 94' lang='grc'>1.</span> <span class='ocrx_word' id='word_1_715' title='bbox 3080 4918 3171 4953; x_wconf 77' lang='grc' dir='ltr'>ι⁸²¹</span> <span class='ocrx_word' id='word_1_716' title='bbox 3194 4912 3493 4991; x_wconf 67' lang='grc' dir='ltr'>’ρει-ιιωεεε</span> <span class='ocrx_word' id='word_1_717' title='bbox 3533 4921 3581 4974; x_wconf 92' lang='lat' dir='ltr'>l.</span> 
     </span>
    </p>
   </div>
   <div class='ocr_carea' id='block_1_55' title="bbox 1903 5053 2206 5111">
    <p class='ocr_par' dir='ltr' id='par_1_55' title="bbox 1903 5053 2206 5111">
     <span class='ocr_line' id='line_1_55' title="bbox 1903 5053 2206 5111; baseline -0.01 1"><span class='ocrx_word' id='word_1_718' title='bbox 1903 5068 1915 5083; x_wconf 92' lang='lat'><strong><em>’</em></strong></span> <span class='ocrx_word' id='word_1_719' title='bbox 1985 5053 2206 5111; x_wconf 65' lang='lat' dir='ltr'>NOTAE.</span> 
     </span>
    </p>
   </div>
   <div class='ocr_carea' id='block_1_56' title="bbox 445 5196 2800 5273">
    <p class='ocr_par' dir='ltr' id='par_1_56' title="bbox 445 5196 2800 5273">
     <span class='ocr_line' id='line_1_56' title="bbox 445 5196 2800 5273; baseline -0.001 -17"><span class='ocrx_word' id='word_1_720' title='bbox 445 5201 589 5273; x_wconf 84' lang='lat'>(423)</span> <span class='ocrx_word' id='word_1_721' title='bbox 633 5201 984 5273; x_wconf 71' lang='lat' dir='ltr'>Wandresel</span> <span class='ocrx_word' id='word_1_722' title='bbox 1013 5214 1202 5273; x_wconf 76' lang='lat' dir='ltr'>prope</span> <span class='ocrx_word' id='word_1_723' title='bbox 1232 5200 1414 5268; x_wconf 77' lang='lat' dir='ltr'>Sivry</span> <span class='ocrx_word' id='word_1_724' title='bbox 1440 5196 1519 5252; x_wconf 89' lang='lat' dir='ltr'>ad</span> <span class='ocrx_word' id='word_1_725' title='bbox 1550 5199 1792 5253; x_wconf 83' lang='lat' dir='ltr'>Mosam.</span> <span class='ocrx_word' id='word_1_726' title='bbox 2211 5196 2355 5273; x_wconf 73' lang='grc'>(426)</span> <span class='ocrx_word' id='word_1_727' title='bbox 2382 5198 2800 5273; x_wconf 54' lang='lat' dir='ltr'>yontfaugon.</span> 
     </span>
    </p>
   </div>
   <div class='ocr_carea' id='block_1_57' title="bbox 462 5269 3173 5341">
    <p class='ocr_par' dir='ltr' id='par_1_57' title="bbox 462 5269 3173 5341">
     <span class='ocr_line' id='line_1_57' title="bbox 462 5269 3173 5341; baseline 0 -13"><span class='ocrx_word' id='word_1_728' title='bbox 462 5269 588 5339; x_wconf 89' lang='lat'>424)</span> <span class='ocrx_word' id='word_1_729' title='bbox 624 5272 704 5329; x_wconf 87' lang='lat' dir='ltr'>Cf.</span> <span class='ocrx_word' id='word_1_730' title='bbox 738 5272 963 5328; x_wconf 83' lang='lat' dir='ltr'>Richer.</span> <span class='ocrx_word' id='word_1_731' title='bbox 1001 5269 1091 5341; x_wconf 82' lang='grc' dir='ltr'>ΠΙ,</span> <span class='ocrx_word' id='word_1_732' title='bbox 1128 5269 1219 5341; x_wconf 68' lang='grc'>191</span> <span class='ocrx_word' id='word_1_733' title='bbox 1248 5284 1385 5341; x_wconf 77' lang='lat' dir='ltr'>sqq.</span> <span class='ocrx_word' id='word_1_734' title='bbox 1462 5339 1471 5341; x_wconf 96' lang='lat'><em>_</em></span> <span class='ocrx_word' id='word_1_735' title='bbox 1598 5339 1625 5341; x_wconf 22' lang='grc' dir='ltr'>Η</span> <span class='ocrx_word' id='word_1_736' title='bbox 1659 5338 1691 5341; x_wconf 29' lang='grc' dir='ltr'><strong><em>Α</em></strong></span> <span class='ocrx_word' id='word_1_737' title='bbox 1831 5339 1867 5341; x_wconf 92' lang='lat'>__</span> <span class='ocrx_word' id='word_1_738' title='bbox 1952 5338 1960 5341; x_wconf 92' lang='lat'>_</span> <span class='ocrx_word' id='word_1_739' title='bbox 2208 5269 2353 5341; x_wconf 85' lang='lat'>(427)</span> <span class='ocrx_word' id='word_1_740' title='bbox 2382 5270 2443 5341; x_wconf 71' lang='grc' dir='ltr'><strong>γ.</strong></span> <span class='ocrx_word' id='word_1_741' title='bbox 2478 5269 2640 5341; x_wconf 85' lang='lat' dir='ltr'>Necr.</span> <span class='ocrx_word' id='word_1_742' title='bbox 2670 5269 3019 5328; x_wconf 87' lang='lat' dir='ltr'>Fuldensea</span> <span class='ocrx_word' id='word_1_743' title='bbox 3049 5275 3173 5329; x_wconf 88' lang='grc'><strong>991.</strong></span> 
     </span>
    </p>
   </div>
   <div class='ocr_carea' id='block_1_58' title="bbox 441 5274 3841 5417">
    <p class='ocr_par' dir='ltr' id='par_1_58' title="bbox 441 5274 3841 5417">
     <span class='ocr_line' id='line_1_58' title="bbox 462 5274 3173 5341; baseline 0 -13"><span class='ocrx_word' id='word_1_744' title='bbox 462 5275 588 5339; x_wconf 87' lang='grc'><strong>424)</strong></span> <span class='ocrx_word' id='word_1_745' title='bbox 624 5274 704 5329; x_wconf 86' lang='lat' dir='ltr'>Cf.</span> <span class='ocrx_word' id='word_1_746' title='bbox 738 5274 963 5328; x_wconf 83' lang='lat' dir='ltr'>Richer.</span> <span class='ocrx_word' id='word_1_747' title='bbox 1001 5274 1091 5339; x_wconf 89' lang='grc' dir='ltr'>ΙΙΙ,</span> <span class='ocrx_word' id='word_1_748' title='bbox 1128 5274 1219 5324; x_wconf 86' lang='grc'><strong>101</strong></span> <span class='ocrx_word' id='word_1_749' title='bbox 1254 5284 1385 5341; x_wconf 90' lang='lat' dir='ltr'>sqq.</span> <span class='ocrx_word' id='word_1_750' title='bbox 2231 5274 2333 5323; x_wconf 84' lang='lat'>427</span> <span class='ocrx_word' id='word_1_751' title='bbox 2382 5274 2443 5322; x_wconf 92' lang='lat' dir='ltr'>V.</span> <span class='ocrx_word' id='word_1_752' title='bbox 2478 5274 2640 5325; x_wconf 88' lang='lat' dir='ltr'>Necr.</span> <span class='ocrx_word' id='word_1_753' title='bbox 2670 5274 2961 5327; x_wconf 87' lang='lat' dir='ltr'>Fuldense</span> <span class='ocrx_word' id='word_1_754' title='bbox 2982 5288 3019 5328; x_wconf 90' lang='lat' dir='ltr'>a</span> <span class='ocrx_word' id='word_1_755' title='bbox 3049 5275 3173 5329; x_wconf 88' lang='grc'><strong>991.</strong></span> 
     </span>
     <span class='ocr_line' id='line_1_59' title="bbox 441 5274 3841 5417; baseline 0.001 -16"><span class='ocrx_word' id='word_1_756' title='bbox 441 5274 699 5417; x_wconf 55' lang='lat' dir='ltr'>E425)De</span> <span class='ocrx_word' id='word_1_757' title='bbox 719 5343 841 5417; x_wconf 81' lang='lat' dir='ltr'>_hac</span> <span class='ocrx_word' id='word_1_758' title='bbox 870 5340 1088 5417; x_wconf 84' lang='lat' dir='ltr'>re_Vita</span> <span class='ocrx_word' id='word_1_759' title='bbox 1117 5339 1506 5417; x_wconf 69' lang='lat' dir='ltr'>Adalberonis</span> <span class='ocrx_word' id='word_1_760' title='bbox 1541 5338 1695 5417; x_wconf 71' lang='lat' dir='ltr'>nihil</span> <span class='ocrx_word' id='word_1_761' title='bbox 1718 5338 2029 5417; x_wconf 81' lang='lat' dir='ltr'>tradit,__i_ta</span> <span class='ocrx_word' id='word_1_762' title='bbox 2138 5408 2151 5417; x_wconf 85' lang='lat'><strong>_</strong></span> <span class='ocrx_word' id='word_1_763' title='bbox 2208 5274 2557 5417; x_wconf 52' lang='lat' dir='ltr'>E428iguod</span> <span class='ocrx_word' id='word_1_764' title='bbox 2581 5341 2786 5417; x_wconf 74' lang='lat' dir='ltr'>minus</span> <span class='ocrx_word' id='word_1_765' title='bbox 2834 5348 2988 5417; x_wconf 71' lang='lat' dir='ltr'>recte</span> <span class='ocrx_word' id='word_1_766' title='bbox 3015 5343 3239 5400; x_wconf 90' lang='lat' dir='ltr'>dictum</span> <span class='ocrx_word' id='word_1_767' title='bbox 3291 5347 3399 5413; x_wconf 88' lang='lat' dir='ltr'>est,</span> <span class='ocrx_word' id='word_1_768' title='bbox 3448 5360 3595 5417; x_wconf 84' lang='lat' dir='ltr'>cum</span> <span class='ocrx_word' id='word_1_769' title='bbox 3629 5349 3841 5406; x_wconf 75' lang='lat' dir='ltr'>Adal-</span> 
     </span>
    </p>
   </div>
   <div class='ocr_carea' id='block_1_59' title="bbox 370 5408 3840 5479">
    <p class='ocr_par' dir='ltr' id='par_1_59' title="bbox 370 5408 3840 5479">
     <span class='ocr_line' id='line_1_60' title="bbox 370 5408 3840 5479; baseline 0.002 -6"><span class='ocrx_word' id='word_1_770' title='bbox 370 5408 673 5473; x_wconf 54' lang='lat' dir='ltr'>ut&#39;merito</span> <span class='ocrx_word' id='word_1_771' title='bbox 698 5411 959 5470; x_wconf 90' lang='lat' dir='ltr'>dubitari</span> <span class='ocrx_word' id='word_1_772' title='bbox 988 5412 1193 5479; x_wconf 86' lang='lat' dir='ltr'>possit,</span> <span class='ocrx_word' id='word_1_773' title='bbox 1210 5427 1288 5468; x_wconf 91' lang='lat' dir='ltr'>an</span> <span class='ocrx_word' id='word_1_774' title='bbox 1316 5411 1439 5469; x_wconf 90' lang='lat' dir='ltr'>duo</span> <span class='ocrx_word' id='word_1_775' title='bbox 1470 5411 1880 5467; x_wconf 85' lang='lat' dir='ltr'>Adalberones</span> <span class='ocrx_word' id='word_1_776' title='bbox 1908 5411 2026 5465; x_wconf 83' lang='lat' dir='ltr'>Vir-</span> <span class='ocrx_word' id='word_1_777' title='bbox 2134 5408 2280 5466; x_wconf 88' lang='lat' dir='ltr'>bero</span> <span class='ocrx_word' id='word_1_778' title='bbox 2304 5408 2591 5469; x_wconf 62' lang='grc' dir='ltr'><strong>εζ984ο991</strong></span> <span class='ocrx_word' id='word_1_779' title='bbox 2631 5410 2835 5469; x_wconf 87' lang='lat' dir='ltr'>sedem</span> <span class='ocrx_word' id='word_1_780' title='bbox 2855 5413 3285 5472; x_wconf 79' lang='lat' dir='ltr'>Virdunensem</span> <span class='ocrx_word' id='word_1_781' title='bbox 3307 5408 3579 5474; x_wconf 83' lang='lat' dir='ltr'>tenuisse</span> <span class='ocrx_word' id='word_1_782' title='bbox 3597 5419 3840 5479; x_wconf 82' lang='lat' dir='ltr'>videa-</span> 
     </span>
    </p>
   </div>
   <div class='ocr_carea' id='block_1_60' title="bbox 369 5482 3797 5555">
    <p class='ocr_par' dir='ltr' id='par_1_60' title="bbox 369 5482 3797 5555">
     <span class='ocr_line' id='line_1_61' title="bbox 369 5482 3797 5555; baseline -0.004 -10"><span class='ocrx_word' id='word_1_783' title='bbox 369 5486 519 5545; x_wconf 91' lang='lat' dir='ltr'>duni</span> <span class='ocrx_word' id='word_1_784' title='bbox 548 5485 824 5555; x_wconf 86' lang='lat' dir='ltr'>sederint,</span> <span class='ocrx_word' id='word_1_785' title='bbox 859 5483 942 5540; x_wconf 86' lang='lat' dir='ltr'>Cf.</span> <span class='ocrx_word' id='word_1_786' title='bbox 979 5482 1274 5540; x_wconf 88' lang='lat' dir='ltr'>Wilmans</span> <span class='ocrx_word' id='word_1_787' title='bbox 1296 5484 1630 5541; x_wconf 87' lang='lat' dir='ltr'>Jarbucher</span> <span class='ocrx_word' id='word_1_788' title='bbox 1658 5500 1714 5551; x_wconf 86' lang='grc' dir='ltr'>ιι,</span> <span class='ocrx_word' id='word_1_789' title='bbox 1747 5489 1801 5551; x_wconf 87' lang='grc'><strong>2,</strong></span> <span class='ocrx_word' id='word_1_790' title='bbox 1829 5498 1888 5555; x_wconf 90' lang='lat' dir='ltr'>p.</span> <span class='ocrx_word' id='word_1_791' title='bbox 1928 5482 2025 5537; x_wconf 85' lang='lat'>146</span> <span class='ocrx_word' id='word_1_792' title='bbox 2137 5487 2247 5538; x_wconf 88' lang='lat' dir='ltr'>tur.</span> <span class='ocrx_word' id='word_1_793' title='bbox 3792 5490 3797 5493; x_wconf 84' lang='lat'>&#39;</span> 
     </span>
    </p>
   </div>
   <div class='ocr_carea' id='block_1_61' title="bbox 370 5575 504 5634">
    <p class='ocr_par' dir='ltr' id='par_1_61' title="bbox 370 5575 504 5634">
     <span class='ocr_line' id='line_1_62' title="bbox 370 5575 504 5634; baseline -0.007 0"><span class='ocrx_word' id='word_1_794' title='bbox 370 5575 504 5634; x_wconf 81' lang='lat' dir='ltr'><strong>sqq-</strong></span> 
     </span>
    </p>
   </div>
  </div>
