3980 6182
182 109 275 164 521

1141 100 1232 155 DE
1271 97 1515 156 GESTlS
1554 92 2043 150 EPISCOPORUM
2084 94 2628 155 VIRDUNENSIUM.

3503 111 3608 162 522

180 228 291 282 iste
315 225 620 291 ecclesias,
653 224 977 294 diligebant
1009 229 1064 280 et
1095 224 1184 278 sui
1213 242 1226 291 ;
1256 221 1540 297 operibus
1567 219 1681 292 piis
1721 217 1841 272 ins-
1881 218 1928 270 A
1958 218 2166 290 gratia,
2222 220 2404 292 paulo
2459 221 2636 278 latius
2691 221 3145 280 conversionem
3213 225 3371 281 beati
3428 204 3610 284 Patris

187 317 374 384 tabat,
410 315 712 371 instabant
744 319 800 370 et
829 315 937 370 sui.
974 318 1121 370 Nam
1139 315 1268 385 ejus
1293 310 1566 385 exemplo
1596 310 1843 381 ejusque

181 405 503 473 desiderio,
567 404 805 459 Amicus
845 404 1200 476 praepositus
1254 402 1568 458 ecclesiam
1625 401 1845 455 sanctae

184 495 390 554 Crucis
448 494 780 558 aedificavit,
838 493 1159 550 canonicos
1234 491 1555 548 duodecim
1607 489 1842 553 locavit,

187 583 414 656 quibus
446 583 786 639 necessaria
816 600 888 640 ex
939 583 1178 655 praediis
1223 582 1344 637 suis
1382 585 1438 636 et
1480 597 1552 653 ex
1605 577 1845 634 aliunde

184 673 497 745 acquisitis
528 671 800 744 providit.
834 673 924 727 Ad
958 672 1232 727 ultimum
1254 669 1535 743 petitione
1577 665 1846 740 episcOpi

179 762 386 818 locum
406 761 576 816 illum
607 765 816 816 sancto
847 764 1046 816 Mauro
1076 759 1329 815 subdere
1361 774 1483 814 non
1528 754 1842 813 recusavit.

187 852 360 908 Dudo
377 852 556 907 etiam
579 851 937 924 praepositus
960 850 1122 922 apud
1145 848 1454 905 castellum
1478 846 1847 904 Desluwarth

181 944 336 1012 (429)
368 940 681 997 ecclesiam
705 941 764 995 in
795 941 1020 995 honore
1043 938 1232 994 sancti
1289 937 1583 994 Laurentii
1629 935 1845 992 consti-

183 1029 318 1096 tuit,
357 1028 680 1085 canonicos
703 1027 1020 1094 ordinavit,
1053 1027 1346 1083 ordinatis
1369 1024 1713 1082 necessaria
1733 1024 1849 1079 dis-

183 1117 390 1192 posuit
413 1116 772 1188 magnisque
797 1116 1082 1189 operibus
1112 1133 1250 1172 cum
1281 1131 1506 1186 magno
1534 1113 1740 1170 labore
1792 1117 1850 1169 et

184 1224 332 1262 cum
360 1207 512 1262 miro
542 1206 757 1261 decore
789 1208 1074 1276 [castrum
1098 1205 1243 1260 illud
1276 1205 1416 1276 182"]
1463 1205 1540 1260 ad
1569 1203 1846 1259 effectum

187 1312 385 1368 usque
411 1295 708 1368 perduxit.
741 1295 880 1350 Post
905 1295 1032 1349 haec
1063 1311 1100 1350 a
1129 1293 1228 1366 pio
1265 1293 1546 1367 pontiﬁce
1602 1297 1846 1365 paterne

184 1390 472 1457 exceptus
501 1387 591 1439 est
619 1382 861 1439 aliunde
893 1383 1220 1438 adveniens
1239 1385 1406 1439 Pater
1418 1381 1843 1449 Ermenfridus,

182 1475 512 1545 etbenigne
523 1477 786 1529 retentus
808 1473 1169 1545 adjutusque
1190 1472 1508 1528 aediﬁcavit
1530 1471 1846 1528 ecclesiam

182 1570 413 1620 sanctae
435 1564 625 1621 Mariae
651 1563 1034 1633 Magdalenaa,
1086 1562 1512 1635 canonicisque
1561 1562 1847 1618 ordinatis

180 1671 328 1709 cum
360 1670 605 1709 summo
635 1652 858 1708 laboris
890 1652 1102 1707 ardore
1140 1652 1480 1708 necessaria
1543 1651 1800 1725 providit
1831 1669 1843 1719 ;

184 1749 418 1816 utpote,
470 1742 572 1815 qui
628 1741 1004 1815 patrimoniis
1057 1742 1314 1809 carebat,
1374 1741 1615 1812 regibus
1673 1741 1847 1798 obse-

179 1832 454 1904 quendo,
490 1830 860 1904 principibus
886 1831 1271 1900 adhaerendo,
1303 1831 1587 1886 omnibus
1620 1846 1680 1885 se
1712 1830 1847 1885 sub-

175 1921 477 1977 mittendo
504 1926 559 1978 et
585 1937 725 1976 cum
752 1921 906 1976 mira
924 1920 1318 1976 sollicitudine
1346 1923 1532 1976 Deum
1550 1920 1846 1993 praecipue

175 2011 526 2066 invocando
558 2011 746 2066 multa
777 2009 1110 2081 acquisivit.
1139 2009 1284 2065 Huic
1309 2010 1444 2083 plus
1461 2010 1708 2066 contulit
1729 2009 1847 2065 vita

176 2115 374 2172 quam
400 2098 677 2168 pecunia,
709 2098 844 2170 plus
867 2098 966 2170 pia
986 2100 1082 2133 ¹⁸²²
1105 2098 1267 2171 apud
1290 2102 1477 2154 Deum
1496 2103 1552 2154 et
1567 2099 1844 2154 homines

174 2188 424 2244 devotio
455 2204 643 2261 quam
673 2187 877 2260 aliqua
905 2187 1207 2260 possessio
1233 2207 1246 2257 ;
1307 2188 1442 2261 plus
1473 2188 1697 2261 profuit
1725 2204 1844 2243 me-

171 2276 367 2331 ritum
395 2293 580 2349 quam
611 2275 900 2349 prodesse
929 2276 1219 2348 potuisset
1262 2276 1508 2350 aliquod
1563 2276 1846 2349 patrimo-

176 2365 381 2421 nium.

257 2458 310 2509 8.
341 2455 462 2510 Sub
494 2453 708 2510 eodem
740 2458 1008 2525 tempore
1040 2454 1394 2510 venerabilis
1451 2458 1618 2534 Pater
1649 2455 1844 2512 Ricar-

173 2545 322 2611 dus,
355 2543 460 2615 qui
493 2542 623 2613 fuit,
656 2547 720 2597 ut
746 2542 1155 2614 praediximus,
1187 2541 1263 2598 de
1292 2542 1660 2615 primoribus
1703 2543 1849 2597 Rhe-

177 2631 418 2688 mensis
448 2630 745 2700 Ecclesiae,
775 2631 862 2684 vir
917 2631 1196 2686 maximae
1248 2631 1569 2702 religionis,
1627 2631 1846 2687 saeculo

174 2721 566 2790 renuntians,
594 2721 876 2790 Fingeniii
907 2721 1143 2777 abbatis
1182 2722 1362 2793 hujus
1402 2723 1664 2778 ecclesiae
1719 2739 1846 2777 suc-

175 2825 388 2866 cessor
415 2809 607 2865 factus
637 2814 724 2864 est
749 2811 957 2880 (1004).
993 2812 1185 2875 Quam
1216 2810 1529 2866 ecclesiam
1560 2827 1682 2866 una
1708 2827 1846 2866 cum

176 2902 546 2972 imperatore
578 2899 824 2954 Henrico
865 2902 1075 2968 Magno
1134 2900 1194 2956 in
1243 2901 1472 2956 honore
1531 2900 1844 2956 beatorum

178 2987 603 3062 apostolorum
623 2987 771 3043 Petri
796 2993 853 3043 et
891 2989 1054 3044 Pauli
1079 2994 1135 3045 et
1161 2989 1352 3046 sancti
1372 2989 1562 3045 Vitoni
1591 2989 1845 3044 aediﬁca-

180 3077 269 3132 vit
305 3081 362 3131 et
392 3076 467 3131 ad
499 3075 773 3130 effectum
796 3092 990 3148 usque
1017 3077 1314 3149 perduxit.
1351 3077 1476 3133 Vita
1501 3078 1684 3149 hujus
1717 3093 1845 3149 spe-

183 3165 427 3222 ctabilis
455 3166 636 3221 vitam
668 3165 930 3222 ultorum
957 3166 1212 3222 reddidit
1243 3167 1646 3240 spectabilem.
1693 3166 1843 3223 Reli-

180 3255 286 3326 gio
315 3255 496 3325 hujus
527 3271 651 3311 non
679 3254 1040 3311 habentibus
1095 3257 1429 3324 inculcavit,
1481 3255 1842 3313 habentibus

182 3343 602 3414 augmentavit
629 3343 1014 3414 religionem:
1069 3345 1192 3402 imo
1221 3347 1515 3420 quidquid
1571 3347 1678 3403 iste
1735 3345 1845 3400 fuit

181 3449 312 3490 non
340 3437 571 3488 tantum
602 3432 714 3488 sibi
745 3433 1017 3504 subditis,
1049 3436 1153 3490 sed
1176 3439 1233 3491 et
1261 3437 1555 3493 extraneis
1581 3453 1703 3492 non
1724 3454 1846 3493 me-

184 3521 465 3578 diocriter
491 3520 728 3593 profuit.
758 3520 940 3577 Saluti
959 3521 1214 3579 aliorum
1241 3529 1306 3580 ut
1328 3541 1450 3580 suae
1471 3525 1841 3596 invigilabat,

186 3610 539 3667 correctioni
569 3609 821 3666 aliorum
853 3614 916 3666 ut
943 3628 1064 3667 suae
1089 3613 1518 3685 applaudebat.
1547 3614 1602 3669 Si
1628 3613 1844 3687 aliquis

186 3703 651 3766 converteretur,
683 3714 795 3754 sua
820 3703 946 3755 erat
969 3701 1312 3770 conversio;
1375 3703 1424 3757 si
1447 3702 1600 3758 bene
1639 3717 1846 3775 opera-

187 3794 372 3860 retur,
406 3803 519 3844 sua
539 3792 665 3845 erat
693 3788 977 3860 operatio.
1007 3789 1160 3845 Talis
1189 3789 1330 3858 vita,
1365 3790 1519 3859 talis,
1569 3791 1842 3865 inquam,

189 3879 357 3935 fama
383 3877 723 3950 complures
752 3874 1068 3936 admonuit
1097 3879 1292 3936 vivere
1317 3881 1379 3936 in
1423 3881 1670 3950 Christo,
1707 3898 1846 3938 cum

185 3964 535 4037 disponeret
582 3966 733 4022 mori
791 3968 1031 4024 saeculo.
1095 3969 1330 4025 Nobiles
1372 3986 1434 4026 se
1484 3971 1848 4043 reputabant

185 4054 505 4126 ignobiles,
549 4055 729 4112 fortes
775 4056 1198 4114 existimabant
1253 4075 1317 4115 se
1373 4059 1619 4128 debiles,
1675 4065 1749 4128 et,
1783 4065 1850 4117 ut

187 4147 370 4199 tanta:
395 4142 527 4199 vita
578 4144 1115 4214 conformarentm‘,
1165 4146 1462 4220 quidquid
1515 4154 1682 4206 erant
1724 4165 1848 4205 non

1955 306 2260 380 replicare,
2295 309 2555 366 maxime
2582 311 2726 384 quia
2779 311 2979 368 multis
3030 311 3330 370 credimus
3373 322 3611 385 gratum

1954 397 2097 453 fore.

2025 493 2076 543 9.
2107 486 2176 542 Hi
2205 487 2385 558 igitur
2415 487 2859 560 praeclarissimi
2885 492 3023 564 viri,
3054 492 3321 549 videlicet
3372 509 3612 550 venera-

1954 575 2088 631 bilis
2115 578 2288 632 Pater
2318 576 2602 632 Ricardus
2633 582 2688 634 et
2717 578 2974 651 inclytus
2999 596 3201 637 comes
3245 581 3610 652 Fredericus,

1953 665 2188 720 initium
2209 666 2615 722 conversionis
2646 666 2704 722 in
2735 668 2848 723 hac
2879 669 3128 726 ecclesia
3180 674 3298 726 Deo
3352 671 3611 728 donante

1954 754 2174 827 pariter
2203 754 2628 828 disposuerunt
2650 756 2891 813 habere.
2916 760 3052 814 Erat
3082 764 3221 814 tunc
3251 759 3386 832 ipsa
3435 761 3616 816 eccle-

1956 843 2043 899 sia
2068 844 2248 900 rebus
2271 844 2463 918 inops,
2492 845 2757 901 aediﬁciis
2787 851 3064 916 angusta,
3097 865 3314 921 parum
3343 849 3614 905 laudabi-

1954 933 2025 988 lis
2055 936 2504 991 conversatione
2534 937 2831 1006 religiosa,
2857 954 3044 1010 quam
3088 939 3327 994 nonnisi
3383 945 3614 1010 septem

1959 1025 2136 1080 Scotti
2156 1025 2439 1081 monachi
2465 1025 2577 1081 sub
2608 1025 2826 1082 abbate
2849 1043 2979 1098 suo,
3004 1031 3204 1083 tamen
3227 1043 3463 1098 magnae
3483 1045 3616 1084 san-

1956 1114 2169 1169 ctitatis
2199 1115 2348 1185 viro,
2404 1115 2647 1170 nomine
2706 1116 2986 1186 Fingenio
3044 1118 3193 1189 (430)
3250 1117 3610 1173 incolebant.

1958 1207 2108 1274 Ergo
2131 1221 2269 1260 cum
2293 1205 2594 1276 religionis
2623 1207 3019 1280 propositum,
3056 1208 3134 1263 ad
3165 1208 3332 1280 quod
3372 1209 3466 1281 pie
3500 1208 3613 1264 fer-

1955 1292 2152 1360 vebat,
2186 1294 2423 1350 novella
2452 1295 2740 1367 plantatio
2771 1296 3016 1352 minime
3046 1313 3108 1352 se
3139 1297 3402 1352 invenire
3431 1298 3616 1354 trista-

1956 1387 2135 1450 retur,
2163 1383 2379 1439 insedit
2408 1385 2631 1453 animo,
2667 1392 2731 1441 ut
2755 1385 2816 1440 id
2843 1386 3008 1458 quod
3038 1386 3463 1442 desiderabant
3487 1387 3616 1442 Clu-

1956 1473 2130 1528 niaco
2177 1473 2340 1546 apud
2396 1480 2672 1530 sanctum
2730 1478 2964 1531 Patrem
3024 1476 3335 1532 0dilonem
3385 1475 3617 1532 ardenti

1888 1574 1929 1628 Β
1957 1563 2135 1618 corde
2167 1563 2595 1635 perquirerent.
2627 1567 2755 1630 Quo
2786 1582 2925 1620 cum
2951 1566 3357 1636 pervenissent
3387 1570 3440 1621 et
3475 1582 3614 1638 pro-

1956 1651 2217 1723 positum
2250 1650 2433 1706 animi
2468 1655 2630 1707 tanto
2660 1653 2813 1707 Patri
2843 1653 3280 1724 exposuissent,
3313 1653 3402 1708 vir
3429 1669 3616 1722 sagax

1957 1745 2013 1796 et
2041 1740 2367 1795 industrius
2395 1741 2704 1812 respondit
2751 1741 2886 1808 cito,
2946 1739 3026 1796 ibi
3058 1757 3160 1796 eos
3191 1741 3460 1797 habitare
3491 1757 3614 1797 non

1956 1833 2247 1902 oportere,
2281 1829 2382 1884 ubi
2410 1828 2576 1885 nulla
2608 1834 2961 1902 supererant
2984 1846 3119 1902 quae
3164 1846 3372 1885 eorum
3416 1846 3614 1887 exem-

1955 1919 2056 1993 plo
2089 1920 2542 1990 corrigerentur,
2574 1921 2722 1993 quin
2753 1920 2949 1992 potius
2979 1919 3239 1975 redirent
3260 1920 3337 1976 ad
3369 1921 3615 1993 propria

1957 2014 2020 2066 ut
2049 2026 2154 2082 per
2193 2025 2294 2065 eos
2320 2008 2433 2064 illis
2467 2008 2821 2064 fructificare
2849 2025 3018 2078 seges
3048 2009 3302 2065 Domino
3360 2009 3612 2080 placitu-

1953 2115 2038 2155 ra.
2070 2099 2178 2164 Qui
2210 2114 2349 2153 cum
2375 2098 2506 2167 eius
2520 2098 2900 2154 suasionibus
2931 2097 3156 2153 deliniti
3175 2098 3483 2164 redissent,
3502 2113 3613 2152 nec

1954 2187 2392 2244 cohabitatores
2423 2204 2564 2243 suos
2596 2187 2672 2242 ad
2711 2193 2920 2242 votum
2953 2187 3167 2257 corrigi
3190 2187 3250 2242 in
3276 2186 3404 2241 dies
3435 2187 3613 2242 corde

1955 2282 2126 2334 tenus
2155 2277 2442 2344 dolerent,
2472 2276 2683 2332 iterum
2734 2276 3031 2346 migrandi
3091 2277 3240 2333 alias
3299 2276 3614 2332 consilium

1956 2366 2221 2422 habuere
2251 2366 2395 2436 (431)
2423 2384 2435 2432 ;
2470 2365 2576 2420 sed
2610 2370 2760 2420 Deus
2793 2365 3194 2436 omnipotens,
3221 2365 3393 2435 cujus
3415 2365 3613 2437 dispo-

1958 2455 2152 2511 sitioni
2181 2453 2382 2510 nullus
2414 2454 2573 2510 valet
2603 2455 2915 2516 contraire.
2941 2454 3108 2510 aliter
3127 2454 3189 2509 id
3209 2471 3397 2527 quam
3413 2455 3614 2511 volue-

1956 2549 2095 2600 runt
2126 2544 2438 2601 ordinavit.
2471 2547 2606 2599 Erat
2635 2560 2898 2615 namque
2929 2549 3067 2599 tunc
3121 2544 3403 2616 temporis
3453 2561 3613 2617 quaa-

1956 2634 2099 2690 dam
2138 2632 2418 2703 religiosa
2439 2632 2683 2699 femina,
2714 2632 2772 2686 in
2804 2631 3134 2687 reclusione
3174 2632 3357 2688 vitam
3411 2631 3612 2688 solita-

1954 2723 2109 2779 riam
2133 2723 2361 2778 ducens
2400 2722 2564 2794 apud
2594 2721 2904 2777 ecclesiam
2952 2721 3140 2778 beatas
3171 2722 3382 2792 Mariae,
3416 2722 3509 2778 die
3558 2726 3617 2778 et

1956 2816 2128 2869 nocte
2158 2811 2549 2881 orationibus,
2581 2816 2636 2866 et
2652 2810 2898 2882 jejuniis
2924 2816 2980 2866 et
3004 2811 3214 2881 vigiliis
3246 2811 3510 2866 studiose
3527 2811 3613 2866 in-

1885 2927 1925 2982 ρ
1957 2902 2189 2958 sistens.
2223 2901 2372 2956 Huic
2402 2905 2574 2956 nocte
2601 2900 2733 2973 ipsa
2773 2917 2896 2972 qua
2941 2900 3257 2956 consilium
3313 2900 3614 2971 migrandi

1953 2991 2144 3048 fuerat
2173 2989 2455 3046 divinitus
2476 2989 2835 3061 imperatum
2867 2993 3032 3044 estut
3049 2988 3127 3044 ab
3158 2988 3458 3059 ergastulo
3487 2987 3609 3060 illo,

1953 3096 2075 3153 quo
2103 3096 2165 3135 se
2193 3094 2301 3152 per
2329 3078 2530 3151 plures
2555 3093 2748 3133 annos
2794 3076 3184 3142 obstruserat,
3233 3078 3612 3146 egrederetur

1954 3175 2010 3225 et
2034 3168 2238 3225 abbati
2266 3168 2566 3224 nuntiaret
2581 3172 2877 3239 quatenus
2903 3167 3220 3240 praedictos
3241 3167 3421 3236 viros,
3445 3165 3613 3240 quod

1954 3257 2150 3314 solum
2179 3256 2461 3329 restabat,
2494 3256 2817 3314 monachili
2848 3257 3222 3330 professione
3262 3257 3386 3313 sine
3438 3271 3613 3312 mora

1953 3347 2288 3402 devinceret
2306 3361 2381 3401 ne
2407 3361 2508 3401 eos
2541 3345 2800 3401 Ecclesia
2824 3345 3094 3402 funditus
3126 3346 3438 3400 amitteret.
3466 3347 3608 3409 Quae

1946 3436 2135 3509 jussis
2166 3419 2608 3508 obtemperans,
2642 3435 2807 3489 omni
2840 3436 3091 3491 mirante
3142 3435 3390 3506 populo,
3446 3449 3611 3502 egre-

1953 3526 2113 3581 ditur
2140 3540 2175 3580 a
2199 3523 2412 3580 cellula
2460 3527 2516 3578 et
2546 3523 2669 3578 visa
2699 3521 2794 3577 vel
2843 3523 3049 3578 audita
3093 3521 3300 3578 abbati
3352 3521 3608 3577 nuntiat.

1956 3615 2067 3682 Qui
2090 3613 2246 3669 illico
2273 3629 2376 3668 eos
2403 3626 2744 3667 convocans
2800 3611 3138 3666 secundum
3185 3609 3405 3679 regulae
3462 3619 3616 3682 prae-

1955 3709 2194 3776 ceptum
2221 3701 2536 3759 stabilitate
2552 3700 2780 3755 ﬁrmari
2792 3699 3103 3771 compulit.
3119 3701 3260 3754 Post
3278 3703 3396 3754 tres
3414 3703 3614 3753 autem

1954 3810 2214 3864 menses,
2274 3793 2422 3848 forte
2497 3793 2596 3826 ¹⁸²⁴
2673 3790 2885 3847 ultima
2939 3792 3207 3858 urgente,
3289 3788 3612 3858 Fingenius

1956 3883 2151 3940 abbas
2199 3881 2515 3939 defunctus
2561 3882 2649 3935 est
2695 3884 2751 3934 et
2807 3879 2868 3934 in
2925 3877 3174 3934 ecclesia
3224 3876 3414 3934 sancti
3473 3876 3615 3932 Feli-

1957 3973 2040 4030 cis
2092 3976 2258 4028 extra
2310 3985 2516 4025 muros
2561 3967 2930 4024 Mettensium
2985 3966 3234 4022 civitatis
3286 3965 3613 4021 honorabi—

1954 4063 2086 4120 liter
2136 4061 2424 4135 sepultus.
2482 4061 2610 4124 Quo
2668 4057 2920 4130 sepulto,
2977 4056 3074 4112 hic
3125 4055 3483 4112 venerabilis
3513 4059 3618 4113 Pa-

1960 4157 2046 4210 ter
2074 4152 2175 4208 Dei
2203 4149 2577 4208 ordinatione
2604 4147 2796 4204 abbas
2830 4145 3220 4202 substituitur.
3252 4146 3434 4216 Cujus
3467 4149 3616 4201 tem-

189 4235 288 4267 ¹⁸²³
342 4249 472 4288 esse
551 4233 798 4290 omnino
871 4234 1232 4292 nitebantur.
1283 4237 1472 4308 Hujus
1550 4238 1846 4312 exemplo,
1888 4277 1931 4330 Β
1961 4241 2211 4315 poribus
2241 4239 2481 4312 quantis
2509 4236 2758 4294 ecclesia
2779 4237 2892 4292 ista
2917 4235 3247 4292 honoribus
3269 4239 3619 4305 augmenta-

187 4323 399 4394 hujus,
448 4323 722 4397 inquam,
770 4324 1085 4396 desiderio,
1145 4328 1462 4399 progenies
1522 4329 1692 4384 ducis
1743 4332 1849 4385 Go-

189 4412 406 4469 defridi
445 4413 747 4486 praecipue
800 4413 1244 4472 abrenuntiavit
1293 4417 1531 4475 saeculo.
1583 4419 1849 4474 Frederi-

190 4520 302 4560 cus
365 4503 607 4574 etenim,
681 4519 881 4560 comes
936 4506 1315 4577 venerabilis,
1374 4507 1512 4564 huic
1582 4509 1735 4566 Patri
1790 4526 1852 4566 se

190 4594 389 4650 ﬁlium
420 4594 883 4663 commendavit,
915 4595 1054 4651 huic
1079 4595 1328 4653 domino
1360 4614 1420 4654 se
1443 4614 1684 4656 servum
1715 4602 1853 4657 sub-

193 4683 388 4751 didit;
420 4683 662 4756 praediis
705 4683 1017 4741 ecclesiam
1073 4686 1237 4742 auxit
1270 4705 1282 4754 ;
1343 4687 1437 4743 cui
1489 4705 1614 4745 non
1658 4691 1854 4747 solum

196 4787 328 4838 sua,
361 4771 468 4827 sed
490 4775 546 4827 et
578 4788 639 4828 se
669 4772 870 4845 ipsum
894 4772 1049 4829 ultro
1079 4774 1346 4831 contulit.
1381 4777 1466 4833 Et.
1495 4777 1640 4850 quia
1670 4795 1733 4834 se
1761 4796 1855 4836 oc-

195 4861 364 4918 casio
385 4860 642 4934 praebuit
659 4861 735 4918 de
763 4862 976 4919 comite
1001 4863 1328 4933 Frederico,
1351 4865 1567 4939 placet,
1598 4871 1857 4943 exempli

1963 4338 2022 4389 ta
2053 4331 2145 4401 sit,
2172 4334 2402 4403 quanta
2431 4327 2714 4399 religione
2744 4326 3071 4394 emicuerit,
3099 4325 3381 4399 qualibus
3440 4324 3622 4380 aedifi-

1962 4423 2067 4479 ciis
2099 4418 2440 4486 excreverit,
2472 4417 2678 4490 palam
2727 4415 3107 4473 cernentibus
3155 4419 3260 4470 est.
3325 4414 3618 4470 Mathildis

1965 4508 2237 4570 Saxoniae
2267 4505 2570 4564 comitissa
2597 4521 2720 4562 non
2749 4520 2938 4577 parva
2959 4518 3103 4572 erga
3153 4504 3250 4536 ¹⁸²⁵
3290 4501 3450 4556 hunc
3508 4502 3622 4555 Pa-

1963 4606 2113 4659 trem
2143 4603 2201 4655 et
2224 4613 2334 4672 pro
2361 4599 2530 4652 Patre
2559 4610 2702 4664 erga
2726 4595 2886 4649 hunc
2928 4592 3131 4647 locum
3187 4591 3407 4646 exarsit
3438 4588 3622 4643 bene-

1963 4689 2243 4755 volentia,
2277 4688 2635 4743 ornamenta
2662 4682 2838 4755 plura
2858 4679 3125 4750 contulit,
3159 4678 3436 4734 crucibus
3467 4680 3524 4731 et
3543 4681 3625 4732 ta-

1965 4780 2123 4836 bulis
2148 4775 2344 4834 aureis
2374 4779 2431 4831 et
2461 4777 2623 4830 textu
2653 4787 2791 4828 cum
2821 4770 2943 4825 ﬁlio
2995 4767 3210 4824 comite
3259 4766 3624 4822 Herimanno

1969 4870 2152 4928 altare
2177 4862 2498 4934 decoravit,
2529 4861 2720 4920 multa
2749 4864 2806 4918 et
2834 4855 3263 4929 redemptionis
3317 4859 3374 4912 et
3411 4853 3628 4912 salutis

1567 4993 1799 5052 VARLE
1840 4993 2242 5053 LECTIONES.

273 5094 394 5129 ¹⁸²¹”
421 5109 473 5149 c.
501 5092 538 5149 i.
567 5093 766 5151 deleta
798 5098 846 5149 1.
928 5095 1001 5130 ¹⁸²
1031 5099 1349 5165 ἐαρενεεν.
1383 5102 1431 5153 1.
1511 5100 1585 5134 ⁸²³
1611 5115 1735 5158 non
1756 5107 1929 5162 erant
1953 5116 2110 5159 corr.
2138 5099 2309 5154 erant
2337 5110 2460 5152 non
2494 5098 2542 5149 1.
2624 5092 2720 5127 ¹⁸²⁴
2752 5104 2833 5146 an
2864 5091 3040 5144 sorte.
3122 5087 3218 5122 ³⁸⁵³³
3246 5086 3403 5143 deest
3435 5087 3480 5141 l.

1801 5211 2024 5266 ΝΟΤΛΕ.

276 5309 420 5387 (129)
451 5308 882 5387 Dteutewartt
911 5309 984 5364 cf.
1006 5309 1280 5383 diploma
1302 5312 1558 5370 Conradi
1586 5315 1742 5384 regis
1767 5331 1865 5387 ap.

199 5377 353 5436 Mal).
383 5377 536 5434 Ann.
572 5381 658 5445 ιν,
693 5394 753 5445 p.
788 5384 910 5436 7l6.

276 5452 428 5520 (430)
467 5471 496 5503 «ι
523 5450 632 5515 Qui
657 5450 969 5508 abbatiam
1000 5454 1186 5510 sancti
1217 5454 1419 5511 Felicis
1444 5463 1611 5512 extra
1665 5471 1871 5513 muros

202 5520 660 5599 gediomatricge
694 5522 858 5599 urbis
881 5524 1134 5581 condita
1166 5542 1305 5583 cum
1332 5527 1445 5584 ista
1462 5528 1728 5599 regebat.
1759 5550 1784 5580 ι)
1803 5560 1870 5570 -

206 5592 377 5661 (Vita
397 5593 457 5649 S.
490 5594 804 5663 Richardi,
837 5612 888 5649 c.
922 5599 1004 5665 4.)

712 5683 955 5742 Pauor.
999 5685 1239 5744 CXXXII.

2050 5311 2197 5380 (431)
2240 5329 2271 5362 (ι
2304 5310 2367 5363 ln
2397 5302 2813 5380 vicino_s_ancti
2871 5301 3040 5380 Pauli
3093 5300 3477 5380 monasterio,
3531 5299 3634 5355 ubi

1978 5372 2119 5440 tune
2146 5372 2258 5436 sub
2290 5377 2539 5435 Hervino
2570 5374 2787 5446 abbate
2810 5372 3056 5446 novella
3085 5372 3372 5446 plantatio
3415 5372 3638 5446 _ﬂo_rere

1980 5457 2236 5527 caeperat
2267 5454 2324 5506 et
2354 5447 2569 5527 in__dies
2620 5445 2975 5527 fructificare
3029 5442 3639 5527 satagebatLhabue-

1980 5513 2448 5618 runt‘migrandi
2474 5517 2808 5577 consilium.
2844 5540 2872 5568 ››
2917 5548 2986 5560 --
3029 5513 3196 5588 (Vita
3226 5518 3290 5572 S.
3323 5513 3634 5598 Richardi,

1981 5615 2032 5654 ο.
2068 5599 2147 5664 5.)

3149 5680 3209 5731 l7
