3980 6182
519 83 622 135 523

1570 77 1893 134 BERTARH
1934 74 2395 134 VIRDUNENSIS
2437 79 2883 141 SACERDOTIS.
3700 109 3771 165 δη
3894 24 3897 113 i

519 219 643 258 sum
670 205 879 258 mutua
906 201 1164 271 negotia,
1197 201 1416 272 quibus
1456 199 1654 256 adhuc
1684 200 2017 288 honoratur
2044 197 2173 270 qui.
2203 197 2250 253 Α
2284 199 2479 288 stantii
2505 198 2627 258 ﬁlio
2656 206 2715 261 et
2743 203 3060 271 Bernardo,
3085 206 3227 265 miro
3255 210 3440 271 ardore
3466 215 3655 288 relatus,
3678 229 3719 279 et
3750 244 3774 283 a

516 291 755 364 busque
784 290 959 347 valde
988 288 1443 345 commendatur
1467 288 1730 344 ecclesia:
1747 285 2020 359 praebuit.
2041 288 2169 344 Haec

518 380 821 436 comitissa
850 378 1049 435 comiti
1080 376 1392 432 Godefrido
1422 376 1701 449 copulata
1720 377 1988 449 quinque
2017 374 2169 435 ﬁlios

517 485 589 525 ex
613 469 745 543 ipso
776 468 995 538 genuit,
1028 464 1297 525 videlicet
1321 464 1779 531 Adelheronem,
1829 470 2047 525 ucstra
2095 463 2170 519 ci-

516 558 711 615 vitatis
751 560 886 630 post
931 554 1293 613 Wicfridum
1331 555 1704 628 episcopum,
1751 559 1808 613 et
1852 552 2168 626 praedictos

516 645 888 703 Fredericum
914 649 972 701 et
996 643 1433 703 Herimannum
1453 644 1720 707 comites,
1750 643 1905 700 duos
1923 657 2168 714 quoque

511 735 765 790 ducatus
826 733 1111 808 prosapia
1168 732 1477 805 pollentes,
1548 731 1934 789 Godel‘ridum
1989 736 2167 803 atque

511 824 885 880 Gozelonem.
918 823 1236 879 Prmdictus
1287 822 1686 879 Herimannus
1717 820 1960 881 tradidit
1987 820 2166 877 beato

511 914 722 969 Nitono
748 913 960 982 Rogeri
982 917 1210 971 curtem
1240 916 1295 969 et
1328 910 1609 969 Felsicam
1642 926 1777 967 cum
1808 911 1971 967 bono
2000 908 2165 981 quod

510 1008 762 1059 vocatur
790 1002 1039 1058 Hasluth
1080 1002 1141 1058 in
1197 1001 1482 1059 comitatu
1537 1000 1935 1065 Brahauteno,
1985 1003 2164 1069 atque

512 1093 728 1148 Munau
759 1109 896 1148 cum
926 1092 1175 1149 dimidio
1205 1091 1559 1150 Mosomensi
1593 1094 1858 1149 mercatu
1893 1108 1907 1155 ;
1939 1090 1998 1149 in
2027 1089 2165 1147 Har-

510 1180 603 1237 via
630 1197 871 1253 quoque
896 1181 1134 1250 triginta
1161 1197 1408 1241 mansos
1460 1196 1597 1237 cum
1650 1178 1876 1239 familia
1918 1193 2160 1247 magna,

508 1269 569 1324 in
594 1270 807 1326 Geavia
835 1270 988 1327 duas
1019 1270 1303 1328 ecclesias
1334 1286 1474 1327 eum
1528 1267 1801 1343 cappella
1847 1266 2165 1327 indomini-

507 1362 660 1427 cata,
689 1362 748 1415 et
776 1358 892 1415 alia
922 1358 1129 1415 multa.
1166 1360 1337 1418 Pater
1366 1374 1507 1415 vero
1534 1373 1739 1413 eorum
1774 1355 2009 1419 tradidit
2031 1358 2163 1412 Bor—

505 1463 715 1504 racum
775 1452 956 1520 atque
1014 1448 1368 1507 ‘Forbacum.
1426 1446 1778 1503 Godet'ridus
1828 1446 2007 1503 etiam
2037 1443 2162 1501 dux

504 1534 856 1606 Fontagiam
892 1536 1093 1595 villam
1124 1536 1203 1592 ob
1233 1537 1484 1597 fratrum
1516 1551 1765 1599 suorum
1806 1532 2161 1593 memoriam
2190 1600 2197 1605 ,

506 1640 664 1697 saepe
693 1625 852 1681 dicto
893 1625 1140 1684 contulit
1191 1630 1420 1684 sancto.
1478 1623 1866 1696 Supradictus
1918 1637 2160 1694 quoque

507 1729 709 1769 comes
741 1714 1101 1781 Fredericus,
1134 1714 1281 1774 dum
1309 1714 1508 1773 adhuc
1535 1713 1761 1771 essetin
1784 1711 1976 1770 laicali
1997 1710 2161 1769 babi-

505 1806 591 1871 tu,
625 1803 965 1875 praebendis
998 1802 1247 1862 fratrum
1270 1808 1490 1861 sanctae
1523 1802 1707 1863 Mariae
1760 1817 1972 1861 omnes
2028 1816 2161 1858 cen-

508 1896 677 1949 tanas
695 1908 904 1950 eorum
930 1897 1292 1964 potestatum
1322 1892 1541 1969 quibus
1576 1891 1832 1955 multum
1862 1890 2158 1962 inquieta-

504 1981 745 2049 hantur,
778 1980 857 2038 ob
888 1981 1224 2041 remedium
1253 1981 1466 2041 animiae
1513 1998 1635 2038 sum
1685 1979 2157 2051 Hierosolymam

502 2084 760 2141 pergens
790 2071 1067 2128 reddidit.
1116 2074 1328 2129 Turres
1367 2070 1636 2143 lapideas
1684 2068 1945 2127 ecclesiae
1999 2068 2158 2129 beati

501 2159 692 2215 Vitoni
718 2159 793 2216 de
816 2160 1058 2232 proprio
1090 2176 1203 2216 suo
1233 2159 1369 2217 fecit
1396 2164 1453 2217 et
1479 2158 1667 2223 multa
1693 2158 1807 2219 alia
1859 2157 2031 2221 bona
2083 2156 2157 2213 ei-

501 2248 641 2304 dem
663 2248 794 2305 loco
827 2248 1092 2320 contulit,
1126 2248 1229 2304 ubi
1279 2254 1336 2305 et
1388 2264 1528 2307 cum
1571 2247 1813 2305 duobus
1872 2245 2156 2305 fratribus

502 2337 627 2394 suis
659 2337 925 2410 sepultUs
955 2337 1288 2410 requiescit.
1323 2336 1628 2394 Lietardus
1650 2352 1916 2416 quoque,
1972 2335 2156 2407 impc—

499 2426 713 2484 ratoris
746 2427 999 2485 Conradi
1053 2443 1243 2500 nepos
1295 2432 1351 2485 et
1406 2426 1908 2496 consanguineus,
1971 2424 2154 2485 Bailo-

498 2517 669 2574 dium
698 2518 842 2589 (432)
874 2516 1112 2574 tradens
1144 2517 1259 2573 sub
1289 2517 1502 2577 eodem
1530 2515 1856 2571 reverendo
1902 2518 2066 2573 Patre
2091 2514 2153 2570 in

498 2607 711 2663 eodem
740 2606 871 2663 loco
901 2607 1090 2663 factus
1120 2610 1208 2664 est
1235 2606 1591 2665 monachus.
1638 2604 1768 2661 Pius
1797 2607 1997 2663 autem
2053 2606 2151 2661 Pa-

496 2700 583 2751 ter
602 2695 889 2753 Ricardus
918 2695 1061 2754 vixit
1088 2712 1280 2768 usque
1304 2695 1384 2752 ad
1415 2700 1685 2767 tempore.
1704 2693 1913 2751 domui
1930 2693 2154 2764 episco-

494 2784 556 2857 pi
582 2783 835 2850 Ricardi,
865 2800 1049 2856 quem
1078 2783 1153 2843 de
1190 2799 1361 2840 sacra
1390 2783 1550 2839 fonte
1578 2781 1860 2854 suscepit,
1884 2781 2151 2853 rexitque

494 2873 927 2931 monasterium
957 2888 1065 2945 per
1091 2872 1246 2931 duos
1271 2876 1328 2929 et
1356 2870 1756 2944 quadraginta
1796 2885 2009 2943 annos,
2032 2869 2152 2929 vita
2181 2898 2224 2956 ρ

493 2960 850 3018 venerabilis
876 2966 934 3019 et
960 2961 1275 3019 honestate
1332 2961 1464 3018 vitae
1513 2959 1796 3019 omnibus
1852 2958 2147 3019 amabilis.

494 3047 770 3105 Mirabilis
795 3052 920 3107 erat
948 3047 1010 3105 in
1037 3047 1340 3117 religionis
1372 3047 1683 3120 proposito
1732 3046 1914 3105 Patris
1967 3047 2149 3119 hujus

492 3137 797 3205 instantia,
825 3137 917 3194 cui
942 3138 1234 3210 aspirare,
1254 3136 1349 3195 cui
1366 3137 1669 3195 adhaerere
1690 3136 1989 3195 nitebatur
2018 3153 2147 3193 om—

494 3226 587 3282 nis
656 3226 937 3285 Ecclesia.
989 3226 1170 3297 Cujus
1214 3224 1691 3285 institutionibus
1747 3228 1870 3282 tota
1927 3226 2149 3295 gaudet

494 3314 760 3385 Francia,
792 3320 849 3372 et
869 3314 1016 3374 dum
1065 3314 1367 3383 religionis
1413 3314 1597 3371 habet
1648 3314 1914 3383 vestigia,
1950 3314 2149 3373 trium-

490 3405 638 3478 phat
666 3403 1061 3463 Lothariensis
1090 3403 1305 3476 patria.
1332 3402 1485 3469 Quid
1513 3402 1734 3475 plura?
1766 3403 1901 3463 urbi
1928 3408 2146 3461 nostrae

489 3497 719 3566 quanto
747 3493 943 3563 major
971 3492 1093 3551 vita
1120 3491 1302 3562 hujus
1342 3491 1764 3561 commoditas,
1811 3508 1973 3549 mors
2016 3492 2145 3562 ejus

489 3581 616 3649 fuit,
649 3597 773 3640 non
798 3582 998 3640 dicam
1027 3580 1513 3647 incommoditas,
1559 3580 1663 3639 sed
1695 3584 1860 3639 tanto
1889 3581 2146 3655 amplior

486 3672 680 3732 evenit
700 3672 1029 3731 infelicitas.
1066 3671 1250 3745 Hujus
1279 3686 1403 3729 non
1432 3674 1663 3729 tantum
1688 3669 1751 3727 in
1803 3675 2007 3729 nostra
2040 3674 2142 3731 Ec-

487 3760 685 3830 clesia,
718 3777 927 3818 verum
959 3777 1066 3832 per
1093 3764 1277 3819 totam
1322 3759 1629 3829 Franciam
1683 3774 1790 3819 seu
1846 3760 2146 3822 Lotharin-

487 3849 647 3919 giam
674 3853 878 3909 manet
903 3848 1096 3905 dulcis
1121 3848 1432 3919 memoria.

559 3938 623 3995 Hi
654 3941 872 4005 Patres,
905 3936 1013 4007 qui
1034 3940 1128 3999 tot
1178 3934 1341 3997 bona
1404 3935 1679 3995 Ecclesiae
1737 3935 2138 4009 contulerunt,

487 4024 600 4081 sub
629 4024 855 4085 domno
887 4023 1195 4093 Heymone
1223 4022 1508 4096 episcopo
1538 4023 1796 4091 fuerunt,
1846 4024 1951 4099 qui
1999 4024 2143 4082 vixit

486 4110 547 4167 in
571 4110 922 4183 episcopatu
951 4110 1188 4180 triginta
1216 4126 1320 4168 sex
1350 4110 1544 4169 annis.

562 4204 645 4256 tO.
678 4200 863 4267 (102i)
890 4203 1033 4259 Tam
1062 4198 1161 4271 pio
1175 4199 2141 4275 praesulisuccessitprtesulitaim-

482 4289 712 4357 bcrtus,
742 4288 903 4353 bona
926 4287 1245 4347 defendere
1279 4287 1569 4358 Ecclesiae,
1609 4289 1717 4349 etsi
1766 4306 1891 4347 non
1937 4298 2140 4367 posset

482 4378 792 4452 ampliare,
826 4378 1109 4441 solicitus
1144 4379 1259 4446 ηπ,
1288 4378 1571 4437 omnibus
1598 4378 1722 4435 suis
1761 4396 1883 4437 non
1917 4397 2135 4459 parum

482 4468 862 4531 commodus,
895 4466 1198 4539 religionis
1242 4471 1299 4527 et
1340 4482 1551 4531 eorum
1600 4468 1706 4543 qui
1754 4469 1843 4527 sui
1910 4471 2135 4529 ordinis

479 4561 648 4615 erant
673 4556 923 4613 amicus.
959 4555 1043 4613 Ad
1087 4554 1405 4613 ecclesiam
1459 4555 1836 4616 sanctissimo
1883 4560 2134 4628 Agerico

477 4646 990 4721 praesuliliouestc
1034 4644 1447 4705 wtiliﬁcandam
1499 4644 1972 4707 ardentissimus.
2030 4650 2135 4706 Vix

477 4742 681 4797 autem
699 4734 1103 4793 desideratum
1134 4751 1287 4807 opus
1317 4734 1637 4809 inceperat,
1672 4734 1763 4792 vix
1798 4738 2132 4795 monachos

474 4825 793 4891 locaverat,
847 4823 939 4881 vix
972 4822 1313 4882 necessaria
1340 4822 1701 4894 providerat,
1734 4828 1791 4881 et
1835 4824 2132 4886 desiderio

474 4914 661 4969 sancti
683 4912 937 4986 sepulcri
969 4911 1507 4985 peregrinationem
1543 4912 1722 4983 (1038)
1770 4918 1861 4969 est
1889 4931 2131 4989 aggres-

475 5016 577 5053 sus
603 5018 617 5065 ;
651 5001 708 5056 in
729 5017 853 5073 qua
875 5006 1168 5067 mortuus,
1189 5000 1326 5057 etin
1346 5000 1447 5057 via
1469 5001 1817 5072 Bellagrada
1839 5005 2125 5075 sepultus,

475 5087 715 5143 tandem
747 5106 782 5143 a
830 5089 1135 5145 canonicis
1174 5089 1297 5145 suis
1335 5088 1610 5145 videlicet
1666 5091 1921 5146 Bernero
1981 5096 2129 5150 Con-

2282 284 2513 383 civibus
2545 289 2667 347 suis
2706 290 3106 351 desideranter
3134 302 3404 369 exceptus,
3452 302 3546 358 sub
3587 284 3775 383 tempore

2280 374 2526 447 piissimi
2555 379 2819 453 episcopi
2842 382 3109 441 Richardi
3133 389 3185 445 et
3204 387 3425 447 Baldrici
3446 390 3637 448 abbatis
3657 374 3701 452 in
3721 414 3775 455 ee

2280 464 2459 559 clesia
2478 469 2672 559 sancti
2699 470 2925 527 Martini
2948 477 3243 545 sanctique
3270 477 3471 545 Agerici
3487 496 3517 535 a
3538 496 3589 537 se
3617 482 3779 559 incepta

2278 554 2605 646 honorifice
2633 565 2724 615 est
2745 559 3135 631 sepultusliic
3156 568 3359 619 sanctis
3383 566 3544 625 Maria:
3565 554 3779 646 duascep-

2280 659 2389 715 pas
2410 644 2670 716 optimas
2701 652 2759 705 et
2785 647 2909 707 duo
2924 649 3242 707 ventilabra
3293 651 3501 726 aliaque
3544 644 3780 718 honoriﬁca

2277 740 2630 797 ornamenta
2647 752 2785 795 cum
2814 753 3037 807 magna
3054 739 3349 801 devotione
3368 744 3781 807 contulit.thau-

2278 826 2395 878 tem
2412 823 2471 879 iu
2489 824 2839 897 episcopatu
2858 826 3094 885 feliciter
3122 830 3530 901 quatuordecim
3548 834 3621 874 “1"

2351 916 2433 968 tt.
2466 912 2737 971 Dolorem
2770 932 2912 973 vero
2938 916 3111 975 totius
3128 917 3281 975 urbis
3301 934 3364 972 ex
3386 924 3547 976 morte
3564 922 3672 981 tanti
3689 938 3783 995 pm

2276 999 2419 1056 sulis
2452 1001 2741 1071 mitigavit
2779 1005 3063 1063 canonice
3092 1006 3239 1061 facta
3268 1008 3531 1065 successio
3556 1012 3786 1073 venerandi

2276 1087 2507 1147 Ricardi
2535 1090 2836 1162 pontiﬁcis
2862 1093 3034 1162 cujus
3063 1092 3398 1163 benignitas,
3416 1095 3579 1166 cujus,
3595 1096 3784 1170 inquam,

2274 1177 2594 1235 strenuitas
2626 1195 2763 1251 spes
2784 1185 2910 1236 erat
2938 1181 3296 1241 honorandae
3349 1182 3510 1249 urbis,
3561 1200 3667 1257 spes
3703 1186 3785 1245 reti

2274 1266 2487 1326 nendea
2506 1266 2829 1339 religionis,
2861 1285 2997 1343 spes
3023 1271 3398 1329 conservandi
3421 1270 3786 1331 ecclesiasticior-

2273 1354 2447 1410 diuis.
2475 1357 2743 1429 Suscepit
2764 1363 2825 1415 ut
2841 1357 2965 1415 dux
2980 1358 3254 1432 patriam,
3270 1363 3331 1416 ut
3343 1364 3523 1433 pastor
3542 1359 3785 1433 Ecclesiam,

2276 1444 2561 1515 providus
2592 1462 2734 1517 erga
2764 1451 3101 1521 utramque.
3133 1452 3393 1507 Attamen
3420 1447 3658 1519 singulari
3680 1449 3785 1523 pacis

2274 1531 2666 1591 sollicitudine
2695 1535 2958 1608 suscepit
2987 1536 3388 1610 episcopatum
3415 1541 3636 1608 tempore
3660 1536 3785 1593 Henri-

2273 1620 2325 1675 ci
2350 1622 2527 1692 regis,
2558 1623 2807 1693 Augusti
2832 1624 3090 1683 Conradi
3119 1625 3239 1690 tilii,
3276 1640 3419 1683 onus
3441 1628 3673 1697 reputans
3710 1640 3784 1680 non

2272 1711 2588 1782 honorem,
2620 1712 2914 1783 laborem,
2942 1729 3067 1771 non
3098 1714 3371 1789 quietem.
3413 1729 3538 1782 erga
3558 1713 3646 1773 sibi
3685 1728 3786 1769 com-

2270 1799 2491 1857 missos
2523 1800 2823 1873 singulare
2873 1802 3161 1867 studium,
3215 1817 3332 1861 non
3377 1801 3712 1861 remissionem
3730 1799 3788 1856 vel

2269 1888 2477 1947 otium.
2512 1890 2683 1955 Quod
2711 1890 2977 1965 episcopi
2997 1897 3125 1949 erat
3154 1896 3379 1951 strenue
3408 1891 3631 1962 gerebat,
3666 1891 3787 1965 parie-

2269 1979 2355 2034 tes
2377 1977 2641 2034 ecelesite
2665 1978 2983 2042 decorans,
3015 1980 3322 2041 interiores
3345 1980 3473 2045 vita,
3500 1978 3683 2048 merito,
3704 1992 3787 2033 mo-

2268 2067 2452 2139 ribus,
2484 2069 2802 2129 exteriores
2828 2072 3198 2129 ornamentis
3222 2071 3557 2133 decentibus.
3607 2072 3656 2125 1n
3694 2083 3788 2141 quo—

2265 2171 2401 2214 rum
2470 2163 2786 2231 apparatu,
2867 2159 2931 2219 in
2992 2176 3255 2235 quarum
3296 2162 3519 2233 sumptu
3575 2155 3788 2229 singulari

2268 2248 2351 2301 ter
2395 2244 2709 2313 aestuabat,
2763 2246 2986 2323 quibus
3034 2248 3216 2311 etiam
3270 2263 3439 2309 omne
3484 2250 3651 2303 votum
3706 2258 3787 2298 om-

2264 2350 2527 2406 nemque
2581 2351 2789 2391 curam
2847 2338 3271 2410 postponebat.
3325 2337 3421 2392 Hic
3473 2339 3638 2391 autem
3676 2331 3789 2391 eccle-

2266 2423 2365 2478 siae
2397 2428 2617 2481 sanctae
2644 2426 2859 2495 marite,
2892 2426 2988 2483 cui
3010 2431 3284 2501 praeerat,
3311 2441 3441 2483 cum
3455 2439 3640 2495 magno
3662 2419 3789 2477 studio

2264 2512 2513 2571 contulit
2541 2529 2747 2570 cruces
2779 2514 2930 2573 duas
2961 2514 3038 2571 de
3063 2530 3214 2574 auro
3243 2520 3298 2573 et
3324 2512 3590 2589 lapidibus
3604 2507 3788 2585 pretiosis
3902 2504 3903 2553 ἒ

2264 2601 2472 2669 factas,
2504 2602 2870 2659 candelabra
2899 2620 3006 2660 sex
3035 2609 3336 2679 argentea,
3365 2600 3677 2661 thuribulum
3710 2594 3791 2653 auri
3902 2660 3903 2667 η

2266 2690 2442 2749 trium
2467 2690 2779 2762 librarum,
2811 2692 2979 2766 quod
3008 2693 3314 2764 Henricus,
3346 2691 3589 2751 nondum
3622 2683 3792 2745 Romani
3902 2686 3903 2766 l

2264 2780 2478 2853 sceptri
2546 2756 2964 2839 monarchiam
3036 2789 3266 2855 tenens,
3317 2799 3420 2856 pro
3462 2780 3621 2839 nimio
3656 2790 3792 2835 amore
3902 2756 3903 2803 ‘

2261 2884 2441 2942 quem
2466 2884 2609 2941 erga
2631 2870 2799 2927 illum
2824 2871 3092 2933 habebat
3129 2871 3530 2933 honestissimo
3555 2881 3693 2945 opere
3713 2863 3795 2919 ﬁeri

2253 2957 2449 3027 jussit.
2480 2958 2742 3021 Tradidit
2762 2959 3024 3017 ecclesiae
3054 2961 3217 3021 beati
3241 2963 3422 3021 Vitoni
3445 2959 3611 3017 isdem
3632 2968 3798 3012 venera-

2258 3047 2393 3107 bilis
2422 3048 2689 3122 pontifex
2718 3050 2984 3111 alodium
3005 3068 3210 3125 suum,
3235 3051 3492 3113 videlicet
3507 3045 3797 3107 Heroniscur-

2256 3141 2380 3199 tem
2401 3138 2567 3209 (433),
2591 3143 2650 3201 et
2667 3139 2831 3212 quod
2850 3139 3115 3201 habebat
3140 3141 3221 3199 ad
3236 3141 3511 3200 domnam
3530 3136 3718 3198 Mariam
3729 3146 3797 3205 P10

2257 3243 2462 3284 amore
2493 3227 2797 3286 nutritoris
2827 3229 2919 3288 sui
2940 3229 3153 3291 domui
3181 3230 3406 3291 Ricardi
3429 3226 3631 3287 abbatis
3646 3220 3794 3281 eximii.

2256 3316 2575 3375 PrmdictUS
2606 3318 2786 3375 etiam
2817 3318 3104 3375 Henricus
3137 3319 3427 3393 optimam
3462 3326 3710 3373 accerram
3746 3306 3797 3363 ei-

2255 3404 2394 3463 dem
2415 3406 2700 3480 episcopo
2726 3423 2864 3464 cum
2887 3422 3131 3476 gemma
3160 3409 3419 3483 pretiosa
3451 3405 3607 3472 dedit,
3638 3396 3797 3459 casulas
3904 3450 3905 3455 η

2254 3494 2628 3568 pontiﬁcales
2686 3494 2839 3557 duas
2902 3511 3051 3555 auro
3102 3497 3429 3555 honoriﬁce
3448 3490 3739 3567 compositas
3765 3488 3800 3539 ei

2254 3581 2403 3643 alias
2425 3588 2654 3657 septem
2677 3584 2803 3643 sine
2826 3600 2974 3643 auro
3005 3585 3192 3643 dedit.
3220 3586 3407 3645 Stolas
3426 3590 3605 3645 autem
3619 3593 3727 3641 auro
3740 3574 3799 3630 de“

2255 3675 2509 3743 coratas,
2541 3675 2599 3728 et
2627 3671 2931 3731 aliassine
2946 3690 3095 3733 auro
3148 3674 3439 3752 albasque
3489 3675 3677 3746 septem
3710 3676 3799 3719 cum

2253 3758 2485 3819 amictis
2515 3759 2814 3821 auritrisio
2850 3762 2999 3836 (434)
3050 3768 3299 3836 paratas
3355 3762 3534 3821 isdem
3572 3757 3799 3835 episcopus

2253 3847 2584 3923 acquisivit.
2616 3851 2855 3927 Cappas
2875 3850 3097 3910 multas
3127 3851 3315 3923 dedit,
3343 3866 3483 3910 auro
3504 3854 3673 3907 tamen
3695 3844 3801 3927 θρὶξ

2252 3933 2334 3993 vit
2360 3934 2515 3993 duas
2548 3953 2585 3995 a
2603 3925 2945 3999 Raimmrto
2970 3939 3259 4016 episcopo
3288 3940 3477 4001 datas.
3505 3934 3656 3995 Pallia
3676 3925 3799 3991 multa

2250 4024 2433 4094 dedit,
2516 4026 2777 4087 dorsalia
2846 4032 3050 4089 tamen
3106 4029 3431 4093 duodecim
3484 4026 3677 4102 optima
3711 4030 3799 4075 cum

2250 4114 2478 4172 cortina
2499 4132 2623 4173 una
2644 4116 2818 4175 valde
2848 4117 3109 4190 pretiosa
3138 4120 3405 4181 contulit.
3457 4114 3684 4176 Redemit
3719 4104 3799 4182 Pa“

2247 4202 2395 4262 lium
2441 4220 2629 4263 unum
2687 4222 2827 4265 cum
2880 4208 3181 4267 auritrisio
3232 4208 3400 4283 quod
3426 4214 3585 4266 antea
3617 4194 3800 4261 ecclesia!

2246 4292 2458 4361 fuerat,
2486 4294 2703 4351 vexilla
2721 4295 2866 4365 duo,
2888 4296 3136 4357 calicem
3165 4314 3354 4357 unum
3380 4304 3453 4357 de
3493 4292 3737 4358 onichino,
3767 4286 3803 4339 εί

2246 4380 2435 4441 alium
2460 4381 2842 4445 cristallinem
2867 4401 3052 4459 quem
3075 4388 3329 4447 omnino
3364 4401 3506 4445 auro
3562 4388 3613 4441 et
3650 4371 3800 4455 lapidi-

2242 4468 2357 4525 bus
2386 4471 2587 4545 parari
2607 4470 2943 4533 fecit.Aliud
2966 4474 3342 4537 thuribulum
3372 4477 3683 4547 argenteum
3703 4474 3802 4521 auro

2242 4563 2613 4634 coopertum,
2646 4560 2769 4618 duo
2821 4564 3058 4623 minora
3103 4571 3408 4639 argentea,
3442 4569 3496 4623 et
3516 4562 3611 4620 tria
3654 4564 3802 4613 mamt

2242 4648 2448 4721 tergia,
2479 4665 2668 4707 unum
2698 4667 2953 4711 aureum
2983 4658 3040 4710 et
3068 4654 3222 4715 duos
3276 4671 3486 4715 urceos
3515 4644 3801 4715 cristam

2243 4738 2427 4809 Hujus
2474 4744 2738 4812 tempore
2792 4740 2878 4801 vir
2902 4742 3212 4813 religiosus
3270 4744 3531 4803 decanus
3563 4739 3803 4824 Warren!)-

2239 4827 2355 4885 άιλε
2386 4844 2646 4903 οδΡΡᾶω
2692 4846 2881 4889 unam
2922 4848 3110 4907 quam
3162 4832 3279 4895 sibi
3305 4850 3410 4893 rex
3465 4830 3678 4893 dederat
3711 4821 3805 4878 huic

2239 4915 2502 4972 ecclesiae
2541 4918 2806 4975 contulit.
2864 4919 2964 4975 Hic
3020 4924 3223 4977 autem
3275 4921 3535 4978 alodium
3570 4918 3633 4973 de
3660 4914 3804 4965 W050“

2236 5006 2380 5078 pbia
2438 5023 2577 5062 cum
2621 5009 2905 5065 omnibus
2957 5011 3321 5083 appenditiis
3373 5011 3492 5067 suis
3536 5025 3569 5065 ει
3607 4998 3806 5078 quadam

2236 5095 2423 5153 vidua
2448 5097 2633 5154 nobili
2658 5098 2993 5170 Raingarde
3042 5101 3355 5173 praestaria
3397 5117 3506 5158 sua
3553 5102 3605 5154 et
3642 5098 3807 5158 magna

1840 5192 2071 5252 VARIE
2106 5194 2397 5256 LICTION
2408 5196 2509 5253 ES.

544 5274 639 5307 “"6
669 5274 987 5335 defendere
1017 5294 1065 5335 s.
1100 5282 1147 5336 ί.
1228 5279 1324 5313 ¹δ²⁷
1359 5279 1467 5337 XV.
1497 5293 1653 5335 corr.
1688 5281 1820 5338 XIV.
1855 5284 1903 5334 t.

2072 5356 2295 5413 ΝΟΤΞ.

538 5435 681 5579 (432;
720 5436 958 5491 Baileu.

538 5510 656 5579 (433
716 5507 958 5564 Baronc

535 5507 680 5580 (433)
716 5507 1121 5564 Baroncourt.

2293 5447 2441 5516 (434)
2483 5447 2647 5518 Opus
2675 5463 2790 5506 acu
2817 5448 3069 5521 pictum.
