4034 6182
132 241 223 295 3215

1094 232 1192 291 DE
1229 228 1486 291 GESTIS
1526 220 2028 289 EPISCOPORUM
2068 225 2617 287 VIRDUNENSIUM.

3486 246 3591 299 526

129 356 363 436 pecunia
401 350 746 426 acquisivit,
779 354 837 408 et
885 350 1174 411 fratribus
1222 357 1449 412 sanata
1479 350 1679 410 uariis
1723 361 1798 405 eo
1826 348 1878 402 A
1991 346 2148 405 Obiit
2173 353 2380 406 autem
2413 349 2602 408 beatis
2626 352 2819 412 Mariis
2845 356 3137 415 Ricardus
3180 358 3502 434 episcopus
3531 364 3596 421 in

128 456 305 508 tenore
356 442 567 501 tribuit
626 444 692 497 ut
732 440 797 497 in
833 439 928 496 die
974 440 1471 500 Annuntiationis
1518 438 1801 535 ejusdem

128 536 353 611 Virginis
382 531 698 590 servitium
732 546 807 586 ex
832 546 903 586 eo
927 531 1223 589 haberent
1250 535 1308 587 et
1336 547 1476 586 eam
1508 528 1803 587 solemni-

128 635 206 687 ter
229 624 606 685 celebrarent.

188 754 350 825 (1044)
390 748 521 805 Fuit
553 746 728 803 enim
776 743 899 800 suis
942 744 1161 802 diebus
1211 737 1808 838 magna-dissensio

127 845 250 904 inter
268 840 593 899 Henricum
624 851 839 908 regem
869 837 928 894 et
955 834 1181 893 ducem
1233 831 1652 901 Godefridum,
1697 831 1809 901 qui

128 949 235 991 cum
258 945 390 1001 rege
411 943 645 1003 pacem
691 925 864 984 aliter
907 923 1142 983 habere
1192 940 1315 983 non
1354 921 1567 996 potuit,
1594 918 1809 975 donec

128 1027 400 1085 centanam
421 1018 503 1074 de
532 1012 899 1074 Wandelini
929 1018 1107 1072 curte
1122 1019 1181 1073 et
1197 1013 1313 1071 alia
1327 1013 1469 1106 jura
1491 1010 1805 1106 quartunc

128 1109 365 1184 temporis
390 1105 776 1184 potestative
799 1104 862 1160 in
887 1102 1017 1159 hac
1047 1103 1281 1161 civitate
1310 1099 1555 1159 tenebat
1597 1095 1805 1174 eidem

128 1202 363 1279 episcopo
391 1203 453 1256 et
479 1194 769 1253 ecclesiae
802 1190 1096 1249 reddidit.

182 1343 285 1400 Fuit
310 1341 473 1398 enim
501 1357 635 1416 pax
668 1342 730 1395 et
757 1334 987 1393 veritas
1040 1334 1104 1390 in
1153 1335 1266 1390 hoc
1320 1332 1702 1405 episcopatu,
1743 1327 1805 1384 in

129 1435 303 1492 diebus
330 1432 461 1504 ejus
491 1431 793 1502 intusque
822 1429 879 1481 et
908 1424 1183 1480 exterius
1212 1437 1427 1479 omnes
1460 1417 1804 1519 pace‘frue:

133 1525 336 1581 bantur.
371 1523 415 1579 Ο
449 1524 772 1595 quantum
801 1512 1067 1589 polleret
1099 1518 1155 1569 et
1184 1512 1475 1582 gauderet
1505 1508 1736 1576 civitas,
1757 1508 1809 1563 si

132 1613 409 1671 habuisset
434 1612 608 1667 hunc
662 1605 1035 1664 continuum
1084 1600 1470 1675 pontiﬁcem!
1504 1602 1805 1673 quantum

1916 436 2029 492 ista
2058 437 2291 495 civitate
2317 439 2695 513 Virdunensi,
2727 447 2785 501 et
2814 447 3084 518 sepultus
3115 448 3226 506 fuit
3254 449 3317 506 in
3358 450 3598 510 sinistra

1917 530 2086 598 parte
2111 528 2361 601 majoris
2392 528 2656 587 ecclesiae
2711 532 2940 590 Sanctae
2991 537 3184 594 Mariae
3220 530 3403 611 juxta
3449 542 3597 599 cho-

1915 629 2074 681 rum,
2107 616 2188 674 ad
2217 618 2394 689 cujus
2418 618 2607 693 pedes
2635 624 2763 679 erat
2789 621 2976 680 altare
3001 624 3062 681 in
3100 626 3330 686 honore
3358 635 3598 688 sancto-

1918 718 2055 760 rum
2085 704 2310 764 Nicolai
2335 712 2519 780 atque
2549 709 2833 768 Germani
2877 720 3316 785 consecratum,
3359 718 3423 775 in
3471 736 3599 793 quo

1919 798 2054 849 ante
2102 793 2457 852 incendium
2506 796 2672 854 aliud
2721 798 2980 872 ipsemet
3024 813 3485 864 consecraverat
3535 809 3600 865 in

1916 881 2146 939 honore
2178 884 2375 940 sancti
2406 885 2630 943 Nicolai
2651 890 2709 944 et
2736 890 3015 947 omnium
3042 892 3476 954 confessorum.
3504 899 3605 955 Isti

1918 973 1978 1027 et
2000 986 2212 1028 omnes
2241 972 2440 1030 sancti
2461 972 2837 1034 intercedant
2881 995 2994 1053 pro
3040 982 3301 1054 peccatis
3347 985 3479 1061 ejus
3520 986 3604 1045 ad

1921 1059 2245 1118 Dominum
2279 1063 2472 1119 Deum
2498 1067 2796 1136 nostrum,
2857 1067 2964 1140 qui
3015 1068 3162 1127 vivit
3203 1075 3261 1128 et
3301 1059 3605 1145 regnatin

1920 1146 2143 1203 stecula
2172 1149 2563 1207 mulorum.
2598 1154 2808 1209 Amen.

1994 1237 2161 1292 Nunc
2190 1241 2397 1294 autem
2426 1239 2490 1296 in
2521 1241 2722 1299 medio
2753 1245 3123 1302 monasterio
3157 1249 3385 1308 Sanctae
3406 1244 3603 1311 Mariis

1919 1324 2246 1398 requiescit
2269 1327 2335 1384 in
2363 1326 2598 1386 Christo
2621 1332 2893 1405 pontifex
2917 1332 3068 1407 ipse,
3100 1336 3390 1397 Ricardus
3418 1360 3603 1401 vene-

1920 1413 2154 1482 rabilis,
2182 1417 2509 1475 translatus
2540 1435 2578 1477 a
2600 1420 2833 1477 domno
2854 1422 3243 1493 Theoderico,
3259 1445 3607 1492 successore

1922 1503 2057 1574 ejus
2084 1502 2332 1562 feliciter
2354 1513 2648 1577 regnante
2693 1525 2834 1565 cum
2884 1510 3190 1585 episcopo,
3248 1530 3387 1573 cum
3435 1523 3604 1579 omni

1922 1593 2307 1649 veneratione
2359 1595 2673 1656 celebriter
2723 1599 2989 1672 repetitis
3032 1604 3329 1677 exsequiis
3375 1610 3498 1666 acsi
3540 1612 3603 1669 in

132 1700 508 1776 triumpharet
538 1695 831 1764 Ecclesia,
878 1690 927 1746 si
968 1690 1297 1746 meruisset
1324 1688 1488 1744 hunc
1518 1685 1802 1776 supersti-
1833 1694 1885 1750 Β
1922 1682 2059 1776 ipsa
2080 1680 2180 1776 die
2209 1682 2285 1739 de
2314 1684 2433 1743 hac
2480 1687 2602 1745 vita
2648 1687 3018 1759 migraverit.
3070 1690 3175 1749 Hic
3222 1696 3605 1769 supradictus

134 1790 276 1847 tem!
311 1775 504 1858 Cujus
527 1786 656 1841 vita
688 1798 816 1839 non
845 1778 958 1836 sibi
999 1782 1256 1843 tantum,
1287 1775 1390 1832 sed
1417 1781 1475 1832 et
1504 1775 1634 1832 aliis
1673 1792 1807 1831 om-

134 1877 372 1936 nimodo
423 1874 755 1948 proﬁciens
781 1914 795 1937 ,
880 1872 1187 1942 quantum
1240 1864 1501 1938 amplius
1561 1863 1810 1921 contulit

137 1966 446 2039 gaudium,
477 1979 643 2019 mors
675 1959 893 2018 acerbe
922 1962 980 2013 et
1009 1955 1319 2013 infeliciter
1362 1955 1616 2028 septimo
1646 1969 1807 2011 anno

138 2053 565 2129 superveniens
585 2050 770 2121 (1046)
794 2052 960 2103 tanto
981 2047 1081 2081 1⁸³⁸
1098 2044 1455 2118 ampliorem
1470 2043 1808 2100 molestiam

136 2151 189 2201 et
214 2146 353 2217 post
378 2143 643 2197 mortem
695 2133 1053 2226 venerabilis
1105 2133 1341 2226 abbatis
1390 2131 1622 2226 Ricardi
1677 2134 1811 2226 ipse

134 2247 289 2290 anno
315 2226 657 2284 secundum
692 2239 876 2294 grave
924 2221 1178 2279 adduxit
1226 2221 1639 2277 infortunium.
1700 2221 1812 2287 Qui

136 2315 498 2378 venerabilis
524 2313 852 2388 episcopus
879 2326 1071 2382 quam
1099 2309 1511 2367 desideranter
1556 2314 1813 2365 mortem

139 2405 486 2475 sustinuerit
543 2406 838 2459 testantur
894 2415 1107 2456 omnes
1159 2399 1266 2472 qui
1306 2398 1605 2471 exsequiis
1654 2414 1812 2473 saepe

136 2497 273 2554 dicti
302 2493 549 2552 abbatis
570 2491 983 2547 interfuerunt.
1019 2493 1166 2546 Nam
1198 2505 1339 2545 cum
1368 2492 1636 2543 extrema
1655 2487 1814 2543 inﬁr-

135 2587 335 2643 mitate
364 2585 683 2653 urgeretur
710 2579 872 2635 idem
903 2578 1264 2635 venerabilis
1294 2581 1465 2635 Pater
1484 2619 1502 2648 ,
1550 2576 1814 2633 domnus

135 2675 459 2748 episcopus
487 2668 758 2744 quotidie
789 2684 931 2724 eum
973 2666 1259 2726 visitabat
1297 2666 1454 2723 ﬂens
1506 2670 1564 2722 et
1603 2665 1821 2723 dolens

138 2781 199 2820 se
230 2760 625 2836 superstitem
664 2756 940 2830 relinqui.
972 2756 1237 2813 Tandem
1272 2755 1483 2812 ultima
1522 2755 1617 2811 die
1648 2771 1814 2811 sum-

138 2870 238 2909 mo
286 2864 477 2907 mane
525 2846 874 2912 adveniens,
936 2850 993 2900 et
1038 2844 1246 2902 videns
1294 2862 1432 2901 eum
1459 2846 1591 2916 jam
1623 2849 1813 2901 extre-

137 2959 305 2999 mum
366 2937 650 3012 spiritum
705 2936 1061 2998 trahentem,
1120 2936 1248 3005 ejus
1294 2939 1445 2990 nutu
1500 2934 1579 2990 ad
1628 2933 1814 2989 altare

1922 1771 2212 1828 Ricardus
2251 1778 2393 1830 ante
2426 1781 2775 1833 assecutam
2822 1777 3208 1852 episcopatus
3259 1785 3353 1841 sui
3396 1771 3611 1847 conss;

1921 1859 2274 1932 orationem,
2320 1865 2501 1936 quasi
2544 1865 2810 1939 peccatis
2858 1867 2983 1923 suis
3033 1869 3424 1944 exigentibus,
3467 1864 3607 1935 urbi

1921 1950 2241 2022 contigisse
2289 1953 2707 2011 miserabilem
2759 1950 3006 2028 paterae
3054 1959 3245 2018 doluit
3289 1962 3601 2025 infelicita-

1923 2044 2064 2109 tem,
2095 2039 2321 2112 palatia
2350 2057 2485 2098 esse
2530 2043 2799 2110 incensa,
2855 2045 3107 2103 aediﬁcia
3154 2055 3601 2111 antecessorum

1920 2129 2279 2185 omnimodo
2316 2128 2545 2199 diruta,
2596 2135 2653 2188 et
2698 2132 2998 2206 quidquid
3044 2136 3211 2208 prius
3238 2139 3318 2195 ad
3347 2139 3603 2211 gloriam

1920 2219 2037 2274 hoc
2061 2216 2377 2273 redactum
2409 2218 2473 2274 in
2505 2220 2768 2289 ruinam,
2801 2222 3097 2296 quidquid
3147 2231 3275 2284 erat
3318 2229 3377 2283 in
3420 2246 3602 2289 suum

1920 2311 1981 2362 et
2005 2305 2514 2378 eoepiscoporum
2540 2309 2839 2365 honorem
2868 2310 2982 2367 hoc
3011 2312 3371 2374 destinatum
3398 2319 3461 2376 in
3487 2321 3603 2377 mi-

1922 2411 2123 2452 seram
2176 2394 2677 2453 destructionem.
2738 2401 3042 2464 Quantum
3094 2410 3294 2462 autem
3347 2408 3607 2468 doluerit

1922 2487 2134 2541 mstata
2162 2487 2252 2538 est
2278 2488 2522 2571 mature
2550 2485 2855 2544 satisfacta
2878 2490 3276 2552 resediﬁcatio.
3329 2499 3372 2554 Ο
3405 2514 3603 2571 quan-

1921 2578 2051 2629 tum
2078 2570 2373 2644 providus
2401 2588 2550 2643 erga
2582 2590 2759 2630 suam
2790 2577 3065 2649 salutem,
3106 2588 3402 2655 quantum
3426 2570 3604 2645 “solli-

1922 2660 2074 2717 citus
2106 2673 2249 2729 erga
2281 2674 2544 2717 suorum
2570 2662 3070 2738 redemptionem,
3090 2687 3229 2727 cum
3255 2688 3365 2745 pro
3395 2676 3603 2733 anima

1922 2747 2108 2821 patris
2139 2747 2228 2801 sui
2260 2748 2503 2804 comitis
2533 2750 2819 2821 Hildradi,
2854 2755 2957 2828 qui
3003 2762 3466 2829 cognominatus
3515 2770 3605 2824 est

1924 2836 2256 2904 Hecelinus,
2319 2837 2429 2892 viri
2483 2839 2778 2911 militaris,
2831 2844 2934 2900 viri
2982 2845 3042 2901 in
3090 2849 3313 2907 seeculo
3352 2854 3601 2925 strenui,

1921 2924 2177 2982 Theonis
2209 2929 2445 2981 eurtem
2477 2944 2617 2983 cum
2642 2933 3007 3003 appenditiis
3055 2938 3340 2995 omnibus
3390 2948 3603 3000 sancto

138 3031 327 3087 sancti
362 3025 665 3084 Laurentii
690 3024 936 3080 accessit
978 3023 1228 3078 missam
1261 3040 1372 3097 pro
1420 3024 1549 3093 ejus
1591 3022 1813 3078 resolu-
1845 3040 1888 3098 ο
1924 3017 2095 3070 Petro
2123 3016 2461 3086 sanctoque
2488 3015 2699 3073 Vitono
2716 3018 2853 3088 jure
2874 3021 3250 3082 haereditario
3271 3029 3599 3090 tradiderit.

141 3122 297 3176 tione
351 3115 787 3172 celebraturus.
857 3114 987 3178 Qua
1037 3112 1321 3184 praedicta
1354 3112 1432 3168 ad
1460 3114 1695 3168 Patrem
1722 3127 1813 3167 re-

137 3209 267 3279 diit,
300 3212 360 3263 et
386 3205 671 3261 ultimum
699 3201 1060 3258 valefacieus
1099 3201 1227 3271 ejus
1257 3201 1319 3256 in
1370 3200 1575 3256 oscula
1620 3200 1816 3273 lacry-

137 3297 372 3355 mando
398 3293 737 3359 ruit.Tunc,
762 3291 967 3347 anima
997 3290 1139 3346 tanti
1169 3289 1348 3346 amici
1373 3289 1491 3345 Deo
1515 3304 1822 3345 commen-

138 3388 307 3455 data,
335 3386 473 3457 ejus
508 3398 729 3454 corpus
758 3397 863 3453 per
893 3396 956 3435 se
1005 3379 1150 3435 lavit
1200 3383 1256 3435 et
1302 3378 1377 3435 de
1425 3395 1535 3434 suo
1575 3378 1819 3451 proprio

137 3493 286 3533 eum
316 3470 927 3531 honorificentissime
972 3468 1167 3524 induit
1211 3470 1374 3539 (435).
1429 3468 1627 3524 Tertia
1676 3484 1825 3524 vero

134 3564 490 3636 vigiliarum
520 3560 713 3634 ipsius
734 3562 975 3633 peracta
998 3556 1115 3623 die,
1144 3557 1293 3613 dum
1319 3561 1454 3629 post
1490 3557 1825 3615 missarum

138 3652 621 3713 celebrationem
640 3648 705 3705 in
730 3647 1111 3705 mausoleum
1140 3661 1280 3703 eum
1301 3644 1659 3702 venerabilis
1678 3662 1828 3719 pon-

138 3743 293 3801 tifex
338 3741 693 3813 deponeret,
749 3735 1108 3795 exosculans
1164 3739 1373 3807 pectus
1430 3733 1587 3790 illius
1633 3736 1827 3793 oravit

136 3836 456 3906 quatenus
498 3844 613 3903 pro
660 3843 732 3883 eo
777 3824 1168 3882 intercederet
1200 3839 1277 3880 ne
1331 3838 1440 3897 per
1494 3839 1725 3881 annum
1774 3826 1828 3882 ei

139 3922 465 3995 superstes
489 3915 940 3990 relinqueretur.
973 3911 1147 3980 Quod
1174 3928 1315 3968 eum
1352 3911 1705 3986 impetrasse
1734 3929 1828 3971 ve-

136 4010 233 4067 ris
293 4005 534 4067 indiciis
585 4002 980 4079 approbatur,
1031 4001 1181 4059 dum
1227 3999 1587 4057 venerabilis
1636 4000 1832 4060 abbas

138 4114 302 4157 xvm
326 4094 634 4155 Kalendas
659 4092 795 4149 Julii
818 4090 1184 4163 migraverit,
1203 4093 1262 4147 et
1286 4089 1418 4164 ipse
1449 4091 1831 4149 venerandus

139 4184 433 4261 pontifex
463 4183 622 4239 infra
651 4180 913 4254 spatium
940 4177 1125 4237 medii
1154 4177 1412 4246 anni,vn
1441 4178 1662 4236 scilicet
1690 4179 1833 4236 ldus

142 4271 543 4343 Novembris,
575 4270 928 4327 subsecutus
967 4268 1059 4327 sit.
1112 4267 1328 4324 Anima
1372 4268 1553 4339 hujus
1596 4269 1831 4345 requie-

142 4368 294 4423 scat
313 4364 378 4422 in
412 4378 586 4437 pace,
617 4365 675 4417 et
694 4358 990 4417 memoria
1014 4358 1144 4431 ejus
1173 4356 1513 4415 viventibus
1540 4358 1616 4415 sit
1641 4359 1830 4417 conti-
1858 4392 1905 4449 Β

141 4472 295 4515 nua
316 4459 374 4512 et
390 4451 652 4527 posteris
671 4450 736 4507 in
766 4447 988 4507 saecula
1017 4446 1398 4505 saculorum.
1429 4451 1639 4505 Amen.

1997 3101 2079 3178 [2,_
2091 3102 2380 3178 historiae
2406 3103 2529 3178 line
2556 3108 2789 3170 omisso,
2820 3110 2992 3167 addit
3023 3130 3034 3168 :
3072 3130 3211 3171 cum
3240 3117 3419 3175 etiam
3461 3137 3601 3178 san-

1925 3171 2031 3256 ctae
2060 3171 2655 3260 Marimnltagdaleuze
2686 3194 2803 3260 pro
2830 3195 2892 3260 se
2924 3183 3198 3260 suisque,
3230 3171 3577 3260 promerito

1925 3194 2031 3231 crae
2060 3194 2251 3231 mariue
2281 3194 2655 3257 magnaienaa
2686 3194 2803 3304 pro
2830 3195 2892 3235 se
2924 3198 3189 3257 suisque,
3230 3204 3339 3260 pro
3364 3194 3598 3266 merito,

1924 3245 2199 3321 inquam,
2236 3245 2596 3321 Ermenfridi
2622 3265 2683 3304 re
2714 3249 2882 3319 'giosi
2909 3256 3235 3313 sacerdotis
3269 3259 3345 3315 de
3392 3264 3602 3321 Mario-

1926 3315 2028 3373 nis'
2040 3317 2217 3403 curta
2230 3319 2472 3403 partem
2497 3335 2705 3403 suam“
2719 3315 2986 3403 legaliter
3008 3326 3328 3403 addiderit,
3381 3315 3601 3393 adhoc

1925 3385 2093 3463 quod
2123 3385 2422 3463 majorem
2457 3389 2586 3458 ejus
2617 3385 2900 3449 affectum
2930 3385 3187 3454 ostendit
3211 3416 3248 3455 a
3276 3385 3599 3463 echgredi:

1927 3455 2052 3531 bus
2070 3455 2762 3531 suispartium’suarum
2795 3466 3075 3522 eamdem
3097 3455 3597 3531 tradititubata-1T8;9

1931 3524 2458 3608 ﬁeri_9btihuit.__ln
2489 3530 2842 3608 episcopatu
2872 3524 3477 3608 conseci'atusfvita—
3501 3550 3598 3583 1830

1930 3595 2203 3687 Ψοῖὼηδ
2229 3596 2414 3687 θίξΝέ
2448 3595 2585 3687 θβέεέ
2626 3595 3002 3687 τεῖὶβίρείοι-;
3049 3609 3111 3663 in
3155 3595 3600 3674 saaéui'd'hiuor

1932 3670 2148 3751 factus,
2180 3665 2446 3724 ecclesiis
2475 3670 2536 3751 in
2563 3665 2996 3751 beneficiorum
3025 3665 3611 3748 δεωθηὲόἶθδοῇξῷζ

1931 3739 2022 3813 pit
2048 3741 2607 3828 qssecgmmpdior.
2650 3746 2797 3828 N_am
2840 3739 3285 3828 sauctzevuariaa
3309 3739 3603 3828 Magdale-

1932 3807 2952 3904 illxse_cl1:_l‘niﬁl{al_11‘p_ar;te_m_ﬁbeneﬁcuii
3003 3835 3143 3877 cum
3190 3807 3601 3904 pan’ﬁé‘jﬁh’a

1935 3884 2180 3968 gruum,
2206 3878 2286 3934 ab
2315 3878 2796 3968 antecessoribus
2827 3889 2969 3968 suis,
2996 3906 3056 3968 _a
3102 3908 3165 3968 se
3210 3878 3509 3968 $3?de
3521 3878 3603 3958 EB

1936 3951 2542 4029 Ecc‘leslia‘po‘ssessi,‘
2567 3954 2781 4029 devote
2811 3951 3078 4019 contulit.
3125 3951 3362 4025 Cur‘tem
3393 3951 3601 4029 Eia];

1937 4019 2434 4111 optimiin
2455 4019 2605 4111 urbe
2625 4026 2802 4085 sitam
2833 4031 3029 4089 eidem
3051 4019 3600 4111 ecclesiis—addidit:

1939 4095 2309 4172 suorumque
2334 4095 2718 4172 cohaeredum
2748 4116 3071 4160 assensum
3117 4111 3175 4162 et
3221 4095 3603 4172 tradideneiii

1938 4180 2064 4255 nou
2074 4163 2533 4255 ‘mii‘nppistudio
2562 4169 2937 4255 impetravit;
2952 4176 3138 4255 Patris
3164 4163 3605 4255 hujus—religi;

1941 4239 1991 4293 si
2020 4234 2377 4323 Rambertus
2421 4234 2786 4323 antecessor,
2835 4244 3150 4323 religiosus
3193 4234 3340 4323 isng
3366 4234 3578 4313 ἰπὶΒὲΞῆ

1940 4322 2083 4378 erga
2109 4306 2450 4379 ecclesiam,
2482 4314 2547 4366 ut
2574 4300 2802 4369 dictum
2830 4300 3600 4394 θεῑξέὰίῖέιιιδὶζόἓὶἐξὶἷιῖξξ

1942 4379 2050 4453 qui
2076 4377 2396 4453 ecclesiam
2412 4452 2415 4453 ν
2434 4382 2621 4438 sancti
2670 4384 2897 4441 Martini
2930 4392 3340 4453 permodicum
3389 4396 3600 4453 dirum.

1989 4408 2050 4435 ω
2076 4408 2390 4435 omnem
2434 4408 2579 4437 nunc
2587 4408 2621 4438 ιι
2670 4408 2897 4441 murum
3109 4408 3340 4450 amcam
3389 4408 3603 4466 amt,

1986 4454 2211 4508 erutam
2236 4451 2625 4520 readiﬁcavit
2655 4456 2773 4522 “3‘,
2800 4408 3225 4518 racemum
3272 4465 3599 4537 ampliavit,

1557 4558 1783 4615 VARUS
1821 4559 2226 4615 LECTIONES.

1557 4558 1599 4611 V
1697 4559 1783 4614 MS
1865 4560 1907 4615 Ε
1954 4559 2226 4615 TIONES.

240 4660 346 4695 Im
378 4660 593 4717 ::tanto
626 4660 674 4713 t.
745 4656 852 4743 ff”
875 4651 1273 4743 traditionum
1300 4656 1354 4709 2.
1434 4654 1532 4743 ξεδο
1560 4558 1696 4712 si?
1745 4559 2001 4730 18‘:an
2027 4656 2244 4714 litteris
2269 4655 2523 4729 obliquis
2548 4659 2900 4717 excudmda
2929 4665 3164 4736 curavi,
3211 4666 3279 4723 in
3312 4667 3513 4727 codice
3545 4675 3605 4743 2,

144 4736 231 4788 in
265 4731 395 4791 loco
427 4743 564 4786 raso
590 4732 667 4783 ab
693 4726 823 4785 acu
842 4740 1029 4783 manu
1055 4725 1284 4795 scripta
1311 4731 1472 4782 sunt.

1778 4816 2007 4879 NOTE.

246 4926 401 4995 (435)
443 4922 572 4979 Vita
588 4924 675 4995 __S.A
697 4919 971 4978 Richardi
996 4919 1192 4995 pergit
1219 4935 1231 4974 :
1268 4942 1294 4968 ‹‹
1324 4922 1439 4995 Nec
1465 4935 1607 4995 eum
1628 4921 1697 4995 in_
1720 4938 1849 4981 om.

152 4990 411 5068 senum
442 4992 680 5068 sepeliri
700 5007 913 5068 passus
944 4990 1048 5057 est,
1082 4990 1190 5068 sed
1217 4994 1359 5065 post
1374 4992 1568 5068 hujus
1580 4993 1847 5068 ecclesia

209 5067 410 5149 rimas
448 5061 721 5149 vigilias;
758 5061 1162 5149 pﬁusnapud
1219 5061 1501 5149 sanctum
1551 5066 1846 5149 Maurum,

209 5085 410 5123 nmas
448 5085 707 5136 Vigmas,
758 5085 925 5138 PI'IUS
996 5085 1162 5135 upuu
1227 5085 1501 5144 διιιιοιᾳᾳ]
1551 5085 1846 5131 maturum,

142 5085 401 5196 geinde
434 5132 1189 5218 apudsanctumfaulum
1228 5133 1282 5189 ei
1309 5133 1540 5218 vigilias
1569 5136 1849 5218 instituit,

142 5214 435 5282 ipseque
460 5204 738 5282 (imnium
766 5205 982 5282 vigiliis
1015 5204 1321 5282 studiosus
1348 5204 1626 5282 interfuit.
1656 5204 1853 5266 Tertia

210 5276 437 5337 emum
461 5279 581 5349 die,
611 5276 901 5336 ordinatis
952 5277 1224 5353 omnium
1278 5276 1671 5353 ecclesiarum
1715 5296 1850 5353 pro-

146 5347 573 5410 cessionibus'
619 5366 757 5407 cum
818 5363 1055 5405 summo
1110 5348 1335 5404 honore
1387 5347 1465 5404 ad
1516 5365 1638 5404 suae
1692 5347 1855 5407 sedis

145 5424 507 5483 ecclesiam
535 5420 877 5495 reportavit,
908 5423 965 5476 et
992 5418 1169 5495 dictis
1203 5418 1852 5495 missis_eirsequiisque

142 5495 521 5561 celebratis,
555 5488 695 5550 cum
713 5493 843 5566 jam
873 5488 1256 5566 sepeliendus.
1270 5493 1446 5566 esset,
1490 5488 1655 5547 idein
1696 5488 1855 5566 pon-

148 5567 327 5626 tifex
353 5584 391 5625 a
422 5568 593 5648 parte
620 5560 827 5648 capitis
857 5560 996 5618 eum
1034 5560 1313 5648 elevavit,
1357 5565 1414 5617 et
1458 5578 1599 5648 eum
1644 5560 1853 5648 multis

136 5631 479 5715 lacrymis
509 5631 718 5711 pectus
748 5639 804 5691 et
816 5649 1047 5715 ‘manus
1073 5631 1451 5715 deosculans,
1491 5639 1549 5689 et
1564 5650 1717 5715 eum
1761 5634 1854 5715 di-

142 5704 578 5785 gno'honoi'e
600 5706 976 5779 sarcophago
1008 5704 1360 5775 recondens,
1412 5704 1605 5764 eravit
1650 5711 1709 5764 et
1743 5706 1854 5765 ob-

1951 4927 2213 5006 ιθειειίιιε.
2244 4928 2337 5006 est
2380 4941 2546 5006 εὲιιαιι
2588 4941 2687 5006 .98.
2724 4925 2853 5006 eius
2896 4935 3198 5006 sura-stes
3227 4948 3348 5006 per
3376 4951 3611 4995 annum

1951 4968 3499 5065 ιᾞῖιᾘὲἶέι.”νῑὲιηῖιῖἴὲιιίῖῖ1οἷόἷ”θῖ’ἆέΐὲἴοὶλῗὲἆὲἴ
3506 4968 3613 5065 ξ’ἷῖ

1950 5066 2141 5149 ventis
2171 5068 2327 5149 circa
2352 5067 2723 5149 defunctum,
2755 5073 2964 5149 tantus.
2984 5072 3234 5130 affectus
3282 5081 3340 5134 et
3367 5079 3617 5137 exaudi-

1952 5138 2129 5197 tionis
2152 5138 2397 5216 etiectus
2417 5138 2677 5216 defuncti
2717 5139 2871 5196 circa
2914 5142 3233 5216 viventem,
3283 5153 3347 5205 ut
3394 5151 3615 5210 eodem.

1953 5225 2135 5273 anno,
2167 5210 2265 5266 vix
2290 5210 2553 5267 emensis
2578 5216 2835 5280 quatuor
2864 5215 3192 5279 mensibus.
3218 5210 3384 5276 idem
3432 5240 3613 5280 vene-

1954 5280 2159 5354 rabilis
2216 5281 2537 5354 episcopus
2568 5280 2884 5354 defunctus
2933 5284 3109 5343 fuerit
3156 5305 3297 5349 cum
3344 5296 3615 5351 maximo

1955 5350 2363 5439 dolore‘jtoti‘us
2388 5350 2614 5439 patriae.
2646 5353 2914 5439 Discessit
2936 5363 3138 5439 autem
3167 5376 3205 5417 a
3233 5379 3484 5439 corpore

1956 5420 2239 5501 nerabilis
2260 5420 2427 5501 Pater
2459 5426 2516 5478 et
2535 5425 2980 5501 amantissimus
3000 5436 3207 5501 pastor
3224 5420 3442 5500 nosier,
3462 5420 3614 5492 ccelo

1956 5492 2300 5572 plaudente,
2356 5499 2538 5572 terra
2567 5494 2859 5572 plorante,
2906 5492 3046 5557 xvﬁi
3070 5492 3075 5494 ⁷
3101 5503 3401 5563 Kalendas
3430 5492 3612 5572 'Julii,

1959 5564 2119 5621 anno
2149 5564 2586 5645 Incarnationis
2604 5568 2922 5627 Dominicre
2960 5572 3114 5639 1046,
3145 5574 3466 5635 indictione
3491 5564 3616 5645 inv,

1960 5640 2349 5695 concurrente
2403 5641 2458 5709 2,
2501 5645 2712 5713 specta
2762 5645 2846 5711 11,
2892 5647 2950 5699 et
2993 5645 3275 5717 migravit
3310 5648 3391 5707 ad
3424 5640 3619 5702 Domi;

1960 5724 2128 5765 num.
2172 5731 2200 5760 υ
