4034 6182
252 101 363 155 529

1225 95 1529 152 nosam
1572 89 1915 150 METENSIS
1965 90 2281 149 EPISCOPI
2322 80 2745 156 DlPLOIttATA.

3615 116 3719 170 530

251 209 544 307 Richildis
586 220 760 307 regiae
789 220 850 275 in
891 217 1169 307 gratiam,
1191 219 1572 307 earumdem.
1967 219 2015 271 Α
2036 231 2231 307 (mss;
2254 220 2611 307 V'I‘revirens‘z
2858 219 2920 276 in
2947 223 3338 307 “episcopatu
3384 234 3471 307 _.'_32
3514 236 3713 307 annis,

252 293 455 349 sancti
487 287 751 358 Servatii,
783 287 933 364 quae
958 289 1177 364 dicitur
1204 292 1556 364 Moestm'ch,
1592 305 1630 344 a
1661 287 1927 364 praecita-

250 369 315 436 to
361 364 727 436 imperatore
756 360 1089 436 Arnulphq
1112 362 1444 436 acquisivit,
1478 374 1723 436 necnon
1754 374 1789 414 a
1821 361 1928 436 Luj

250 430 475 492 dovico
503 433 861 506 imperatore
892 430 1135 506 castella
1163 430 1444 506 plurima.
1476 430 1928 506 Corpussancti

256 505 458 563 Severi
509 501 1052 562 in-monasterium
1109 501 1185 562 S.‘
1208 503 1435 562 Martini
1477 501 1805 569 transtulit,
1855 516 1929 557 ex

2035 289 2435 366 §mens_i_bu_s,
2466 297 2523 349 et
2558 293 2612 347 ll
2650 290 2884 366 diebus,
2942 289 3079 352 fatis
3128 289 3425 357 concessit
3472 320 3528 359 1v
3576 289 3720 366 ilo—1i

2037 360 2311 436 Januarii
2330 362 2456 436 9l_6.
2492 369 2555 420 In
2584 361 2818 435 capella
2847 368 3038 423 sancti
3065 368 3211 425 Galli
3240 370 3433 428 humo
3463 360 3720 436 manda:

2187 432 2350 488 unde
2395 434 2456 489 in
2501 432 2784 508 cryptam
2824 438 3191 497 cathedralis
3235 449 3450 516 postea
3487 432 3725 507 delatus

264 687 3716 724 -—-—————-——————————-————-——————~_..~.~..____—__

1021 833 1867 936 ROBERTI
1983 834 2972 946 METENSIS

576 1066 1726 1191 DIPLOMATA
1906 1065 2123 1183 ET
2328 1064 3423 1214 EPISTOLXE.

1933 1419 2008 1506 Ι.

1705 1594 2267 1666 DIPLOMATA.

1391 1743 1677 1817 (Histoire
1703 1744 1775 1801 de
1802 1744 1977 1817 Metz,
2009 1747 2136 1800 tom
2170 1745 2247 1811 II,
2277 1749 2588 1822 preuves‘.)

1077 2011 1117 2062 Ι.

245 2113 608 2156 ινιιινιιιιαιιιιι
664 2113 773 2163 QUO
830 2111 1120 2153 ROBERTUS
1177 2110 1487 2151 CONFIRMAT
1544 2110 1924 2151 COMMUTATIO-

316 2203 430 2242 NE!
468 2204 626 2242 INTER
664 2202 947 2243 LODOINUM
1000 2200 1321 2241 GORZIENSIS
1384 2200 1720 2241 MONASTERII
1759 2199 1925 2238 ABBA-

321 2292 434 2331 TEM
474 2293 543 2332 ΕΤ
579 2292 932 2332 VUERDINGUM
974 2290 1386 2331 PBESBYTERUM.

325 2365 489 2422 Ordo
535 2366 782 2422 rationis
806 2366 944 2437 jure
986 2362 1329 2437 expostulat
1355 2368 1439 2431 ut,
1472 2362 1709 2436 quoties
1755 2378 1927 2418 mun-

244 2455 558 2511 danarum
616 2470 815 2510 rerum
864 2452 1198 2526 probabilis
1255 2452 1647 2508 commutatio
1697 2455 1925 2508 certum

244 2544 525 2601 obtinere
578 2544 783 2600 nititur
850 2544 1173 2610 tramitem,
1235 2541 1507 2598 adhibita
1562 2541 1924 2598 inviolabilis

245 2630 560 2687 charitatis
620 2629 1016 2698 exhibitione,
1066 2628 1211 2684 illud
1277 2628 1444 2701 quod
1494 2629 1754 2684 invicem
1810 2628 1924 2684 lar-

244 2720 444 2793 giflua
471 2720 730 2777 charitas
754 2718 1047 2792 impertiri
1075 2734 1197 2773 non
1224 2718 1436 2774 abnuit
1466 2718 1701 2791 scriptis
1727 2719 1923 2774 omni-

246 2809 455 2866 modis
514 2809 847 2865 roboretur.
910 2807 1075 2864 Unde
1126 2811 1183 2863 et
1236 2807 1404 2880 quod
1450 2807 1923 2882 prudentissima

242 2900 453 2956 sanxit
479 2899 823 2973 antiquitas,
855 2914 966 2954 nec
1010 2897 1211 2953 minus
1239 2897 1556 2967 fragilioris
1590 2898 1695 2953 avi
1725 2901 1920 2972 poste-

240 2989 400 3045 ritas
430 2989 549 3044 hoc
578 2988 738 3043 idem
766 2985 1119 3044 inconvulsa
1147 2986 1390 3059 apicum
1417 2987 1803 3044 adnotatione
1824 2987 1922 3042 ﬁr-

238 3093 423 3134 mare
454 3076 678 3147 satagit
719 3081 1017 3150 quatenus
1047 3075 1478 3132 rationabiliter
1507 3076 1721 3133 collata
1752 3076 1919 3133 nulla

238 3167 649 3243 postmodum
674 3167 905 3240 possint
927 3181 1129 3221 rerum
1157 3166 1437 3223 varietate
1476 3166 1722 3224 turbari.
1759 3170 1918 3234 Qua-

238 3256 537 3313 mobrem
591 3255 812 3328 placuit
882 3259 1066 3327 atque
1120 3254 1396 3311 convenit
1445 3256 1598 3312 inter
1663 3256 1917 3313 Lodovi-

1950 2005 1996 2059 B
2034 2005 2095 2061 in
2125 2004 2272 2077 ipsa
2299 2002 2446 2078 ﬁne,
2477 2010 2554 2067 de
2585 2016 2740 2069 terra
2788 2016 3050 2072 aratoria
3088 2018 3316 2090 petiam
3346 2037 3363 2073 ι
3392 2022 3719 2080 habentem

2031 2095 2093 2151 in
2124 2092 2513 2163 longitudine
2542 2101 2800 2172 perticas
2827 2119 2906 2173 Ix,
2930 2103 2991 2159 in
3020 2103 3336 2165 latitudine
3366 2114 3570 2168 autem
3588 2129 3721 2185 per-

2033 2185 2180 2241 ticas
2213 2199 2307 2251 vI;
2368 2186 2434 2243 in
2479 2189 2764 2246 ambalus
2807 2191 3106 2249 frontibus
3147 2196 3336 2268 pedes
3379 2216 3502 2268 xii;
3561 2201 3718 2257 intra

2032 2275 2144 2330 has
2202 2275 2528 2346 praedictas
2584 2293 2925 2347 mensuras,
2977 2297 3086 2353 per
3139 2286 3347 2342 omnia
3391 2292 3583 2344 totum
3637 2291 3718 2347 ad

2031 2363 2356 2433 integrum.
2392 2367 2649 2422 Econtra
2690 2382 2832 2423 vero
2870 2369 3134 2427 reddidit
3163 2375 3539 2445 Vuerdingus
3577 2393 3713 2450 pre-

2034 2451 2257 2523 sbyter,
2291 2452 2366 2508 de
2408 2455 2593 2511 rebus
2630 2456 3013 2529 proprietatis
3045 2475 3191 2529 sure,
3222 2462 3302 2517 ad
3344 2455 3578 2535 partem
3622 2482 3713 2522 ec-

2033 2539 2225 2596 clesiee
2254 2540 2574 2599 beatorum
2605 2545 3021 2617 apostolorum
3069 2549 3221 2604 Petri
3247 2555 3305 2607 et
3342 2553 3506 2609 Pauli
3536 2554 3708 2610 almi-

2031 2644 2152 2701 que
2200 2630 2500 2699 Gorgonii,
2533 2632 2843 2688 Lodovino
2874 2634 3102 2707 abbati,
3135 2653 3206 2692 ac
3242 2637 3529 2696 fratribus
3558 2658 3710 2714 pree-

2032 2716 2175 2773 dicti
2225 2719 2595 2790 monasterii,
2625 2720 2688 2775 in
2736 2736 2900 2793 pago
2934 2724 3371 2796 Scarponense,
3399 2729 3461 2784 in
3502 2730 3704 2787 Alnal-

2031 2806 2237 2862 divilla
2292 2805 2534 2863 vineam
2586 2825 2797 2877 unam,
2856 2810 3185 2869 habentem
3251 2815 3313 2871 in
3386 2817 3704 2886 longitudi-

2029 2910 2128 2964 ne,
2160 2909 2267 2965 per
2296 2910 2488 2951 unum
2536 2896 2694 2953 latus
2747 2898 3005 2970 perticas
3046 2917 3108 2955 ιιι
3138 2906 3195 2958 et
3222 2902 3564 2975 dimidium,
3594 2923 3702 2979 per

2030 2983 2193 3040 aliud
2235 2984 2393 3040 latus
2424 2985 2680 3057 perticas
2708 3004 2805 3055 xv,
2838 2987 2900 3041 in
2943 2978 3255 3046 latitudine
3289 3008 3451 3062 vero,
3485 2995 3545 3049 in
3575 2978 3699 3051 una

2028 3072 2241 3144 fronte,
2272 3073 2526 3145 perticas
2556 3091 2651 3128 vin
2699 3078 2757 3130 et
2805 3076 2992 3147 pedes
3021 3093 3096 3132 vi.
3132 3082 3279 3135 Item
3309 3080 3373 3134 in
3401 3080 3537 3154 ipsa
3576 3083 3697 3138 ﬁne

2027 3163 2102 3219 de
2134 3167 2287 3220 terra
2335 3162 2544 3219 arabili
2592 3163 2785 3236 petias
2824 3181 2885 3231 ιι,
2919 3181 3180 3236 quarum
3231 3184 3367 3224 una
3401 3170 3611 3239 habet,
3633 3172 3694 3227 in

2027 3253 2423 3324 longitudine,
2495 3253 2750 3325 perticas
2820 3272 3003 3319 xxxu,
3081 3257 3142 3311 in
3226 3257 3558 3327 latitudine,
3630 3261 3694 3316 in

240 3361 407 3402 num
447 3343 756 3417 abbatem,
787 3360 857 3400 ac
901 3344 1110 3400 fratres
1163 3360 1237 3400 ex
1282 3345 1745 3416 congregatione
1778 3349 1918 3403 Gor-
1948 3365 1990 3421 ρ
2028 3360 2152 3399 una
2216 3343 2424 3409 fronte,
2498 3343 2773 3415 perdicas
2846 3361 2886 3397 ιι
2961 3348 3018 3400 et
3081 3346 3265 3416 pedes
3318 3364 3402 3416 x1,
3456 3348 3518 3402 in
3574 3348 3692 3405 alia

239 3436 472 3492 ziensis
492 3433 835 3491 monasterii
866 3433 1054 3489 sancti
1084 3432 1251 3502 Petri,
1281 3450 1386 3490 seu
1417 3437 1606 3493 sancti
1636 3436 1916 3511 Gargonii

239 3530 300 3581 et
328 3523 673 3598 quemdam
702 3522 1143 3596 presbyterum,
1171 3538 1243 3579 ex
1288 3526 1752 3595 congregatione
1800 3529 1915 3582 Me-

238 3613 439 3671 tensis
493 3612 750 3669 ecclesiae
799 3612 991 3669 sancti
1045 3612 1324 3685 Stephani
1354 3613 1445 3669 vel
1499 3616 1691 3672 sancti
1729 3614 1914 3680 Pauli,

236 3704 502 3759 nomine
530 3702 935 3773 Vuerdingum
964 3706 1046 3769 ut,
1081 3717 1188 3773 per
1230 3717 1594 3758 consensum
1635 3708 1692 3761 et
1735 3704 1915 3760 licen-

246 3793 404 3850 tiam
446 3791 655 3848 domni
712 3791 994 3864 Rotberti,
1055 3795 1274 3847 sanctae
1322 3793 1591 3848 Metensis
1643 3793 1914 3850 Ecclesite

245 3879 615 3937 venerabilis
659 3879 1114 3952 archiepiscopi,
1145 3880 1446 3952 quasdam
1493 3896 1607 3951 res,
1642 3898 1752 3955 pro
1792 3898 1917 3939 am-

238 3971 475 4028 barum
500 3970 761 4043 partium
798 3969 1241 4043 opportunitate
1272 3968 1423 4025 inter
1449 3986 1510 4025 se
1542 3976 1915 4029 commutare

238 4060 578 4116 deberent:
611 4059 774 4132 quod
812 4060 895 4115 ita
942 4063 999 4115 et
1042 4058 1327 4116 fecerunt.
1365 4059 1532 4116 Dedit
1576 4061 1756 4131 igitur
1792 4079 1916 4118 me-

236 4153 526 4207 moratus
556 4148 896 4205 Lodovinus
923 4148 1137 4217 abbas,
1160 4164 1230 4204 ac
1258 4148 1467 4206 fratres
1494 4151 1763 4223 praedicti
1790 4168 1918 4207 mo-

237 4238 497 4296 nasterii
521 4238 647 4309 jam
678 4237 799 4294 fato
830 4236 1169 4306 Vuerdingo
1217 4236 1293 4294 de
1344 4237 1527 4294 rebus
1570 4244 1913 4296 sanctorum

236 4327 667 4403 apostolorum
720 4327 868 4383 Petri
905 4332 962 4383 et
989 4326 1177 4393 Pauli,
1211 4325 1475 4400 almique
1521 4330 1820 4399 Gorgonii,
1852 4330 1913 4386 in

233 4433 413 4494 pago
453 4420 511 4474 et
554 4416 839 4473 comitatu
894 4419 1167 4482 Metense,
1225 4420 1286 4472 in
1330 4417 1468 4474 villa
1512 4435 1647 4492 quae
1700 4419 1915 4476 dicitur

235 4512 391 4573 Arx,
423 4507 539 4562 hoc
569 4510 674 4573 est,
706 4505 781 4563 de
828 4521 1047 4561 manso
1094 4504 1319 4577 petiam
1362 4521 1549 4561 unam
1589 4507 1912 4564 habentem

234 4598 300 4653 in
326 4597 586 4667 longum
615 4594 870 4669 perticas
896 4611 995 4657 vn,
1014 4594 1077 4650 in
1107 4593 1295 4651 latum
1323 4595 1384 4650 in
1415 4611 1537 4651 una
1562 4595 1751 4653 fronte
1781 4614 1913 4670 per-

2029 3449 2170 3488 vero
2199 3432 2390 3487 fronte
2416 3431 2672 3503 perticas
2696 3449 2734 3486 ιι
2763 3436 2819 3488 et
2846 3434 3032 3504 pedes
3064 3451 3181 3489 vm.
3204 3435 3401 3491 Altera
3431 3453 3570 3492 vero
3591 3453 3691 3509 pe-

2026 3521 2107 3578 tia
2159 3526 2325 3577 terra;
2382 3520 2565 3575 habet
2615 3520 2677 3574 in
2723 3520 2976 3589 longum
3029 3522 3285 3592 perticas
3342 3540 3438 3589 xv,
3485 3524 3548 3578 in
3603 3524 3688 3579 1a-

2026 3615 2155 3667 tum
2182 3610 2241 3665 in
2271 3625 2392 3664 una
2427 3608 2618 3664 fronte
2645 3609 2902 3680 perticas
2934 3626 2987 3663 1v
3013 3614 3070 3665 et
3098 3610 3284 3681 pedes
3316 3628 3443 3677 xm,
3480 3612 3543 3666 in
3570 3612 3686 3668 alia

2026 3700 2216 3756 fronte
2241 3698 2495 3771 perticas
2522 3716 2562 3755 v
2586 3703 2645 3753 et
2669 3698 2855 3771 pedes
2883 3716 3017 3766 xxv;
3044 3700 3202 3755 intra
3230 3700 3340 3755 has
3365 3701 3683 3773 praedictas

2024 3805 2339 3846 mensuras
2370 3804 2476 3861 per
2503 3788 2709 3843 omnia
2741 3792 2929 3843 totum
2979 3788 3057 3844 ad
3086 3788 3405 3858 integrum.
3439 3793 3517 3846 Ea
3542 3806 3684 3846 vero

2022 3879 2251 3936 ratione
2306 3884 2372 3933 ut
2426 3894 2462 3934 a
2518 3877 2613 3933 die
2666 3878 2944 3949 praesenti
3004 3878 3065 3932 in
3132 3878 3333 3934 futuro
3386 3878 3685 3951 quidquid

2023 3985 2163 4043 pars
2210 3969 2367 4039 juste
2419 3970 2476 4023 et
2532 3966 2959 4023 rationabiliter
3015 3967 3180 4023 alteri
3230 3967 3482 4024 consulit
3528 3968 3684 4040 parti

2019 4061 2152 4132 jure
2181 4056 2557 4114 heereditario
2587 4056 2888 4125 succedat,
2920 4061 2977 4113 et
3004 4057 3079 4112 de
3124 4058 3352 4114 collatis
3400 4073 3682 4131 unaquae-

2021 4164 2140 4221 que
2169 4162 2310 4220 pars
2336 4145 2634 4218 quidquid
2663 4145 2855 4202 facere
2877 4146 3220 4219 decreverit,
3251 4147 3543 4215 videlicet,
3572 4148 3681 4203 ha-

2020 4237 2223 4306 bendi,
2256 4235 2516 4307 tenendi,
2548 4236 2870 4307 vendendi,
2911 4236 3347 4305 commutandi,
3378 4237 3439 4292 in
3487 4237 3681 4293 omni-

2020 4326 2136 4383 bus
2162 4325 2351 4381 libero
2380 4324 2642 4398 potiatur
2669 4324 2933 4382 arbitrio.
2968 4328 3052 4392 Et,
3082 4329 3147 4381 ut
3188 4327 3319 4381 haec
3350 4330 3681 4381 commuta-

2021 4414 2103 4469 tio
2132 4414 2299 4470 omni
2325 4419 2593 4488 tempore
2624 4415 2800 4471 ﬁrma
2830 4421 2885 4472 et
2916 4415 3145 4471 stabilis
3168 4420 3683 4487 permaneat,ma-

2020 4520 2106 4559 nu
2135 4504 2380 4577 propria
2399 4503 2564 4560 illam
2594 4503 3040 4573 roboravimus,
3072 4503 3451 4576 stipulatione
3481 4501 3682 4557 subni-

2021 4609 2118 4650 xa.
2152 4594 2366 4650 Actum
2396 4594 2457 4649 in
2486 4594 2709 4649 Gorzize
2740 4593 3103 4648 monasterio
3134 4592 3373 4666 publice
3413 4607 3573 4647 anno
3601 4591 3679 4647 ab

234 4686 398 4742 ticas
430 4700 486 4739 ιν
528 4688 585 4739 et
612 4683 799 4756 pedes
835 4687 937 4740 xu.
972 4683 1117 4738 Item
1161 4684 1221 4738 in
1266 4683 1399 4757 ipsa
1436 4684 1577 4754 ﬁne,
1610 4685 1684 4741 de
1713 4686 1907 4753 vinea,
1941 4719 1985 4773 Β
2026 4683 2443 4739 lncarnatione
2474 4682 2709 4739 Domini
2738 4684 2861 4737 884.
2895 4681 3217 4737 Indictione
3246 4698 3325 4751 ιιι,
3359 4685 3569 4752 epacta
3600 4697 3680 4735 xx

235 4772 443 4847 petias
475 4787 533 4826 ιιι
555 4789 568 4839 ;
597 4787 860 4844 quarum
880 4786 1006 4828 una
1025 4787 1162 4843 quae
1188 4776 1279 4828 est
1301 4774 1473 4843 juxta
1498 4774 1912 4847 praescriptum

240 4876 559 4926 mansum,
592 4859 772 4916 habet
818 4859 881 4915 in
932 4860 1204 4929 longum,
1236 4861 1491 4932 perticas
1540 4879 1593 4917 v1
1641 4865 1697 4918 et
1726 4862 1911 4935 pedes

238 4967 295 5005 iv
328 4948 397 5004 in
426 4947 637 5014 latum,
668 4947 727 5003 in
761 4964 883 5004 una
930 4947 1144 5015 fronte,
1175 4947 1428 5019 perticas
1462 4965 1502 5003 ιι
1536 4954 1593 5005 et
1640 4950 1824 5023 pedes
1851 4967 1912 5021 x,

238 5040 305 5094 in
371 5036 492 5093 alia
535 5037 724 5093 fronte
774 5037 1033 5110 perticas
1074 5052 1133 5091 ιιι
1193 5040 1249 5092 et
1302 5038 1486 5109 pedes
1538 5056 1607 5104 v;
1669 5039 1785 5096 alia
1831 5039 1919 5094 vi-

240 5142 369 5185 nea
396 5126 584 5182 habet
616 5126 676 5182 in
708 5126 1081 5198 longitudine
1114 5126 1370 5199 perticas
1399 5144 1459 5190 ιι,
1494 5128 1555 5183 in
1583 5128 1913 5197 latitudine,

238 5218 307 5274 in
343 5216 650 5274 ambabus
681 5216 978 5272 frontibus
1006 5215 1263 5288 perticas
1296 5234 1335 5272 11
1365 5236 1378 5283 ;
1410 5218 1581 5274 tertia
1610 5217 1783 5276 vinea
1807 5220 1916 5275 ha-

237 5305 354 5362 bet
402 5305 466 5361 in
509 5305 783 5374 longum,
815 5320 924 5377 per
960 5319 1151 5359 unum
1196 5303 1369 5365 latus.
1417 5306 1672 5377 perticas
1720 5324 1779 5377 x,
1814 5323 1920 5379 per

242 5393 420 5451 aliud
436 5393 597 5450 latus
612 5395 868 5466 perticas
882 5393 1028 5459 x1,in
1052 5392 1349 5449 ambabus
1362 5394 1656 5451 frontibus
1669 5396 1920 5467 perticas

241 5499 331 5540 va
359 5487 417 5539 et
445 5482 786 5539 dimidium.
806 5486 871 5539 In
892 5481 1238 5538 summitate
1268 5482 1455 5556 ipsius
1475 5483 1684 5551 vineae,
1708 5483 1770 5539 in
1791 5501 1924 5557 par-

248 5562 316 5632 ti
341 5572 526 5629 unius
554 5572 782 5645 frontis,
814 5572 890 5629 de
933 5575 1091 5629 terra
1136 5571 1361 5630 inculta
1389 5575 1673 5646 perticam
1706 5591 1747 5631 ι.
1781 5578 1921 5631 Item

2024 4777 2413 4829 concurrente
2444 4789 2523 4828 ιιι.

2095 4863 2406 4934 Robertus,
2438 4866 2656 4918 sanctae
2697 4860 2966 4918 Metensis
3016 4860 3287 4916 Ecclesiae
3319 4858 3562 4915 humilis
3593 4876 3682 4915 ar-

2021 4953 2441 5026 chiepiscopus
2488 4952 2858 5025 subscripsit.
2913 4950 3248 5006 Lodovinas
3299 4947 3490 5004 abbas
3536 4947 3680 5003 sub-

2024 5043 2273 5116 scripsit.
2326 5045 2576 5116 Optatus
2633 5043 2897 5099 decanus
2952 5040 3321 5114 subscripsit.
3386 5038 3679 5110 Seguinus

2026 5131 2395 5204 subscripsit.
2427 5131 2760 5188 Gonbertus
2789 5128 3176 5203 primecerius
3195 5126 3563 5199 subscripsit.
3582 5130 3683 5183 Ba-

2027 5220 2203 5276 dicho
2253 5220 2444 5276 abbas
2499 5220 2871 5293 subscripsit.
2927 5222 3176 5292 Moyses,
3222 5217 3678 5283 Hildebrandus,

2030 5311 2298 5379 Scranto,
2336 5310 2660 5379 Odelricus,
2710 5309 3039 5379 Farnulfus,
3086 5308 3459 5375 Godefridus,
3505 5312 3682 5363 Ereu-

2030 5413 2163 5468 gus,
2197 5401 2539 5471 Soypertus,
2576 5399 3007 5466 Sarouvardus,
3050 5398 3270 5470 Harno,
3304 5396 3678 5463 Gislebertus,

2030 5486 2249 5556 Teudo,
2281 5488 2640 5560 Vulc‘iadus,
2674 5489 2981 5558 Anuclius,
3030 5490 3347 5557 Barnerus,
3392 5485 3681 5550 Audinus,

2032 5574 2309 5646 Segoldo,
2362 5579 2826 5653 Rogembaldus,
2880 5577 3172 5649 Albrious,
3227 5581 3435 5641 Genez,
3482 5570 3682 5628 Emol-
