  <div class='ocr_page' id='page_1' title='image "/cluster/home/n/w/nwhite01/storage/ocr_20150623/132/hvd.32044054759931/271.png"; bbox 0 0 4034 6182; ppageno 0'>
   <div class='ocr_carea' id='block_1_1' title="bbox 406 102 3768 217">
    <p class='ocr_par' dir='ltr' id='par_1_1' title="bbox 406 102 3768 217">
     <span class='ocr_line' id='line_1_1' title="bbox 406 102 3768 217; baseline -0.001 -15"><span class='ocrx_word' id='word_1_1' title='bbox 406 147 500 203; x_wconf 77' lang='grc'><strong>531</strong></span> <span class='ocrx_word' id='word_1_2' title='bbox 1584 102 1898 205; x_wconf 29' lang='lat' dir='ltr'><strong>&#39;ROBERTI</strong></span> <span class='ocrx_word' id='word_1_3' title='bbox 1940 138 2277 199; x_wconf 79' lang='lat' dir='ltr'><strong>METENSIS</strong></span> <span class='ocrx_word' id='word_1_4' title='bbox 2316 136 2650 196; x_wconf 78' lang='lat' dir='ltr'><strong>EPISCOPI.</strong></span> <span class='ocrx_word' id='word_1_5' title='bbox 3124 150 3129 155; x_wconf 90' lang='lat'>&#39;</span> <span class='ocrx_word' id='word_1_6' title='bbox 3684 161 3768 217; x_wconf 62' lang='grc' dir='ltr'><strong>εει</strong></span> 
     </span>
    </p>
   </div>
   <div class='ocr_carea' id='block_1_2' title="bbox 405 261 3770 342">
    <p class='ocr_par' dir='ltr' id='par_1_2' title="bbox 405 261 3770 342">
     <span class='ocr_line' id='line_1_2' title="bbox 405 261 3770 342; baseline -0.001 -15"><span class='ocrx_word' id='word_1_7' title='bbox 405 271 542 337; x_wconf 88' lang='lat' dir='ltr'><strong>dus,</strong></span> <span class='ocrx_word' id='word_1_8' title='bbox 605 273 885 342; x_wconf 87' lang='lat' dir='ltr'><strong>Sugerus,</strong></span> <span class='ocrx_word' id='word_1_9' title='bbox 941 271 1264 340; x_wconf 88' lang='lat' dir='ltr'><strong>Odelricus,</strong></span> <span class='ocrx_word' id='word_1_10' title='bbox 1322 271 1614 338; x_wconf 86' lang='lat' dir='ltr'><strong>Aldricus,</strong></span> <span class='ocrx_word' id='word_1_11' title='bbox 1688 266 2056 333; x_wconf 82' lang='lat' dir='ltr'><strong>Lambertus,</strong></span> <span class='ocrx_word' id='word_1_12' title='bbox 2086 268 2133 319; x_wconf 78' lang='grc' dir='ltr'><strong>Δ</strong></span> <span class='ocrx_word' id='word_1_13' title='bbox 2172 262 2291 318; x_wconf 86' lang='lat' dir='ltr'><strong>dus</strong></span> <span class='ocrx_word' id='word_1_14' title='bbox 2317 261 2941 318; x_wconf 60' lang='lat' dir='ltr'><strong>diaconusxViduicus</strong></span> <span class='ocrx_word' id='word_1_15' title='bbox 2980 263 3300 318; x_wconf 76' lang='lat' dir='ltr'><strong>diaconus.</strong></span> <span class='ocrx_word' id='word_1_16' title='bbox 3334 262 3770 339; x_wconf 70' lang='lat' dir='ltr'><strong>Adelardussub;</strong></span> 
     </span>
    </p>
   </div>
   <div class='ocr_carea' id='block_1_3' title="bbox 407 360 2045 432">
    <p class='ocr_par' dir='ltr' id='par_1_3' title="bbox 407 360 2045 432">
     <span class='ocr_line' id='line_1_3' title="bbox 407 360 2045 432; baseline -0.002 -16"><span class='ocrx_word' id='word_1_17' title='bbox 407 360 724 428; x_wconf 88' lang='lat' dir='ltr'><strong>Evrardus,</strong></span> <span class='ocrx_word' id='word_1_18' title='bbox 772 360 1131 430; x_wconf 87' lang='lat' dir='ltr'><strong>Homedeus,</strong></span> <span class='ocrx_word' id='word_1_19' title='bbox 1186 360 1517 432; x_wconf 89' lang='lat' dir='ltr'><strong>Hildoinus,</strong></span> <span class='ocrx_word' id='word_1_20' title='bbox 1581 360 1892 425; x_wconf 86' lang='lat' dir='ltr'><strong>Hominus,</strong></span> <span class='ocrx_word' id='word_1_21' title='bbox 1945 360 2045 413; x_wconf 74' lang='lat' dir='ltr'><strong>Ret</strong></span> 
     </span>
    </p>
   </div>
   <div class='ocr_carea' id='block_1_4' title="bbox 408 447 2062 520">
    <p class='ocr_par' dir='ltr' id='par_1_4' title="bbox 408 447 2062 520">
     <span class='ocr_line' id='line_1_4' title="bbox 408 447 2062 520; baseline -0.002 -14"><span class='ocrx_word' id='word_1_22' title='bbox 408 454 486 519; x_wconf 91' lang='lat' dir='ltr'><strong>to,</strong></span> <span class='ocrx_word' id='word_1_23' title='bbox 542 448 953 515; x_wconf 80' lang='lat' dir='ltr'><strong>Radouardus,</strong></span> <span class='ocrx_word' id='word_1_24' title='bbox 1012 447 1307 517; x_wconf 83' lang='lat' dir='ltr'><strong>Gisaldus,</strong></span> <span class='ocrx_word' id='word_1_25' title='bbox 1359 451 1650 520; x_wconf 76' lang='lat' dir='ltr'><strong>Attogius,</strong></span> <span class='ocrx_word' id='word_1_26' title='bbox 1706 449 2062 507; x_wconf 88' lang='lat' dir='ltr'><strong>Vandelma-</strong></span> 
     </span>
    </p>
   </div>
   <div class='ocr_carea' id='block_1_5' title="bbox 403 536 2064 611">
    <p class='ocr_par' dir='ltr' id='par_1_5' title="bbox 403 536 2064 611">
     <span class='ocr_line' id='line_1_5' title="bbox 403 536 2064 611; baseline -0.001 -18"><span class='ocrx_word' id='word_1_27' title='bbox 403 554 528 607; x_wconf 89' lang='lat' dir='ltr'><strong>rus,</strong></span> <span class='ocrx_word' id='word_1_28' title='bbox 582 538 889 601; x_wconf 90' lang='lat' dir='ltr'><strong>Uncrinus,</strong></span> <span class='ocrx_word' id='word_1_29' title='bbox 946 536 1327 609; x_wconf 83' lang='lat' dir='ltr'><strong>Ricuvoldus,</strong></span> <span class='ocrx_word' id='word_1_30' title='bbox 1394 543 1702 611; x_wconf 82' lang='lat' dir='ltr'><strong>Rotgerus,</strong></span> <span class='ocrx_word' id='word_1_31' title='bbox 1764 539 2064 594; x_wconf 72' lang='lat' dir='ltr'><strong>Goderon~</strong></span> 
     </span>
    </p>
   </div>
   <div class='ocr_carea' id='block_1_6' title="bbox 403 625 2062 697">
    <p class='ocr_par' dir='ltr' id='par_1_6' title="bbox 403 625 2062 697">
     <span class='ocr_line' id='line_1_6' title="bbox 403 625 2062 697; baseline -0.001 -15"><span class='ocrx_word' id='word_1_32' title='bbox 403 643 538 683; x_wconf 88' lang='lat' dir='ltr'><strong>nus.</strong></span> <span class='ocrx_word' id='word_1_33' title='bbox 573 630 692 693; x_wconf 79' lang='lat' dir='ltr'><strong>Ego</strong></span> <span class='ocrx_word' id='word_1_34' title='bbox 727 625 1114 693; x_wconf 88' lang='lat' dir='ltr'><strong>Vuichardus,</strong></span> <span class='ocrx_word' id='word_1_35' title='bbox 1167 628 1291 684; x_wconf 90' lang='lat' dir='ltr'><strong>acsi</strong></span> <span class='ocrx_word' id='word_1_36' title='bbox 1340 628 1624 697; x_wconf 74' lang='lat' dir='ltr'><strong>indignus</strong></span> <span class='ocrx_word' id='word_1_37' title='bbox 1675 628 1953 684; x_wconf 74' lang='lat' dir='ltr'><strong>sacerdos</strong></span> <span class='ocrx_word' id='word_1_38' title='bbox 2006 631 2062 681; x_wconf 93' lang='lat' dir='ltr'><strong>et</strong></span> 
     </span>
    </p>
   </div>
   <div class='ocr_carea' id='block_1_7' title="bbox 402 715 2060 791">
    <p class='ocr_par' dir='ltr' id='par_1_7' title="bbox 402 715 2060 791">
     <span class='ocr_line' id='line_1_7' title="bbox 402 715 2060 791; baseline 0.001 -22"><span class='ocrx_word' id='word_1_39' title='bbox 402 716 759 784; x_wconf 73' lang='lat' dir='ltr'><strong>monachus,</strong></span> <span class='ocrx_word' id='word_1_40' title='bbox 793 715 946 771; x_wconf 90' lang='lat' dir='ltr'><strong>hanc</strong></span> <span class='ocrx_word' id='word_1_41' title='bbox 980 718 1519 774; x_wconf 81' lang='lat' dir='ltr'><strong>commutationem</strong></span> <span class='ocrx_word' id='word_1_42' title='bbox 1563 718 1771 791; x_wconf 80' lang='lat' dir='ltr'><strong>scripsi</strong></span> <span class='ocrx_word' id='word_1_43' title='bbox 1815 722 1872 773; x_wconf 90' lang='lat' dir='ltr'><strong>et</strong></span> <span class='ocrx_word' id='word_1_44' title='bbox 1915 716 2060 771; x_wconf 86' lang='lat' dir='ltr'><strong>sub-</strong></span> 
     </span>
    </p>
   </div>
   <div class='ocr_carea' id='block_1_8' title="bbox 406 804 636 877">
    <p class='ocr_par' dir='ltr' id='par_1_8' title="bbox 406 804 636 877">
     <span class='ocr_line' id='line_1_8' title="bbox 406 804 636 877; baseline 0.009 -20"><span class='ocrx_word' id='word_1_45' title='bbox 406 804 636 877; x_wconf 84' lang='lat' dir='ltr'><strong>scripsi.</strong></span> 
     </span>
    </p>
   </div>
   <div class='ocr_carea' id='block_1_9' title="bbox 1206 894 1269 951">
    <p class='ocr_par' dir='ltr' id='par_1_9' title="bbox 1206 894 1269 951">
     <span class='ocr_line' id='line_1_9' title="bbox 1206 894 1269 951; baseline 0 -1"><span class='ocrx_word' id='word_1_46' title='bbox 1206 894 1269 951; x_wconf 87' lang='lat' dir='ltr'><strong>II.</strong></span> 
     </span>
    </p>
   </div>
   <div class='ocr_carea' id='block_1_10' title="bbox 508 998 1958 1040">
    <p class='ocr_par' dir='ltr' id='par_1_10' title="bbox 508 998 1958 1040">
     <span class='ocr_line' id='line_1_10' title="bbox 508 998 1958 1040; baseline 0.001 -4"><span class='ocrx_word' id='word_1_47' title='bbox 508 998 859 1037; x_wconf 67' lang='lat' dir='ltr'><strong>PRIVILEGIUM</strong></span> <span class='ocrx_word' id='word_1_48' title='bbox 899 998 1002 1037; x_wconf 83' lang='lat' dir='ltr'><strong>PRO</strong></span> <span class='ocrx_word' id='word_1_49' title='bbox 1042 999 1391 1039; x_wconf 71' lang='lat' dir='ltr'><strong>MONASTERIO</strong></span> <span class='ocrx_word' id='word_1_50' title='bbox 1433 1000 1624 1040; x_wconf 74' lang='lat' dir='ltr'><strong>SANCTI</strong></span> <span class='ocrx_word' id='word_1_51' title='bbox 1666 1000 1958 1040; x_wconf 77' lang='lat' dir='ltr'><strong>ARNULPHI.</strong></span> 
     </span>
    </p>
   </div>
   <div class='ocr_carea' id='block_1_11' title="bbox 474 1069 2061 1137">
    <p class='ocr_par' dir='ltr' id='par_1_11' title="bbox 474 1069 2061 1137">
     <span class='ocr_line' id='line_1_11' title="bbox 474 1069 2061 1137; baseline 0 -11"><span class='ocrx_word' id='word_1_52' title='bbox 474 1074 537 1126; x_wconf 83' lang='lat' dir='ltr'><strong>In</strong></span> <span class='ocrx_word' id='word_1_53' title='bbox 563 1071 807 1126; x_wconf 86' lang='lat' dir='ltr'><strong>nomine</strong></span> <span class='ocrx_word' id='word_1_54' title='bbox 832 1070 1065 1137; x_wconf 84' lang='lat' dir='ltr'><strong>Domini</strong></span> <span class='ocrx_word' id='word_1_55' title='bbox 1090 1071 1193 1129; x_wconf 82' lang='lat' dir='ltr'><strong>Uei</strong></span> <span class='ocrx_word' id='word_1_56' title='bbox 1222 1072 1425 1129; x_wconf 69' lang='lat' dir='ltr'><strong>aeterni</strong></span> <span class='ocrx_word' id='word_1_57' title='bbox 1454 1077 1508 1128; x_wconf 86' lang='lat' dir='ltr'><strong>et</strong></span> <span class='ocrx_word' id='word_1_58' title='bbox 1528 1072 1847 1131; x_wconf 85' lang='lat' dir='ltr'><strong>Salvatoris</strong></span> <span class='ocrx_word' id='word_1_59' title='bbox 1874 1069 2061 1127; x_wconf 89' lang='lat' dir='ltr'><strong>nostri</strong></span> 
     </span>
    </p>
   </div>
   <div class='ocr_carea' id='block_1_12' title="bbox 399 1157 2059 1228">
    <p class='ocr_par' dir='ltr' id='par_1_12' title="bbox 399 1157 2059 1228">
     <span class='ocr_line' id='line_1_12' title="bbox 399 1157 2059 1228; baseline -0.001 -13"><span class='ocrx_word' id='word_1_60' title='bbox 399 1163 540 1216; x_wconf 85' lang='lat' dir='ltr'><strong>Jesu</strong></span> <span class='ocrx_word' id='word_1_61' title='bbox 580 1159 806 1217; x_wconf 81' lang='lat' dir='ltr'><strong>Christi.</strong></span> <span class='ocrx_word' id='word_1_62' title='bbox 840 1159 1197 1228; x_wconf 82' lang='lat' dir='ltr'><strong>Radbertus,</strong></span> <span class='ocrx_word' id='word_1_63' title='bbox 1236 1159 1478 1219; x_wconf 86' lang='lat' dir='ltr'><strong>humilis</strong></span> <span class='ocrx_word' id='word_1_64' title='bbox 1526 1167 1747 1218; x_wconf 64' lang='lat' dir='ltr'><strong>sanctas</strong></span> <span class='ocrx_word' id='word_1_65' title='bbox 1793 1157 2059 1217; x_wconf 87' lang='lat' dir='ltr'><strong>Metensis</strong></span> 
     </span>
    </p>
   </div>
   <div class='ocr_carea' id='block_1_13' title="bbox 402 1248 2063 1322">
    <p class='ocr_par' dir='ltr' id='par_1_13' title="bbox 402 1248 2063 1322">
     <span class='ocr_line' id='line_1_13' title="bbox 402 1248 2063 1322; baseline 0 -18"><span class='ocrx_word' id='word_1_66' title='bbox 402 1248 677 1304; x_wconf 75' lang='lat' dir='ltr'><strong>Ecclesiae</strong></span> <span class='ocrx_word' id='word_1_67' title='bbox 699 1248 1037 1322; x_wconf 90' lang='lat' dir='ltr'><strong>episcopus.</strong></span> <span class='ocrx_word' id='word_1_68' title='bbox 1065 1251 1122 1306; x_wconf 91' lang='lat' dir='ltr'><strong>Si</strong></span> <span class='ocrx_word' id='word_1_69' title='bbox 1150 1249 1308 1305; x_wconf 90' lang='lat' dir='ltr'><strong>circa</strong></span> <span class='ocrx_word' id='word_1_70' title='bbox 1336 1249 1468 1306; x_wconf 87' lang='lat' dir='ltr'><strong>loca</strong></span> <span class='ocrx_word' id='word_1_71' title='bbox 1501 1254 1617 1306; x_wconf 91' lang='lat' dir='ltr'><strong>Deo</strong></span> <span class='ocrx_word' id='word_1_72' title='bbox 1638 1250 1834 1307; x_wconf 86' lang='lat' dir='ltr'><strong>dicata</strong></span> <span class='ocrx_word' id='word_1_73' title='bbox 1866 1254 2063 1321; x_wconf 85' lang='lat' dir='ltr'><strong>pasto-</strong></span> 
     </span>
    </p>
   </div>
   <div class='ocr_carea' id='block_1_14' title="bbox 400 1336 2059 1408">
    <p class='ocr_par' dir='ltr' id='par_1_14' title="bbox 400 1336 2059 1408">
     <span class='ocr_line' id='line_1_14' title="bbox 400 1336 2059 1408; baseline 0 -16"><span class='ocrx_word' id='word_1_74' title='bbox 400 1337 480 1392; x_wconf 85' lang='lat' dir='ltr'><strong>ris</strong></span> <span class='ocrx_word' id='word_1_75' title='bbox 508 1353 651 1393; x_wconf 89' lang='lat' dir='ltr'><strong>cura</strong></span> <span class='ocrx_word' id='word_1_76' title='bbox 692 1352 917 1405; x_wconf 83' lang='lat' dir='ltr'><strong>magna</strong></span> <span class='ocrx_word' id='word_1_77' title='bbox 945 1337 1127 1394; x_wconf 81' lang='lat' dir='ltr'><strong>debet</strong></span> <span class='ocrx_word' id='word_1_78' title='bbox 1161 1338 1472 1408; x_wconf 84' lang='lat' dir='ltr'><strong>invigilare</strong></span> <span class='ocrx_word' id='word_1_79' title='bbox 1506 1338 1743 1395; x_wconf 79' lang='lat' dir='ltr'><strong>solertia</strong></span> <span class='ocrx_word' id='word_1_80' title='bbox 1773 1356 1846 1396; x_wconf 90' lang='lat' dir='ltr'><strong>ne</strong></span> <span class='ocrx_word' id='word_1_81' title='bbox 1873 1336 2059 1395; x_wconf 67' lang='lat' dir='ltr'><strong>caulae</strong></span> 
     </span>
    </p>
   </div>
   <div class='ocr_carea' id='block_1_15' title="bbox 406 1426 2059 1500">
    <p class='ocr_par' dir='ltr' id='par_1_15' title="bbox 406 1426 2059 1500">
     <span class='ocr_line' id='line_1_15' title="bbox 406 1426 2059 1500; baseline 0 -19"><span class='ocrx_word' id='word_1_82' title='bbox 406 1426 689 1481; x_wconf 88' lang='lat' dir='ltr'><strong>Dominici</strong></span> <span class='ocrx_word' id='word_1_83' title='bbox 739 1426 935 1496; x_wconf 86' lang='lat' dir='ltr'><strong>gregis</strong></span> <span class='ocrx_word' id='word_1_84' title='bbox 984 1426 1064 1482; x_wconf 90' lang='lat' dir='ltr'><strong>illi</strong></span> <span class='ocrx_word' id='word_1_85' title='bbox 1135 1427 1363 1483; x_wconf 70' lang='lat' dir='ltr'><strong>collatae</strong></span> <span class='ocrx_word' id='word_1_86' title='bbox 1420 1434 1810 1500; x_wconf 86' lang='lat' dir='ltr'><strong>paternarum</strong></span> <span class='ocrx_word' id='word_1_87' title='bbox 1858 1429 2059 1496; x_wconf 75' lang='lat' dir='ltr'><strong>legum</strong></span> 
     </span>
    </p>
   </div>
   <div class='ocr_carea' id='block_1_16' title="bbox 399 1516 2063 1588">
    <p class='ocr_par' dir='ltr' id='par_1_16' title="bbox 399 1516 2063 1588">
     <span class='ocr_line' id='line_1_16' title="bbox 399 1516 2063 1588; baseline -0.001 -16"><span class='ocrx_word' id='word_1_88' title='bbox 399 1516 825 1572; x_wconf 89' lang='lat' dir='ltr'><strong>detrimentum</strong></span> <span class='ocrx_word' id='word_1_89' title='bbox 856 1516 1180 1587; x_wconf 90' lang='lat' dir='ltr'><strong>patiantur,</strong></span> <span class='ocrx_word' id='word_1_90' title='bbox 1202 1516 1591 1573; x_wconf 86' lang='lat' dir='ltr'><strong>nihilominus</strong></span> <span class='ocrx_word' id='word_1_91' title='bbox 1618 1534 1761 1588; x_wconf 89' lang='lat' dir='ltr'><strong>erga</strong></span> <span class='ocrx_word' id='word_1_92' title='bbox 1781 1517 1893 1573; x_wconf 87' lang='lat' dir='ltr'><strong>sibi</strong></span> <span class='ocrx_word' id='word_1_93' title='bbox 1925 1516 2063 1571; x_wconf 85' lang='lat' dir='ltr'><strong>sub-</strong></span> 
     </span>
    </p>
   </div>
   <div class='ocr_carea' id='block_1_17' title="bbox 400 1603 2129 1678">
    <p class='ocr_par' dir='ltr' id='par_1_17' title="bbox 400 1603 2129 1678">
     <span class='ocr_line' id='line_1_17' title="bbox 400 1603 2129 1678; baseline 0.001 -18"><span class='ocrx_word' id='word_1_94' title='bbox 400 1605 575 1671; x_wconf 87' lang='lat' dir='ltr'><strong>ditos,</strong></span> <span class='ocrx_word' id='word_1_95' title='bbox 636 1608 692 1659; x_wconf 87' lang='lat' dir='ltr'><strong>et</strong></span> <span class='ocrx_word' id='word_1_96' title='bbox 748 1603 1038 1677; x_wconf 89' lang='lat' dir='ltr'><strong>spirituali</strong></span> <span class='ocrx_word' id='word_1_97' title='bbox 1091 1604 1271 1660; x_wconf 89' lang='lat' dir='ltr'><strong>simul</strong></span> <span class='ocrx_word' id='word_1_98' title='bbox 1317 1609 1375 1661; x_wconf 92' lang='lat' dir='ltr'><strong>et</strong></span> <span class='ocrx_word' id='word_1_99' title='bbox 1431 1606 1728 1678; x_wconf 85' lang='lat' dir='ltr'><strong>corporali</strong></span> <span class='ocrx_word' id='word_1_100' title='bbox 1772 1605 2059 1662; x_wconf 84' lang='lat' dir='ltr'><strong>insudare</strong></span> <span class='ocrx_word' id='word_1_101' title='bbox 2089 1616 2129 1670; x_wconf 81' lang='grc' dir='ltr'><strong>Β</strong></span> 
     </span>
    </p>
   </div>
   <div class='ocr_carea' id='block_1_18' title="bbox 402 1692 2060 1766">
    <p class='ocr_par' dir='ltr' id='par_1_18' title="bbox 402 1692 2060 1766">
     <span class='ocr_line' id='line_1_18' title="bbox 402 1692 2060 1766; baseline -0.001 -16"><span class='ocrx_word' id='word_1_102' title='bbox 402 1697 636 1766; x_wconf 84' lang='lat' dir='ltr'><strong>oportet</strong></span> <span class='ocrx_word' id='word_1_103' title='bbox 664 1692 926 1763; x_wconf 89' lang='lat' dir='ltr'><strong>negotio,</strong></span> <span class='ocrx_word' id='word_1_104' title='bbox 946 1709 1020 1748; x_wconf 91' lang='lat' dir='ltr'><strong>ne</strong></span> <span class='ocrx_word' id='word_1_105' title='bbox 1054 1696 1171 1749; x_wconf 90' lang='lat' dir='ltr'><strong>Deo</strong></span> <span class='ocrx_word' id='word_1_106' title='bbox 1195 1694 1586 1750; x_wconf 84' lang='lat' dir='ltr'><strong>militantibus</strong></span> <span class='ocrx_word' id='word_1_107' title='bbox 1616 1695 1738 1751; x_wconf 90' lang='lat' dir='ltr'><strong>ulla</strong></span> <span class='ocrx_word' id='word_1_108' title='bbox 1760 1694 2060 1751; x_wconf 87' lang='lat' dir='ltr'><strong>dominari</strong></span> 
     </span>
    </p>
   </div>
   <div class='ocr_carea' id='block_1_19' title="bbox 400 1780 2062 1853">
    <p class='ocr_par' dir='ltr' id='par_1_19' title="bbox 400 1780 2062 1853">
     <span class='ocr_line' id='line_1_19' title="bbox 400 1780 2062 1853; baseline 0.001 -15"><span class='ocrx_word' id='word_1_109' title='bbox 400 1782 717 1839; x_wconf 90' lang='lat' dir='ltr'><strong>videantur</strong></span> <span class='ocrx_word' id='word_1_110' title='bbox 768 1780 991 1853; x_wconf 89' lang='lat' dir='ltr'><strong>inopia.</strong></span> <span class='ocrx_word' id='word_1_111' title='bbox 1042 1784 1194 1850; x_wconf 83' lang='lat' dir='ltr'><strong>Ergo</strong></span> <span class='ocrx_word' id='word_1_112' title='bbox 1238 1783 1469 1839; x_wconf 75' lang='lat' dir='ltr'><strong>noverit</strong></span> <span class='ocrx_word' id='word_1_113' title='bbox 1513 1784 1786 1841; x_wconf 90' lang='lat' dir='ltr'><strong>omnium</strong></span> <span class='ocrx_word' id='word_1_114' title='bbox 1844 1787 2062 1841; x_wconf 73' lang='lat' dir='ltr'><strong>sanctae</strong></span> 
     </span>
    </p>
   </div>
   <div class='ocr_carea' id='block_1_20' title="bbox 403 1870 2099 1943">
    <p class='ocr_par' dir='ltr' id='par_1_20' title="bbox 403 1870 2099 1943">
     <span class='ocr_line' id='line_1_20' title="bbox 403 1870 2099 1943; baseline 0 -16"><span class='ocrx_word' id='word_1_115' title='bbox 403 1872 503 1927; x_wconf 89' lang='lat' dir='ltr'><strong>Dei</strong></span> <span class='ocrx_word' id='word_1_116' title='bbox 544 1870 816 1925; x_wconf 66' lang='lat' dir='ltr'><strong>Ecclesiae</strong></span> <span class='ocrx_word' id='word_1_117' title='bbox 846 1870 1134 1938; x_wconf 84' lang='lat' dir='ltr'><strong>ﬁdelium,</strong></span> <span class='ocrx_word' id='word_1_118' title='bbox 1168 1874 1551 1943; x_wconf 64' lang='lat' dir='ltr'><strong>praesentium</strong></span> <span class='ocrx_word' id='word_1_119' title='bbox 1582 1872 1852 1928; x_wconf 85' lang='lat' dir='ltr'><strong>videlicet</strong></span> <span class='ocrx_word' id='word_1_120' title='bbox 1891 1878 1947 1927; x_wconf 91' lang='lat' dir='ltr'><strong>et</strong></span> <span class='ocrx_word' id='word_1_121' title='bbox 1974 1872 2099 1933; x_wconf 84' lang='lat' dir='ltr'><strong>fu-,</strong></span> 
     </span>
    </p>
   </div>
   <div class='ocr_carea' id='block_1_21' title="bbox 400 1959 2059 2032">
    <p class='ocr_par' dir='ltr' id='par_1_21' title="bbox 400 1959 2059 2032">
     <span class='ocr_line' id='line_1_21' title="bbox 400 1959 2059 2032; baseline 0.001 -17"><span class='ocrx_word' id='word_1_122' title='bbox 400 1965 673 2016; x_wconf 90' lang='lat' dir='ltr'><strong>turorum</strong></span> <span class='ocrx_word' id='word_1_123' title='bbox 732 1959 1046 2026; x_wconf 88' lang='lat' dir='ltr'><strong>industria,</strong></span> <span class='ocrx_word' id='word_1_124' title='bbox 1096 1959 1350 2032; x_wconf 88' lang='lat' dir='ltr'><strong>qualiter</strong></span> <span class='ocrx_word' id='word_1_125' title='bbox 1405 1962 1676 2017; x_wconf 89' lang='lat' dir='ltr'><strong>canonici</strong></span> <span class='ocrx_word' id='word_1_126' title='bbox 1734 1962 2059 2018; x_wconf 69' lang='lat' dir='ltr'><strong>beatissimi</strong></span> 
     </span>
    </p>
   </div>
   <div class='ocr_carea' id='block_1_22' title="bbox 401 2048 2058 2123">
    <p class='ocr_par' dir='ltr' id='par_1_22' title="bbox 401 2048 2058 2123">
     <span class='ocr_line' id='line_1_22' title="bbox 401 2048 2058 2123; baseline 0.001 -18"><span class='ocrx_word' id='word_1_127' title='bbox 401 2048 695 2123; x_wconf 84' lang='lat' dir='ltr'><strong>Arnulphi</strong></span> <span class='ocrx_word' id='word_1_128' title='bbox 726 2048 1088 2104; x_wconf 69' lang='lat' dir='ltr'><strong>confessoris</strong></span> <span class='ocrx_word' id='word_1_129' title='bbox 1135 2050 1346 2106; x_wconf 82' lang='lat' dir='ltr'><strong>Christi</strong></span> <span class='ocrx_word' id='word_1_130' title='bbox 1393 2051 1455 2106; x_wconf 91' lang='lat' dir='ltr'><strong>in</strong></span> <span class='ocrx_word' id='word_1_131' title='bbox 1504 2048 1773 2107; x_wconf 86' lang='lat' dir='ltr'><strong>surbibio</strong></span> <span class='ocrx_word' id='word_1_132' title='bbox 1802 2050 2058 2117; x_wconf 88' lang='lat' dir='ltr'><strong>Metensi,</strong></span> 
     </span>
    </p>
   </div>
   <div class='ocr_carea' id='block_1_23' title="bbox 400 2135 2061 2211">
    <p class='ocr_par' dir='ltr' id='par_1_23' title="bbox 400 2135 2061 2211">
     <span class='ocr_line' id='line_1_23' title="bbox 400 2135 2061 2211; baseline 0.003 -21"><span class='ocrx_word' id='word_1_133' title='bbox 400 2135 686 2205; x_wconf 78' lang='lat' dir='ltr'><strong>degentes</strong></span> <span class='ocrx_word' id='word_1_134' title='bbox 721 2135 954 2192; x_wconf 89' lang='lat' dir='ltr'><strong>Domini</strong></span> <span class='ocrx_word' id='word_1_135' title='bbox 986 2136 1236 2193; x_wconf 87' lang='lat' dir='ltr'><strong>senioris</strong></span> <span class='ocrx_word' id='word_1_136' title='bbox 1265 2138 1451 2195; x_wconf 85' lang='lat' dir='ltr'><strong>nostri</strong></span> <span class='ocrx_word' id='word_1_137' title='bbox 1482 2140 1847 2196; x_wconf 82' lang='lat' dir='ltr'><strong>serenissimi</strong></span> <span class='ocrx_word' id='word_1_138' title='bbox 1870 2140 2061 2211; x_wconf 90' lang='lat' dir='ltr'><strong>impe-</strong></span> 
     </span>
    </p>
   </div>
   <div class='ocr_carea' id='block_1_24' title="bbox 399 2224 2062 2301">
    <p class='ocr_par' dir='ltr' id='par_1_24' title="bbox 399 2224 2062 2301">
     <span class='ocr_line' id='line_1_24' title="bbox 399 2224 2062 2301; baseline 0.002 -22"><span class='ocrx_word' id='word_1_139' title='bbox 399 2224 614 2280; x_wconf 90' lang='lat' dir='ltr'><strong>ratoris</strong></span> <span class='ocrx_word' id='word_1_140' title='bbox 643 2225 830 2280; x_wconf 83' lang='lat' dir='ltr'><strong>Caroli</strong></span> <span class='ocrx_word' id='word_1_141' title='bbox 881 2224 1157 2282; x_wconf 84' lang='lat' dir='ltr'><strong>adierunt</strong></span> <span class='ocrx_word' id='word_1_142' title='bbox 1184 2225 1583 2293; x_wconf 86' lang='lat' dir='ltr'><strong>clementiam,</strong></span> <span class='ocrx_word' id='word_1_143' title='bbox 1614 2233 1909 2301; x_wconf 78' lang='lat' dir='ltr'><strong>praecepta</strong></span> <span class='ocrx_word' id='word_1_144' title='bbox 1938 2243 2062 2299; x_wconf 65' lang='lat' dir='ltr'><strong>prie</strong></span> 
     </span>
    </p>
   </div>
   <div class='ocr_carea' id='block_1_25' title="bbox 400 2312 2061 2388">
    <p class='ocr_par' dir='ltr' id='par_1_25' title="bbox 400 2312 2061 2388">
     <span class='ocr_line' id='line_1_25' title="bbox 400 2312 2061 2388; baseline 0.001 -19"><span class='ocrx_word' id='word_1_145' title='bbox 400 2312 684 2369; x_wconf 87' lang='lat' dir='ltr'><strong>manibus</strong></span> <span class='ocrx_word' id='word_1_146' title='bbox 710 2312 1041 2369; x_wconf 73' lang='lat' dir='ltr'><strong>deterentes</strong></span> <span class='ocrx_word' id='word_1_147' title='bbox 1072 2314 1296 2384; x_wconf 81' lang='lat' dir='ltr'><strong>regalia</strong></span> <span class='ocrx_word' id='word_1_148' title='bbox 1344 2316 1567 2388; x_wconf 86' lang='lat' dir='ltr'><strong>quibus</strong></span> <span class='ocrx_word' id='word_1_149' title='bbox 1613 2332 1684 2372; x_wconf 89' lang='lat' dir='ltr'><strong>ea</strong></span> <span class='ocrx_word' id='word_1_150' title='bbox 1708 2331 1844 2388; x_wconf 64' lang='lat' dir='ltr'><strong>qius</strong></span> <span class='ocrx_word' id='word_1_151' title='bbox 1874 2316 1951 2372; x_wconf 89' lang='lat' dir='ltr'><strong>ad</strong></span> <span class='ocrx_word' id='word_1_152' title='bbox 1980 2316 2061 2371; x_wconf 89' lang='lat' dir='ltr'><strong>vi-</strong></span> 
     </span>
    </p>
   </div>
   <div class='ocr_carea' id='block_1_26' title="bbox 401 2401 2065 2477">
    <p class='ocr_par' dir='ltr' id='par_1_26' title="bbox 401 2401 2065 2477">
     <span class='ocr_line' id='line_1_26' title="bbox 401 2401 2065 2477; baseline 0.002 -20"><span class='ocrx_word' id='word_1_153' title='bbox 401 2406 563 2458; x_wconf 89' lang='lat' dir='ltr'><strong>ctum</strong></span> <span class='ocrx_word' id='word_1_154' title='bbox 612 2407 670 2458; x_wconf 88' lang='lat' dir='ltr'><strong>et</strong></span> <span class='ocrx_word' id='word_1_155' title='bbox 724 2401 1121 2458; x_wconf 82' lang='lat' dir='ltr'><strong>substantiam</strong></span> <span class='ocrx_word' id='word_1_156' title='bbox 1187 2417 1397 2460; x_wconf 87' lang='lat' dir='ltr'><strong>eorum</strong></span> <span class='ocrx_word' id='word_1_157' title='bbox 1462 2404 1838 2477; x_wconf 79' lang='lat' dir='ltr'><strong>pertinebant</strong></span> <span class='ocrx_word' id='word_1_158' title='bbox 1893 2409 2065 2460; x_wconf 87' lang='lat' dir='ltr'><strong>erant</strong></span> 
     </span>
    </p>
   </div>
   <div class='ocr_carea' id='block_1_27' title="bbox 401 2490 2063 2557">
    <p class='ocr_par' dir='ltr' id='par_1_27' title="bbox 401 2490 2063 2557">
     <span class='ocr_line' id='line_1_27' title="bbox 401 2490 2063 2557; baseline 0.001 -12"><span class='ocrx_word' id='word_1_159' title='bbox 401 2490 809 2557; x_wconf 85' lang='lat' dir='ltr'><strong>corroborata,</strong></span> <span class='ocrx_word' id='word_1_160' title='bbox 844 2495 901 2547; x_wconf 89' lang='lat' dir='ltr'><strong>et</strong></span> <span class='ocrx_word' id='word_1_161' title='bbox 937 2490 1183 2547; x_wconf 90' lang='lat' dir='ltr'><strong>arbitrio</strong></span> <span class='ocrx_word' id='word_1_162' title='bbox 1231 2496 1676 2548; x_wconf 87' lang='lat' dir='ltr'><strong>antecessorum</strong></span> <span class='ocrx_word' id='word_1_163' title='bbox 1720 2498 2063 2549; x_wconf 89' lang='lat' dir='ltr'><strong>nostrorum</strong></span> 
     </span>
    </p>
   </div>
   <div class='ocr_carea' id='block_1_28' title="bbox 400 2578 2063 2652">
    <p class='ocr_par' dir='ltr' id='par_1_28' title="bbox 400 2578 2063 2652">
     <span class='ocr_line' id='line_1_28' title="bbox 400 2578 2063 2652; baseline 0.001 -17"><span class='ocrx_word' id='word_1_164' title='bbox 400 2578 753 2651; x_wconf 85' lang='lat' dir='ltr'><strong>pontiﬁcum</strong></span> <span class='ocrx_word' id='word_1_165' title='bbox 786 2579 910 2635; x_wconf 83' lang='lat' dir='ltr'><strong>fore</strong></span> <span class='ocrx_word' id='word_1_166' title='bbox 942 2583 1007 2636; x_wconf 90' lang='lat' dir='ltr'><strong>ut</strong></span> <span class='ocrx_word' id='word_1_167' title='bbox 1048 2580 1306 2637; x_wconf 88' lang='lat' dir='ltr'><strong>sublata.</strong></span> <span class='ocrx_word' id='word_1_168' title='bbox 1340 2581 1524 2652; x_wconf 87' lang='lat' dir='ltr'><strong>Cujus</strong></span> <span class='ocrx_word' id='word_1_169' title='bbox 1573 2582 1657 2637; x_wconf 90' lang='lat' dir='ltr'><strong>rei</strong></span> <span class='ocrx_word' id='word_1_170' title='bbox 1685 2597 1957 2645; x_wconf 82' lang='lat' dir='ltr'><strong>causam.</strong></span> <span class='ocrx_word' id='word_1_171' title='bbox 1983 2580 2063 2637; x_wconf 92' lang='lat' dir='ltr'><strong>ob</strong></span> 
     </span>
    </p>
   </div>
   <div class='ocr_carea' id='block_1_29' title="bbox 401 2668 2063 2741">
    <p class='ocr_par' dir='ltr' id='par_1_29' title="bbox 401 2668 2063 2741">
     <span class='ocr_line' id='line_1_29' title="bbox 401 2668 2063 2741; baseline 0.001 -18"><span class='ocrx_word' id='word_1_172' title='bbox 401 2682 672 2724; x_wconf 90' lang='lat' dir='ltr'><strong>amorem</strong></span> <span class='ocrx_word' id='word_1_173' title='bbox 706 2668 805 2724; x_wconf 87' lang='lat' dir='ltr'><strong>Dei</strong></span> <span class='ocrx_word' id='word_1_174' title='bbox 849 2672 906 2723; x_wconf 89' lang='lat' dir='ltr'><strong>et</strong></span> <span class='ocrx_word' id='word_1_175' title='bbox 953 2668 1203 2724; x_wconf 80' lang='lat' dir='ltr'><strong>fratrum</strong></span> <span class='ocrx_word' id='word_1_176' title='bbox 1234 2668 1792 2739; x_wconf 87' lang='lat' dir='ltr'><strong>proclamationem,</strong></span> <span class='ocrx_word' id='word_1_177' title='bbox 1826 2668 2063 2741; x_wconf 87' lang='lat' dir='ltr'><strong>pietatis</strong></span> 
     </span>
    </p>
   </div>
   <div class='ocr_carea' id='block_1_30' title="bbox 400 2756 2062 2831">
    <p class='ocr_par' dir='ltr' id='par_1_30' title="bbox 400 2756 2062 2831">
     <span class='ocr_line' id='line_1_30' title="bbox 400 2756 2062 2831; baseline 0.001 -18"><span class='ocrx_word' id='word_1_178' title='bbox 400 2757 616 2824; x_wconf 90' lang='lat' dir='ltr'><strong>studio,</strong></span> <span class='ocrx_word' id='word_1_179' title='bbox 649 2756 946 2828; x_wconf 86' lang='lat' dir='ltr'><strong>gloriosus</strong></span> <span class='ocrx_word' id='word_1_180' title='bbox 978 2760 1173 2814; x_wconf 69' lang='lat' dir='ltr'><strong>Cresar</strong></span> <span class='ocrx_word' id='word_1_181' title='bbox 1213 2757 1465 2816; x_wconf 88' lang='lat' dir='ltr'><strong>libenter</strong></span> <span class='ocrx_word' id='word_1_182' title='bbox 1505 2759 1757 2831; x_wconf 85' lang='lat' dir='ltr'><strong>excepit,</strong></span> <span class='ocrx_word' id='word_1_183' title='bbox 1787 2764 1844 2814; x_wconf 91' lang='lat' dir='ltr'><strong>et</strong></span> <span class='ocrx_word' id='word_1_184' title='bbox 1871 2760 1930 2814; x_wconf 92' lang='lat' dir='ltr'><strong>in</strong></span> <span class='ocrx_word' id='word_1_185' title='bbox 1958 2773 2062 2814; x_wconf 92' lang='lat' dir='ltr'><strong>no-</strong></span> 
     </span>
    </p>
   </div>
   <div class='ocr_carea' id='block_1_31' title="bbox 399 2845 2064 2918">
    <p class='ocr_par' dir='ltr' id='par_1_31' title="bbox 399 2845 2064 2918">
     <span class='ocr_line' id='line_1_31' title="bbox 399 2845 2064 2918; baseline 0 -17"><span class='ocrx_word' id='word_1_186' title='bbox 399 2845 524 2901; x_wconf 90' lang='lat' dir='ltr'><strong>titia</strong></span> <span class='ocrx_word' id='word_1_187' title='bbox 548 2861 794 2901; x_wconf 86' lang='lat' dir='ltr'><strong>suorum</strong></span> <span class='ocrx_word' id='word_1_188' title='bbox 826 2860 1142 2918; x_wconf 88' lang='lat' dir='ltr'><strong>procerum</strong></span> <span class='ocrx_word' id='word_1_189' title='bbox 1173 2845 1414 2914; x_wconf 87' lang='lat' dir='ltr'><strong>detulit;</strong></span> <span class='ocrx_word' id='word_1_190' title='bbox 1446 2848 1623 2903; x_wconf 88' lang='lat' dir='ltr'><strong>nobis</strong></span> <span class='ocrx_word' id='word_1_191' title='bbox 1649 2848 1849 2916; x_wconf 89' lang='lat' dir='ltr'><strong>etiam,</strong></span> <span class='ocrx_word' id='word_1_192' title='bbox 1879 2847 2064 2917; x_wconf 88' lang='lat' dir='ltr'><strong>maje-</strong></span> 
     </span>
    </p>
   </div>
   <div class='ocr_carea' id='block_1_32' title="bbox 400 2933 2063 3008">
    <p class='ocr_par' dir='ltr' id='par_1_32' title="bbox 400 2933 2063 3008">
     <span class='ocr_line' id='line_1_32' title="bbox 400 2933 2063 3008; baseline 0.001 -20"><span class='ocrx_word' id='word_1_193' title='bbox 400 2934 565 2990; x_wconf 90' lang='lat' dir='ltr'><strong>statis</strong></span> <span class='ocrx_word' id='word_1_194' title='bbox 596 2949 720 2989; x_wconf 64' lang='lat' dir='ltr'><strong>sua;</strong></span> <span class='ocrx_word' id='word_1_195' title='bbox 743 2933 1015 3004; x_wconf 87' lang='lat' dir='ltr'><strong>jussione</strong></span> <span class='ocrx_word' id='word_1_196' title='bbox 1042 2935 1331 3006; x_wconf 70' lang='lat' dir='ltr'><strong>praecepit</strong></span> <span class='ocrx_word' id='word_1_197' title='bbox 1353 2934 1429 2990; x_wconf 87' lang='lat' dir='ltr'><strong>ad</strong></span> <span class='ocrx_word' id='word_1_198' title='bbox 1454 2936 1769 3008; x_wconf 70' lang='lat' dir='ltr'><strong>priefatum</strong></span> <span class='ocrx_word' id='word_1_199' title='bbox 1799 2934 2063 2990; x_wconf 88' lang='lat' dir='ltr'><strong>restitue-</strong></span> 
     </span>
    </p>
   </div>
   <div class='ocr_carea' id='block_1_33' title="bbox 397 3021 2062 3095">
    <p class='ocr_par' dir='ltr' id='par_1_33' title="bbox 397 3021 2062 3095">
     <span class='ocr_line' id='line_1_33' title="bbox 397 3021 2062 3095; baseline 0 -18"><span class='ocrx_word' id='word_1_200' title='bbox 397 3037 462 3077; x_wconf 90' lang='lat' dir='ltr'><strong>re</strong></span> <span class='ocrx_word' id='word_1_201' title='bbox 492 3021 858 3089; x_wconf 85' lang='lat' dir='ltr'><strong>ccenobium,</strong></span> <span class='ocrx_word' id='word_1_202' title='bbox 886 3025 943 3075; x_wconf 91' lang='lat' dir='ltr'><strong>et</strong></span> <span class='ocrx_word' id='word_1_203' title='bbox 971 3021 1137 3093; x_wconf 90' lang='lat' dir='ltr'><strong>quod</strong></span> <span class='ocrx_word' id='word_1_204' title='bbox 1164 3027 1334 3094; x_wconf 86' lang='lat' dir='ltr'><strong>pater</strong></span> <span class='ocrx_word' id='word_1_205' title='bbox 1360 3039 1528 3093; x_wconf 87' lang='lat' dir='ltr'><strong>suus,</strong></span> <span class='ocrx_word' id='word_1_206' title='bbox 1555 3022 1867 3095; x_wconf 85' lang='lat' dir='ltr'><strong>quondam</strong></span> <span class='ocrx_word' id='word_1_207' title='bbox 1892 3022 2062 3078; x_wconf 84' lang='lat' dir='ltr'><strong>dom-</strong></span> 
     </span>
    </p>
   </div>
   <div class='ocr_carea' id='block_1_34' title="bbox 399 3109 2060 3183">
    <p class='ocr_par' dir='ltr' id='par_1_34' title="bbox 399 3109 2060 3183">
     <span class='ocr_line' id='line_1_34' title="bbox 399 3109 2060 3183; baseline 0.001 -18"><span class='ocrx_word' id='word_1_208' title='bbox 399 3125 513 3165; x_wconf 88' lang='lat' dir='ltr'><strong>nus</strong></span> <span class='ocrx_word' id='word_1_209' title='bbox 546 3109 880 3165; x_wconf 82' lang='lat' dir='ltr'><strong>Ludovicus</strong></span> <span class='ocrx_word' id='word_1_210' title='bbox 908 3124 1033 3177; x_wconf 85' lang='lat' dir='ltr'><strong>rex,</strong></span> <span class='ocrx_word' id='word_1_211' title='bbox 1058 3110 1136 3165; x_wconf 86' lang='lat' dir='ltr'><strong>ad</strong></span> <span class='ocrx_word' id='word_1_212' title='bbox 1169 3110 1467 3183; x_wconf 88' lang='lat' dir='ltr'><strong>stipendia</strong></span> <span class='ocrx_word' id='word_1_213' title='bbox 1496 3112 1743 3167; x_wconf 86' lang='lat' dir='ltr'><strong>fratrum</strong></span> <span class='ocrx_word' id='word_1_214' title='bbox 1768 3111 1914 3167; x_wconf 88' lang='lat' dir='ltr'><strong>inibi</strong></span> <span class='ocrx_word' id='word_1_215' title='bbox 1945 3115 2060 3167; x_wconf 87' lang='lat' dir='ltr'><strong>Deo</strong></span> 
     </span>
    </p>
   </div>
   <div class='ocr_carea' id='block_1_35' title="bbox 398 3197 2063 3275">
    <p class='ocr_par' dir='ltr' id='par_1_35' title="bbox 398 3197 2063 3275">
     <span class='ocr_line' id='line_1_35' title="bbox 398 3197 2063 3275; baseline 0.002 -21"><span class='ocrx_word' id='word_1_216' title='bbox 398 3197 802 3270; x_wconf 86' lang='lat' dir='ltr'><strong>militantium,</strong></span> <span class='ocrx_word' id='word_1_217' title='bbox 832 3214 944 3271; x_wconf 91' lang='lat' dir='ltr'><strong>pro</strong></span> <span class='ocrx_word' id='word_1_218' title='bbox 968 3199 1235 3256; x_wconf 89' lang='lat' dir='ltr'><strong>remedio</strong></span> <span class='ocrx_word' id='word_1_219' title='bbox 1268 3200 1386 3256; x_wconf 81' lang='lat' dir='ltr'><strong>ani:</strong></span> <span class='ocrx_word' id='word_1_220' title='bbox 1436 3217 1487 3257; x_wconf 69' lang='grc' dir='ltr'>ω</span> <span class='ocrx_word' id='word_1_221' title='bbox 1513 3202 1780 3269; x_wconf 81' lang='lat' dir='ltr'><strong>contulit,</strong></span> <span class='ocrx_word' id='word_1_222' title='bbox 1808 3217 1916 3275; x_wconf 89' lang='lat' dir='ltr'><strong>per</strong></span> <span class='ocrx_word' id='word_1_223' title='bbox 1935 3217 2063 3256; x_wconf 88' lang='lat' dir='ltr'><strong>om-</strong></span> 
     </span>
    </p>
   </div>
   <div class='ocr_carea' id='block_1_36' title="bbox 398 3288 2059 3363">
    <p class='ocr_par' dir='ltr' id='par_1_36' title="bbox 398 3288 2059 3363">
     <span class='ocr_line' id='line_1_36' title="bbox 398 3288 2059 3363; baseline 0.001 -20"><span class='ocrx_word' id='word_1_224' title='bbox 398 3289 499 3344; x_wconf 86' lang='lat' dir='ltr'><strong>nia</strong></span> <span class='ocrx_word' id='word_1_225' title='bbox 528 3288 846 3344; x_wconf 85' lang='lat' dir='ltr'><strong>restaurari</strong></span> <span class='ocrx_word' id='word_1_226' title='bbox 894 3288 1096 3359; x_wconf 88' lang='lat' dir='ltr'><strong>jussit.</strong></span> <span class='ocrx_word' id='word_1_227' title='bbox 1132 3293 1248 3345; x_wconf 79' lang='lat' dir='ltr'><strong>Nos</strong></span> <span class='ocrx_word' id='word_1_228' title='bbox 1295 3290 1495 3357; x_wconf 87' lang='lat' dir='ltr'><strong>etiam,</strong></span> <span class='ocrx_word' id='word_1_229' title='bbox 1523 3292 1697 3360; x_wconf 82' lang='lat' dir='ltr'><strong>juxta</strong></span> <span class='ocrx_word' id='word_1_230' title='bbox 1733 3289 2059 3363; x_wconf 87' lang='lat' dir='ltr'><strong>imperialis</strong></span> 
     </span>
    </p>
   </div>
   <div class='ocr_carea' id='block_1_37' title="bbox 396 3379 2060 3453">
    <p class='ocr_par' dir='ltr' id='par_1_37' title="bbox 396 3379 2060 3453">
     <span class='ocr_line' id='line_1_37' title="bbox 396 3379 2060 3453; baseline 0.001 -19"><span class='ocrx_word' id='word_1_231' title='bbox 396 3379 701 3449; x_wconf 77' lang='lat' dir='ltr'><strong>dignitatis</strong></span> <span class='ocrx_word' id='word_1_232' title='bbox 746 3382 1134 3452; x_wconf 78' lang='lat' dir='ltr'><strong>praeceptum,</strong></span> <span class='ocrx_word' id='word_1_233' title='bbox 1167 3393 1401 3436; x_wconf 86' lang='lat' dir='ltr'><strong>necnon</strong></span> <span class='ocrx_word' id='word_1_234' title='bbox 1446 3386 1502 3436; x_wconf 90' lang='lat' dir='ltr'><strong>et</strong></span> <span class='ocrx_word' id='word_1_235' title='bbox 1533 3382 1845 3453; x_wconf 82' lang='lat' dir='ltr'><strong>antiquum</strong></span> <span class='ocrx_word' id='word_1_236' title='bbox 1876 3380 2060 3453; x_wconf 80' lang='lat' dir='ltr'><strong>patris</strong></span> 
     </span>
    </p>
   </div>
   <div class='ocr_carea' id='block_1_38' title="bbox 398 3467 2060 3542">
    <p class='ocr_par' dir='ltr' id='par_1_38' title="bbox 398 3467 2060 3542">
     <span class='ocr_line' id='line_1_38' title="bbox 398 3467 2060 3542; baseline 0.001 -19"><span class='ocrx_word' id='word_1_237' title='bbox 398 3468 489 3523; x_wconf 87' lang='lat' dir='ltr'><strong>sui</strong></span> <span class='ocrx_word' id='word_1_238' title='bbox 519 3467 750 3524; x_wconf 87' lang='lat' dir='ltr'><strong>domini</strong></span> <span class='ocrx_word' id='word_1_239' title='bbox 782 3467 1062 3523; x_wconf 83' lang='lat' dir='ltr'><strong>Ludovici</strong></span> <span class='ocrx_word' id='word_1_240' title='bbox 1089 3468 1248 3537; x_wconf 90' lang='lat' dir='ltr'><strong>regis</strong></span> <span class='ocrx_word' id='word_1_241' title='bbox 1284 3468 1683 3542; x_wconf 80' lang='lat' dir='ltr'><strong>privilegium,</strong></span> <span class='ocrx_word' id='word_1_242' title='bbox 1711 3469 2060 3525; x_wconf 80' lang='lat' dir='ltr'><strong>auctoritate</strong></span> 
     </span>
    </p>
   </div>
   <div class='ocr_carea' id='block_1_39' title="bbox 395 3556 2060 3629">
    <p class='ocr_par' dir='ltr' id='par_1_39' title="bbox 395 3556 2060 3629">
     <span class='ocr_line' id='line_1_39' title="bbox 395 3556 2060 3629; baseline 0.001 -17"><span class='ocrx_word' id='word_1_243' title='bbox 395 3556 779 3629; x_wconf 79' lang='lat' dir='ltr'><strong>pontiﬁcatus</strong></span> <span class='ocrx_word' id='word_1_244' title='bbox 806 3556 1010 3621; x_wconf 82' lang='lat' dir='ltr'><strong>nostri,</strong></span> <span class='ocrx_word' id='word_1_245' title='bbox 1033 3556 1110 3612; x_wconf 86' lang='lat' dir='ltr'><strong>ad</strong></span> <span class='ocrx_word' id='word_1_246' title='bbox 1127 3557 1442 3629; x_wconf 68' lang='lat' dir='ltr'><strong>pre‘l&#39;atum</strong></span> <span class='ocrx_word' id='word_1_247' title='bbox 1463 3557 1828 3614; x_wconf 88' lang='lat' dir='ltr'><strong>restituimus</strong></span> <span class='ocrx_word' id='word_1_248' title='bbox 1856 3574 2060 3613; x_wconf 68' lang='lat' dir='ltr'><strong>caeno-</strong></span> 
     </span>
    </p>
   </div>
   <div class='ocr_carea' id='block_1_40' title="bbox 394 3644 2057 3715">
    <p class='ocr_par' dir='ltr' id='par_1_40' title="bbox 394 3644 2057 3715">
     <span class='ocr_line' id='line_1_40' title="bbox 394 3644 2057 3715; baseline -0.001 -14"><span class='ocrx_word' id='word_1_249' title='bbox 394 3647 585 3709; x_wconf 86' lang='lat' dir='ltr'><strong>bium,</strong></span> <span class='ocrx_word' id='word_1_250' title='bbox 614 3651 673 3702; x_wconf 91' lang='lat' dir='ltr'><strong>et</strong></span> <span class='ocrx_word' id='word_1_251' title='bbox 698 3644 774 3701; x_wconf 84' lang='lat' dir='ltr'><strong>ad</strong></span> <span class='ocrx_word' id='word_1_252' title='bbox 807 3644 1208 3701; x_wconf 86' lang='lat' dir='ltr'><strong>substantiam</strong></span> <span class='ocrx_word' id='word_1_253' title='bbox 1257 3646 1511 3702; x_wconf 85' lang='lat' dir='ltr'><strong>fratrum</strong></span> <span class='ocrx_word' id='word_1_254' title='bbox 1560 3646 1639 3702; x_wconf 87' lang='lat' dir='ltr'><strong>ibi</strong></span> <span class='ocrx_word' id='word_1_255' title='bbox 1688 3646 2057 3715; x_wconf 87' lang='lat' dir='ltr'><strong>degentium,</strong></span> 
     </span>
    </p>
   </div>
   <div class='ocr_carea' id='block_1_41' title="bbox 394 3734 2061 3808">
    <p class='ocr_par' dir='ltr' id='par_1_41' title="bbox 394 3734 2061 3808">
     <span class='ocr_line' id='line_1_41' title="bbox 394 3734 2061 3808; baseline -0.001 -17"><span class='ocrx_word' id='word_1_256' title='bbox 394 3734 693 3808; x_wconf 87' lang='lat' dir='ltr'><strong>quidquid</strong></span> <span class='ocrx_word' id='word_1_257' title='bbox 722 3740 780 3790; x_wconf 91' lang='lat' dir='ltr'><strong>et</strong></span> <span class='ocrx_word' id='word_1_258' title='bbox 824 3734 903 3790; x_wconf 90' lang='lat' dir='ltr'><strong>ad</strong></span> <span class='ocrx_word' id='word_1_259' title='bbox 946 3738 1220 3790; x_wconf 91' lang='lat' dir='ltr'><strong>nostrum</strong></span> <span class='ocrx_word' id='word_1_260' title='bbox 1271 3735 1772 3791; x_wconf 64' lang='lat' dir='ltr'><strong>indominicatum</strong></span> <span class='ocrx_word' id='word_1_261' title='bbox 1821 3751 1929 3808; x_wconf 89' lang='lat' dir='ltr'><strong>per</strong></span> <span class='ocrx_word' id='word_1_262' title='bbox 1955 3750 2061 3791; x_wconf 86' lang='lat' dir='ltr'><strong>no-</strong></span> 
     </span>
    </p>
   </div>
   <div class='ocr_carea' id='block_1_42' title="bbox 395 3822 2060 3892">
    <p class='ocr_par' dir='ltr' id='par_1_42' title="bbox 395 3822 2060 3892">
     <span class='ocr_line' id='line_1_42' title="bbox 395 3822 2060 3892; baseline 0.001 -13"><span class='ocrx_word' id='word_1_263' title='bbox 395 3829 548 3879; x_wconf 89' lang='lat' dir='ltr'><strong>stros</strong></span> <span class='ocrx_word' id='word_1_264' title='bbox 578 3840 683 3879; x_wconf 90' lang='lat' dir='ltr'><strong>seu</strong></span> <span class='ocrx_word' id='word_1_265' title='bbox 713 3823 922 3878; x_wconf 68' lang='lat' dir='ltr'><strong>ﬁdeles</strong></span> <span class='ocrx_word' id='word_1_266' title='bbox 961 3822 1153 3879; x_wconf 85' lang='lat' dir='ltr'><strong>fuerat</strong></span> <span class='ocrx_word' id='word_1_267' title='bbox 1195 3822 1620 3892; x_wconf 81' lang='lat' dir='ltr'><strong>distributum;</strong></span> <span class='ocrx_word' id='word_1_268' title='bbox 1664 3824 1937 3880; x_wconf 82' lang='lat' dir='ltr'><strong>videlicet</strong></span> <span class='ocrx_word' id='word_1_269' title='bbox 1967 3840 2060 3881; x_wconf 82' lang='lat' dir='ltr'><strong>ec-</strong></span> 
     </span>
    </p>
   </div>
   <div class='ocr_carea' id='block_1_43' title="bbox 395 3911 2058 3969">
    <p class='ocr_par' dir='ltr' id='par_1_43' title="bbox 395 3911 2058 3969">
     <span class='ocr_line' id='line_1_43' title="bbox 395 3911 2058 3969; baseline -0.001 -1"><span class='ocrx_word' id='word_1_270' title='bbox 395 3911 638 3969; x_wconf 87' lang='lat' dir='ltr'><strong>clesiam</strong></span> <span class='ocrx_word' id='word_1_271' title='bbox 664 3912 721 3966; x_wconf 91' lang='lat' dir='ltr'><strong>in</strong></span> <span class='ocrx_word' id='word_1_272' title='bbox 754 3912 981 3967; x_wconf 85' lang='lat' dir='ltr'><strong>honore</strong></span> <span class='ocrx_word' id='word_1_273' title='bbox 1014 3911 1203 3966; x_wconf 87' lang='lat' dir='ltr'><strong>sancti</strong></span> <span class='ocrx_word' id='word_1_274' title='bbox 1231 3912 1456 3967; x_wconf 80' lang='lat' dir='ltr'><strong>Martini</strong></span> <span class='ocrx_word' id='word_1_275' title='bbox 1483 3911 1543 3967; x_wconf 92' lang='lat' dir='ltr'><strong>in</strong></span> <span class='ocrx_word' id='word_1_276' title='bbox 1569 3911 1708 3967; x_wconf 88' lang='lat' dir='ltr'><strong>villa</strong></span> <span class='ocrx_word' id='word_1_277' title='bbox 1730 3912 2058 3968; x_wconf 81' lang='lat' dir='ltr'><strong>Rumiliaco</strong></span> 
     </span>
    </p>
   </div>
   <div class='ocr_carea' id='block_1_44' title="bbox 396 3999 2055 4072">
    <p class='ocr_par' dir='ltr' id='par_1_44' title="bbox 396 3999 2055 4072">
     <span class='ocr_line' id='line_1_44' title="bbox 396 3999 2055 4072; baseline -0.001 -16"><span class='ocrx_word' id='word_1_278' title='bbox 396 4002 592 4069; x_wconf 87' lang='lat' dir='ltr'><strong>sitam,</strong></span> <span class='ocrx_word' id='word_1_279' title='bbox 625 4016 768 4055; x_wconf 91' lang='lat' dir='ltr'><strong>cum</strong></span> <span class='ocrx_word' id='word_1_280' title='bbox 814 3999 1097 4054; x_wconf 87' lang='lat' dir='ltr'><strong>omnibus</strong></span> <span class='ocrx_word' id='word_1_281' title='bbox 1156 3999 1282 4054; x_wconf 88' lang='lat' dir='ltr'><strong>suis</strong></span> <span class='ocrx_word' id='word_1_282' title='bbox 1331 3999 1723 4072; x_wconf 86' lang='lat' dir='ltr'><strong>appendiciis,</strong></span> <span class='ocrx_word' id='word_1_283' title='bbox 1757 4004 1815 4055; x_wconf 92' lang='lat' dir='ltr'><strong>et</strong></span> <span class='ocrx_word' id='word_1_284' title='bbox 1852 4000 2055 4055; x_wconf 89' lang='lat' dir='ltr'><strong>villam</strong></span> 
     </span>
    </p>
   </div>
   <div class='ocr_carea' id='block_1_45' title="bbox 395 4087 2058 4160">
    <p class='ocr_par' dir='ltr' id='par_1_45' title="bbox 395 4087 2058 4160">
     <span class='ocr_line' id='line_1_45' title="bbox 395 4087 2058 4160; baseline -0.002 -12"><span class='ocrx_word' id='word_1_285' title='bbox 395 4090 573 4147; x_wconf 79' lang='lat' dir='ltr'><strong>Navis</strong></span> <span class='ocrx_word' id='word_1_286' title='bbox 602 4088 681 4143; x_wconf 89' lang='lat' dir='ltr'><strong>ad</strong></span> <span class='ocrx_word' id='word_1_287' title='bbox 714 4088 1103 4153; x_wconf 86' lang='lat' dir='ltr'><strong>Winuticum,</strong></span> <span class='ocrx_word' id='word_1_288' title='bbox 1140 4087 1293 4144; x_wconf 89' lang='lat' dir='ltr'><strong>sicut</strong></span> <span class='ocrx_word' id='word_1_289' title='bbox 1316 4088 1379 4144; x_wconf 93' lang='lat' dir='ltr'><strong>in</strong></span> <span class='ocrx_word' id='word_1_290' title='bbox 1408 4093 1710 4160; x_wconf 70' lang='lat' dir='ltr'><strong>preacepto</strong></span> <span class='ocrx_word' id='word_1_291' title='bbox 1735 4088 1900 4156; x_wconf 87' lang='lat' dir='ltr'><strong>regio</strong></span> <span class='ocrx_word' id='word_1_292' title='bbox 1920 4104 2058 4144; x_wconf 83' lang='lat' dir='ltr'><strong>con-</strong></span> 
     </span>
    </p>
   </div>
   <div class='ocr_carea' id='block_1_46' title="bbox 397 4176 2058 4246">
    <p class='ocr_par' dir='ltr' id='par_1_46' title="bbox 397 4176 2058 4246">
     <span class='ocr_line' id='line_1_46' title="bbox 397 4176 2058 4246; baseline -0.001 -11"><span class='ocrx_word' id='word_1_293' title='bbox 397 4181 632 4243; x_wconf 83' lang='lat' dir='ltr'><strong>tinetur,</strong></span> <span class='ocrx_word' id='word_1_294' title='bbox 666 4194 805 4233; x_wconf 89' lang='lat' dir='ltr'><strong>cum</strong></span> <span class='ocrx_word' id='word_1_295' title='bbox 852 4176 1251 4232; x_wconf 89' lang='lat' dir='ltr'><strong>decimatione</strong></span> <span class='ocrx_word' id='word_1_296' title='bbox 1302 4183 1361 4234; x_wconf 91' lang='lat' dir='ltr'><strong>et</strong></span> <span class='ocrx_word' id='word_1_297' title='bbox 1387 4177 1720 4246; x_wconf 73' lang='lat' dir='ltr'><strong>integritate</strong></span> <span class='ocrx_word' id='word_1_298' title='bbox 1751 4177 1926 4233; x_wconf 79' lang='lat' dir='ltr'><strong>totius</strong></span> <span class='ocrx_word' id='word_1_299' title='bbox 1956 4177 2058 4233; x_wconf 65' lang='grc' dir='ltr'><strong>ιὼς</strong></span> 
     </span>
    </p>
   </div>
   <div class='ocr_carea' id='block_1_47' title="bbox 395 4265 2052 4340">
    <p class='ocr_par' dir='ltr' id='par_1_47' title="bbox 395 4265 2052 4340">
     <span class='ocr_line' id='line_1_47' title="bbox 395 4265 2052 4340; baseline -0.001 -15"><span class='ocrx_word' id='word_1_300' title='bbox 395 4269 591 4325; x_wconf 67' lang='lat' dir='ltr'><strong>batiaa.</strong></span> <span class='ocrx_word' id='word_1_301' title='bbox 626 4266 776 4332; x_wconf 82' lang='lat' dir='ltr'><strong>Quia</strong></span> <span class='ocrx_word' id='word_1_302' title='bbox 826 4281 969 4335; x_wconf 82' lang='lat' dir='ltr'><strong>ergo</strong></span> <span class='ocrx_word' id='word_1_303' title='bbox 1016 4270 1070 4321; x_wconf 89' lang='lat' dir='ltr'><strong>et</strong></span> <span class='ocrx_word' id='word_1_304' title='bbox 1114 4265 1290 4335; x_wconf 76' lang='lat' dir='ltr'><strong>regiae</strong></span> <span class='ocrx_word' id='word_1_305' title='bbox 1340 4266 1647 4339; x_wconf 82' lang='lat' dir='ltr'><strong>potestatis</strong></span> <span class='ocrx_word' id='word_1_306' title='bbox 1687 4272 2052 4340; x_wconf 55' lang='lat' dir='ltr'><strong>praeceptum</strong></span> 
     </span>
    </p>
   </div>
   <div class='ocr_carea' id='block_1_48' title="bbox 396 4352 2054 4429">
    <p class='ocr_par' dir='ltr' id='par_1_48' title="bbox 396 4352 2054 4429">
     <span class='ocr_line' id='line_1_48' title="bbox 396 4352 2054 4429; baseline 0 -17"><span class='ocrx_word' id='word_1_307' title='bbox 396 4372 582 4429; x_wconf 89' lang='lat' dir='ltr'><strong>penes</strong></span> <span class='ocrx_word' id='word_1_308' title='bbox 620 4370 683 4410; x_wconf 86' lang='lat' dir='ltr'><strong>se</strong></span> <span class='ocrx_word' id='word_1_309' title='bbox 729 4354 952 4410; x_wconf 86' lang='lat' dir='ltr'><strong>habere</strong></span> <span class='ocrx_word' id='word_1_310' title='bbox 1000 4359 1353 4422; x_wconf 88' lang='lat' dir='ltr'><strong>noscuntur,</strong></span> <span class='ocrx_word' id='word_1_311' title='bbox 1385 4352 1626 4411; x_wconf 85' lang='lat' dir='ltr'><strong>salubre</strong></span> <span class='ocrx_word' id='word_1_312' title='bbox 1656 4354 1829 4411; x_wconf 89' lang='lat' dir='ltr'><strong>nobis</strong></span> <span class='ocrx_word' id='word_1_313' title='bbox 1856 4355 2054 4412; x_wconf 82' lang='lat' dir='ltr'><strong>visum</strong></span> 
     </span>
    </p>
   </div>
   <div class='ocr_carea' id='block_1_49' title="bbox 395 4434 2055 4511">
    <p class='ocr_par' dir='ltr' id='par_1_49' title="bbox 395 4434 2055 4511">
     <span class='ocr_line' id='line_1_49' title="bbox 395 4434 2055 4511; baseline -0.002 -8"><span class='ocrx_word' id='word_1_314' title='bbox 395 4452 501 4511; x_wconf 85' lang='lat' dir='ltr'><strong>est,</strong></span> <span class='ocrx_word' id='word_1_315' title='bbox 534 4434 755 4501; x_wconf 62' lang='lat' dir='ltr'><strong>nostris</strong></span> <span class='ocrx_word' id='word_1_316' title='bbox 784 4444 963 4500; x_wconf 87' lang='lat' dir='ltr'><strong>etiam</strong></span> <span class='ocrx_word' id='word_1_317' title='bbox 1014 4442 1380 4500; x_wconf 88' lang='lat' dir='ltr'><strong>auctoritatis</strong></span> <span class='ocrx_word' id='word_1_318' title='bbox 1432 4447 1491 4499; x_wconf 89' lang='lat' dir='ltr'><strong>ut</strong></span> <span class='ocrx_word' id='word_1_319' title='bbox 1544 4443 1807 4500; x_wconf 85' lang='lat' dir='ltr'><strong>habeant</strong></span> <span class='ocrx_word' id='word_1_320' title='bbox 1857 4460 2055 4500; x_wconf 82' lang='lat' dir='ltr'><strong>exem-</strong></span> 
     </span>
    </p>
   </div>
   <div class='ocr_carea' id='block_1_50' title="bbox 396 4529 2055 4606">
    <p class='ocr_par' dir='ltr' id='par_1_50' title="bbox 396 4529 2055 4606">
     <span class='ocr_line' id='line_1_50' title="bbox 396 4529 2055 4606; baseline -0.002 -17"><span class='ocrx_word' id='word_1_321' title='bbox 396 4533 548 4606; x_wconf 90' lang='lat' dir='ltr'><strong>plar.</strong></span> <span class='ocrx_word' id='word_1_322' title='bbox 578 4533 839 4605; x_wconf 89' lang='lat' dir='ltr'><strong>Ideoque</strong></span> <span class='ocrx_word' id='word_1_323' title='bbox 860 4533 1215 4604; x_wconf 76' lang='lat' dir='ltr'><strong>praesentem</strong></span> <span class='ocrx_word' id='word_1_324' title='bbox 1246 4529 1585 4593; x_wconf 78' lang='lat' dir='ltr'><strong>testamenti</strong></span> <span class='ocrx_word' id='word_1_325' title='bbox 1604 4531 1891 4603; x_wconf 81' lang='lat' dir='ltr'><strong>paginam</strong></span> <span class='ocrx_word' id='word_1_326' title='bbox 1913 4531 2055 4586; x_wconf 83' lang='lat' dir='ltr'><strong>scri-</strong></span> 
     </span>
    </p>
   </div>
   <div class='ocr_carea' id='block_1_51' title="bbox 394 4618 2056 4693">
    <p class='ocr_par' dir='ltr' id='par_1_51' title="bbox 394 4618 2056 4693">
     <span class='ocr_line' id='line_1_51' title="bbox 394 4618 2056 4693; baseline -0.001 -15"><span class='ocrx_word' id='word_1_327' title='bbox 394 4623 453 4678; x_wconf 92' lang='lat' dir='ltr'><strong>bi</strong></span> <span class='ocrx_word' id='word_1_328' title='bbox 474 4621 789 4693; x_wconf 88' lang='lat' dir='ltr'><strong>jussimus,</strong></span> <span class='ocrx_word' id='word_1_329' title='bbox 817 4626 871 4678; x_wconf 91' lang='lat' dir='ltr'><strong>et</strong></span> <span class='ocrx_word' id='word_1_330' title='bbox 896 4636 1082 4676; x_wconf 88' lang='lat' dir='ltr'><strong>manu</strong></span> <span class='ocrx_word' id='word_1_331' title='bbox 1113 4619 1356 4692; x_wconf 86' lang='lat' dir='ltr'><strong>propria</strong></span> <span class='ocrx_word' id='word_1_332' title='bbox 1387 4618 1971 4676; x_wconf 81' lang='lat' dir='ltr'><strong>subtertirmavimus</strong></span> <span class='ocrx_word' id='word_1_333' title='bbox 1999 4625 2056 4677; x_wconf 90' lang='lat' dir='ltr'><strong>et</strong></span> 
     </span>
    </p>
   </div>
   <div class='ocr_carea' id='block_1_52' title="bbox 393 4707 2054 4767">
    <p class='ocr_par' dir='ltr' id='par_1_52' title="bbox 393 4707 2054 4767">
     <span class='ocr_line' id='line_1_52' title="bbox 393 4707 2054 4767; baseline -0.002 0"><span class='ocrx_word' id='word_1_334' title='bbox 393 4710 675 4767; x_wconf 87' lang='lat' dir='ltr'><strong>manibus</strong></span> <span class='ocrx_word' id='word_1_335' title='bbox 719 4709 1151 4766; x_wconf 88' lang='lat' dir='ltr'><strong>canonicorum</strong></span> <span class='ocrx_word' id='word_1_336' title='bbox 1208 4707 1385 4764; x_wconf 88' lang='lat' dir='ltr'><strong>simul</strong></span> <span class='ocrx_word' id='word_1_337' title='bbox 1429 4712 1487 4763; x_wconf 89' lang='lat' dir='ltr'><strong>et</strong></span> <span class='ocrx_word' id='word_1_338' title='bbox 1534 4707 1825 4764; x_wconf 88' lang='lat' dir='ltr'><strong>nobilium</strong></span> <span class='ocrx_word' id='word_1_339' title='bbox 1872 4707 2054 4764; x_wconf 88' lang='lat' dir='ltr'><strong>laico-</strong></span> 
     </span>
    </p>
   </div>
   <div class='ocr_carea' id='block_1_53' title="bbox 390 4796 2054 4856">
    <p class='ocr_par' dir='ltr' id='par_1_53' title="bbox 390 4796 2054 4856">
     <span class='ocr_line' id='line_1_53' title="bbox 390 4796 2054 4856; baseline -0.002 0"><span class='ocrx_word' id='word_1_340' title='bbox 390 4817 524 4856; x_wconf 88' lang='lat' dir='ltr'><strong>rum</strong></span> <span class='ocrx_word' id='word_1_341' title='bbox 576 4800 846 4856; x_wconf 89' lang='lat' dir='ltr'><strong>roborari</strong></span> <span class='ocrx_word' id='word_1_342' title='bbox 892 4799 1160 4853; x_wconf 83' lang='lat' dir='ltr'><strong>fecimus.</strong></span> <span class='ocrx_word' id='word_1_343' title='bbox 1197 4801 1258 4854; x_wconf 76' lang='grc' dir='ltr'>Β.</span> <span class='ocrx_word' id='word_1_344' title='bbox 1294 4799 1563 4854; x_wconf 81' lang='lat' dir='ltr'><strong>Metensis</strong></span> <span class='ocrx_word' id='word_1_345' title='bbox 1598 4797 1870 4853; x_wconf 70' lang='lat' dir='ltr'><strong>Ecclesiaa</strong></span> <span class='ocrx_word' id='word_1_346' title='bbox 1900 4796 2054 4853; x_wconf 88' lang='lat' dir='ltr'><strong>indi-</strong></span> 
     </span>
    </p>
   </div>
   <div class='ocr_carea' id='block_1_54' title="bbox 391 4886 2054 4963">
    <p class='ocr_par' dir='ltr' id='par_1_54' title="bbox 391 4886 2054 4963">
     <span class='ocr_line' id='line_1_54' title="bbox 391 4886 2054 4963; baseline -0.002 -18"><span class='ocrx_word' id='word_1_347' title='bbox 391 4907 546 4961; x_wconf 88' lang='lat' dir='ltr'><strong>gnus</strong></span> <span class='ocrx_word' id='word_1_348' title='bbox 592 4890 914 4963; x_wconf 87' lang='lat' dir='ltr'><strong>episcopus</strong></span> <span class='ocrx_word' id='word_1_349' title='bbox 955 4886 1324 4959; x_wconf 87' lang='lat' dir='ltr'><strong>subscripsit.</strong></span> <span class='ocrx_word' id='word_1_350' title='bbox 1374 4887 1737 4944; x_wconf 82' lang='lat' dir='ltr'><strong>Gunthertus</strong></span> <span class='ocrx_word' id='word_1_351' title='bbox 1782 4886 2054 4959; x_wconf 91' lang='lat' dir='ltr'><strong>primice-</strong></span> 
     </span>
    </p>
   </div>
   <div class='ocr_carea' id='block_1_55' title="bbox 389 4976 2052 5036">
    <p class='ocr_par' dir='ltr' id='par_1_55' title="bbox 389 4976 2052 5036">
     <span class='ocr_line' id='line_1_55' title="bbox 389 4976 2052 5036; baseline -0.002 -1"><span class='ocrx_word' id='word_1_352' title='bbox 389 4981 512 5036; x_wconf 86' lang='lat' dir='ltr'><strong>rius</strong></span> <span class='ocrx_word' id='word_1_353' title='bbox 530 4985 587 5036; x_wconf 91' lang='lat' dir='ltr'><strong>et</strong></span> <span class='ocrx_word' id='word_1_354' title='bbox 612 4980 1094 5036; x_wconf 84' lang='lat' dir='ltr'><strong>archidiaconus.</strong></span> <span class='ocrx_word' id='word_1_355' title='bbox 1113 4976 1455 5034; x_wconf 84' lang='lat' dir='ltr'><strong>Adalinuda</strong></span> <span class='ocrx_word' id='word_1_356' title='bbox 1480 4977 1642 5034; x_wconf 88' lang='lat' dir='ltr'><strong>abba</strong></span> <span class='ocrx_word' id='word_1_357' title='bbox 1668 4983 1725 5033; x_wconf 91' lang='lat' dir='ltr'><strong>et</strong></span> <span class='ocrx_word' id='word_1_358' title='bbox 1753 4976 2052 5033; x_wconf 89' lang='lat' dir='ltr'><strong>archidia-</strong></span> 
     </span>
    </p>
   </div>
   <div class='ocr_carea' id='block_1_56' title="bbox 389 5065 2051 5137">
    <p class='ocr_par' dir='ltr' id='par_1_56' title="bbox 389 5065 2051 5137">
     <span class='ocr_line' id='line_1_56' title="bbox 389 5065 2051 5137; baseline -0.002 -14"><span class='ocrx_word' id='word_1_359' title='bbox 389 5084 596 5123; x_wconf 88' lang='lat' dir='ltr'><strong>conus.</strong></span> <span class='ocrx_word' id='word_1_360' title='bbox 632 5067 1009 5137; x_wconf 83' lang='lat' dir='ltr'><strong>Herigaudus</strong></span> <span class='ocrx_word' id='word_1_361' title='bbox 1049 5066 1229 5123; x_wconf 89' lang='lat' dir='ltr'><strong>abba.</strong></span> <span class='ocrx_word' id='word_1_362' title='bbox 1272 5065 1673 5122; x_wconf 84' lang='lat' dir='ltr'><strong>Heininardus</strong></span> <span class='ocrx_word' id='word_1_363' title='bbox 1724 5065 1905 5121; x_wconf 88' lang='lat' dir='ltr'><strong>abba.</strong></span> <span class='ocrx_word' id='word_1_364' title='bbox 1941 5068 2051 5120; x_wconf 83' lang='lat' dir='ltr'><strong>Cu-</strong></span> 
     </span>
    </p>
   </div>
   <div class='ocr_carea' id='block_1_57' title="bbox 388 5153 2050 5228">
    <p class='ocr_par' dir='ltr' id='par_1_57' title="bbox 388 5153 2050 5228">
     <span class='ocr_line' id='line_1_57' title="bbox 388 5153 2050 5228; baseline -0.002 -15"><span class='ocrx_word' id='word_1_365' title='bbox 388 5156 661 5213; x_wconf 82' lang='lat' dir='ltr'><strong>dofridus</strong></span> <span class='ocrx_word' id='word_1_366' title='bbox 715 5156 894 5212; x_wconf 89' lang='lat' dir='ltr'><strong>abba.</strong></span> <span class='ocrx_word' id='word_1_367' title='bbox 953 5156 1289 5214; x_wconf 74' lang='lat' dir='ltr'><strong>Meinardus</strong></span> <span class='ocrx_word' id='word_1_368' title='bbox 1340 5154 1670 5228; x_wconf 81' lang='lat' dir='ltr'><strong>presbyter.</strong></span> <span class='ocrx_word' id='word_1_369' title='bbox 1721 5153 2050 5211; x_wconf 81' lang='lat' dir='ltr'><strong>Gundelaio</strong></span> 
     </span>
    </p>
   </div>
   <div class='ocr_carea' id='block_1_58' title="bbox 388 5242 2050 5318">
    <p class='ocr_par' dir='ltr' id='par_1_58' title="bbox 388 5242 2050 5318">
     <span class='ocr_line' id='line_1_58' title="bbox 388 5242 2050 5318; baseline -0.002 -18"><span class='ocrx_word' id='word_1_370' title='bbox 388 5244 718 5318; x_wconf 74' lang='lat' dir='ltr'><strong>presbyter.</strong></span> <span class='ocrx_word' id='word_1_371' title='bbox 762 5248 1174 5300; x_wconf 58' lang='lat' dir='ltr'><strong>(laremannus</strong></span> <span class='ocrx_word' id='word_1_372' title='bbox 1228 5244 1559 5316; x_wconf 83' lang='lat' dir='ltr'><strong>presbyter.</strong></span> <span class='ocrx_word' id='word_1_373' title='bbox 1610 5242 1878 5298; x_wconf 88' lang='lat' dir='ltr'><strong>Otcarius</strong></span> <span class='ocrx_word' id='word_1_374' title='bbox 1919 5258 2050 5314; x_wconf 49' lang='lat' dir='ltr'><strong>pre.</strong></span> 
     </span>
    </p>
   </div>
   <div class='ocr_carea' id='block_1_59' title="bbox 388 5331 2044 5406">
    <p class='ocr_par' dir='ltr' id='par_1_59' title="bbox 388 5331 2044 5406">
     <span class='ocr_line' id='line_1_59' title="bbox 388 5331 2044 5406; baseline -0.002 -17"><span class='ocrx_word' id='word_1_375' title='bbox 388 5336 607 5406; x_wconf 84' lang='lat' dir='ltr'><strong>sbyter.</strong></span> <span class='ocrx_word' id='word_1_376' title='bbox 682 5335 1038 5389; x_wconf 76' lang='lat' dir='ltr'><strong>Hatramnus</strong></span> <span class='ocrx_word' id='word_1_377' title='bbox 1112 5333 1440 5406; x_wconf 81' lang='lat' dir='ltr'><strong>presbyter.</strong></span> <span class='ocrx_word' id='word_1_378' title='bbox 1492 5331 1844 5403; x_wconf 83' lang='lat' dir='ltr'><strong>Verdinajus</strong></span> <span class='ocrx_word' id='word_1_379' title='bbox 1914 5347 2044 5404; x_wconf 88' lang='lat' dir='ltr'><strong>pre-</strong></span> 
     </span>
    </p>
   </div>
   <div class='ocr_carea' id='block_1_60' title="bbox 389 5418 2045 5495">
    <p class='ocr_par' dir='ltr' id='par_1_60' title="bbox 389 5418 2045 5495">
     <span class='ocr_line' id='line_1_60' title="bbox 389 5418 2045 5495; baseline -0.002 -17"><span class='ocrx_word' id='word_1_380' title='bbox 389 5424 612 5495; x_wconf 85' lang='lat' dir='ltr'><strong>sbyter.</strong></span> <span class='ocrx_word' id='word_1_381' title='bbox 700 5423 965 5476; x_wconf 86' lang='lat' dir='ltr'><strong>Donatus</strong></span> <span class='ocrx_word' id='word_1_382' title='bbox 1045 5421 1379 5492; x_wconf 73' lang='lat' dir='ltr'><strong>presbyter.</strong></span> <span class='ocrx_word' id='word_1_383' title='bbox 1457 5418 1778 5490; x_wconf 86' lang='lat' dir='ltr'><strong>Baldingus</strong></span> <span class='ocrx_word' id='word_1_384' title='bbox 1846 5419 2045 5475; x_wconf 87' lang='lat' dir='ltr'><strong>diaco-</strong></span> 
     </span>
    </p>
   </div>
   <div class='ocr_carea' id='block_1_61' title="bbox 385 5505 2042 5578">
    <p class='ocr_par' dir='ltr' id='par_1_61' title="bbox 385 5505 2042 5578">
     <span class='ocr_line' id='line_1_61' title="bbox 385 5505 2042 5578; baseline -0.002 -11"><span class='ocrx_word' id='word_1_385' title='bbox 385 5528 521 5569; x_wconf 87' lang='lat' dir='ltr'><strong>nus.</strong></span> <span class='ocrx_word' id='word_1_386' title='bbox 586 5508 936 5578; x_wconf 77' lang='lat' dir='ltr'><strong>Adelgarius</strong></span> <span class='ocrx_word' id='word_1_387' title='bbox 1007 5507 1317 5563; x_wconf 87' lang='lat' dir='ltr'><strong>diaconus.</strong></span> <span class='ocrx_word' id='word_1_388' title='bbox 1384 5505 1651 5563; x_wconf 84' lang='lat' dir='ltr'><strong>Andreas</strong></span> <span class='ocrx_word' id='word_1_389' title='bbox 1726 5507 2042 5564; x_wconf 87' lang='lat' dir='ltr'><strong>diaconus.</strong></span> 
     </span>
    </p>
   </div>
   <div class='ocr_carea' id='block_1_62' title="bbox 386 5596 2043 5675">
    <p class='ocr_par' dir='ltr' id='par_1_62' title="bbox 386 5596 2043 5675">
     <span class='ocr_line' id='line_1_62' title="bbox 386 5596 2043 5675; baseline 0 -17"><span class='ocrx_word' id='word_1_390' title='bbox 386 5602 688 5675; x_wconf 79' lang='lat' dir='ltr'><strong>Remigius</strong></span> <span class='ocrx_word' id='word_1_391' title='bbox 711 5600 1027 5657; x_wconf 85' lang='lat' dir='ltr'><strong>diaconus.</strong></span> <span class='ocrx_word' id='word_1_392' title='bbox 1054 5597 1382 5657; x_wconf 82' lang='lat' dir='ltr'><strong>Rotlandus</strong></span> <span class='ocrx_word' id='word_1_393' title='bbox 1402 5596 1715 5657; x_wconf 88' lang='lat' dir='ltr'><strong>diaconus.</strong></span> <span class='ocrx_word' id='word_1_394' title='bbox 1739 5598 2043 5659; x_wconf 83' lang='lat' dir='ltr'><strong>Ermenal-</strong></span> 
     </span>
    </p>
   </div>
   <div class='ocr_carea' id='block_1_63' title="bbox 2170 348 3770 426">
    <p class='ocr_par' dir='ltr' id='par_1_63' title="bbox 2170 348 3770 426">
     <span class='ocr_line' id='line_1_63' title="bbox 2170 348 3770 426; baseline 0.009 -20"><span class='ocrx_word' id='word_1_395' title='bbox 2170 350 2483 407; x_wconf 88' lang='lat' dir='ltr'><strong>diaconus.</strong></span> <span class='ocrx_word' id='word_1_396' title='bbox 2519 351 2691 422; x_wconf 87' lang='lat' dir='ltr'><strong>Hugo</strong></span> <span class='ocrx_word' id='word_1_397' title='bbox 2719 348 3150 407; x_wconf 86' lang='lat' dir='ltr'><strong>subdiaconus.</strong></span> <span class='ocrx_word' id='word_1_398' title='bbox 3175 348 3485 408; x_wconf 85' lang='lat' dir='ltr'><strong>Tetboldus</strong></span> <span class='ocrx_word' id='word_1_399' title='bbox 3505 359 3770 426; x_wconf 84' lang='lat' dir='ltr'><strong>subdiaco.</strong></span> 
     </span>
    </p>
   </div>
   <div class='ocr_carea' id='block_1_64' title="bbox 2171 438 3767 517">
    <p class='ocr_par' dir='ltr' id='par_1_64' title="bbox 2171 438 3767 517">
     <span class='ocr_line' id='line_1_64' title="bbox 2171 438 3767 517; baseline 0.008 -22"><span class='ocrx_word' id='word_1_400' title='bbox 2171 455 2303 495; x_wconf 92' lang='lat' dir='ltr'><strong>nus.</strong></span> <span class='ocrx_word' id='word_1_401' title='bbox 2326 441 2643 497; x_wconf 86' lang='lat' dir='ltr'><strong>Framarus</strong></span> <span class='ocrx_word' id='word_1_402' title='bbox 2662 438 3092 496; x_wconf 88' lang='lat' dir='ltr'><strong>subdiaconus.</strong></span> <span class='ocrx_word' id='word_1_403' title='bbox 3106 439 3310 496; x_wconf 88' lang='lat' dir='ltr'><strong>&#39;l‘edric</strong></span> <span class='ocrx_word' id='word_1_404' title='bbox 3318 456 3382 495; x_wconf 90' lang='lat' dir='ltr'><strong>us</strong></span> <span class='ocrx_word' id='word_1_405' title='bbox 3395 443 3767 517; x_wconf 73' lang='lat' dir='ltr'><strong>subdiaconus,</strong></span> 
     </span>
    </p>
   </div>
   <div class='ocr_carea' id='block_1_65' title="bbox 2172 526 3772 603">
    <p class='ocr_par' dir='ltr' id='par_1_65' title="bbox 2172 526 3772 603">
     <span class='ocr_line' id='line_1_65' title="bbox 2172 526 3772 603; baseline 0.003 -19"><span class='ocrx_word' id='word_1_406' title='bbox 2172 527 2374 585; x_wconf 85' lang='lat' dir='ltr'><strong>[binus</strong></span> <span class='ocrx_word' id='word_1_407' title='bbox 2401 526 2830 587; x_wconf 87' lang='lat' dir='ltr'><strong>subdiaconus.</strong></span> <span class='ocrx_word' id='word_1_408' title='bbox 2864 528 3194 585; x_wconf 79' lang='lat' dir='ltr'><strong>Gerboldus</strong></span> <span class='ocrx_word' id='word_1_409' title='bbox 3214 527 3627 595; x_wconf 84' lang='lat' dir='ltr'><strong>subdiaconus.</strong></span> <span class='ocrx_word' id='word_1_410' title='bbox 3651 543 3772 603; x_wconf 89' lang='lat' dir='ltr'><strong>Oda.</strong></span> 
     </span>
    </p>
   </div>
   <div class='ocr_carea' id='block_1_66' title="bbox 2170 616 3769 690">
    <p class='ocr_par' dir='ltr' id='par_1_66' title="bbox 2170 616 3769 690">
     <span class='ocr_line' id='line_1_66' title="bbox 2170 616 3769 690; baseline 0.011 -18"><span class='ocrx_word' id='word_1_411' title='bbox 2170 618 2329 673; x_wconf 87' lang='lat' dir='ltr'><strong>cher.</strong></span> <span class='ocrx_word' id='word_1_412' title='bbox 2354 618 2692 689; x_wconf 90' lang='lat' dir='ltr'><strong>Hunargus,</strong></span> <span class='ocrx_word' id='word_1_413' title='bbox 2708 617 3044 684; x_wconf 85' lang='lat' dir='ltr'><strong>Winardus,</strong></span> <span class='ocrx_word' id='word_1_414' title='bbox 3070 616 3504 686; x_wconf 81' lang='lat' dir='ltr'><strong>Regimboldus.</strong></span> <span class='ocrx_word' id='word_1_415' title='bbox 3525 624 3769 690; x_wconf 79' lang='lat' dir='ltr'><strong>Albricus.</strong></span> 
     </span>
    </p>
   </div>
   <div class='ocr_carea' id='block_1_67' title="bbox 2169 706 3768 779">
    <p class='ocr_par' dir='ltr' id='par_1_67' title="bbox 2169 706 3768 779">
     <span class='ocr_line' id='line_1_67' title="bbox 2169 706 3768 779; baseline 0.015 -24"><span class='ocrx_word' id='word_1_416' title='bbox 2169 706 2600 775; x_wconf 77' lang='lat' dir='ltr'><strong>Magimfridus.</strong></span> <span class='ocrx_word' id='word_1_417' title='bbox 2638 706 2933 763; x_wconf 78' lang='lat' dir='ltr'><strong>Liederus.</strong></span> <span class='ocrx_word' id='word_1_418' title='bbox 2966 706 3212 771; x_wconf 88' lang='lat' dir='ltr'><strong>Queldo.</strong></span> <span class='ocrx_word' id='word_1_419' title='bbox 3248 706 3540 766; x_wconf 82' lang='lat' dir='ltr'><strong>Acdrieus.</strong></span> <span class='ocrx_word' id='word_1_420' title='bbox 3576 717 3768 779; x_wconf 69' lang='lat' dir='ltr'><strong>Manno.</strong></span> 
     </span>
    </p>
   </div>
   <div class='ocr_carea' id='block_1_68' title="bbox 2169 794 3773 865">
    <p class='ocr_par' dir='ltr' id='par_1_68' title="bbox 2169 794 3773 865">
     <span class='ocr_line' id='line_1_68' title="bbox 2169 794 3773 865; baseline 0.001 -14"><span class='ocrx_word' id='word_1_421' title='bbox 2169 794 2505 851; x_wconf 81' lang='lat' dir='ltr'><strong>Adoardus.</strong></span> <span class='ocrx_word' id='word_1_422' title='bbox 2539 795 2891 852; x_wconf 84' lang='lat' dir='ltr'><strong>Amalricus.</strong></span> <span class='ocrx_word' id='word_1_423' title='bbox 2924 794 3303 852; x_wconf 67' lang='lat' dir='ltr'><strong>Gunther-tus.</strong></span> <span class='ocrx_word' id='word_1_424' title='bbox 3335 797 3773 865; x_wconf 70' lang='lat' dir='ltr'><strong>Gundicho.Wa].</strong></span> 
     </span>
    </p>
   </div>
   <div class='ocr_carea' id='block_1_69' title="bbox 2172 880 3773 957">
    <p class='ocr_par' dir='ltr' id='par_1_69' title="bbox 2172 880 3773 957">
     <span class='ocr_line' id='line_1_69' title="bbox 2172 880 3773 957; baseline 0.001 -17"><span class='ocrx_word' id='word_1_425' title='bbox 2172 880 2376 941; x_wconf 75' lang='lat' dir='ltr'><strong>terius.</strong></span> <span class='ocrx_word' id='word_1_426' title='bbox 2432 883 2747 957; x_wconf 86' lang='lat' dir='ltr'><strong>Erpaldus.</strong></span> <span class='ocrx_word' id='word_1_427' title='bbox 2801 882 3091 941; x_wconf 76' lang='lat' dir='ltr'><strong>Alfarous.</strong></span> <span class='ocrx_word' id='word_1_428' title='bbox 3144 883 3475 953; x_wconf 76' lang='lat' dir='ltr'><strong>Alevingus.</strong></span> <span class='ocrx_word' id='word_1_429' title='bbox 3523 890 3773 952; x_wconf 79' lang='lat' dir='ltr'><strong>Ado.1‘u-</strong></span> 
     </span>
    </p>
   </div>
   <div class='ocr_carea' id='block_1_70' title="bbox 2168 972 3773 1044">
    <p class='ocr_par' dir='ltr' id='par_1_70' title="bbox 2168 972 3773 1044">
     <span class='ocr_line' id='line_1_70' title="bbox 2168 972 3773 1044; baseline 0.009 -17"><span class='ocrx_word' id='word_1_430' title='bbox 2168 972 2394 1042; x_wconf 87' lang='lat' dir='ltr'><strong>ringus.</strong></span> <span class='ocrx_word' id='word_1_431' title='bbox 2429 972 2813 1029; x_wconf 87' lang='lat' dir='ltr'><strong>Gauzraldus.</strong></span> <span class='ocrx_word' id='word_1_432' title='bbox 2845 975 2965 1044; x_wconf 91' lang='lat' dir='ltr'><strong>Ego</strong></span> <span class='ocrx_word' id='word_1_433' title='bbox 3000 972 3403 1043; x_wconf 87' lang='lat' dir='ltr'><strong>Rubtlandus,</strong></span> <span class='ocrx_word' id='word_1_434' title='bbox 3434 980 3773 1041; x_wconf 84' lang='lat' dir='ltr'><strong>cancellarius</strong></span> 
     </span>
    </p>
   </div>
   <div class='ocr_carea' id='block_1_71' title="bbox 2169 1061 3378 1136">
    <p class='ocr_par' dir='ltr' id='par_1_71' title="bbox 2169 1061 3378 1136">
     <span class='ocr_line' id='line_1_71' title="bbox 2169 1061 3378 1136; baseline -0.002 -17"><span class='ocrx_word' id='word_1_435' title='bbox 2169 1066 2350 1134; x_wconf 88' lang='lat' dir='ltr'><strong>atque</strong></span> <span class='ocrx_word' id='word_1_436' title='bbox 2376 1062 2663 1130; x_wconf 83' lang='lat' dir='ltr'><strong>notarius,</strong></span> <span class='ocrx_word' id='word_1_437' title='bbox 2698 1062 2912 1136; x_wconf 88' lang='lat' dir='ltr'><strong>scripsi</strong></span> <span class='ocrx_word' id='word_1_438' title='bbox 2940 1067 2997 1119; x_wconf 91' lang='lat' dir='ltr'><strong>et</strong></span> <span class='ocrx_word' id='word_1_439' title='bbox 3027 1061 3378 1134; x_wconf 89' lang='lat' dir='ltr'><strong>subscripsi.</strong></span> 
     </span>
    </p>
   </div>
   <div class='ocr_carea' id='block_1_72' title="bbox 2954 1186 3046 1243">
    <p class='ocr_par' dir='ltr' id='par_1_72' title="bbox 2954 1186 3046 1243">
     <span class='ocr_line' id='line_1_72' title="bbox 2954 1186 3046 1243; baseline 0.043 -4"><span class='ocrx_word' id='word_1_440' title='bbox 2954 1186 3046 1243; x_wconf 90' lang='lat' dir='ltr'><strong>Ill.</strong></span> 
     </span>
    </p>
   </div>
   <div class='ocr_carea' id='block_1_73' title="bbox 2242 1308 3726 1357">
    <p class='ocr_par' dir='ltr' id='par_1_73' title="bbox 2242 1308 3726 1357">
     <span class='ocr_line' id='line_1_73' title="bbox 2242 1308 3726 1357; baseline 0.005 -9"><span class='ocrx_word' id='word_1_441' title='bbox 2242 1310 2598 1348; x_wconf 72' lang='lat' dir='ltr'><strong>PRlV&#39;lLEC-IUM</strong></span> <span class='ocrx_word' id='word_1_442' title='bbox 2641 1310 2713 1349; x_wconf 77' lang='grc' dir='ltr'><strong>Αι)</strong></span> <span class='ocrx_word' id='word_1_443' title='bbox 2750 1309 3187 1350; x_wconf 61' lang='grc' dir='ltr'><strong>ΔιοιιτιοΑτιοΝεΜ</strong></span> <span class='ocrx_word' id='word_1_444' title='bbox 3226 1308 3491 1351; x_wconf 63' lang='lat' dir='ltr'><strong>ECCLESLE</strong></span> <span class='ocrx_word' id='word_1_445' title='bbox 3525 1313 3726 1357; x_wconf 63' lang='lat' dir='ltr'><strong>DODOSIS</strong></span> 
     </span>
    </p>
   </div>
   <div class='ocr_carea' id='block_1_74' title="bbox 2900 1380 3109 1420">
    <p class='ocr_par' dir='ltr' id='par_1_74' title="bbox 2900 1380 3109 1420">
     <span class='ocr_line' id='line_1_74' title="bbox 2900 1380 3109 1420; baseline -0.005 -1"><span class='ocrx_word' id='word_1_446' title='bbox 2900 1380 3109 1420; x_wconf 73' lang='lat' dir='ltr'><strong>CURTIS.</strong></span> 
     </span>
    </p>
   </div>
   <div class='ocr_carea' id='block_1_75' title="bbox 2242 1470 3776 1533">
    <p class='ocr_par' dir='ltr' id='par_1_75' title="bbox 2242 1470 3776 1533">
     <span class='ocr_line' id='line_1_75' title="bbox 2242 1470 3776 1533; baseline 0.004 -6"><span class='ocrx_word' id='word_1_447' title='bbox 2242 1475 2305 1527; x_wconf 86' lang='lat' dir='ltr'><strong>In</strong></span> <span class='ocrx_word' id='word_1_448' title='bbox 2352 1470 2596 1527; x_wconf 91' lang='lat' dir='ltr'><strong>nomine</strong></span> <span class='ocrx_word' id='word_1_449' title='bbox 2649 1476 2868 1527; x_wconf 66' lang='lat' dir='ltr'><strong>sancta:</strong></span> <span class='ocrx_word' id='word_1_450' title='bbox 2916 1476 2974 1526; x_wconf 91' lang='lat' dir='ltr'><strong>et</strong></span> <span class='ocrx_word' id='word_1_451' title='bbox 3017 1470 3340 1526; x_wconf 70' lang='lat' dir='ltr'><strong>individua:</strong></span> <span class='ocrx_word' id='word_1_452' title='bbox 3368 1470 3659 1531; x_wconf 85' lang='lat' dir='ltr'><strong>Trinitatis.</strong></span> <span class='ocrx_word' id='word_1_453' title='bbox 3690 1480 3776 1533; x_wconf 76' lang='lat' dir='ltr'><strong>Ro~</strong></span> 
     </span>
    </p>
   </div>
   <div class='ocr_carea' id='block_1_76' title="bbox 2168 1559 3774 1636">
    <p class='ocr_par' dir='ltr' id='par_1_76' title="bbox 2168 1559 3774 1636">
     <span class='ocr_line' id='line_1_76' title="bbox 2168 1559 3774 1636; baseline 0.004 -21"><span class='ocrx_word' id='word_1_454' title='bbox 2168 1560 2372 1616; x_wconf 91' lang='lat' dir='ltr'><strong>bertus</strong></span> <span class='ocrx_word' id='word_1_455' title='bbox 2395 1565 2614 1616; x_wconf 69' lang='lat' dir='ltr'><strong>sanctis</strong></span> <span class='ocrx_word' id='word_1_456' title='bbox 2637 1560 2904 1616; x_wconf 85' lang='lat' dir='ltr'><strong>Metensis</strong></span> <span class='ocrx_word' id='word_1_457' title='bbox 2932 1559 3202 1616; x_wconf 68' lang='lat' dir='ltr'><strong>Ecclesiae</strong></span> <span class='ocrx_word' id='word_1_458' title='bbox 3225 1559 3463 1616; x_wconf 89' lang='lat' dir='ltr'><strong>humilis</strong></span> <span class='ocrx_word' id='word_1_459' title='bbox 3482 1562 3774 1636; x_wconf 89' lang='lat' dir='ltr'><strong>episcopus.</strong></span> 
     </span>
    </p>
   </div>
   <div class='ocr_carea' id='block_1_77' title="bbox 2168 1647 3776 1723">
    <p class='ocr_par' dir='ltr' id='par_1_77' title="bbox 2168 1647 3776 1723">
     <span class='ocr_line' id='line_1_77' title="bbox 2168 1647 3776 1723; baseline 0.001 -18"><span class='ocrx_word' id='word_1_460' title='bbox 2168 1651 2383 1705; x_wconf 74' lang='lat' dir='ltr'><strong>Notum</strong></span> <span class='ocrx_word' id='word_1_461' title='bbox 2435 1649 2508 1705; x_wconf 90' lang='lat' dir='ltr'><strong>sit</strong></span> <span class='ocrx_word' id='word_1_462' title='bbox 2548 1649 2776 1705; x_wconf 91' lang='lat' dir='ltr'><strong>cunctis</strong></span> <span class='ocrx_word' id='word_1_463' title='bbox 2824 1653 3045 1705; x_wconf 71' lang='lat' dir='ltr'><strong>sanctas</strong></span> <span class='ocrx_word' id='word_1_464' title='bbox 3092 1648 3186 1704; x_wconf 91' lang='lat' dir='ltr'><strong>Dei</strong></span> <span class='ocrx_word' id='word_1_465' title='bbox 3232 1647 3494 1704; x_wconf 70' lang='lat' dir='ltr'><strong>Ecclesiae</strong></span> <span class='ocrx_word' id='word_1_466' title='bbox 3524 1650 3776 1723; x_wconf 84' lang='lat' dir='ltr'><strong>ﬁdelibus,</strong></span> 
     </span>
    </p>
   </div>
   <div class='ocr_carea' id='block_1_78' title="bbox 2168 1737 3776 1811">
    <p class='ocr_par' dir='ltr' id='par_1_78' title="bbox 2168 1737 3776 1811">
     <span class='ocr_line' id='line_1_78' title="bbox 2168 1737 3776 1811; baseline 0.003 -19"><span class='ocrx_word' id='word_1_467' title='bbox 2168 1743 2293 1793; x_wconf 92' lang='lat' dir='ltr'><strong>tum</strong></span> <span class='ocrx_word' id='word_1_468' title='bbox 2327 1737 2716 1810; x_wconf 80' lang='lat' dir='ltr'><strong>praesentibus</strong></span> <span class='ocrx_word' id='word_1_469' title='bbox 2737 1753 2924 1810; x_wconf 90' lang='lat' dir='ltr'><strong>quam</strong></span> <span class='ocrx_word' id='word_1_470' title='bbox 2954 1742 3011 1793; x_wconf 91' lang='lat' dir='ltr'><strong>et</strong></span> <span class='ocrx_word' id='word_1_471' title='bbox 3040 1737 3271 1803; x_wconf 89' lang='lat' dir='ltr'><strong>futuris,</strong></span> <span class='ocrx_word' id='word_1_472' title='bbox 3299 1737 3545 1808; x_wconf 89' lang='lat' dir='ltr'><strong>qualiter</strong></span> <span class='ocrx_word' id='word_1_473' title='bbox 3571 1740 3776 1811; x_wconf 90' lang='lat' dir='ltr'><strong>quidam</strong></span> 
     </span>
    </p>
   </div>
   <div class='ocr_carea' id='block_1_79' title="bbox 2132 1822 3779 1899">
    <p class='ocr_par' dir='ltr' id='par_1_79' title="bbox 2132 1822 3779 1899">
     <span class='ocr_line' id='line_1_79' title="bbox 2132 1822 3779 1899; baseline 0.001 -18"><span class='ocrx_word' id='word_1_474' title='bbox 2132 1834 2137 1841; x_wconf 88' lang='lat'>&#39;</span> <span class='ocrx_word' id='word_1_475' title='bbox 2167 1825 2258 1881; x_wconf 85' lang='lat' dir='ltr'><strong>vir</strong></span> <span class='ocrx_word' id='word_1_476' title='bbox 2286 1822 2525 1891; x_wconf 90' lang='lat' dir='ltr'><strong>nobilis,</strong></span> <span class='ocrx_word' id='word_1_477' title='bbox 2566 1824 2805 1882; x_wconf 70' lang='lat' dir='ltr'><strong>Hivinus</strong></span> <span class='ocrx_word' id='word_1_478' title='bbox 2852 1825 3117 1891; x_wconf 88' lang='lat' dir='ltr'><strong>nomine,</strong></span> <span class='ocrx_word' id='word_1_479' title='bbox 3168 1830 3435 1881; x_wconf 87' lang='lat' dir='ltr'><strong>nostram</strong></span> <span class='ocrx_word' id='word_1_480' title='bbox 3472 1828 3666 1899; x_wconf 80' lang='lat' dir='ltr'><strong>expetit</strong></span> <span class='ocrx_word' id='word_1_481' title='bbox 3699 1829 3779 1883; x_wconf 80' lang='lat' dir='ltr'><strong>be-</strong></span> 
     </span>
    </p>
   </div>
   <div class='ocr_carea' id='block_1_80' title="bbox 2166 1913 3778 1987">
    <p class='ocr_par' dir='ltr' id='par_1_80' title="bbox 2166 1913 3778 1987">
     <span class='ocr_line' id='line_1_80' title="bbox 2166 1913 3778 1987; baseline 0.001 -16"><span class='ocrx_word' id='word_1_482' title='bbox 2166 1914 2570 1971; x_wconf 86' lang='lat' dir='ltr'><strong>nevolentiam</strong></span> <span class='ocrx_word' id='word_1_483' title='bbox 2606 1919 2909 1987; x_wconf 90' lang='lat' dir='ltr'><strong>quatenus</strong></span> <span class='ocrx_word' id='word_1_484' title='bbox 2935 1929 3043 1986; x_wconf 89' lang='lat' dir='ltr'><strong>per</strong></span> <span class='ocrx_word' id='word_1_485' title='bbox 3071 1918 3345 1969; x_wconf 90' lang='lat' dir='ltr'><strong>nostram</strong></span> <span class='ocrx_word' id='word_1_486' title='bbox 3374 1913 3647 1971; x_wconf 83' lang='lat' dir='ltr'><strong>licentiam</strong></span> <span class='ocrx_word' id='word_1_487' title='bbox 3670 1917 3713 1972; x_wconf 87' lang='lat' dir='ltr'><strong>ei</strong></span> <span class='ocrx_word' id='word_1_488' title='bbox 3732 1918 3778 1972; x_wconf 90' lang='lat' dir='ltr'><strong>in</strong></span> 
     </span>
    </p>
   </div>
   <div class='ocr_carea' id='block_1_81' title="bbox 2169 2002 3776 2076">
    <p class='ocr_par' dir='ltr' id='par_1_81' title="bbox 2169 2002 3776 2076">
     <span class='ocr_line' id='line_1_81' title="bbox 2169 2002 3776 2076; baseline 0.001 -17"><span class='ocrx_word' id='word_1_489' title='bbox 2169 2003 2329 2074; x_wconf 86' lang='lat' dir='ltr'><strong>villa,</strong></span> <span class='ocrx_word' id='word_1_490' title='bbox 2362 2021 2496 2076; x_wconf 66' lang='lat' dir='ltr'><strong>quae</strong></span> <span class='ocrx_word' id='word_1_491' title='bbox 2546 2003 2761 2059; x_wconf 91' lang='lat' dir='ltr'><strong>dicitur</strong></span> <span class='ocrx_word' id='word_1_492' title='bbox 2807 2003 3068 2058; x_wconf 90' lang='lat' dir='ltr'><strong>Dodonis</strong></span> <span class='ocrx_word' id='word_1_493' title='bbox 3117 2002 3331 2072; x_wconf 84' lang='lat' dir='ltr'><strong>Curtis,</strong></span> <span class='ocrx_word' id='word_1_494' title='bbox 3364 2003 3645 2075; x_wconf 89' lang='lat' dir='ltr'><strong>quoddam</strong></span> <span class='ocrx_word' id='word_1_495' title='bbox 3674 2005 3776 2060; x_wconf 86' lang='lat' dir='ltr'><strong>lice-</strong></span> 
     </span>
    </p>
   </div>
   <div class='ocr_carea' id='block_1_82' title="bbox 2169 2091 3776 2166">
    <p class='ocr_par' dir='ltr' id='par_1_82' title="bbox 2169 2091 3776 2166">
     <span class='ocr_line' id='line_1_82' title="bbox 2169 2091 3776 2166; baseline 0 -18"><span class='ocrx_word' id='word_1_496' title='bbox 2169 2096 2257 2148; x_wconf 89' lang='lat' dir='ltr'><strong>ret</strong></span> <span class='ocrx_word' id='word_1_497' title='bbox 2304 2096 2648 2148; x_wconf 88' lang='lat' dir='ltr'><strong>construere</strong></span> <span class='ocrx_word' id='word_1_498' title='bbox 2697 2091 3048 2161; x_wconf 87' lang='lat' dir='ltr'><strong>oratorium,</strong></span> <span class='ocrx_word' id='word_1_499' title='bbox 3097 2092 3260 2166; x_wconf 86' lang='lat' dir='ltr'><strong>quia,</strong></span> <span class='ocrx_word' id='word_1_500' title='bbox 3310 2091 3387 2147; x_wconf 89' lang='lat' dir='ltr'><strong>ob</strong></span> <span class='ocrx_word' id='word_1_501' title='bbox 3424 2091 3776 2148; x_wconf 69' lang='lat' dir='ltr'><strong>difﬁcultatem</strong></span> 
     </span>
    </p>
   </div>
   <div class='ocr_carea' id='block_1_83' title="bbox 2170 2178 3777 2254">
    <p class='ocr_par' dir='ltr' id='par_1_83' title="bbox 2170 2178 3777 2254">
     <span class='ocr_line' id='line_1_83' title="bbox 2170 2178 3777 2254; baseline 0.001 -19"><span class='ocrx_word' id='word_1_502' title='bbox 2170 2179 2384 2252; x_wconf 80' lang='lat' dir='ltr'><strong>prolixi</strong></span> <span class='ocrx_word' id='word_1_503' title='bbox 2420 2180 2638 2235; x_wconf 86' lang='lat' dir='ltr'><strong>itineris</strong></span> <span class='ocrx_word' id='word_1_504' title='bbox 2670 2178 2835 2254; x_wconf 92' lang='lat' dir='ltr'><strong>quod</strong></span> <span class='ocrx_word' id='word_1_505' title='bbox 2886 2184 2941 2235; x_wconf 91' lang='lat' dir='ltr'><strong>et</strong></span> <span class='ocrx_word' id='word_1_506' title='bbox 2970 2180 3121 2236; x_wconf 89' lang='lat' dir='ltr'><strong>inter</strong></span> <span class='ocrx_word' id='word_1_507' title='bbox 3150 2178 3373 2236; x_wconf 86' lang='lat' dir='ltr'><strong>dictam</strong></span> <span class='ocrx_word' id='word_1_508' title='bbox 3406 2180 3590 2235; x_wconf 72' lang='lat' dir='ltr'><strong>villam</strong></span> <span class='ocrx_word' id='word_1_509' title='bbox 3618 2185 3665 2235; x_wconf 90' lang='lat' dir='ltr'><strong>et</strong></span> <span class='ocrx_word' id='word_1_510' title='bbox 3700 2184 3777 2237; x_wconf 90' lang='lat' dir='ltr'><strong>Be-</strong></span> 
     </span>
    </p>
   </div>
   <div class='ocr_carea' id='block_1_84' title="bbox 2170 2267 3776 2342">
    <p class='ocr_par' dir='ltr' id='par_1_84' title="bbox 2170 2267 3776 2342">
     <span class='ocr_line' id='line_1_84' title="bbox 2170 2267 3776 2342; baseline 0.001 -19"><span class='ocrx_word' id='word_1_511' title='bbox 2170 2267 2532 2333; x_wconf 83' lang='lat' dir='ltr'><strong>rullivillam,</strong></span> <span class='ocrx_word' id='word_1_512' title='bbox 2565 2286 2699 2341; x_wconf 82' lang='lat' dir='ltr'><strong>quae</strong></span> <span class='ocrx_word' id='word_1_513' title='bbox 2746 2272 2833 2323; x_wconf 86' lang='lat' dir='ltr'><strong>est</strong></span> <span class='ocrx_word' id='word_1_514' title='bbox 2894 2286 3071 2342; x_wconf 89' lang='lat' dir='ltr'><strong>super</strong></span> <span class='ocrx_word' id='word_1_515' title='bbox 3120 2268 3380 2324; x_wconf 85' lang='lat' dir='ltr'><strong>rivulum</strong></span> <span class='ocrx_word' id='word_1_516' title='bbox 3434 2269 3662 2337; x_wconf 81' lang='lat' dir='ltr'><strong>Senode,</strong></span> <span class='ocrx_word' id='word_1_517' title='bbox 3698 2270 3776 2324; x_wconf 83' lang='lat' dir='ltr'><strong>ubi</strong></span> 
     </span>
    </p>
   </div>
   <div class='ocr_carea' id='block_1_85' title="bbox 2170 2355 3777 2430">
    <p class='ocr_par' dir='ltr' id='par_1_85' title="bbox 2170 2355 3777 2430">
     <span class='ocr_line' id='line_1_85' title="bbox 2170 2355 3777 2430; baseline 0.001 -19"><span class='ocrx_word' id='word_1_518' title='bbox 2170 2356 2417 2412; x_wconf 80' lang='lat' dir='ltr'><strong>decimae</strong></span> <span class='ocrx_word' id='word_1_519' title='bbox 2444 2362 2613 2412; x_wconf 89' lang='lat' dir='ltr'><strong>erant</strong></span> <span class='ocrx_word' id='word_1_520' title='bbox 2639 2373 2710 2412; x_wconf 81' lang='lat' dir='ltr'><strong>ex</strong></span> <span class='ocrx_word' id='word_1_521' title='bbox 2752 2357 3097 2430; x_wconf 70' lang='lat' dir='ltr'><strong>praescripta</strong></span> <span class='ocrx_word' id='word_1_522' title='bbox 3122 2355 3262 2413; x_wconf 78' lang='lat' dir='ltr'><strong>villa</strong></span> <span class='ocrx_word' id='word_1_523' title='bbox 3298 2357 3590 2428; x_wconf 72' lang='lat' dir='ltr'><strong>subjectae,</strong></span> <span class='ocrx_word' id='word_1_524' title='bbox 3618 2356 3662 2413; x_wconf 87' lang='lat' dir='ltr'><strong>ei</strong></span> <span class='ocrx_word' id='word_1_525' title='bbox 3689 2359 3777 2413; x_wconf 60' lang='lat' dir='ltr'><strong>sui</strong></span> 
     </span>
    </p>
   </div>
   <div class='ocr_carea' id='block_1_86' title="bbox 2172 2443 3778 2518">
    <p class='ocr_par' dir='ltr' id='par_1_86' title="bbox 2172 2443 3778 2518">
     <span class='ocr_line' id='line_1_86' title="bbox 2172 2443 3778 2518; baseline 0.001 -19"><span class='ocrx_word' id='word_1_526' title='bbox 2172 2461 2322 2518; x_wconf 90' lang='lat' dir='ltr'><strong>sque</strong></span> <span class='ocrx_word' id='word_1_527' title='bbox 2347 2443 2593 2502; x_wconf 83' lang='lat' dir='ltr'><strong>taedium</strong></span> <span class='ocrx_word' id='word_1_528' title='bbox 2621 2449 2747 2501; x_wconf 91' lang='lat' dir='ltr'><strong>erat</strong></span> <span class='ocrx_word' id='word_1_529' title='bbox 2772 2446 2875 2513; x_wconf 90' lang='lat' dir='ltr'><strong>ire,</strong></span> <span class='ocrx_word' id='word_1_530' title='bbox 2901 2450 2957 2501; x_wconf 91' lang='lat' dir='ltr'><strong>et</strong></span> <span class='ocrx_word' id='word_1_531' title='bbox 2987 2444 3112 2518; x_wconf 89' lang='lat' dir='ltr'><strong>ipse</strong></span> <span class='ocrx_word' id='word_1_532' title='bbox 3146 2462 3216 2501; x_wconf 83' lang='lat' dir='ltr'><strong>ex</strong></span> <span class='ocrx_word' id='word_1_533' title='bbox 3241 2463 3355 2501; x_wconf 89' lang='lat' dir='ltr'><strong>suo</strong></span> <span class='ocrx_word' id='word_1_534' title='bbox 3386 2446 3459 2501; x_wconf 89' lang='lat' dir='ltr'><strong>ad</strong></span> <span class='ocrx_word' id='word_1_535' title='bbox 3490 2445 3621 2502; x_wconf 90' lang='lat' dir='ltr'><strong>illud</strong></span> <span class='ocrx_word' id='word_1_536' title='bbox 3646 2445 3778 2500; x_wconf 88' lang='lat' dir='ltr'><strong>dota-</strong></span> 
     </span>
    </p>
   </div>
   <div class='ocr_carea' id='block_1_87' title="bbox 2169 2533 3777 2609">
    <p class='ocr_par' dir='ltr' id='par_1_87' title="bbox 2169 2533 3777 2609">
     <span class='ocr_line' id='line_1_87' title="bbox 2169 2533 3777 2609; baseline 0 -18"><span class='ocrx_word' id='word_1_537' title='bbox 2169 2534 2360 2591; x_wconf 89' lang='lat' dir='ltr'><strong>litium</strong></span> <span class='ocrx_word' id='word_1_538' title='bbox 2386 2534 2531 2591; x_wconf 91' lang='lat' dir='ltr'><strong>dare</strong></span> <span class='ocrx_word' id='word_1_539' title='bbox 2558 2553 2570 2603; x_wconf 93' lang='lat'><strong>;</strong></span> <span class='ocrx_word' id='word_1_540' title='bbox 2622 2551 2733 2591; x_wconf 88' lang='lat' dir='ltr'><strong>nos</strong></span> <span class='ocrx_word' id='word_1_541' title='bbox 2762 2551 3006 2608; x_wconf 92' lang='lat' dir='ltr'><strong>quoque</strong></span> <span class='ocrx_word' id='word_1_542' title='bbox 3038 2552 3219 2609; x_wconf 90' lang='lat' dir='ltr'><strong>super</strong></span> <span class='ocrx_word' id='word_1_543' title='bbox 3248 2535 3369 2591; x_wconf 92' lang='lat' dir='ltr'><strong>hoc</strong></span> <span class='ocrx_word' id='word_1_544' title='bbox 3411 2534 3669 2591; x_wconf 79' lang='lat' dir='ltr'><strong>Ludovini</strong></span> <span class='ocrx_word' id='word_1_545' title='bbox 3696 2533 3777 2591; x_wconf 88' lang='lat' dir='ltr'><strong>ab-</strong></span> 
     </span>
    </p>
   </div>
   <div class='ocr_carea' id='block_1_88' title="bbox 2170 2623 3781 2698">
    <p class='ocr_par' dir='ltr' id='par_1_88' title="bbox 2170 2623 3781 2698">
     <span class='ocr_line' id='line_1_88' title="bbox 2170 2623 3781 2698; baseline -0.001 -18"><span class='ocrx_word' id='word_1_546' title='bbox 2170 2623 2325 2680; x_wconf 89' lang='lat' dir='ltr'><strong>batis</strong></span> <span class='ocrx_word' id='word_1_547' title='bbox 2374 2624 2476 2697; x_wconf 92' lang='lat' dir='ltr'><strong>qui</strong></span> <span class='ocrx_word' id='word_1_548' title='bbox 2533 2624 2625 2679; x_wconf 88' lang='lat' dir='ltr'><strong>his</strong></span> <span class='ocrx_word' id='word_1_549' title='bbox 2681 2624 3050 2698; x_wconf 89' lang='lat' dir='ltr'><strong>temporibus</strong></span> <span class='ocrx_word' id='word_1_550' title='bbox 3098 2623 3414 2682; x_wconf 89' lang='lat' dir='ltr'><strong>abbatiam</strong></span> <span class='ocrx_word' id='word_1_551' title='bbox 3463 2624 3781 2681; x_wconf 69' lang='lat' dir='ltr'><strong>Gor‘ziensem</strong></span> 
     </span>
    </p>
   </div>
   <div class='ocr_carea' id='block_1_89' title="bbox 2171 2711 3781 2788">
    <p class='ocr_par' dir='ltr' id='par_1_89' title="bbox 2171 2711 3781 2788">
     <span class='ocr_line' id='line_1_89' title="bbox 2171 2711 3781 2788; baseline -0.002 -19"><span class='ocrx_word' id='word_1_552' title='bbox 2171 2713 2428 2781; x_wconf 89' lang='lat' dir='ltr'><strong>tenebat,</strong></span> <span class='ocrx_word' id='word_1_553' title='bbox 2463 2713 2559 2769; x_wconf 91' lang='lat' dir='ltr'><strong>cui</strong></span> <span class='ocrx_word' id='word_1_554' title='bbox 2605 2712 2737 2787; x_wconf 89' lang='lat' dir='ltr'><strong>ipsa</strong></span> <span class='ocrx_word' id='word_1_555' title='bbox 2777 2713 3026 2769; x_wconf 87' lang='lat' dir='ltr'><strong>ecclesia</strong></span> <span class='ocrx_word' id='word_1_556' title='bbox 3076 2729 3211 2788; x_wconf 69' lang='lat' dir='ltr'><strong>quae</strong></span> <span class='ocrx_word' id='word_1_557' title='bbox 3262 2718 3358 2771; x_wconf 87' lang='lat' dir='ltr'><strong>est</strong></span> <span class='ocrx_word' id='word_1_558' title='bbox 3397 2712 3454 2769; x_wconf 92' lang='lat' dir='ltr'><strong>in</strong></span> <span class='ocrx_word' id='word_1_559' title='bbox 3485 2711 3781 2768; x_wconf 77' lang='lat' dir='ltr'><strong>Berulﬁvilla</strong></span> 
     </span>
    </p>
   </div>
   <div class='ocr_carea' id='block_1_90' title="bbox 2170 2797 3783 2872">
    <p class='ocr_par' dir='ltr' id='par_1_90' title="bbox 2170 2797 3783 2872">
     <span class='ocr_line' id='line_1_90' title="bbox 2170 2797 3783 2872; baseline 0.001 -20"><span class='ocrx_word' id='word_1_560' title='bbox 2170 2799 2423 2857; x_wconf 89' lang='lat' dir='ltr'><strong>habetur</strong></span> <span class='ocrx_word' id='word_1_561' title='bbox 2479 2798 2769 2872; x_wconf 82' lang='lat' dir='ltr'><strong>subjecta,</strong></span> <span class='ocrx_word' id='word_1_562' title='bbox 2817 2799 3205 2857; x_wconf 89' lang='lat' dir='ltr'><strong>discutientes</strong></span> <span class='ocrx_word' id='word_1_563' title='bbox 3250 2799 3629 2869; x_wconf 83' lang='lat' dir='ltr'><strong>voluntatem,</strong></span> <span class='ocrx_word' id='word_1_564' title='bbox 3669 2797 3783 2872; x_wconf 87' lang='lat' dir='ltr'><strong>quia</strong></span> 
     </span>
    </p>
   </div>
   <div class='ocr_carea' id='block_1_91' title="bbox 2171 2886 3782 2957">
    <p class='ocr_par' dir='ltr' id='par_1_91' title="bbox 2171 2886 3782 2957">
     <span class='ocr_line' id='line_1_91' title="bbox 2171 2886 3782 2957; baseline -0.001 -14"><span class='ocrx_word' id='word_1_565' title='bbox 2171 2905 2315 2944; x_wconf 90' lang='lat' dir='ltr'><strong>suus</strong></span> <span class='ocrx_word' id='word_1_566' title='bbox 2364 2893 2490 2944; x_wconf 90' lang='lat' dir='ltr'><strong>erat</strong></span> <span class='ocrx_word' id='word_1_567' title='bbox 2538 2888 2958 2957; x_wconf 87' lang='lat' dir='ltr'><strong>consobrinus,</strong></span> <span class='ocrx_word' id='word_1_568' title='bbox 2990 2889 3241 2946; x_wconf 78' lang='lat' dir='ltr'><strong>libenter</strong></span> <span class='ocrx_word' id='word_1_569' title='bbox 3286 2888 3604 2957; x_wconf 88' lang='lat' dir='ltr'><strong>eonsentiit,</strong></span> <span class='ocrx_word' id='word_1_570' title='bbox 3632 2888 3698 2944; x_wconf 88' lang='lat' dir='ltr'><strong>ita</strong></span> <span class='ocrx_word' id='word_1_571' title='bbox 3721 2886 3782 2942; x_wconf 80' lang='lat' dir='ltr'><strong>vi-</strong></span> 
     </span>
    </p>
   </div>
   <div class='ocr_carea' id='block_1_92' title="bbox 2087 2963 3782 3053">
    <p class='ocr_par' dir='ltr' id='par_1_92' title="bbox 2087 2963 3782 3053">
     <span class='ocr_line' id='line_1_92' title="bbox 2087 2963 3782 3053; baseline 0 -20"><span class='ocrx_word' id='word_1_572' title='bbox 2087 2963 2130 3022; x_wconf 70' lang='grc' dir='ltr'><strong>(ἶ</strong></span> <span class='ocrx_word' id='word_1_573' title='bbox 2169 2976 2381 3034; x_wconf 89' lang='lat' dir='ltr'><strong>delicet</strong></span> <span class='ocrx_word' id='word_1_574' title='bbox 2406 2982 2469 3033; x_wconf 90' lang='lat' dir='ltr'><strong>ut</strong></span> <span class='ocrx_word' id='word_1_575' title='bbox 2522 2978 2651 3051; x_wconf 89' lang='lat' dir='ltr'><strong>ipsa</strong></span> <span class='ocrx_word' id='word_1_576' title='bbox 2696 2976 3014 3053; x_wconf 87' lang='lat' dir='ltr'><strong>capellula,</strong></span> <span class='ocrx_word' id='word_1_577' title='bbox 3048 2996 3185 3035; x_wconf 91' lang='lat' dir='ltr'><strong>cum</strong></span> <span class='ocrx_word' id='word_1_578' title='bbox 3238 2996 3358 3036; x_wconf 87' lang='lat' dir='ltr'><strong>suo</strong></span> <span class='ocrx_word' id='word_1_579' title='bbox 3406 2977 3668 3044; x_wconf 89' lang='lat' dir='ltr'><strong>dotalitio,</strong></span> <span class='ocrx_word' id='word_1_580' title='bbox 3694 2975 3782 3033; x_wconf 83' lang='lat' dir='ltr'><strong>hoc</strong></span> 
     </span>
    </p>
   </div>
   <div class='ocr_carea' id='block_1_93' title="bbox 2168 3064 3779 3140">
    <p class='ocr_par' dir='ltr' id='par_1_93' title="bbox 2168 3064 3779 3140">
     <span class='ocr_line' id='line_1_93' title="bbox 2168 3064 3779 3140; baseline -0.002 -18"><span class='ocrx_word' id='word_1_581' title='bbox 2168 3070 2257 3124; x_wconf 86' lang='lat' dir='ltr'><strong>est</strong></span> <span class='ocrx_word' id='word_1_582' title='bbox 2298 3082 2511 3123; x_wconf 89' lang='lat' dir='ltr'><strong>manso</strong></span> <span class='ocrx_word' id='word_1_583' title='bbox 2544 3084 2557 3122; x_wconf 87' lang='grc' dir='ltr'><strong>ι</strong></span> <span class='ocrx_word' id='word_1_584' title='bbox 2589 3084 2728 3123; x_wconf 91' lang='lat' dir='ltr'><strong>cum</strong></span> <span class='ocrx_word' id='word_1_585' title='bbox 2767 3066 3109 3140; x_wconf 89' lang='lat' dir='ltr'><strong>jornalibus</strong></span> <span class='ocrx_word' id='word_1_586' title='bbox 3158 3085 3195 3123; x_wconf 85' lang='lat' dir='ltr'><strong>x</strong></span> <span class='ocrx_word' id='word_1_587' title='bbox 3242 3067 3311 3124; x_wconf 89' lang='lat' dir='ltr'><strong>in</strong></span> <span class='ocrx_word' id='word_1_588' title='bbox 3357 3064 3618 3124; x_wconf 87' lang='lat' dir='ltr'><strong>Belciardi</strong></span> <span class='ocrx_word' id='word_1_589' title='bbox 3652 3068 3779 3120; x_wconf 69' lang='lat' dir='ltr'><strong>curta</strong></span> 
     </span>
    </p>
   </div>
   <div class='ocr_carea' id='block_1_94' title="bbox 2168 3155 3781 3227">
    <p class='ocr_par' dir='ltr' id='par_1_94' title="bbox 2168 3155 3781 3227">
     <span class='ocr_line' id='line_1_94' title="bbox 2168 3155 3781 3227; baseline -0.004 -16"><span class='ocrx_word' id='word_1_590' title='bbox 2168 3172 2306 3211; x_wconf 86' lang='lat' dir='ltr'><strong>cum</strong></span> <span class='ocrx_word' id='word_1_591' title='bbox 2332 3155 2691 3227; x_wconf 89' lang='lat' dir='ltr'><strong>jacentibus,</strong></span> <span class='ocrx_word' id='word_1_592' title='bbox 2724 3161 2781 3211; x_wconf 91' lang='lat' dir='ltr'><strong>et</strong></span> <span class='ocrx_word' id='word_1_593' title='bbox 2808 3156 3055 3212; x_wconf 86' lang='lat' dir='ltr'><strong>decimis</strong></span> <span class='ocrx_word' id='word_1_594' title='bbox 3083 3157 3261 3213; x_wconf 90' lang='lat' dir='ltr'><strong>matri</strong></span> <span class='ocrx_word' id='word_1_595' title='bbox 3292 3156 3542 3213; x_wconf 69' lang='lat' dir='ltr'><strong>ecclesia:</strong></span> <span class='ocrx_word' id='word_1_596' title='bbox 3570 3170 3685 3226; x_wconf 67' lang='lat' dir='ltr'><strong>quis</strong></span> <span class='ocrx_word' id='word_1_597' title='bbox 3712 3156 3781 3207; x_wconf 82' lang='lat' dir='ltr'><strong>est</strong></span> 
     </span>
    </p>
   </div>
   <div class='ocr_carea' id='block_1_95' title="bbox 2167 3241 3781 3320">
    <p class='ocr_par' dir='ltr' id='par_1_95' title="bbox 2167 3241 3781 3320">
     <span class='ocr_line' id='line_1_95' title="bbox 2167 3241 3781 3320; baseline -0.004 -19"><span class='ocrx_word' id='word_1_598' title='bbox 2167 3245 2230 3301; x_wconf 93' lang='lat' dir='ltr'><strong>in</strong></span> <span class='ocrx_word' id='word_1_599' title='bbox 2260 3244 2508 3318; x_wconf 67' lang='lat' dir='ltr'><strong>praefata</strong></span> <span class='ocrx_word' id='word_1_600' title='bbox 2541 3244 2917 3311; x_wconf 85' lang='lat' dir='ltr'><strong>Berulﬁvilla,</strong></span> <span class='ocrx_word' id='word_1_601' title='bbox 2951 3246 3119 3301; x_wconf 91' lang='lat' dir='ltr'><strong>omni</strong></span> <span class='ocrx_word' id='word_1_602' title='bbox 3158 3244 3645 3320; x_wconf 52' lang='lat' dir='ltr'><strong>tempore-inisset</strong></span> <span class='ocrx_word' id='word_1_603' title='bbox 3670 3241 3781 3295; x_wconf 88' lang='lat' dir='ltr'><strong>sub-</strong></span> 
     </span>
    </p>
   </div>
   <div class='ocr_carea' id='block_1_96' title="bbox 2161 3333 3777 3408">
    <p class='ocr_par' dir='ltr' id='par_1_96' title="bbox 2161 3333 3777 3408">
     <span class='ocr_line' id='line_1_96' title="bbox 2161 3333 3777 3408; baseline -0.004 -19"><span class='ocrx_word' id='word_1_604' title='bbox 2161 3334 2339 3405; x_wconf 86' lang='lat' dir='ltr'><strong>jecta.</strong></span> <span class='ocrx_word' id='word_1_605' title='bbox 2382 3335 2501 3389; x_wconf 83' lang='lat' dir='ltr'><strong>Nos</strong></span> <span class='ocrx_word' id='word_1_606' title='bbox 2548 3333 2844 3407; x_wconf 88' lang='lat' dir='ltr'><strong>siquidem</strong></span> <span class='ocrx_word' id='word_1_607' title='bbox 2899 3336 3204 3408; x_wconf 87' lang='lat' dir='ltr'><strong>utriusque</strong></span> <span class='ocrx_word' id='word_1_608' title='bbox 3250 3334 3660 3391; x_wconf 86' lang='lat' dir='ltr'><strong>consentientes</strong></span> <span class='ocrx_word' id='word_1_609' title='bbox 3700 3344 3777 3384; x_wconf 74' lang='lat' dir='ltr'><strong>vo-</strong></span> 
     </span>
    </p>
   </div>
   <div class='ocr_carea' id='block_1_97' title="bbox 2165 3418 3781 3494">
    <p class='ocr_par' dir='ltr' id='par_1_97' title="bbox 2165 3418 3781 3494">
     <span class='ocr_line' id='line_1_97' title="bbox 2165 3418 3781 3494; baseline -0.005 -16"><span class='ocrx_word' id='word_1_610' title='bbox 2165 3418 2398 3488; x_wconf 90' lang='lat' dir='ltr'><strong>luntati,</strong></span> <span class='ocrx_word' id='word_1_611' title='bbox 2426 3425 2491 3476; x_wconf 90' lang='lat' dir='ltr'><strong>ut</strong></span> <span class='ocrx_word' id='word_1_612' title='bbox 2510 3421 2905 3494; x_wconf 85' lang='lat' dir='ltr'><strong>postmodum</strong></span> <span class='ocrx_word' id='word_1_613' title='bbox 2928 3420 3053 3477; x_wconf 73' lang='lat' dir='ltr'><strong>haec</strong></span> <span class='ocrx_word' id='word_1_614' title='bbox 3074 3437 3167 3477; x_wconf 80' lang='lat' dir='ltr'><strong>res</strong></span> <span class='ocrx_word' id='word_1_615' title='bbox 3193 3420 3540 3479; x_wconf 82' lang='lat' dir='ltr'><strong>inconvulsa</strong></span> <span class='ocrx_word' id='word_1_616' title='bbox 3559 3419 3781 3474; x_wconf 87' lang='lat' dir='ltr'><strong>maneret</strong></span> 
     </span>
    </p>
   </div>
   <div class='ocr_carea' id='block_1_98' title="bbox 2166 3502 3779 3584">
    <p class='ocr_par' dir='ltr' id='par_1_98' title="bbox 2166 3502 3779 3584">
     <span class='ocr_line' id='line_1_98' title="bbox 2166 3502 3779 3584; baseline -0.005 -18"><span class='ocrx_word' id='word_1_617' title='bbox 2166 3512 2224 3566; x_wconf 89' lang='lat' dir='ltr'><strong>et</strong></span> <span class='ocrx_word' id='word_1_618' title='bbox 2266 3508 2518 3577; x_wconf 88' lang='lat' dir='ltr'><strong>stabilis,</strong></span> <span class='ocrx_word' id='word_1_619' title='bbox 2550 3506 2666 3565; x_wconf 87' lang='lat' dir='ltr'><strong>hoc</strong></span> <span class='ocrx_word' id='word_1_620' title='bbox 2717 3508 3021 3566; x_wconf 72' lang='lat' dir='ltr'><strong>memorize</strong></span> <span class='ocrx_word' id='word_1_621' title='bbox 3078 3508 3370 3584; x_wconf 76' lang='lat' dir='ltr'><strong>scriptum</strong></span> <span class='ocrx_word' id='word_1_622' title='bbox 3426 3508 3604 3565; x_wconf 85' lang='lat' dir='ltr'><strong>facere</strong></span> <span class='ocrx_word' id='word_1_623' title='bbox 3639 3502 3779 3577; x_wconf 86' lang='lat' dir='ltr'><strong>jussi-</strong></span> 
     </span>
    </p>
   </div>
   <div class='ocr_carea' id='block_1_99' title="bbox 2166 3598 3779 3672">
    <p class='ocr_par' dir='ltr' id='par_1_99' title="bbox 2166 3598 3779 3672">
     <span class='ocr_line' id='line_1_99' title="bbox 2166 3598 3779 3672; baseline -0.005 -18"><span class='ocrx_word' id='word_1_624' title='bbox 2166 3613 2324 3668; x_wconf 88' lang='lat' dir='ltr'><strong>mus,</strong></span> <span class='ocrx_word' id='word_1_625' title='bbox 2356 3602 2412 3654; x_wconf 91' lang='lat' dir='ltr'><strong>et</strong></span> <span class='ocrx_word' id='word_1_626' title='bbox 2444 3598 2667 3654; x_wconf 84' lang='lat' dir='ltr'><strong>factum</strong></span> <span class='ocrx_word' id='word_1_627' title='bbox 2696 3614 2880 3655; x_wconf 89' lang='lat' dir='ltr'><strong>manu</strong></span> <span class='ocrx_word' id='word_1_628' title='bbox 2925 3599 3167 3672; x_wconf 89' lang='lat' dir='ltr'><strong>propria</strong></span> <span class='ocrx_word' id='word_1_629' title='bbox 3216 3611 3660 3669; x_wconf 85' lang='lat' dir='ltr'><strong>monogramma</strong></span> <span class='ocrx_word' id='word_1_630' title='bbox 3698 3607 3779 3648; x_wconf 89' lang='lat' dir='ltr'><strong>no-</strong></span> 
     </span>
    </p>
   </div>
   <div class='ocr_carea' id='block_1_100' title="bbox 2167 3678 3780 3763">
    <p class='ocr_par' dir='ltr' id='par_1_100' title="bbox 2167 3678 3780 3763">
     <span class='ocr_line' id='line_1_100' title="bbox 2167 3678 3780 3763; baseline -0.004 -20"><span class='ocrx_word' id='word_1_631' title='bbox 2167 3686 2269 3743; x_wconf 88' lang='lat' dir='ltr'><strong>stri</strong></span> <span class='ocrx_word' id='word_1_632' title='bbox 2297 3687 2559 3743; x_wconf 89' lang='lat' dir='ltr'><strong>nominis</strong></span> <span class='ocrx_word' id='word_1_633' title='bbox 2594 3687 2736 3742; x_wconf 84' lang='lat' dir='ltr'><strong>illud</strong></span> <span class='ocrx_word' id='word_1_634' title='bbox 2772 3687 3165 3757; x_wconf 77' lang='lat' dir='ltr'><strong>signavimus,</strong></span> <span class='ocrx_word' id='word_1_635' title='bbox 3201 3687 3574 3763; x_wconf 90' lang='lat' dir='ltr'><strong>stipulatione</strong></span> <span class='ocrx_word' id='word_1_636' title='bbox 3616 3678 3780 3738; x_wconf 88' lang='lat' dir='ltr'><strong>subni-</strong></span> 
     </span>
    </p>
   </div>
   <div class='ocr_carea' id='block_1_101' title="bbox 2163 3769 3781 3851">
    <p class='ocr_par' dir='ltr' id='par_1_101' title="bbox 2163 3769 3781 3851">
     <span class='ocr_line' id='line_1_101' title="bbox 2163 3769 3781 3851; baseline -0.006 -18"><span class='ocrx_word' id='word_1_637' title='bbox 2163 3790 2263 3834; x_wconf 81' lang='lat' dir='ltr'><strong>xa.</strong></span> <span class='ocrx_word' id='word_1_638' title='bbox 2294 3780 2508 3833; x_wconf 86' lang='lat' dir='ltr'><strong>Actum</strong></span> <span class='ocrx_word' id='word_1_639' title='bbox 2559 3777 2717 3835; x_wconf 83' lang='lat' dir='ltr'><strong>Metis</strong></span> <span class='ocrx_word' id='word_1_640' title='bbox 2769 3776 3028 3851; x_wconf 65' lang='lat' dir='ltr'><strong>publice,</strong></span> <span class='ocrx_word' id='word_1_641' title='bbox 3077 3794 3242 3833; x_wconf 89' lang='lat' dir='ltr'><strong>anno</strong></span> <span class='ocrx_word' id='word_1_642' title='bbox 3292 3778 3371 3834; x_wconf 86' lang='lat' dir='ltr'><strong>ab</strong></span> <span class='ocrx_word' id='word_1_643' title='bbox 3420 3769 3781 3832; x_wconf 87' lang='lat' dir='ltr'><strong>lnearnatione</strong></span> 
     </span>
    </p>
   </div>
   <div class='ocr_carea' id='block_1_102' title="bbox 2166 3862 3782 3938">
    <p class='ocr_par' dir='ltr' id='par_1_102' title="bbox 2166 3862 3782 3938">
     <span class='ocr_line' id='line_1_102' title="bbox 2166 3862 3782 3938; baseline -0.006 -15"><span class='ocrx_word' id='word_1_644' title='bbox 2166 3865 2403 3923; x_wconf 91' lang='lat' dir='ltr'><strong>Domini</strong></span> <span class='ocrx_word' id='word_1_645' title='bbox 2452 3869 2576 3938; x_wconf 86' lang='lat'><strong>886,</strong></span> <span class='ocrx_word' id='word_1_646' title='bbox 2627 3865 2948 3923; x_wconf 82' lang='lat' dir='ltr'><strong>indictione</strong></span> <span class='ocrx_word' id='word_1_647' title='bbox 2997 3884 3049 3922; x_wconf 81' lang='lat' dir='ltr'><strong>Iv</strong></span> <span class='ocrx_word' id='word_1_648' title='bbox 3098 3871 3487 3923; x_wconf 88' lang='lat' dir='ltr'><strong>concurrente</strong></span> <span class='ocrx_word' id='word_1_649' title='bbox 3520 3882 3569 3935; x_wconf 81' lang='lat' dir='ltr'><strong>v,</strong></span> <span class='ocrx_word' id='word_1_650' title='bbox 3609 3862 3782 3934; x_wconf 83' lang='lat' dir='ltr'><strong>epacta</strong></span> 
     </span>
    </p>
   </div>
   <div class='ocr_carea' id='block_1_103' title="bbox 2164 3948 3780 4027">
    <p class='ocr_par' dir='ltr' id='par_1_103' title="bbox 2164 3948 3780 4027">
     <span class='ocr_line' id='line_1_103' title="bbox 2164 3948 3780 4027; baseline -0.007 -16"><span class='ocrx_word' id='word_1_651' title='bbox 2164 3972 2268 4027; x_wconf 85' lang='lat' dir='ltr'><strong>xu,</strong></span> <span class='ocrx_word' id='word_1_652' title='bbox 2302 3970 2464 4012; x_wconf 90' lang='lat' dir='ltr'><strong>anno</strong></span> <span class='ocrx_word' id='word_1_653' title='bbox 2494 3972 2636 4012; x_wconf 75' lang='lat' dir='ltr'><strong>vero</strong></span> <span class='ocrx_word' id='word_1_654' title='bbox 2669 3972 2749 4019; x_wconf 87' lang='grc' dir='ltr'>ιιι,</span> <span class='ocrx_word' id='word_1_655' title='bbox 2796 3961 3082 4024; x_wconf 71' lang='lat' dir='ltr'><strong>regnante</strong></span> <span class='ocrx_word' id='word_1_656' title='bbox 3124 3956 3339 4013; x_wconf 80' lang='lat' dir='ltr'><strong>(Iarolo</strong></span> <span class='ocrx_word' id='word_1_657' title='bbox 3381 3971 3533 4024; x_wconf 87' lang='lat' dir='ltr'><strong>rege.</strong></span> <span class='ocrx_word' id='word_1_658' title='bbox 3564 3948 3780 4008; x_wconf 80' lang='lat' dir='ltr'><strong>feliciter.</strong></span> 
     </span>
    </p>
   </div>
   <div class='ocr_carea' id='block_1_104' title="bbox 2167 4034 3783 4111">
    <p class='ocr_par' dir='ltr' id='par_1_104' title="bbox 2167 4034 3783 4111">
     <span class='ocr_line' id='line_1_104' title="bbox 2167 4034 3783 4111; baseline -0.007 -10"><span class='ocrx_word' id='word_1_659' title='bbox 2167 4043 2476 4111; x_wconf 83' lang='lat' dir='ltr'><strong>Robertus,</strong></span> <span class='ocrx_word' id='word_1_660' title='bbox 2510 4051 2734 4101; x_wconf 65' lang='lat' dir='ltr'><strong>sanctae</strong></span> <span class='ocrx_word' id='word_1_661' title='bbox 2779 4045 3046 4102; x_wconf 81' lang='lat' dir='ltr'><strong>Metensis</strong></span> <span class='ocrx_word' id='word_1_662' title='bbox 3098 4046 3372 4102; x_wconf 67' lang='lat' dir='ltr'><strong>Ecclesiae</strong></span> <span class='ocrx_word' id='word_1_663' title='bbox 3426 4041 3650 4100; x_wconf 86' lang='lat' dir='ltr'><strong>humilis</strong></span> <span class='ocrx_word' id='word_1_664' title='bbox 3690 4034 3783 4109; x_wconf 87' lang='lat' dir='ltr'><strong>epi-</strong></span> 
     </span>
    </p>
   </div>
   <div class='ocr_carea' id='block_1_105' title="bbox 2167 4129 3780 4208">
    <p class='ocr_par' dir='ltr' id='par_1_105' title="bbox 2167 4129 3780 4208">
     <span class='ocr_line' id='line_1_105' title="bbox 2167 4129 3780 4208; baseline -0.006 -19"><span class='ocrx_word' id='word_1_665' title='bbox 2167 4148 2388 4206; x_wconf 92' lang='lat' dir='ltr'><strong>scopus</strong></span> <span class='ocrx_word' id='word_1_666' title='bbox 2439 4134 2809 4207; x_wconf 89' lang='lat' dir='ltr'><strong>subscripsit.</strong></span> <span class='ocrx_word' id='word_1_667' title='bbox 2844 4133 3223 4203; x_wconf 87' lang='lat' dir='ltr'><strong>Gambertus,</strong></span> <span class='ocrx_word' id='word_1_668' title='bbox 3258 4131 3635 4208; x_wconf 84' lang='lat' dir='ltr'><strong>primicerius.</strong></span> <span class='ocrx_word' id='word_1_669' title='bbox 3663 4129 3780 4183; x_wconf 85' lang='lat' dir='ltr'><strong>Lan-</strong></span> 
     </span>
    </p>
   </div>
   <div class='ocr_carea' id='block_1_106' title="bbox 2167 4213 3783 4293">
    <p class='ocr_par' dir='ltr' id='par_1_106' title="bbox 2167 4213 3783 4293">
     <span class='ocr_line' id='line_1_106' title="bbox 2167 4213 3783 4293; baseline -0.007 -16"><span class='ocrx_word' id='word_1_670' title='bbox 2167 4222 2375 4293; x_wconf 86' lang='lat' dir='ltr'><strong>fridus,</strong></span> <span class='ocrx_word' id='word_1_671' title='bbox 2408 4223 2621 4279; x_wconf 89' lang='lat' dir='ltr'><strong>abbas.</strong></span> <span class='ocrx_word' id='word_1_672' title='bbox 2675 4225 2729 4280; x_wconf 98' lang='grc'><strong>8.</strong></span> <span class='ocrx_word' id='word_1_673' title='bbox 2768 4222 2929 4278; x_wconf 88' lang='lat' dir='ltr'><strong>Everi</strong></span> <span class='ocrx_word' id='word_1_674' title='bbox 2962 4223 3224 4278; x_wconf 88' lang='lat' dir='ltr'><strong>abbatis.</strong></span> <span class='ocrx_word' id='word_1_675' title='bbox 3278 4224 3333 4281; x_wconf 95' lang='lat' dir='ltr'><strong>S.</strong></span> <span class='ocrx_word' id='word_1_676' title='bbox 3372 4219 3589 4285; x_wconf 67' lang='lat' dir='ltr'><strong>Notingi</strong></span> <span class='ocrx_word' id='word_1_677' title='bbox 3633 4213 3783 4271; x_wconf 86' lang='lat' dir='ltr'><strong>abba-</strong></span> 
     </span>
    </p>
   </div>
   <div class='ocr_carea' id='block_1_107' title="bbox 2081 4300 3782 4370">
    <p class='ocr_par' dir='ltr' id='par_1_107' title="bbox 2081 4300 3782 4370">
     <span class='ocr_line' id='line_1_107' title="bbox 2081 4300 3782 4370; baseline -0.009 0"><span class='ocrx_word' id='word_1_678' title='bbox 2081 4314 2127 4370; x_wconf 91' lang='lat' dir='ltr'><strong>D</strong></span> <span class='ocrx_word' id='word_1_679' title='bbox 2170 4310 2258 4367; x_wconf 89' lang='lat' dir='ltr'><strong>tis.</strong></span> <span class='ocrx_word' id='word_1_680' title='bbox 2308 4314 2363 4367; x_wconf 91' lang='lat' dir='ltr'><strong>S.</strong></span> <span class='ocrx_word' id='word_1_681' title='bbox 2413 4311 2723 4368; x_wconf 83' lang='lat' dir='ltr'><strong>Maintardi</strong></span> <span class='ocrx_word' id='word_1_682' title='bbox 2774 4312 3005 4367; x_wconf 87' lang='lat' dir='ltr'><strong>decani.</strong></span> <span class='ocrx_word' id='word_1_683' title='bbox 3057 4315 3111 4368; x_wconf 92' lang='lat' dir='ltr'><strong>S.</strong></span> <span class='ocrx_word' id='word_1_684' title='bbox 3147 4311 3502 4369; x_wconf 82' lang='lat' dir='ltr'><strong>Geremanni</strong></span> <span class='ocrx_word' id='word_1_685' title='bbox 3546 4300 3782 4363; x_wconf 87' lang='lat' dir='ltr'><strong>cantoris.</strong></span> 
     </span>
    </p>
   </div>
   <div class='ocr_carea' id='block_1_108' title="bbox 2169 4389 3779 4475">
    <p class='ocr_par' dir='ltr' id='par_1_108' title="bbox 2169 4389 3779 4475">
     <span class='ocr_line' id='line_1_108' title="bbox 2169 4389 3779 4475; baseline -0.008 -18"><span class='ocrx_word' id='word_1_686' title='bbox 2169 4403 2223 4457; x_wconf 84' lang='lat' dir='ltr'><strong>S.</strong></span> <span class='ocrx_word' id='word_1_687' title='bbox 2260 4400 2617 4469; x_wconf 78' lang='lat' dir='ltr'><strong>Vuilerdingi</strong></span> <span class='ocrx_word' id='word_1_688' title='bbox 2647 4401 2972 4475; x_wconf 63' lang='lat' dir='ltr'><strong>praepositi.</strong></span> <span class='ocrx_word' id='word_1_689' title='bbox 3012 4405 3065 4458; x_wconf 93' lang='lat' dir='ltr'><strong>S.</strong></span> <span class='ocrx_word' id='word_1_690' title='bbox 3104 4401 3443 4458; x_wconf 88' lang='lat' dir='ltr'><strong>Ermenaldi</strong></span> <span class='ocrx_word' id='word_1_691' title='bbox 3472 4389 3779 4472; x_wconf 80' lang='lat' dir='ltr'><strong>presbyteri.</strong></span> 
     </span>
    </p>
   </div>
   <div class='ocr_carea' id='block_1_109' title="bbox 2166 4478 3779 4561">
    <p class='ocr_par' dir='ltr' id='par_1_109' title="bbox 2166 4478 3779 4561">
     <span class='ocr_line' id='line_1_109' title="bbox 2166 4478 3779 4561; baseline -0.009 -14"><span class='ocrx_word' id='word_1_692' title='bbox 2166 4492 2221 4547; x_wconf 92' lang='grc'>8.</span> <span class='ocrx_word' id='word_1_693' title='bbox 2272 4490 2506 4561; x_wconf 90' lang='lat' dir='ltr'><strong>Segoldi</strong></span> <span class='ocrx_word' id='word_1_694' title='bbox 2556 4489 2807 4546; x_wconf 88' lang='lat' dir='ltr'><strong>comitis.</strong></span> <span class='ocrx_word' id='word_1_695' title='bbox 2858 4496 2913 4547; x_wconf 86' lang='lat' dir='ltr'><strong>S.</strong></span> <span class='ocrx_word' id='word_1_696' title='bbox 2962 4489 3262 4547; x_wconf 82' lang='lat' dir='ltr'><strong>Amalrici.</strong></span> <span class='ocrx_word' id='word_1_697' title='bbox 3315 4492 3371 4545; x_wconf 94' lang='lat' dir='ltr'><strong>S.</strong></span> <span class='ocrx_word' id='word_1_698' title='bbox 3406 4482 3691 4544; x_wconf 79' lang='lat' dir='ltr'><strong>Ramfridi.</strong></span> <span class='ocrx_word' id='word_1_699' title='bbox 3736 4478 3779 4535; x_wconf 89' lang='lat' dir='ltr'><strong>S.</strong></span> 
     </span>
    </p>
   </div>
   <div class='ocr_carea' id='block_1_110' title="bbox 2165 4570 3783 4637">
    <p class='ocr_par' dir='ltr' id='par_1_110' title="bbox 2165 4570 3783 4637">
     <span class='ocr_line' id='line_1_110' title="bbox 2165 4570 3783 4637; baseline -0.009 -1"><span class='ocrx_word' id='word_1_700' title='bbox 2165 4579 2471 4636; x_wconf 86' lang='lat' dir='ltr'><strong>Fulcherii.</strong></span> <span class='ocrx_word' id='word_1_701' title='bbox 2508 4582 2563 4637; x_wconf 95' lang='grc'><strong>8.</strong></span> <span class='ocrx_word' id='word_1_702' title='bbox 2588 4579 2897 4636; x_wconf 82' lang='lat' dir='ltr'><strong>Ludovini.</strong></span> <span class='ocrx_word' id='word_1_703' title='bbox 2934 4581 2989 4636; x_wconf 92' lang='grc'><strong>8.</strong></span> <span class='ocrx_word' id='word_1_704' title='bbox 3021 4579 3279 4635; x_wconf 84' lang='lat' dir='ltr'><strong>Bolonis.</strong></span> <span class='ocrx_word' id='word_1_705' title='bbox 3319 4580 3373 4635; x_wconf 90' lang='lat' dir='ltr'><strong>S.</strong></span> <span class='ocrx_word' id='word_1_706' title='bbox 3410 4573 3608 4633; x_wconf 84' lang='lat' dir='ltr'><strong>Eilulﬁ.</strong></span> <span class='ocrx_word' id='word_1_707' title='bbox 3633 4574 3680 4626; x_wconf 89' lang='lat' dir='ltr'><strong>S.</strong></span> <span class='ocrx_word' id='word_1_708' title='bbox 3704 4570 3783 4624; x_wconf 88' lang='lat' dir='ltr'><strong>La-</strong></span> 
     </span>
    </p>
   </div>
   <div class='ocr_carea' id='block_1_111' title="bbox 2162 4655 3778 4742">
    <p class='ocr_par' dir='ltr' id='par_1_111' title="bbox 2162 4655 3778 4742">
     <span class='ocr_line' id='line_1_111' title="bbox 2162 4655 3778 4742; baseline -0.008 -17"><span class='ocrx_word' id='word_1_709' title='bbox 2162 4668 2317 4725; x_wconf 80' lang='lat' dir='ltr'><strong>fridi.</strong></span> <span class='ocrx_word' id='word_1_710' title='bbox 2351 4670 2406 4725; x_wconf 93' lang='lat' dir='ltr'><strong>S.</strong></span> <span class='ocrx_word' id='word_1_711' title='bbox 2444 4669 2726 4725; x_wconf 88' lang='lat' dir='ltr'><strong>Leoderii.</strong></span> <span class='ocrx_word' id='word_1_712' title='bbox 2757 4672 2877 4742; x_wconf 88' lang='lat' dir='ltr'><strong>Ego</strong></span> <span class='ocrx_word' id='word_1_713' title='bbox 2907 4668 3260 4739; x_wconf 82' lang='lat' dir='ltr'><strong>Adelgarius</strong></span> <span class='ocrx_word' id='word_1_714' title='bbox 3289 4685 3360 4725; x_wconf 86' lang='lat' dir='ltr'><strong>ac</strong></span> <span class='ocrx_word' id='word_1_715' title='bbox 3401 4667 3585 4723; x_wconf 80' lang='lat' dir='ltr'><strong>vicem</strong></span> <span class='ocrx_word' id='word_1_716' title='bbox 3615 4655 3778 4715; x_wconf 86' lang='lat' dir='ltr'><strong>Haldi-</strong></span> 
     </span>
    </p>
   </div>
   <div class='ocr_carea' id='block_1_112' title="bbox 2163 4757 2751 4833">
    <p class='ocr_par' dir='ltr' id='par_1_112' title="bbox 2163 4757 2751 4833">
     <span class='ocr_line' id='line_1_112' title="bbox 2163 4757 2751 4833; baseline 0.003 -20"><span class='ocrx_word' id='word_1_717' title='bbox 2163 4758 2224 4813; x_wconf 92' lang='lat' dir='ltr'><strong>ni</strong></span> <span class='ocrx_word' id='word_1_718' title='bbox 2255 4757 2492 4815; x_wconf 82' lang='lat' dir='ltr'><strong>abbatis</strong></span> <span class='ocrx_word' id='word_1_719' title='bbox 2523 4757 2751 4833; x_wconf 90' lang='lat' dir='ltr'><strong>scripsi.</strong></span> 
     </span>
    </p>
   </div>
   <div class='ocr_carea' id='block_1_113' title="bbox 2949 4848 3035 4904">
    <p class='ocr_par' dir='ltr' id='par_1_113' title="bbox 2949 4848 3035 4904">
     <span class='ocr_line' id='line_1_113' title="bbox 2949 4848 3035 4904; baseline 0.023 -3"><span class='ocrx_word' id='word_1_720' title='bbox 2949 4848 3035 4904; x_wconf 75' lang='grc' dir='ltr'><strong>ιν.</strong></span> 
     </span>
    </p>
   </div>
   <div class='ocr_carea' id='block_1_114' title="bbox 2429 4965 3556 5019">
    <p class='ocr_par' dir='ltr' id='par_1_114' title="bbox 2429 4965 3556 5019">
     <span class='ocr_line' id='line_1_114' title="bbox 2429 4965 3556 5019; baseline -0.005 -9"><span class='ocrx_word' id='word_1_721' title='bbox 2429 4970 2790 5011; x_wconf 73' lang='lat' dir='ltr'><strong>PRlVlLEGlUI</strong></span> <span class='ocrx_word' id='word_1_722' title='bbox 2832 4970 2935 5011; x_wconf 78' lang='lat' dir='ltr'><strong>PRO</strong></span> <span class='ocrx_word' id='word_1_723' title='bbox 2975 4971 3201 5019; x_wconf 72' lang='lat' dir='ltr'><strong>QUODAM</strong></span> <span class='ocrx_word' id='word_1_724' title='bbox 3244 4965 3556 5009; x_wconf 71' lang='lat' dir='ltr'><strong>WUILERMO.</strong></span> 
     </span>
    </p>
   </div>
   <div class='ocr_carea' id='block_1_115' title="bbox 2161 5048 3775 5131">
    <p class='ocr_par' dir='ltr' id='par_1_115' title="bbox 2161 5048 3775 5131">
     <span class='ocr_line' id='line_1_115' title="bbox 2161 5048 3775 5131; baseline -0.009 -13"><span class='ocrx_word' id='word_1_725' title='bbox 2161 5061 2441 5118; x_wconf 82' lang='lat' dir='ltr'><strong>Concedit</strong></span> <span class='ocrx_word' id='word_1_726' title='bbox 2491 5062 2935 5130; x_wconf 79' lang='lat' dir='ltr'><strong>usum/‘ruclum</strong></span> <span class='ocrx_word' id='word_1_727' title='bbox 2985 5062 3213 5131; x_wconf 80' lang='lat' dir='ltr'><strong>aliquot</strong></span> <span class='ocrx_word' id='word_1_728' title='bbox 3267 5060 3552 5115; x_wconf 83' lang='lat' dir='ltr'><strong>bonorum</strong></span> <span class='ocrx_word' id='word_1_729' title='bbox 3593 5048 3775 5131; x_wconf 74' lang='lat' dir='ltr'><strong>quibus</strong></span> 
     </span>
    </p>
   </div>
   <div class='ocr_carea' id='block_1_116' title="bbox 2312 5130 3642 5188">
    <p class='ocr_par' dir='ltr' id='par_1_116' title="bbox 2312 5130 3642 5188">
     <span class='ocr_line' id='line_1_116' title="bbox 2312 5130 3642 5188; baseline -0.008 -1"><span class='ocrx_word' id='word_1_730' title='bbox 2312 5138 2491 5188; x_wconf 80' lang='lat' dir='ltr'><strong>antea</strong></span> <span class='ocrx_word' id='word_1_731' title='bbox 2515 5134 2941 5188; x_wconf 76' lang='lat' dir='ltr'><strong>monasterium</strong></span> <span class='ocrx_word' id='word_1_732' title='bbox 2970 5130 3276 5188; x_wconf 72' lang='lat' dir='ltr'><strong>Gorziense</strong></span> <span class='ocrx_word' id='word_1_733' title='bbox 3305 5130 3642 5184; x_wconf 71' lang='lat' dir='ltr'><strong>donaverat.</strong></span> 
     </span>
    </p>
   </div>
   <div class='ocr_carea' id='block_1_117' title="bbox 2229 5222 3776 5310">
    <p class='ocr_par' dir='ltr' id='par_1_117' title="bbox 2229 5222 3776 5310">
     <span class='ocr_line' id='line_1_117' title="bbox 2229 5222 3776 5310; baseline -0.007 -15"><span class='ocrx_word' id='word_1_734' title='bbox 2229 5244 2290 5295; x_wconf 87' lang='lat' dir='ltr'><strong>In</strong></span> <span class='ocrx_word' id='word_1_735' title='bbox 2338 5239 2583 5299; x_wconf 89' lang='lat' dir='ltr'><strong>nomine</strong></span> <span class='ocrx_word' id='word_1_736' title='bbox 2634 5240 2889 5296; x_wconf 89' lang='lat' dir='ltr'><strong>Domini.</strong></span> <span class='ocrx_word' id='word_1_737' title='bbox 2928 5240 3243 5310; x_wconf 77' lang='lat' dir='ltr'><strong>Bobertus,</strong></span> <span class='ocrx_word' id='word_1_738' title='bbox 3283 5242 3500 5294; x_wconf 69' lang='lat' dir='ltr'><strong>sanctas</strong></span> <span class='ocrx_word' id='word_1_739' title='bbox 3546 5222 3776 5289; x_wconf 72' lang='lat' dir='ltr'><strong>Metensis</strong></span> 
     </span>
    </p>
   </div>
   <div class='ocr_carea' id='block_1_118' title="bbox 2157 5316 3774 5403">
    <p class='ocr_par' dir='ltr' id='par_1_118' title="bbox 2157 5316 3774 5403">
     <span class='ocr_line' id='line_1_118' title="bbox 2157 5316 3774 5403; baseline -0.006 -18"><span class='ocrx_word' id='word_1_740' title='bbox 2157 5329 2424 5385; x_wconf 81' lang='lat' dir='ltr'><strong>Ecclesiae</strong></span> <span class='ocrx_word' id='word_1_741' title='bbox 2440 5329 2682 5385; x_wconf 86' lang='lat' dir='ltr'><strong>humilis</strong></span> <span class='ocrx_word' id='word_1_742' title='bbox 2695 5329 3148 5403; x_wconf 83' lang='lat' dir='ltr'><strong>archiepiscopu</strong></span> <span class='ocrx_word' id='word_1_743' title='bbox 3158 5332 3431 5384; x_wconf 79' lang='lat' dir='ltr'><strong>s.Notum</strong></span> <span class='ocrx_word' id='word_1_744' title='bbox 3444 5325 3515 5380; x_wconf 89' lang='lat' dir='ltr'><strong>sit</strong></span> <span class='ocrx_word' id='word_1_745' title='bbox 3530 5316 3774 5378; x_wconf 73' lang='lat' dir='ltr'><strong>omnibus</strong></span> 
     </span>
    </p>
   </div>
   <div class='ocr_carea' id='block_1_119' title="bbox 2154 5412 3773 5490">
    <p class='ocr_par' dir='ltr' id='par_1_119' title="bbox 2154 5412 3773 5490">
     <span class='ocr_line' id='line_1_119' title="bbox 2154 5412 3773 5490; baseline -0.006 -16"><span class='ocrx_word' id='word_1_746' title='bbox 2154 5418 2433 5474; x_wconf 74' lang='lat' dir='ltr'><strong>fidelibus</strong></span> <span class='ocrx_word' id='word_1_747' title='bbox 2444 5424 2661 5474; x_wconf 79' lang='lat' dir='ltr'><strong>sanctae</strong></span> <span class='ocrx_word' id='word_1_748' title='bbox 2677 5420 2775 5473; x_wconf 91' lang='lat' dir='ltr'><strong>Dei</strong></span> <span class='ocrx_word' id='word_1_749' title='bbox 2794 5419 3208 5479; x_wconf 80' lang='lat' dir='ltr'><strong>Ecclesiae.taui</strong></span> <span class='ocrx_word' id='word_1_750' title='bbox 3222 5412 3608 5490; x_wconf 58' lang='lat' dir='ltr'><strong>prementibus</strong></span> <span class='ocrx_word' id='word_1_751' title='bbox 3617 5415 3773 5479; x_wconf 76' lang='lat' dir='ltr'><strong>quam</strong></span> 
     </span>
    </p>
   </div>
   <div class='ocr_carea' id='block_1_120' title="bbox 2153 5491 3771 5587">
    <p class='ocr_par' dir='ltr' id='par_1_120' title="bbox 2153 5491 3771 5587">
     <span class='ocr_line' id='line_1_120' title="bbox 2153 5491 3771 5587; baseline -0.012 -23"><span class='ocrx_word' id='word_1_752' title='bbox 2153 5513 2211 5565; x_wconf 90' lang='lat' dir='ltr'><strong>et</strong></span> <span class='ocrx_word' id='word_1_753' title='bbox 2232 5506 2468 5574; x_wconf 87' lang='lat' dir='ltr'><strong>futuris,</strong></span> <span class='ocrx_word' id='word_1_754' title='bbox 2496 5507 2750 5580; x_wconf 87' lang='lat' dir='ltr'><strong>qualiter</strong></span> <span class='ocrx_word' id='word_1_755' title='bbox 2772 5507 3105 5564; x_wconf 73' lang='lat' dir='ltr'><strong>Willermus</strong></span> <span class='ocrx_word' id='word_1_756' title='bbox 3136 5506 3389 5580; x_wconf 86' lang='lat' dir='ltr'><strong>quidam</strong></span> <span class='ocrx_word' id='word_1_757' title='bbox 3428 5500 3583 5558; x_wconf 89' lang='lat' dir='ltr'><strong>dedit</strong></span> <span class='ocrx_word' id='word_1_758' title='bbox 3608 5491 3771 5587; x_wconf 57' lang='lat' dir='ltr'><strong>nobis,</strong></span> 
     </span>
    </p>
   </div>
   <div class='ocr_carea' id='block_1_121' title="bbox 2152 5590 3772 5670">
    <p class='ocr_par' dir='ltr' id='par_1_121' title="bbox 2152 5590 3772 5670">
     <span class='ocr_line' id='line_1_121' title="bbox 2152 5590 3772 5670; baseline -0.006 -15"><span class='ocrx_word' id='word_1_759' title='bbox 2152 5597 2233 5655; x_wconf 90' lang='lat' dir='ltr'><strong>ad</strong></span> <span class='ocrx_word' id='word_1_760' title='bbox 2262 5602 2497 5670; x_wconf 85' lang='lat' dir='ltr'><strong>partem</strong></span> <span class='ocrx_word' id='word_1_761' title='bbox 2523 5597 2785 5655; x_wconf 61' lang='lat' dir='ltr'><strong>ecclesia</strong></span> <span class='ocrx_word' id='word_1_762' title='bbox 2806 5598 2998 5655; x_wconf 85' lang='lat' dir='ltr'><strong>sancti</strong></span> <span class='ocrx_word' id='word_1_763' title='bbox 3023 5597 3173 5656; x_wconf 89' lang='lat' dir='ltr'><strong>Petri</strong></span> <span class='ocrx_word' id='word_1_764' title='bbox 3195 5611 3304 5652; x_wconf 83' lang='lat' dir='ltr'><strong>seu</strong></span> <span class='ocrx_word' id='word_1_765' title='bbox 3332 5590 3515 5655; x_wconf 73' lang='lat' dir='ltr'><strong>sancti</strong></span> <span class='ocrx_word' id='word_1_766' title='bbox 3534 5590 3772 5654; x_wconf 67' lang='lat' dir='ltr'><strong>Gorgon”</strong></span> 
     </span>
    </p>
   </div>
  </div>
