4034 6182
162 230 274 289 533

1709 230 2087 289 EPISTOLE.

3526 244 3631 299 534

159 353 500 410 Gorziensis
528 351 900 419 monasterii,
928 348 1229 424 quasdam
1272 367 1365 410 res
1410 368 1528 409 suae
1566 356 1837 428 proprie-
1870 367 1918 422 Α
1957 353 2185 412 ibidem
2213 359 2457 429 addere,
2492 365 2885 432 augmentare
2922 362 3015 417 vel
3065 361 3420 419 ameliorare
3456 364 3634 433 potu-

158 442 323 508 tatis,
356 442 473 500 hoc
491 448 581 499 est
599 441 663 497 in
683 455 848 514 pago
883 443 1295 513 Scarponense
1320 442 1729 512 Alneldovilla,
1751 444 1839 500 vi-

156 544 310 587 neas
340 531 495 588 duas
524 530 629 587 ubi
656 533 919 604 possunt
949 528 1148 599 colligi
1187 530 1262 587 de
1295 533 1433 588 vino
1462 532 1647 589 modii
1692 548 1837 600 xxx,

154 626 217 677 et
245 621 312 677 in
342 621 459 678 alio
487 621 641 691 loco,
674 620 736 676 in
767 619 988 676 eodem
1016 633 1199 692 pago,
1222 621 1284 677 in
1310 622 1589 680 Λᾶς,ᾱίοηὶ
1618 638 1840 679 manso

158 717 517 784 nuncupato
547 711 700 779 loco,
733 725 988 766 mansos
1018 712 1077 763 et
1111 714 1304 765 sortes
1348 725 1463 783 vm,
1494 715 1665 785 prata
1694 726 1839 768 vero

154 799 237 855 ad
267 800 675 870 colligendum
708 799 922 855 fenum
950 798 1233 854 karratas
1263 817 1515 873 Lxxxvn,
1565 801 1639 857 de
1689 802 1838 858 silva

153 885 239 943 ad
295 889 700 958 saginandum
753 900 977 961 porcos
1017 901 1172 955 CCCL,
1229 894 1287 945 et
1334 890 1634 963 mancipia
1678 895 1832 955 octo,

151 990 423 1051 quorum
460 980 582 1035 haec
616 984 757 1035 sunt
786 977 1085 1035 nomina:
1132 979 1505 1050 Lambertus,
1556 980 1839 1037 Adhelra-

152 1067 296 1133 dus,
327 1068 643 1137 Ansaldus,
678 1067 1034 1140 Aginaldus,
1083 1067 1455 1140 Agnitrudis,
1494 1070 1832 1137 Amalrada,

156 1156 445 1225 Eugenia,
476 1157 808 1214 Leudrada.
838 1160 1049 1213 Postea
1078 1170 1225 1211 vero
1258 1172 1371 1214 sua
1399 1158 1506 1215 fuit
1537 1160 1760 1232 petitio,
1779 1163 1837 1215 et

152 1246 367 1301 nostra
392 1246 648 1304 decrevit
686 1247 987 1315 voluntas,
1038 1250 1101 1302 ut
1129 1245 1184 1300 ei
1224 1250 1285 1302 et
1331 1249 1575 1320 conjugi
1623 1248 1832 1322 ipsius,

154 1334 401 1390 nomine
433 1339 607 1406 Dataa,
641 1340 703 1393 et
730 1336 835 1392 ﬁlii
865 1349 1076 1392 eorum
1105 1335 1369 1404 Achildi,
1402 1342 1525 1393 tam
1555 1339 1718 1410 ipsas
1740 1353 1832 1393 res

152 1438 314 1497 quas
340 1422 493 1480 dedit
515 1441 710 1497 quam
733 1429 790 1481 et
816 1425 986 1494 alias,
1018 1424 1094 1480 de
1126 1424 1363 1481 ratione
1394 1427 1587 1482 sancti
1608 1427 1757 1483 Petri
1777 1432 1833 1482 et

153 1511 345 1568 sancti
375 1515 674 1583 Gorgonii,
708 1514 980 1570 videlicet
1018 1514 1077 1569 in
1128 1529 1295 1585 pago
1336 1515 1719 1583 Virdunensi,
1770 1516 1829 1572 in

153 1601 290 1657 villa
320 1616 447 1673 qua:
476 1604 700 1660 dicitur
739 1603 1125 1675 Gouderlisia,
1175 1604 1505 1660 ecclesiam
1555 1620 1739 1660 unam
1771 1607 1830 1661 in

1955 442 2125 511 crint,
2155 448 2442 520 perficere
2468 450 2771 520 studeant,
2799 453 2856 505 et
2884 464 3134 506 censum
3155 451 3409 522 proinde
3455 449 3632 505 annis

1953 531 2207 599 singulis
2236 537 2295 592 in
2347 538 2663 595 festivitate
2708 538 2899 594 sancti
2943 540 3245 609 Gorgonii,
3298 556 3433 612 quae
3475 543 3564 595 est
3596 556 3633 595 v

1953 620 2091 676 ldus
2122 625 2509 699 Septembris,
2542 628 2601 683 in
2632 632 2881 697 argento
2911 627 3184 684 videlicet
3208 628 3432 685 solidos
3481 645 3519 683 ιι
3549 628 3630 684 ad

1949 715 2189 781 partem
2223 718 2408 773 sancti
2444 718 2598 773 Petri
2626 716 2965 790 persolvere
2990 732 3115 772 non
3141 719 3449 786 omittant;
3480 733 3626 773 nam

1948 804 2005 854 et
2037 799 2086 854 si
2122 802 2199 857 de
2230 805 2362 878 ipso
2383 823 2573 862 censu
2607 805 2759 861 tardi
2789 810 2894 862 aut
2915 806 3286 875 negligentes
3333 822 3627 879 apparue-

1947 888 2083 957 rint,
2138 910 2279 950 cum
2328 895 2478 965 legis
2530 896 2841 951 sanctione
2906 895 3074 950 illum
3130 895 3465 965 restituant,
3519 896 3625 951 sed

1944 978 2145 1051 ipsam
2172 985 2513 1055 precariam
2540 1000 2665 1040 non
2694 984 2968 1056 perdant.
2999 986 3133 1040 Post
3147 983 3464 1039 decessum
3481 1000 3627 1056 quo-

1944 1083 2063 1139 que
2093 1069 2358 1139 illorum,
2391 1074 2646 1146 quando
2677 1069 2922 1146 quidem
2956 1075 3110 1128 Deus
3148 1071 3420 1140 voluerit,
3456 1072 3625 1145 ipsas

1943 1172 2040 1211 res
2068 1176 2305 1230 omnes,
2337 1163 2497 1217 datm
2515 1166 2573 1217 et
2589 1166 2869 1235 acceptae,
2890 1162 3277 1229 amelioratce,
3302 1178 3439 1217 cum
3457 1163 3625 1219 omni

1946 1251 2348 1321 superposito,
2378 1252 2619 1323 absque
2643 1251 2818 1306 ullius
2840 1246 3332 1320 contradictione,
3360 1250 3452 1305 vel
3467 1250 3625 1322 judi-

1944 1334 2027 1390 cis
2050 1339 2485 1407 assignatione,
2520 1340 2602 1395 ad
2628 1344 2859 1413 partem
2890 1339 3209 1395 memorati
3236 1337 3437 1395 altaris
3480 1355 3621 1395 san-

1941 1424 2015 1479 cti
2063 1428 2213 1481 Petri
2241 1428 2331 1482 vel
2382 1429 2575 1483 sancti
2605 1429 2883 1500 Gargonii
2923 1422 3292 1484 omnimodis
3318 1432 3618 1485 revertan-

1942 1517 2053 1568 tur.
2090 1517 2302 1571 Actum
2346 1517 2409 1572 in
2449 1518 2661 1573 Gorzia
2690 1518 2949 1590 publice.
2988 1522 3163 1573 Anno
3215 1516 3293 1572 ab
3344 1518 3618 1575 incarna-

1942 1603 2099 1659 tione
2121 1606 2355 1661 Domini
2381 1611 2509 1674 903,
2542 1607 2867 1664 indictione
2884 1624 2981 1673 vu,
3008 1612 3222 1680 epacta
3240 1623 3339 1675 xx,
3364 1623 3617 1664 concur-

148 1693 371 1748 honore
398 1694 589 1749 sancti
614 1693 870 1755 Martini,
900 1693 977 1748 ad
1006 1706 1190 1764 quam
1224 1692 1453 1765 aSpicit
1495 1708 1746 1749 mensus
1777 1699 1833 1751 et
1861 1717 1902 1770 Β
1939 1698 2105 1749 rente
2138 1712 2192 1762 γ,
2212 1710 2373 1751 anno
2388 1713 2451 1750 ιιι
2482 1698 2654 1767 regni
2679 1697 2958 1754 Ludovici
2982 1697 3088 1753 ﬁlii
3117 1695 3412 1770 Arnulphi
3436 1699 3612 1769 regis.

139 1794 265 1837 sors
313 1795 350 1848 ι,
385 1786 443 1837 et
482 1781 545 1837 in
579 1781 724 1854 ipsa
750 1781 891 1836 villa
920 1796 1165 1835 mansos
1200 1783 1259 1835 et
1288 1779 1443 1835 alias
1478 1796 1599 1850 xm,
1648 1784 1705 1835 et
1756 1779 1831 1834 de

138 1871 299 1927 terris
329 1870 680 1927 arabilibUs
712 1868 1154 1925 indominicatis
1169 1868 1245 1923 ad
1271 1868 1716 1924 seminandum
1747 1869 1830 1924 in-

142 1966 227 2017 ter
252 1965 548 2034 utrasque
581 1961 873 2029 sationes,
904 1958 1136 2014 modios
1190 1974 1272 2024 cc,
1319 1959 1397 2014 de
1449 1958 1640 2031 pratis
1688 1975 1830 2014 vero

151 2051 228 2106 ad
252 2050 667 2120 colligendum
698 2049 906 2106 fenum
934 2052 1195 2105 carratas
1223 2060 1434 2118 cxcvu,
1486 2048 1702 2104 silvam
1753 2049 1831 2104 ad

151 2139 557 2209 saginandum
585 2154 812 2212 porcos
844 2155 894 2204 ι),
926 2141 983 2194 et
1012 2136 1313 2208 mancipia
1354 2154 1465 2207 xu,
1504 2137 1827 2194 Audalfum

153 2229 392 2295 scilicet,
420 2233 476 2284 et
502 2227 922 2293 Rambertum,
973 2227 1332 2282 Hormarum
1367 2230 1428 2281 et
1477 2229 1826 2296 Bernorum,

150 2317 600 2389 Tangelrudum
629 2319 689 2373 et
718 2315 1101 2379 'l‘eutardum,
1130 2314 1498 2381 Lodrudum,
1532 2315 1830 2372 Adholsir-

150 2422 348 2477 mam,
377 2406 677 2463 Wiredum
710 2411 770 2462 et
799 2404 1146 2469 Hairedum,
1177 2403 1538 2459 Rothoidam
1565 2404 1828 2461 etAehil-

148 2497 318 2567 dem,
348 2496 710 2552 beneficiare
739 2495 1117 2561 deberemus,
1150 2492 1315 2565 quod
1346 2492 1427 2549 ita
1456 2492 1728 2562 fecimus,
1757 2511 1827 2552 ea

150 2600 293 2641 vero
324 2584 556 2640 ratione
612 2587 699 2655 ut,
731 2582 1007 2655 quandiu
1049 2581 1215 2654 ipsas
1259 2595 1353 2635 res
1402 2596 1613 2637 omnes
1658 2583 1825 2641 more

148 2674 448 2748 precario,
499 2690 611 2749 per
652 2673 1018 2730 beneﬁcium
1066 2674 1343 2727 nostrum
1381 2686 1826 2729 successorum-

147 2780 269 2837 que
300 2769 674 2833 nostrorum,
704 2762 819 2819 sub
850 2777 965 2817 usu
992 2760 1340 2827 fructuaria,
1368 2760 1570 2832 quieto
1614 2762 1823 2820 ordine

144 2852 395 2909 valeant
423 2851 648 2908 habere
679 2855 737 2907 et
773 2850 1062 2921 excolere,
1094 2864 1165 2905 ac
1189 2847 1415 2904 fructus
1462 2851 1633 2902 terrea
1674 2850 1823 2905 reci-

1941 1782 2236 1839 Robertus
2301 1790 2527 1841 sanctae
2586 1787 2858 1843 Metensis
2929 1786 3206 1843 Ecclesiae
3273 1786 3613 1862 episcopus,

1941 1872 2316 1944 subscripsit.
2363 1876 2405 1943 -ι-
2454 1876 2808 1950 Rodolphus
2848 1877 3062 1948 abbas,
3109 1875 3404 1946 Seguinus
3442 1878 3617 1937 deca-

1940 1978 2075 2031 nus,
2104 1962 2449 2031 Fulnurfus,
2482 1967 2788 2039 Soiperus,
2840 1967 3278 2037 Farvavardus,
3326 1969 3611 2041 Erengus,

1940 2051 2160 2115 Harno,
2190 2051 2572 2119 Gislebertas,
2625 2056 2850 2128 'l‘eudo,
2886 2054 3264 2121 Ancedolius,
3314 2058 3607 2127 Agredus,

1940 2142 2253 2203 Barnerus,
2299 2142 2705 2215 Segeranuus,
2733 2144 3022 2216 Audinus,
3072 2138 3459 2214 Adelmadus,
3510 2150 3611 2204 Ar-

1938 2229 2235 2298 dovucus,
2301 2230 2631 2297 Johannes,
2696 2229 2885 2304 Becio,
2948 2234 3243 2304 Astagius,
3310 2230 3605 2307 Gisaldus,

1936 2309 2440 2387 Vuaudclmarus,
2491 2318 2857 2393 Tcudaldus,
2904 2318 3360 2393 Godderannus,
3407 2326 3608 2382 Amin-

1937 2421 2064 2470 cus,
2097 2403 2318 2473 Agilus,
2362 2409 2744 2481 Angeradus,
2777 2409 3068 2482 Erloinus,
3094 2408 3463 2484 Adelbertus,
3518 2414 3606 2472 Gi-

1934 2493 2210 2557 roardus,
2245 2492 2549 2564 Girardus,
2601 2499 2957 2569 Aginardus,
3007 2498 3379 2571 Adovardus,
3425 2504 3601 2579 Sege-

1935 2580 2173 2648 boldus,
2236 2581 2548 2652 Rudricus,
2591 2586 2960 2657 Anoualdus,
3011 2590 3299 2647 Barnerus
3344 2590 3601 2650 Heldou-

1935 2671 2182 2740 vardus,
2208 2666 2349 2726 item
2382 2672 2690 2747 Girardus,
2722 2676 3069 2746 Rotch‘erus,
3111 2674 3456 2751 Aribardus,
3480 2682 3600 2739 Bri-

1936 2758 2074 2827 tius,
2110 2756 2456 2828 Rotland'us,
2488 2762 2943 2837 Ragembertus,
2969 2766 3260 2842 Giroinus,
3286 2770 3599 2829 Ysemb’ar-

1934 2852 2074 2917 dus,
2104 2852 2226 2919 Ego
2255 2850 2569 2923 Seguinus,
2603 2852 2725 2911 acsi
2754 2854 3036 2927 indignus
3074 2858 3409 2917 monachus
3437 2860 3594 2919 hanc

147 2956 319 3014 pere,
382 2945 443 2997 et
506 2939 738 2996 nullam
792 2938 1058 2995 habeant
1111 2933 1470 3027 potestatem
1521 2936 1822 3027 quidquid
1853 2972 1892 3027 Ο
1933 2939 2269 3012 precariam
2300 2940 2527 3011 scripsi.

147 3030 370 3087 exinde
436 3028 754 3086 minuendi
816 3032 921 3085 aut
983 3025 1309 3093 alienandi,
1369 3024 1477 3081 sed
1522 3026 1819 3100 quidquid

154 3226 3582 3255 Μ

1790 3380 1942 3498 ΙΙ.

1570 3540 2171 3686 EPISTOLAE.

991 3788 1188 3865 (Apud
1224 3790 1516 3863 Goldast.,
1557 3795 1777 3852 Rerum
1816 3797 2140 3854 Alamann.
2182 3795 2419 3869 Script.,
2458 3799 2602 3853 tom.
2640 3798 2735 3868 ll.)

955 4106 996 4159 Ι.

212 4195 566 4253 Parentibus
605 4194 728 4250 suis
756 4199 824 4250 A.
874 4206 1070 4264 agnus
1108 4192 1440 4249 ablactatus
1490 4192 1658 4266 pium
1700 4194 1807 4252 ba-

136 4285 354 4341 latum.

212 4373 606 4447 Nupperrime
633 4388 670 4428 a
698 4373 870 4428 vobis
901 4386 1088 4429 sanus
1117 4369 1324 4427 abiens
1352 4371 1552 4428 adhuc
1574 4386 1671 4429 me
1695 4389 1803 4430 va-

132 4461 261 4517 lere
290 4462 592 4534 proﬁteor.
624 4463 759 4516 Peto
788 4474 933 4530 ergo
959 4464 1023 4515 ut
1049 4459 1371 4532 promissio
1390 4464 1588 4515 vestra
1611 4460 1687 4516 de
1712 4476 1804 4517 re-

132 4550 536 4607 munerandis
568 4548 890 4604 sudoribus
928 4548 1357 4615 magistrorum
1402 4562 1677 4604 meorum
1726 4551 1805 4606 ad

134 4639 420 4695 effectum
449 4638 667 4694 veniat.
701 4636 833 4695 Mihi
859 4637 1039 4694 etiam
1082 4637 1260 4693 veluti
1304 4651 1551 4707 peregre
1595 4638 1809 4693 consti-

135 4732 270 4784 tuto
295 4728 573 4784 omnium
604 4726 853 4797 indigno
881 4726 1246 4795 necessaria,
1278 4738 1415 4797 quae
1458 4725 1638 4781 locuti
1666 4726 1806 4782 estis

136 4816 493 4890 impendite.

941 4905 1008 4960 ll.

210 4997 278 5051 Β.
339 4993 569 5052 Caelesti
620 5009 754 5049 rore
795 4993 1030 5049 imbuto
1082 4994 1143 5048 'l‘.
1186 4990 1483 5064 quidquid
1522 4991 1667 5048 boni
1694 5008 1805 5065 po-

134 5088 271 5141 test.

214 5175 298 5228 Ex
325 5186 451 5244 quo
481 5170 839 5227 subditionis
870 5171 1087 5242 jugum
1117 5168 1415 5226 adductus
1460 5185 1615 5240 sum,
1663 5169 1805 5226 edu-

132 5262 324 5317 castis
351 5274 449 5316 me
478 5260 710 5332 absque
739 5260 903 5316 omni
944 5258 1423 5316 remuneratione
1470 5258 1806 5315 amicorum

132 5366 423 5407 meorum
452 5364 575 5406 non
605 5351 822 5405 minori
848 5349 1159 5405 dilectione
1203 5363 1388 5420 quam
1420 5348 1467 5403 si
1490 5333 1563 5405 ex
1607 5355 1805 5405 vestro

131 5438 494 5513 progenitus
522 5454 717 5495 essem
750 5454 1017 5510 corpore.
1052 5438 1202 5504 Quia
1230 5437 1389 5493 enim
1433 5438 1493 5493 in
1546 5440 1806 5509 Evange-

130 5528 222 5583 lio
253 5527 543 5599 scriptum
577 5532 681 5594 est,
719 5528 1060 5597 operarium
1104 5528 1353 5598 dignum
1379 5543 1497 5584 esse
1539 5529 1807 5584 mercede

129 5633 275 5687 sua,
301 5617 594 5690 proposui
623 5617 706 5674 ire
738 5616 816 5674 ad
832 5632 1078 5673 sonores
1106 5631 1274 5672 meas
1300 5616 1360 5672 in
1381 5616 1642 5673 insulam
1668 5633 1804 5690 quae

126 5710 391 5763 vocatur
421 5706 751 5764 Lindouva.
784 5705 870 5763 lbi
897 5705 1121 5764 arbitro
1147 5721 1244 5762 me
1274 5710 1660 5780 accepturum
1676 5722 1806 5763 esse

1926 4104 2170 4180 aliquod
2196 4107 2648 4179 munusculum,
2676 4122 2798 4183 quo
2835 4111 3064 4184 possim
3109 4114 3365 4170 vestram
3410 4129 3579 4171 vene-

1924 4197 2041 4254 rari
2071 4198 2304 4255 faciem.

2706 4291 2795 4345 III.

1995 4376 2056 4431 Β.
2094 4374 2389 4448 Splrituali
2419 4375 2552 4432 cibo
2583 4382 2847 4434 saturato
2879 4380 3291 4459 certitudlnem
3320 4382 3578 4440 famula-
3682 4370 3683 4373 “

1922 4482 2121 4520 mlDlS.

1989 4551 2188 4609 Pietati
2226 4557 2437 4610 vestrae
2467 4553 2703 4610 dolores
2746 4554 3034 4612 nuditatis
3080 4568 3229 4613 mete
3266 4557 3577 4615 erubesce-

1916 4654 2043 4698 rem
2072 4642 2287 4710 dicere,
2313 4642 2362 4698 si
2393 4636 2695 4699 miseriam
2721 4656 2908 4716 quam
2953 4645 3148 4718 patior
3188 4646 3457 4703 nesciret.
3490 4647 3576 4705 Ea

1916 4732 2146 4788 ratione
2198 4736 2440 4788 coactus
2496 4731 2752 4804 imploro
2790 4732 3236 4799 miserationem
3289 4738 3570 4807 vestram,

1916 4818 2060 4875 mihi
2104 4820 2374 4893 praestari
2419 4819 2718 4877 licentiam
2760 4818 2917 4877 exire
2959 4820 3036 4879 ad
3067 4827 3319 4880 matrem
3348 4838 3571 4895 meam,

1916 4924 2072 4980 qum,
2106 4912 2172 4963 ut
2200 4923 2396 4980 spero,
2426 4920 2549 4964 non
2598 4906 3024 4980 dedignabitur
3066 4903 3212 4968 mihi
3250 4913 3573 4995 subvenire

1915 4996 1975 5051 in
2006 4996 2332 5053 necessaris
2358 4996 2558 5053 rebus.

2699 5089 2785 5141 IV.

1986 5174 2335 5231 Parentibus
2365 5175 2486 5231 suis
2533 5175 2599 5231 Η.
2645 5180 2965 5234 coronatus
3007 5176 3213 5235 habitu
3262 5166 3574 5238 clericatus

1914 5261 2152 5325 ﬁdelem
2176 5263 2237 5319 in
2259 5260 2486 5321 Christo
2512 5263 2864 5321 orationem.

1988 5351 2293 5424 Optimum
2317 5349 2593 5409 invenisti
2617 5353 2938 5411 consilium
2977 5370 3073 5413 me
3115 5358 3573 5416 transmittendo

1914 5440 1976 5495 in
2006 5440 2435 5496 monasterium
2473 5442 2527 5499 S.
2562 5442 2706 5499 Galli
2741 5442 2819 5499 ad
2846 5440 3174 5519 disciplinae
3204 5452 3261 5503 et
3288 5436 3573 5504 doctrinae

1917 5527 2386 5584 aediﬁcationem.
2422 5529 2502 5584 Ib'l
2535 5546 2630 5586 me
2660 5531 2777 5589 alia
2796 5530 2920 5588 duo
2947 5530 3242 5591 invenisse
3259 5535 3575 5591 abundan-
3602 5542 3605 5545 '

1916 5622 2000 5673 ter
2030 5615 2335 5674 conﬁteor.
2366 5618 2500 5675 Haec
2527 5625 2616 5678 est
2653 5626 2853 5678 autem
2879 5623 3199 5695 postulatio
3226 5641 3382 5692 mea,
3428 5623 3576 5679 mihi

1914 5706 2179 5765 velocius
2198 5724 2271 5765 ex
2296 5711 2493 5768 vestra
2535 5710 2804 5785 largitate
2841 5713 3159 5771 transmitti
3197 5714 3434 5770 tertium
3460 5712 3574 5768 mi-
