4034 6182
397 210 497 299 535

1384 233 1683 290 ROBERTI
1725 228 2061 290 METENSIS
2101 226 2416 284 EPISCOPI
2458 226 2832 283 EPISTOLE.

3739 219 3844 271 530

399 363 714 422 serationis
766 364 974 418 vestrae
1012 356 1466 425 munusculum,
1500 355 1561 412 id
1588 360 1677 412 est
1695 355 1849 412 duas
1880 353 2061 411 cami-
2088 355 2136 408 A
2176 348 2562 416 Subauditur,
2612 345 2909 418 ubizeigin
2938 347 3007 414 si,
3060 343 3194 401 alde
3237 343 3508 414 gemeine
3557 344 3651 397 ter
3701 338 3843 394 sub-

399 455 543 521 sias,
574 458 630 511 et
656 453 877 508 lineam
914 447 1206 517 tunicam,
1233 447 1458 521 quibus
1508 446 1784 503 incedere
1831 443 2061 519 possim

400 560 541 599 cum
572 536 998 597 consodalibus
1021 536 1172 593 meis
1200 534 1552 601 honoriﬁce,
1584 550 1709 592 non
1724 550 1864 591 cum
1884 531 2065 589 dede-

400 648 535 688 core
566 627 872 685 nuditatis.

1201 718 1267 771 V.

475 830 710 883 Domno
739 827 805 881 Β.
834 827 894 881 Τ.
923 821 1172 879 ultimus
1198 826 1393 878 vester
1419 820 1669 890 amicus,
1710 818 1913 876 ﬁdelia
1936 833 2067 874 ora-

401 915 579 972 tionis
610 918 667 971 et
696 912 1041 970 famulatus.

475 1008 628 1061 Dum
657 1002 915 1059 occurrit
952 1001 1156 1057 animo
1185 1004 1417 1073 quanta
1461 1014 1498 1055 a
1540 999 1715 1055 vobis
1754 997 2069 1055 dilectione

404 1099 462 1152 et
483 1092 790 1151 beneﬁciis
821 1091 1056 1163 dignor,
1088 1106 1349 1161 magnus
1377 1088 1576 1162 pudor
1600 1093 1707 1157 est,
1753 1087 1900 1144 nihil
1930 1101 2069 1143 con-

406 1182 539 1254 grui
583 1182 786 1237 forsan
837 1194 1019 1252 posse
1064 1178 1415 1251 rependere.
1469 1176 1582 1233 Sed
1628 1191 1777 1247 rogo
1805 1191 1882 1232 ne
1933 1173 2070 1230 ideo

403 1287 513 1327 vos
546 1270 745 1341 pigeat
776 1272 1112 1341 ceptorum,
1142 1266 1287 1339 quia
1302 1265 1477 1321 nobis
1498 1265 1666 1321 deest
1686 1264 1860 1337 copia
1880 1261 2074 1318 redhi-

403 1358 721 1415 bitionum.
750 1360 902 1413 Nam
928 1360 1239 1428 perpetem
1274 1354 1540 1411 restituet
1569 1353 1781 1424 vicem,
1825 1352 1932 1425 qui
1965 1366 2073 1408 ne-

404 1448 629 1505 minem
657 1445 890 1521 prtemii
904 1444 1166 1519 patietur
1188 1448 1507 1500 extorrem.
1547 1443 1719 1510 Quod
1765 1447 1969 1499 autem
1997 1441 2073 1496 de

404 1533 681 1589 docendo
708 1548 900 1607 puero
928 1547 1038 1605 per
1079 1536 1353 1589 nostrum
1398 1531 1779 1588 Vodalricum
1825 1530 2075 1585 deman-

404 1621 612 1693 dastis,
638 1621 773 1677 licet
799 1621 933 1694 ipsa
959 1637 1076 1677 vox
1103 1624 1165 1676 et
1188 1621 1483 1677 memoria
1508 1621 1638 1692 jam
1666 1621 2075 1675 senescentem

2174 438 2425 506 stantia,
2459 438 2593 494 alde
2617 437 2727 494 des
2758 434 3098 494 accidentis.
3148 430 3548 506 Comparatio.
3603 432 3688 485 De
3740 428 3842 483 wi-

2172 529 2596 597 dermezunga.
2626 526 2807 597 Cujus
2827 527 2854 581 ?
2892 525 2985 582 Tis
3005 521 3417 596 comparativi,
3449 518 3592 576 alde
3622 517 3723 574 dis
3755 533 3847 573 su.

2173 615 2445 690 perlativi
2472 615 2583 671 zuo
2634 614 2816 671 demo
2857 612 3132 687 positivo.
3180 613 3394 667 Genus.
3444 608 3542 665 Tiz
3593 607 3840 663 chume.

2176 704 2740 777 Cujus?Sinalde.
2819 746 2833 760 .
3104 745 3115 757 .
3196 744 3208 757 .
3290 744 3303 756 .
3383 742 3395 755 .
3479 741 3491 754 .
3579 740 3592 752 .
3680 739 3695 753 .
3776 740 3790 752 .

2937 790 3073 847 VII].

2249 882 2475 950 Quaeris
2504 898 2541 940 a
2565 898 2664 940 me
2689 881 2838 956 quid
2867 881 2939 937 sit
2983 880 3223 937 Pascha
3270 878 3650 935 annotimum
3673 874 3705 930 ‘I
3755 875 3853 929 Est

2176 973 2573 1029 conventinus
2628 969 3143 1044 compatrinorum
3190 966 3493 1023 admissus
3541 960 3853 1035 ejusmodi

2177 1077 2285 1134 per
2309 1077 2522 1118 omnes
2553 1064 2797 1117 octavas
2827 1058 3083 1125 sabbati,
3112 1055 3319 1123 sancti,
3345 1054 3407 1110 id
3436 1058 3529 1110 est
3554 1049 3851 1124 baptismi

2178 1167 2286 1225 per
2310 1167 2561 1221 annum,
2592 1154 2649 1206 et
2676 1164 2784 1223 per
2807 1147 3078 1204 ordinem
3110 1146 3547 1217 cujuscunque,
3572 1157 3722 1198 cum
3738 1156 3853 1196 cae-

2180 1241 2316 1299 teris
2340 1240 2703 1298 convivium.
2733 1238 2906 1306 Quod
2934 1236 3215 1304 vidimus,
3255 1236 3369 1291 hoc
3398 1237 3700 1290 testamur
3718 1233 3853 1286 Pre-

2182 1331 2387 1404 sbyter
2416 1328 2761 1403 symbolum
2802 1342 2982 1401 super
3006 1325 3295 1382 infantem
3320 1323 3483 1390 dicit,
3516 1326 3578 1378 et
3618 1334 3851 1376 mensa

2180 1419 2497 1493 participat
2525 1434 2750 1491 aquam
2781 1415 3107 1491 sapientiae.
3188 1456 3199 1468 .
3280 1456 3293 1467 .
3374 1455 3387 1467 .
3469 1451 3483 1465 .
3567 1452 3582 1465 .
3668 1454 3683 1465 .
3766 1448 3780 1461 .

2965 1509 3049 1561 IX.

2254 1598 2507 1655 Domino
2538 1601 2595 1653 et
2623 1595 2827 1653 abbati
2856 1599 3064 1652 nostro
3093 1589 3471 1660 Purkhardo,
3493 1604 3613 1644 nos
3642 1587 3853 1642 fratres

406 1683 883 1781 fugiatIMmrim,’
908 1709 1297 1766 libentissime
1343 1683 1532 1779 gratia
1579 1708 1759 1765 vestri
1805 1710 2070 1763 nostram

2193 1688 2361 1744 vestri
2388 1685 2666 1760 discipuli
2695 1685 2927 1741 debitas
2957 1683 3275 1781 orationes;

404 1800 815 1873 impendimus
843 1814 1114 1872 operam.
1147 1798 1363 1855 Valete.
1400 1802 1477 1855 Ne
1508 1797 1939 1854 obliviscantur
1975 1810 2073 1851 me

407 1889 825 1946 sacratissima:
852 1887 1159 1945 orationes
1188 1893 1419 1945 vestrae.

1194 1997 1283 2049 Vl.

478 2103 548 2159 H.
591 2101 964 2159 Charissimaa
1004 2100 1169 2175 nepti
1223 2100 1497 2173 Ruodep.
1546 2098 1869 2155 Plurimam
1914 2096 2074 2154 salu-

405 2197 547 2261 tem,
584 2192 929 2248 servitutem
960 2195 1018 2247 et
1048 2190 1402 2247 orationem.

477 2282 635 2339 Mitto
660 2281 787 2353 tibi,
819 2280 1227 2347 dilectissima,
1250 2280 1406 2336 duos
1432 2278 1729 2346 homines,
1752 2281 1809 2333 et
1832 2292 1980 2348 rogo
2010 2279 2078 2333 ut

407 2374 471 2427 tu
500 2369 592 2425 his
614 2371 854 2426 tertium
891 2369 966 2425 de
999 2369 1114 2424 tuis
1145 2367 1358 2438 addas,
1404 2372 1469 2423 ut
1507 2383 1578 2424 eo
1631 2366 1885 2421 ducente
1934 2369 1991 2421 et
2019 2367 2075 2421 te

405 2458 729 2516 auxiliante
760 2458 981 2514 saltum
1029 2456 1417 2528 circumeant,
1471 2460 1536 2512 ut
1581 2454 1829 2527 aliquod
1858 2469 2075 2510 vascu-

406 2548 535 2604 lum
574 2547 885 2604 inveniant
912 2551 969 2603 et
994 2546 1145 2602 meis
1195 2546 1405 2602 usibus
1448 2544 1737 2601 deferant.
1785 2546 2075 2601 Memento

407 2638 587 2708 igitur
612 2637 753 2693 ﬁdei
782 2640 840 2693 et
869 2635 1186 2706 servitutis,
1216 2640 1273 2691 et
1300 2636 1457 2692 hanc
1496 2651 1737 2691 mecum
1764 2632 1858 2689 fac
1901 2633 2075 2688 mise-

406 2724 753 2794 ricordiam,
785 2728 849 2781 ut
878 2740 983 2781 eos
1004 2724 1087 2780 ibi
1118 2724 1387 2795 adjuves,
1420 2727 1476 2779 et
1511 2722 1590 2778 ad
1635 2738 1732 2777 me
1777 2719 2075 2777 redeunti-

410 2814 529 2870 bus
559 2818 731 2870 tuum
757 2812 1126 2885 adjutorium
1150 2811 1487 2885 impendas.

480 2902 635 2971 Vale,
669 2902 1045 2958 charissima.

1184 3008 1296 3061 Vll.

479 3116 542 3169 P.
602 3112 821 3170 Dilecto
880 3129 992 3169 suo
1050 3112 1302 3169 salutem
1356 3116 1414 3169 et
1470 3111 1805 3185 profectum
1850 3111 1913 3167 in
1968 3111 2073 3168 do-

409 3204 618 3260 ctrina.
1372 3244 1379 3252 .

478 3290 671 3347 Verba
722 3306 856 3363 quae
905 3290 986 3346 ad
1028 3306 1125 3346 me
1154 3289 1385 3363 misisti,
1415 3293 1479 3345 ut
1522 3288 1630 3346 tibi
1657 3304 1979 3363 exponam,
2011 3291 2074 3347 in

407 3379 785 3436 Theodisiam
830 3378 1104 3450 linguam
1165 3377 1457 3435 transtuli.
1499 3378 1592 3434 Sic
1652 3379 1814 3435 enim
1858 3394 2073 3436 sonare

411 3470 654 3526 debent.

479 3559 629 3625 Quia
656 3558 844 3615 virtus
875 3556 1325 3614 constillationis
1351 3556 1412 3612 in
1438 3556 1558 3613 ictu
1595 3558 1918 3630 pungentis
1965 3562 2071 3616 est.

406 3645 658 3704 Vualndo
689 3646 795 3703 des
823 3644 1102 3702 kestirnis
1133 3644 1367 3701 chraaft
1396 3644 1585 3715 terget
1613 3645 1773 3702 unde
1789 3646 1880 3702 vir
1906 3646 2076 3703 louﬁt

404 3736 467 3793 in
494 3738 560 3791 se
588 3735 836 3807 langero
873 3734 1073 3790 viriste
1105 3735 1171 3789 so
1198 3749 1343 3789 man
1368 3734 1536 3806 stupf
1559 3734 1786 3791 ketﬁon
1814 3740 1977 3807 mag.

478 3824 755 3881 Informis
801 3823 1071 3879 materia.
1117 3826 1227 3879 Taz
1272 3825 1413 3891 chit,
1460 3822 1783 3879 skAtfelbsa
1827 3821 2072 3878 zimber.

406 3913 812 3986 Intemperies.
842 3912 1171 3968 Intrerteta.

482 4004 650 4059 Fides
672 4006 761 4058 est
788 4002 1230 4075 sperandarum
1261 4002 1601 4060 substantia
1645 4017 1868 4071 rerum,
1902 4018 2077 4073 argu-

409 4095 683 4148 mentum
703 4107 828 4148 non
855 4093 1295 4164 apparentium.
1343 4096 1455 4149 Taz
1482 4091 1622 4162 chlt,
1668 4090 1927 4147 kuisheit
1956 4094 2076 4147 tere

409 4181 534 4236 nOh
559 4182 857 4251 urOugbn.

483 4272 673 4337 Quem
704 4271 858 4326 Deus
885 4269 1093 4342 diligit,
1121 4271 1281 4327 hunc
1304 4268 1575 4339 exaudit.
1612 4268 1717 4327 Cui
1768 4271 1921 4325 Deus
1951 4269 2074 4342 pla-

410 4358 652 4469 cab‘ilis‘,‘
688 4358 828 4469 huic
868 4359 1440 4469 exorabilis.LTemo
1485 4358 1582 4415 die
1632 4357 1890 4429 héiligen
1951 4358 2076 4415 helt
2105 4415 2151 4469 Β

412 4450 550 4518 sint,
583 4448 692 4504 der
718 4450 865 4519 mAg
891 4450 1118 4506 hersko
1150 4449 1428 4519 gebeton.

480 4539 546 4594 In
574 4537 906 4594 humilitate
930 4537 1228 4610 judicium
1274 4539 1406 4610 ejus
1450 4536 1760 4594 sublatum
1810 4541 1916 4593 est.
1964 4538 2076 4593 TAz

403 4628 470 4685 in
497 4627 768 4685 nidmam
797 4643 860 4683 ze
889 4628 1053 4684 rethe
1083 4644 1158 4685 ne
1186 4627 1329 4684 lieez
1354 4629 1446 4684 ωε
1478 4628 1626 4683 wtlrt
1650 4642 1715 4683 ze
1759 4626 1913 4683 léibe
1941 4626 2074 4682 um-

406 4716 627 4774 bosina
654 4716 986 4774 deumueti.

481 4810 544 4862 In
572 4807 799 4863 Pascha
824 4806 1133 4863 annotino.
1168 4804 1232 4861 Id
1258 4809 1347 4863 est
1386 4804 1657 4863 Paschali
1681 4803 1832 4861 festo
1858 4803 2073 4877 prioris

408 4895 573 4963 anni,
607 4894 666 4950 id
697 4899 804 4964 est,
842 4899 925 4951 ter
953 4895 1210 4965 férnerig
1237 4895 1396 4951 ester
1426 4896 1545 4965 teg.

479 4984 794 5057 Ypapanti.
824 4985 888 5042 Id
909 4989 997 5042 est
1016 4989 1345 5042 conventus
1378 4985 1655 5042 omnium
1680 4988 1943 5041 tetatum.

481 5077 730 5142 Nomen,
757 5090 963 5132 namo.
988 5076 1343 5143 Pronomen,
1376 5074 1505 5130 fure
1534 5073 1645 5130 doz
1669 5088 1911 5130 nomen.
1944 5076 2074 5129 Ver-

408 5163 579 5233 bum,
609 5164 805 5221 Vubrt.
838 5164 1227 5233 Adverbium,
1268 5166 1449 5222 zuoze
1472 5164 1653 5220 demo
1698 5163 1905 5220 verbo.
1937 5166 2073 5220 Par-

407 5251 701 5325 ticipium,
732 5253 1157 5325 teilnemunga.
1183 5252 1552 5327 Coniunctio,
1569 5252 1903 5324 geuugeda.
1927 5256 2075 5310 Prae-

408 5340 647 5416 positio,
680 5342 975 5399 furezeda.
1010 5343 1340 5415 Interjectio
1367 5342 1750 5400 undérvuerf.

408 5431 646 5489 Nemini
675 5437 824 5506 quot
848 5431 1169 5489 accidunt?
1198 5431 1300 5488 vui
1324 5433 1672 5505 mAnegium
1719 5432 1961 5503 vulgent
1988 5437 2073 5489 te-

407 5536 510 5579 mo
542 5521 771 5579 nomini
791 5521 821 5575 ‘I
846 5523 933 5577 VI.
966 5522 1108 5587 Qum
1131 5522 1159 5577 ‘P
1189 5521 1467 5588 Qualitas.
1500 5526 1575 5580 Te
1611 5522 1853 5580 wilichi.
1900 5525 2023 5587 Que
2044 5523 2073 5578 ?

2258 1780 2336 1833 De
2357 1776 2450 1833 his
2474 1792 2611 1850 quae
2640 1791 2785 1845 erga
2807 1791 2916 1831 vos
2948 1777 3103 1839 sunt,
3131 1768 3439 1828 laetiﬁcasti
3468 1783 3585 1825 nos
3607 1766 3853 1840 scripto,

2183 1868 2329 1941 quia
2358 1866 2548 1937 gratia
2580 1866 2679 1922 Dei
2708 1869 2864 1921 recte
2895 1867 3172 1935 aguntur.
3227 1859 3480 1932 Contigit
3525 1858 3715 1915 etiam
3762 1873 3855 1912 ve-

2185 1956 2319 2012 stris
2350 1954 2723 2013 orationibus
2753 1953 2919 2027 apud
2957 1968 3088 2021 nos,
3137 1950 3302 2025 quod
3350 1949 3429 2006 ad
3473 1947 3858 2004 communio-

2184 2061 2312 2102 rem
2337 2044 2601 2101 laetitiam
2631 2043 2904 2117 pertinet,
2936 2041 3011 2098 de
3057 2038 3457 2097 ecclesiastico
3506 2052 3723 2105 censu,
3755 2036 3856 2109 qui

2183 2134 2340 2191 furto
2368 2138 2575 2207 raptus
2605 2138 2712 2201 est,
2743 2136 2974 2206 partem
3005 2146 3117 2187 nos
3155 2144 3278 2185 non
3320 2126 3647 2184 minimam
3698 2141 3856 2182 rece-

2183 2223 2362 2296 pisse,
2395 2226 2452 2278 et
2479 2222 2678 2295 ipsum
2699 2220 2893 2276 furem
2920 2223 3164 2292 captum
3195 2217 3258 2273 in
3303 2214 3561 2272 vinculis
3613 2229 3727 2269 nos
3776 2218 3854 2269 te-

2185 2327 2344 2368 nere.
2377 2314 2477 2366 Est
2501 2310 2661 2366 enim
2692 2326 2901 2364 servus
2932 2306 3156 2363 Kerotti
3181 2306 3256 2362 de
3304 2304 3712 2361 Pettenhusen
3756 2301 3856 2357 ﬁlii

2184 2399 2458 2469 Alberici,
2492 2403 2551 2456 et
2575 2414 2801 2455 nomen
2843 2398 2973 2468 ejus
3020 2399 3243 2464 Gunzo,
3292 2398 3347 2450 et
3394 2408 3626 2448 nomen
3673 2392 3858 2464 patris

2184 2489 2315 2561 ejus
2345 2488 2596 2557 Richolf,
2629 2487 2732 2561 qui
2770 2503 2931 2543 nunc
2961 2486 3024 2541 in
3076 2485 3361 2541 comitatu
3412 2482 3731 2538 militantis
3767 2481 3857 2536 sui

2185 2577 2422 2635 Domini
2450 2581 2555 2634 est.
2591 2575 2865 2632 Reddidit
2893 2590 3035 2646 ergo
3066 2589 3377 2641 coronam,
3410 2575 3468 2628 et
3488 2587 3745 2627 auream
3767 2586 3860 2626 ca-

2182 2667 2424 2741 psulam
2454 2667 2684 2739 absque
2725 2665 3029 2738 operculo,
3079 2669 3137 2720 et
3188 2678 3385 2719 aureae
3431 2661 3634 2717 crucis
3686 2661 3859 2733 quasi

2184 2757 2419 2814 tertiam
2461 2758 2717 2829 partem.
2764 2754 2997 2826 Majoris
3041 2768 3287 2827 quoque
3333 2767 3535 2824 capsae
3574 2749 3859 2822 quaedam

2184 2846 2544 2917 fragmenta.
2575 2844 2854 2917 quamvis
2882 2843 2957 2899 de
2985 2842 3240 2914 gemmis
3271 2856 3481 2914 paucae
3514 2838 3859 2895 admodum

2183 2935 2429 2991 redditae
2484 2938 2640 2990 sunt.
2687 2932 2834 3006 Spes
2872 2937 3072 2989 autem
3117 2930 3383 2988 residuis
3434 2934 3668 2997 manet,
3718 2929 3860 3001 quia

2183 3026 2527 3099 venundata
2557 3027 2696 3080 sunt
2740 3024 2802 3079 in
2847 3038 3098 3080 manum
3129 3020 3457 3094 cujusdam
3505 3020 3862 3077 mercatoris

2183 3114 2259 3170 de
2324 3113 2669 3180 Buchouva,
2738 3113 2840 3185 qui
2913 3115 3055 3168 Pero
3122 3110 3358 3174 dicitur,
3431 3114 3490 3165 et
3538 3109 3863 3182 quondam

2182 3201 2264 3257 ibi
2293 3201 2660 3258 monetarius
2685 3205 2832 3269 erat,
2860 3199 3048 3256 multa
3076 3200 3321 3273 duoque
3349 3198 3412 3255 in
3440 3213 3671 3255 manus
3707 3200 3863 3255 Con-

2185 3292 2600 3348 stantiensium
2644 3296 3068 3359 mercatorum,
3111 3305 3371 3363 quorum
3420 3288 3681 3345 nomina
3724 3291 3865 3343 sunt

2185 3383 2399 3452 Eccho,
2470 3380 2761 3449 Chomuli,
2820 3380 3083 3447 Vuoveli,
3162 3379 3371 3447 Atbeli,
3441 3381 3703 3449 Engezo,
3757 3380 3863 3433 Te-

2185 3471 2458 3541 genhart.
2492 3474 2648 3526 Deus
2690 3485 2835 3526 vero
2872 3468 3200 3542 quemdam
3257 3472 3619 3523 extraneum
3672 3464 3865 3521 homi-

2183 3575 2324 3615 nem
2379 3559 2458 3615 ad
2503 3574 2614 3615 nos
2658 3558 2886 3615 mittere
2946 3557 3228 3627 dignatus
3295 3566 3403 3624 est,
3463 3555 3573 3629 qui
3630 3553 3863 3611 occulte

2186 3648 2298 3705 sibi
2326 3652 2573 3722 pactum
2595 3647 2724 3704 ﬁeri
2751 3647 2897 3721 petit
2930 3646 3004 3702 de
3036 3646 3223 3718 pretio
3270 3645 3533 3702 duarum
3564 3643 3862 3701 librarum

2184 3753 2296 3812 pro
2345 3736 2638 3808 delatura,
2688 3741 2754 3792 ut
2804 3736 2931 3791 htec
2969 3734 3349 3809 patefaceret.
3397 3734 3531 3806 Ipse
3583 3749 3725 3789 vero
3768 3749 3864 3789 ac-

2186 3831 2358 3900 cepto
2387 3831 2564 3900 pacto
2598 3826 2726 3882 sine
2756 3840 2929 3881 mora
2955 3824 3196 3881 fratrem
3229 3828 3546 3880 Annomen
3581 3822 3663 3879 ad
3704 3823 3861 3878 Con-

2187 3915 2468 3973 stantiam
2521 3915 2709 3983 duxit,
2759 3914 2864 3971 ubi
2918 3912 3245 3987 particulas
3293 3911 3424 3969 auri
3473 3911 3859 3981 fabrefactas,

2185 4020 2339 4077 quas
2393 4004 2694 4075 cognovit,
2750 4019 2787 4059 a
2845 4001 3244 4073 Tegenhardo
3306 4000 3443 4057 fecit
3507 4000 3861 4073 praesentari

2188 4093 2321 4148 sibi.
2350 4093 2464 4149 Sed
2492 4092 2587 4149 ille
2638 4108 2674 4148 a
2722 4093 2947 4148 Perone
2995 4091 3070 4148 de
3114 4090 3479 4146 Puochouva
3521 4106 3585 4145 se
3641 4090 3859 4145 emisse

2188 4198 2291 4239 eos
2317 4186 2563 4238 testatus
2591 4186 2700 4238 est.
2732 4180 2874 4237 Inde
2902 4180 3084 4237 frater
3110 4179 3270 4237 idem
3319 4178 3398 4237 ad
3441 4182 3737 4236 Peronem
3768 4194 3862 4233 ve-

2188 4272 2359 4328 niens
2391 4288 2497 4345 per
2529 4273 2843 4343 Hugonem
2885 4274 3148 4327 vestrum
3204 4268 3453 4326 militem
3500 4268 3700 4326 furem
3750 4268 3859 4324 sibi

2188 4360 2249 4417 in
2273 4361 2457 4418 domo
2491 4379 2603 4419 sua
2633 4360 2964 4418 latitantem
3010 4364 3279 4416 monstra
3326 4358 3484 4426 fecit,
3518 4377 3532 4427 ;
3588 4358 3698 4432 qui
3747 4363 3863 4413 sta-

2188 4452 2296 4508 tim
2360 4456 2571 4525 captus
2637 4451 2750 4507 sub
2810 4456 2967 4509 terra
3042 4449 3405 4507 occultatum
3477 4448 3860 4511 thesaurum,

2185 4544 2481 4614 quantum
2513 4540 2625 4597 sibi
2650 4540 2958 4609 remansit,
2990 4538 3270 4604 reddidit,
3300 4541 3467 4594 Nunc
3483 4537 3662 4593 vobis
3684 4552 3865 4607 agen-

2184 4631 2334 4687 dum
2364 4636 2452 4687 est
2479 4647 2619 4687 cum
2648 4646 2807 4702 rege,
2843 4634 2909 4686 ut
2934 4628 3207 4685 advocati
3236 4628 3550 4700 utriusque
3593 4626 3862 4684 ecelesim

2185 4724 2363 4777 tanta:
2394 4719 2480 4776 rei
2507 4724 2813 4777 exactores
2842 4718 3012 4786 ﬁant,
3041 4722 3100 4773 et
3126 4717 3188 4773 in
3227 4733 3409 4773 suum
3447 4716 3658 4772 locum
3702 4717 3865 4771 resti-

2182 4814 2372 4867 tuant.
2411 4814 2526 4867 Nec
2552 4809 2699 4865 illud
2726 4809 2930 4866 minus
2961 4806 3370 4864 intimandum
3393 4811 3485 4863 est
3500 4805 3863 4878 vobis,quia

2181 4899 2359 4971 longe
2406 4900 2643 4956 minora
2682 4904 2740 4955 et
2783 4899 3075 4973 pauciora
3126 4902 3284 4966 sunt,
3333 4911 3522 4970 quam
3578 4896 3861 4968 putastis,

2182 5004 2318 5061 quae
2349 5005 2385 5045 a
2410 4988 2618 5044 vestris
2637 4986 3073 5044 ministralibus
3095 4986 3156 5042 in
3180 5001 3356 5041 usum
3399 4987 3679 5040 nostrum
3702 4983 3866 5040 exhi-

2182 5077 2307 5133 beri
2326 5076 2609 5149 jussistis,
2656 5081 2715 5132 et
2765 5080 2992 5149 quanta
3022 5078 3325 5147 grassatur
3351 5073 3411 5129 in
3451 5077 3665 5129 nostra
3713 5076 3869 5129 terra

2181 5166 2371 5223 boum
2423 5165 2816 5238 omniumque
2868 5164 3172 5238 pecudum
3222 5161 3577 5228 mortalitas,
3632 5166 3704 5217 ut
3765 5175 3867 5217 rex

2183 5271 2291 5329 per
2318 5270 2429 5311 nos
2458 5254 2717 5311 reditum
2747 5254 2968 5327 ceperit
2990 5253 3310 5309 decernere
3340 5250 3456 5324 ipsi
3486 5249 3776 5306 habeatis
3793 5249 3867 5305 de

2185 5345 2320 5413 hac,
2352 5336 2527 5416 quasi
2550 5342 2784 5416 Egypti
2815 5342 3019 5415 plaga,
3050 5355 3321 5411 suggere.
3358 5339 3469 5404 Qui
3516 5342 3607 5393 est
3659 5342 3867 5395 autem

2186 5432 2509 5489 altissimus
2535 5432 2707 5489 vobis
2737 5430 2990 5488 Domino
3039 5433 3243 5486 nostro
3293 5443 3591 5501 prospera
3643 5433 3870 5485 cuncta

2189 5522 2499 5578 concedat.
