3980 6182
384 236 488 296 539

1365 237 1421 293 S.
1472 228 1844 292 RADBODUS
1884 225 2380 291 TRAIECTENSIS
2419 232 2812 294 EPISCOPUS.
3641 241 3720 295 540

387 380 424 420 a
451 377 594 435 vero
625 360 835 435 aliena
849 358 1063 425 dicere,
1091 362 1286 435 exstat
1306 359 1605 435 integrum
1629 357 1789 414 beati
1810 356 2036 435 Martini
2070 362 2115 413 A
2145 358 2433 435 :l‘rajecto,
2476 378 2537 417 se
2566 361 2804 435 recepit.
2842 360 2996 426 Quin
3024 360 3200 435 etiam
3235 375 3423 435 anno
3448 365 3540 417 914
3559 364 3723 435 privi-

389 432 684 501 Ofﬁcium,
714 432 791 487 ab
822 431 952 504 ipso
1010 428 1492 504 compositumf»
1544 434 1622 486 De
1680 428 2037 504 Amalbcrga

388 506 611 573 virgine
634 499 915 559 librum'a
941 499 1257 573 Trithemio
1299 502 1628 557 indicatum
1676 516 1787 573 ms.
1848 499 2038 573 codex

391 571 728 645 Bigotianus
753 573 897 645 olim
912 572 1418 645 complectebatur
1439 574 1553 628 hoc
1572 571 1738 628 titulo
1773 589 1784 625 :
1821 572 2039 645 Tamet-

393 643 483 703 lus
512 645 716 701 damni
764 643 1082 699 Radboudi
1108 652 1332 701 sancite
1365 644 1755 714 Trajectensis
1784 643 2040 698 ecclesiae

389 717 647 787 episcopi
691 715 763 770 de
830 715 962 770 Vita
1014 716 1069 771 et
1128 716 1354 787 meritis
1399 716 1732 787 parasz
1759 714 2038 787 _virginis

387 784 784 856 Amalbergae.
820 787 1116 841 Tomellus
1135 784 1232 842 hic
1282 784 1430 842 nihil
1479 791 1566 842 est
1615 784 1779 841 aliud
1829 788 2040 856 praeter

387 854 696 930 homiliani
726 873 762 912 a
781 856 1097 930 Trithemio
1118 856 1448 930 laudatam,
1479 872 1771 930 quamﬂex
1823 854 2039 930 eodem

387 929 590 985 codice
622 928 930 1000 Bigotiano
953 928 1248 1000 superius,
1279 929 1382 983 ubi
1408 926 1482 983 de
1498 924 1873 995 ’Amalberga
1920 925 2039 1000 vir-

388 944 590 985 conice
622 944 681 983 δι
727 944 930 982 onano
953 944 1248 1000 superius,
1279 944 1382 983 ubi
1408 944 1482 983 ue
1513 944 1873 995 amamerga
1922 944 2039 979 vrr-

388 1001 542 1071 gine,
574 944 1016 1071 pubgiicavimus
1047 1000 1237 1071 (infra
1278 1002 1400 1071 col.
1441 1003 1587 1062 553).
1641 1003 1705 1054 ln
1759 996 1960 1071 saeculi
1982 1013 2039 1050 IIl

389 1068 557 1144 parte
578 1068 624 1144 ἱ,
649 1070 742 1144 ad
760 1069 945 1125 Vitam
977 1069 1880 1144 _S.__VVillibrordisermonemin
1912 1068 1961 1138 ej
1973 1085 2041 1144 us

391 1138 585 1213 natali
604 1140 877 1196 habitum
905 1141 1285 1213 exhibuimus
1308 1142 1498 1213 (435‘),
1525 1141 1628 1213 qui
1658 1140 1857 1195 nescio
1876 1138 2039 1213 anis

392 1214 519 1284 ipse
545 1212 618 1267 sit
644 1227 827 1283 quem
860 1212 1206 1284 Trithemius
1238 1210 1761 1284 Radbodro'nostro
1796 1210 2037 1284 tribuit.

392 1280 605 1338 Praeter
633 1280 705 1338 ea
729 1298 865 1351 quae
897 1283 1190 1338 Radbodo
1220 1283 1570 1339 Trithemius
1596 1283 1880 1351 assignat,
1914 1280 2045 1335 Wil-

390 1354 603 1409 lelmus
620 1353 694 1408 de
716 1352 880 1407 Heda
907 1354 1196 1426 nonnulla
1227 1355 1357 1423 ejus
1391 1359 1673 1426 poemata
1699 1353 2037 1425 descripsit,

389 1440 525 1496 quae
550 1440 660 1496 pro
677 1428 953 1496 tempore
980 1424 1309 1495 elegantem
1361 1423 1616 1480 auctoris
1673 1423 1911 1496 venam‘
1953 1439 2042 1477 ar-

392 1494 600 1564 guunt.
637 1494 1150 1551 ldem’Willelmus
1183 1496 1454 1551 Badbodi
1481 1496 1661 1550 breve
1685 1495 2042 1550 Chronicum

388 1566 602 1638 retulit,
631 1582 703 1621 ex
731 1581 854 1637 quo
884 1564 1008 1638 initi
1038 1567 1116 1622 ab
1145 1566 1279 1638 ipso
1306 1564 1688 1638 pontiﬁcatus
1734 1581 1958 1638 annum
1989 1570 2044 1620 et

391 1636 506 1692 alia
535 1637 665 1706 ejus
725 1636 1008 1707 temporis
1062 1636 1227 1705 gesta
1281 1636 1590 1692 discimus.
1640 1636 1901 1707 Denique
1933 1638 2041 1692 Su-

390 1707 514 1761 rius
572 1712 733 1761 torno
787 1710 850 1761 Vl
911 1707 1197 1776 Eglogam
1250 1708 1323 1763 de
1407 1710 1460 1765 S.

395 1777 708 1851 eidemque
776 1777 1063 1833 Radbodo
1102 1779 1358 1834 ascribit.
1404 1782 1534 1834 Haec
1571 1778 1647 1833 de
1700 1778 1827 1847 ejus
1859 1778 2042 1851 scrip-

395 1849 488 1904 tis.

468 1924 519 1992 5.
565 1923 738 1973 Anno
790 1918 981 1992 igitur
1014 1919 1119 1992 qui
1184 1919 1712 1992 nongentesimum
1764 1920 2046 1992 praecedit

395 1989 722 2060 desinente,
747 1989 827 2044 ad
854 1989 1191 2060 Trajectinae
1218 1991 1375 2046 sedis
1434 1990 1742 2059 fastigium
1768 1989 2044 2045 'vocaaus

396 2059 740 2126 Radhodus,
775 2059 1041 2115 clericale
1072 2062 1317 2117 schema
1338 2078 1477 2117 cum
1499 2061 1831 2117 monastico
1889 2078 2047 2116 com-

394 2130 686 2196 mutavit;
716 2144 977 2202 moxque
1003 2132 1293 2188 creditum
1317 2131 1429 2187 sibi
1461 2147 1703 2258 gregem
1760 2132 1945 2187 verbo
1991 2136 2048 2188 et

395 2201 670 2258 exemplo
699 2202 862 2258 navit
891 2203 1149 2258 assidue.
1181 2204 1510 2258 Temnora'
1555 2205 1799 2258 auoaue
1854 2203 2045 2258 insius

395 2201 670 2276 exemplo
699 2202 862 2276 pavit
891 2201 1149 2276 assidue.
1181 2201 1524 2276 Temporali
1544 2201 1799 2276 quoque
1854 2203 2045 2276 ipsius

395 2272 662 2346 subsidio
683 2272 867 2346 cavit,
897 2273 1213 2346 impetrata
1238 2272 1594 2331 ab'Arnulfo
1630 2272 1898 2346 ejusque
1922 2274 2045 2346 tilio

396 2342 784 2415 Zuentiboldo
815 2342 1060 2414 regibus
1093 2346 1427 2411 Daventria,
1460 2361 1597 2401 cum
1628 2342 2045 2415 adjaéentibus

394 2414 654 2487 praediis,
713 2414 773 2469 in
827 2431 963 2487 qum
1006 2416 1159 2482 loca,
1209 2416 1508 2473 destructo
1560 2432 1599 2472 a
1664 2414 2044 2472 Nortmannis

2144 429 2367 498 legium
2398 448 2433 504 ξ).
2465 429 2738 489 Conrado
2769 431 3164 504 regeiaccepit
3192 431 3268 504 ab
3311 430 3464 504 Heda
3487 429 3723 504 relatum,

2146 517 2269 573 quo
2299 502 2559 574 ecclesiae
2592 521 2714 559 sure
2746 502 2984 574 praediis
3016 502 3340 573 ac'juribus
3384 502 3650 559 tuitionem
3673 522 3725 561 ac

2149 573 2524 630 securitatem
2573 573 2927 630 consecutus
2984 578 3091 629 est.
3144 574 3399 629 Tandem
3450 590 3571 629 cum
3614 576 3727 631 inter

2148 642 2485 717 frequentes
2567 660 2947 717 paganorum
3013 644 3302 716 procellas
3362 641 3485 717 hac
3526 644 3726 717 illacque

2148 713 2361 771 tutanti
2402 713 2828 789 gregisfergo
2878 713 3281 789 Adiscurrisset,
3325 714 3490 789 apud
3543 713 3728 789 Homer-

2151 801 2284 840 sum
2367 788 2488 842 sive
2538 786 3018 844 ﬁOthemarshem
3085 786 3397 851 occubuit,
3466 786 3727 842 Daventrie

2150 856 2435 930 sepultus.
2504 859 2697 916 Mortis
2755 859 2885 930 ejus
2949 858 3103 913 diem
3158 874 3223 911 111
3277 856 3395 912 Kal.
3456 857 3729 912 Decembris

2150 926 2507 997 consignant
2564 926 2801 994 omnes;
2862 929 2921 983 in
2973 944 3133 984 anno
3189 943 3328 983 vero
3382 932 3619 983 auctores
3661 946 3729 983 va-

2149 998 2322 1065 riant,
2357 1000 2485 1056 aliis
2514 1016 2744 1055 annum
2767 999 3295 1069 nongentesimum
3322 998 3607 1069 decimum
3636 1014 3730 1053 sex-

2149 1073 2278 1125 tum
2329 1075 2432 1145 aut
2475 1071 3207 1145 septimumnotantibus,
3258 1068 3381 1124 aliis
3427 1075 3726 1145 sequentem,

2150 1141 2457 1196 nonnullis
2514 1139 2677 1212 v’ero
2705 1142 3007 1198 decimum
3054 1157 3285 1196 nonum
3331 1139 3727 1212 praeferentibus.

2151 1216 2360 1267 Annus
2389 1218 2525 1285 post
2554 1211 2852 1285 Christum
2891 1217 3100 1268 natum
3141 1210 3730 1285 nongentesimusdeci-

2150 1300 2287 1409 Snus
2317 1281 2564 1339 octavus
2597 1284 2884 1339 Radbodo
2913 1288 3257 1356 postremus
3301 1281 3475 1337 fuisse
3500 1281 3646 1337 nobis
3670 1282 3730 1336 vi-

2195 1371 2225 1409 e
2257 1371 2342 1409 ur.

2195 1360 2342 1410 etur.

2224 1430 2273 1479 6.
2301 1420 2579 1496 Radbodi
2610 1426 2981 1480 sanctitatem
3010 1439 3354 1496 anonymus
3370 1428 3553 1479 noster
3572 1421 3731 1496 eximie

2151 1495 2432 1621 praedicat
2456 1514 2468 1550 :
2504 1496 2609 1551 sed
2638 1496 2740 1568 qui
2769 1500 2907 1568 post
2932 1495 3130 1568 ipsum
3158 1492 3353 1574 sancti
3379 1509 3579 1574 nomen
3600 1492 3643 1547 ei
3666 1494 3732 1548 tri-

2202 1571 2347 1621 uerit
2371 1572 2505 1621 ante
2536 1567 2839 1621 Adamum
2877 1570 3256 1621 Bremensem
3295 1582 3353 1619 in
3384 1566 3510 1619 Hist.
3540 1580 3648 1621 can.
3685 1568 3726 1617 il

2202 1567 2347 1622 uerit
2371 1572 2505 1622 ante
2536 1564 2839 1621 Ada‘mu‘m
2877 1564 3256 1621 Bremensem
3295 1566 3353 1619 in
3384 1564 3510 1619 Hist.
3537 1580 3651 1636 cap.
3685 1568 3726 1617 2t

2152 1637 2286 1703 lego
2339 1639 2662 1693 neminem.
2719 1638 2941 1707 Regino
2994 1638 3054 1691 in
3115 1636 3402 1692 Chronico
3444 1634 3731 1707 Radbodum

1530 1704 1825 1790 Lemano—
1846 1706 2040 1787 refert,
2073 1738 2117 1790 Β
2156 1710 2551 1790 venerabilem
2578 1713 2781 1790 “vocat
2808 1704 3141 1790 antistitem
3161 1726 3189 1790 ς.
3223 1705 3581 1790 Joannesnde

2155 1782 2350 1835 virum
2386 1782 2678 1837 veraciter
2714 1786 3028 1846 sanctum;
3078 1778 3291 1833 eadem
3342 1776 3413 1831 de
3452 1776 3541 1831 illo
3584 1774 3735 1831 scribit

2155 1847 2476 1905 Willelmus
2525 1850 2599 1905 de
2657 1850 2834 1915 Heda,
2880 1848 3255 1913 Trithemius,
3310 1847 3496 1913 Wion,
3544 1847 3732 1913 Mittens,

2153 1921 2440 1989 Molanus,
2501 1921 2866 1993 Cratepolius
2897 1924 2969 1994 et
3015 1920 3114 1975 alii
3158 1920 3381 1992 passim
3429 1916 3732 1994 recentiores.

2153 1986 2469 2047 Auctorem
2498 1986 2770 2047 nostrum
2795 1986 3294 2063 audireprte'stat,
3335 1992 3621 2063 postquam
3641 1986 3733 2063 cbi-
3768 2032 3774 2040 .

2153 2066 2240 2117 ter
2268 2063 2670 2133 notaverimus
2717 2062 2955 2133 largiter
2997 2057 3120 2117 falli
3166 2077 3269 2117 eos
3317 2057 3417 2133 qui
3444 2057 3732 2133 Radbodum

2153 2137 2428 2209 nostrum
2493 2132 2730 2209 ﬁngunt
2753 2123 2948 2209 _r6g_nl
2991 2123 3593 2209 archicancéllarium:
3649 2123 3735 2181 Hoc

2154 2204 2313 2281 enim
2368 2199 2613 2281 munusw
2649 2199 2957 2281 Radboiio
2990 2202 3321 2281 Trevirensi
3359 2199 3734 2281 archiepiscopo

2154 2275 2420 2331 delatum
2447 2280 2554 2345 est,
2583 2291 2707 2331 non
2739 2274 3116 2345 Trajectensi,
3152 2280 3216 2330 ut
3244 2290 3314 2330 ex
3342 2272 3509 2329 variis
3537 2272 3642 2341 ejus
3661 2272 3735 2321 aevi

2155 2345 2561 2402 monumentis
2588 2347 2757 2402 facile
2788 2346 3101 2416 colligitur.

462 2492 638 2573 (435‘)
672 2506 905 2559 Frustra
925 2504 1401 2576 requirereturin
1428 2503 1562 2561 loco
1592 2504 1771 2560 citato
1792 2504 1999 2561 Sermo
2029 2504 2103 2561 de
2132 2519 2254 2577 quo
2285 2505 2382 2562 hic
2414 2505 2628 2575 agitur.

1601 2810 2150 2934 INCIPIT
2258 2814 2598 2936 VITA

2262 3093 2265 3095 .
2275 3090 2315 3097 ...α-

473 3194 520 3248 1.
552 3193 827 3249 Radbedi
840 3194 1100 3249 nominis
1124 3200 1371 3264 etymon
1400 3207 1423 3263 ;
1449 3200 1791 3251 maternum
1814 3208 2001 3265 genus
2032 3206 2055 3267 ,'
2085 3198 2129 3255 C’
2161 3197 2318 3266 regis
2382 3197 2674 3271 palatium
2734 3196 3072 3254 liberalium
3125 3193 3558 3269 disciplinarum
3596 3186 3740 3245 studia

398 3284 599 3340 studia
631 3285 992 3341 litterarum.
1039 3284 1275 3341 Scholae
1318 3285 1616 3354 palatina?
1670 3284 1957 3342 adhaeret.
1988 3317 2054 3325 ——

400 3375 610 3430 Beatus
636 3370 985 3442 Radbodus,
1018 3385 1050 3428 e
1081 3368 1269 3429 nobili
1300 3370 1662 3429 Francorum
1688 3389 1904 3443 genere
1923 3389 2057 3447 pro-

398 3463 636 3531 gnatus,
661 3464 940 3533 parentes
972 3458 1510 3518 Christianissimos
1541 3461 1771 3533 habuit,
1824 3468 1883 3518 et
1928 3462 2056 3536 ipse

399 3550 521 3606 suis
544 3546 772 3606 meritis
792 3564 1017 3621 magno
1040 3555 1399 3607 ornamento
1446 3551 1676 3608 mundo
1719 3551 1847 3608 fuit.
1909 3555 2056 3608 Nam

396 3638 475 3695 ab
505 3639 649 3713 ipsis
677 3652 866 3712 prope
895 3638 1278 3696 incunabulis
1290 3639 1419 3711 jam
1445 3639 1648 3696 animo
1673 3635 1958 3698 tendebat
1977 3639 2056 3698 ad

395 3728 598 3785 caelos.
632 3730 861 3786 Nomen
886 3730 1016 3801 ejus
1048 3728 1334 3802 mysterio
1364 3746 1488 3786 non
1513 3735 1710 3801 vacat,
1729 3731 1893 3803 quod
1921 3748 2056 3787 con-

393 3820 519 3876 silii
544 3821 823 3876 nuntium
854 3818 1053 3876 Latine
1084 3835 1278 3891 possm
1298 3820 1567 3875 reddere.
1589 3821 1876 3877 AChristo
1893 3820 2051 3876 enim

396 3909 721 3964 mittendus
749 3912 877 3964 erat
903 3908 1116 3980 optimi
1147 3908 1379 3964 consilii
1405 3908 1638 3978 legatus
1667 3910 1746 3964 ad
1776 3908 1989 3965 Frisios
2017 3924 2056 3965 a

397 3995 617 4069 quibus
634 4002 974 4051 maternum
990 3995 1242 4052 duxerat
1262 4010 1451 4066 genus
1473 3996 1642 4068 (436),
1661 3996 1883 4068 quibus
1901 4002 2053 4053 certe

397 4084 620 4158 optime
648 4080 966 4141 consuluit.
999 4085 1127 4140 Dux
1156 4082 1473 4141 Frisonum
1503 4082 1850 4156 Radbodus,
1872 4100 2054 4159 quem

398 4172 496 4228 alii
527 4187 729 4242 regem
756 4178 989 4240 vocant,
1021 4174 1226 4229 matris
1255 4174 1385 4245 ejus
1413 4178 1624 4230 atavus
1673 4174 1781 4230 fuit
1810 4193 1823 4242 ;
1883 4176 2054 4246 cujus

397 4276 621 4317 nomen
651 4261 703 4316 ei
732 4265 922 4317 mater
950 4261 1253 4334 imposuit.
1289 4266 1435 4319 Cum
1494 4264 1758 4337 primum
1815 4264 2054 4321 dicendi

398 4364 590 4424 capax
607 4365 739 4406 esse
767 4346 931 4406 visus
953 4354 1063 4422 est,
1085 4348 1391 4408 discendis
1416 4350 1619 4408 litteris
1643 4350 1923 4409 admotus
1944 4357 2050 4410 est.

395 4438 604 4496 Primae
634 4440 821 4496 mtatis
852 4444 1090 4513 tempus
1113 4441 1307 4510 exegit
1329 4440 1492 4515 apud
1517 4442 1883 4498 Guntherum
1905 4442 2052 4515 (437]

2161 3286 2445 3359 praeclare
2475 3286 2633 3343 clare
2664 3285 3016 3344 colerentur.
3049 3286 3306 3340 Praeerat
3335 3285 3521 3340 autem
3546 3286 3740 3351 gymna-

2163 3372 2251 3431 sio
2270 3375 2353 3430 illi
2377 3377 2590 3433 Manno
2610 3375 2741 3447 [al.,
2770 3375 3001 3447 Nanno]
3024 3370 3438 3447 philosophus,
3461 3368 3545 3427 cui
3561 3369 3740 3423 sationis

2162 3481 2311 3537 puer
2329 3464 2563 3520 fervens
2602 3463 2873 3522 discendi
2922 3463 3119 3520 studio
3160 3462 3404 3520 sedulus
3450 3453 3739 3516 adhaerebat.

2233 3560 2286 3611 2.
2308 3549 2584 3611 Radbodi
2605 3557 2769 3612 socii.
2814 3582 2886 3595 -—-
2912 3556 3088 3610 Erant
3119 3556 3325 3609 autem
3354 3552 3406 3608 ei
3429 3536 3739 3615 condiscipuli

2164 3644 2500 3715 Stephanus
2530 3644 2678 3715 (439)
2708 3647 2766 3699 et
2807 3640 3053 3709 Mancio,
3085 3642 3260 3699 aetate
3281 3638 3514 3714 quidem
3540 3629 3741 3706 superio-

2161 3748 2275 3798 res,
2309 3730 2412 3787 sed
2446 3748 2570 3788 non
2598 3735 2802 3787 tamen
2833 3728 3048 3787 studio.
3084 3730 3293 3803 Itaque
3323 3728 3467 3786 inter
3483 3722 3597 3782 illos
3618 3716 3740 3777 eisii-

2162 3821 2228 3876 tit
2254 3819 2355 3892 pia
2379 3820 2663 3892 quaedam
2691 3818 3016 3890 aemulatio,
3042 3819 3490 3889 conabaturque
3509 3813 3630 3869 alter
3644 3806 3742 3864 alte-

2162 3891 2296 3965 rum
2325 3891 2631 3981 excellere,
2663 3926 2786 3966 non
2814 3909 3059 3966 honoris
3088 3908 3434 3975 ambitione,
3478 3902 3569 3960 sed
3604 3891 3742 3955 humi-

2160 3996 2340 4070 litate,
2371 3980 2617 4070 legendi
2638 4003 2693 4055 et
2724 3995 2992 4054 discendi
3018 3995 3346 4068 diligentia.
3398 3992 3631 4061 Quorum
3666 3980 3741 4038 vir-

2161 4093 2255 4144 tus
2281 4105 2352 4144 eo
2373 4104 2692 4161 progressa
2729 4091 2816 4144 est
2868 4091 2931 4142 ut
2981 4103 3103 4143 non
3149 4087 3341 4143 multo
3386 4087 3512 4159 post
3557 4083 3741 4167 uterquO

2161 4177 2478 4250 episcopus
2491 4182 2723 4233 creatus
2738 4177 2832 4246 sit,
2850 4177 3190 4251 Stephanus
3201 4174 3445 4250 quidem
3458 4172 3741 4251 'l‘unttl'tillf'il3

2164 4244 2454 4331 Ecclesiae,
2480 4265 2705 4321 Mancio
2733 4244 2874 4320 vero
2896 4244 3351 4323 Catalaunensis
3367 4259 3599 4334 [Surius,
3619 4244 3738 4306 Cabi-

2160 4354 2445 4417 lonensis,
2469 4350 2664 4425 male].
2698 4353 3025 4432 Radbodus
3056 4356 3261 4409 autem
3289 4340 3615 4408 venerabilis
3636 4337 3738 4432 adq-

2159 4443 2408 4505 lescens,
2442 4442 2627 4499 instar
2657 4440 2787 4516 apis
2814 4430 3034 4499 sedulae
3063 4438 3391 4499 litterarum
3415 4434 3632 4494 ﬂoribus
3643 4428 3737 4484 insi-

397 4529 819 4587 Coloniensem
850 4529 1391 4602 archiepiscopum,
1452 4530 1820 4587 avunculum
1852 4547 2049 4599 suum,
2087 4550 2130 4603 ι)
2162 4531 2593 4599 dens,multam
2608 4532 2746 4588 inde
2759 4530 3107 4587 eruditionis
3134 4530 3371 4604 copiam
3385 4518 3741 4604 collegitdqlltlo

394 4618 596 4674 litteris
634 4633 884 4690 operam
914 4634 1164 4674 navans.
1194 4619 1306 4675 Sed
1332 4632 1469 4674 cum
1500 4618 1583 4674 illi
1618 4620 1903 4694 epis00po
1957 4636 2053 4677 res

395 4706 663 4763 adversae
694 4704 1069 4773 accidissent,
1092 4720 1243 4779 puer
1260 4708 1511 4778 egregiae
1542 4707 1779 4776 indolis,
1812 4708 2055 4764 hertan-

395 4796 553 4852 tibus
587 4792 732 4865 suis,
764 4795 1067 4870 plerisque
1107 4794 1285 4852 etiam
1330 4794 1754 4869 adjuvantibus
1806 4797 2053 4869 (quippe

395 4900 577 4957 quem
588 4885 689 4941 Dei
713 4886 903 4954 gratia
917 4900 1040 4959 qua
1055 4885 1343 4958 prteditus
1361 4889 1488 4943 erat
1497 4885 1780 4941 omnibus
1800 4887 2054 4942 charum

397 4971 672 5044 efﬁceret)
704 4975 898 5046 primo
929 4974 1009 5030 ad
1040 4974 1233 5031 Caroli
1258 4975 1407 5043 (438)
1458 4974 1613 5043 regis
1663 4976 2051 5041 Francorum,

395 5059 535 5115 inde
565 5061 642 5117 ad
666 5058 945 5119 Ludovici
975 5062 1105 5135 ejus
1130 5061 1233 5119 ﬁlii
1265 5062 1468 5119 aulam
1495 5079 1557 5118 se
1601 5064 1867 5129 contutit,
1930 5077 2054 5118 non

396 5148 562 5222 quod
590 5149 888 5221 palatinos
915 5151 1169 5208 ambiret
1192 5153 1475 5222 honores,
1525 5150 1629 5207 sed
1676 5150 1841 5224 quod
1898 5151 2055 5207 intra

470 5257 618 5337 (4.35)
648 5257 790 5337 inde
820 5259 1087 5337 plerique
1114 5259 1431 5337 scriptores
1482 5256 1693 5337 Belgici
1752 5272 1881 5337 seu_
1913 5260 2051 5315 Ger-

397 5328 615 5382 manici
648 5328 1010 5384 Badboduni
1036 5328 1253 5397 genere
1277 5330 1525 5386 Frisium
1559 5328 1784 5385 dicunt.
1846 5333 2056 5387 Loma—

394 5400 641 5469 ganium
669 5400 797 5468 ejus
822 5402 1012 5471 patria
1034 5402 1249 5456 dicitur
1277 5401 1431 5457 intra
1459 5418 1623 5457 num.
1660 5406 1710 5457 3.

467 5472 613 5533 (t3?)
650 5470 775 5525 Alio
798 5470 1040 5525 nomine
1060 5473 1378 5526 Guntarius
1417 5472 1688 5527 Lothario
1710 5470 1885 5536 regia
1914 5486 2052 5527 con-

395 5536 558 5614 siliis,
592 5554 775 5614 quem
824 5542 999 5614 rebus
1056 5543 1322 5599 adversis
1378 5556 1673 5614 pressum,
1706 5545 1846 5614 hoc
1898 5549 1986 5599 est
2019 5560 2054 5599 a

395 5612 633 5687 Nicolao
666 5626 826 5687 papa
855 5613 1196 5687 subjectum
1251 5612 1620 5687 anathemati
1660 5612 1739 5671 0b
1794 5615 2053 5687 incestas

393 5684 547 5754 regis
606 5684 1100 5743 cu‘m‘Waldr’ada
1152 5685 1415 5758 nuptias,
1466 5686 1794 5743 Badbodus
1841 5684 2053 5743 merito

2162 4598 2433 4676 omnium
2457 4621 2682 4693 judicio
2714 4637 2837 4677 non
2867 4620 3246 4676 mediocriter
3273 4619 3476 4675 doctus
3500 4614 3575 4669 est
3597 4598 3738 4693 existi-

2164 4712 2379 4764 matus.
2414 4706 2650 4764 Interim
2689 4706 2901 4764 virtute
2945 4707 3131 4764 animi
3162 4701 3553 4763 adolescentlie
3593 4692 3738 4750 motus

2162 4797 2617 4870 comprimebat,
2648 4795 2844 4854 carnis
2873 4794 3260 4854 rebellionem
3285 4785 3621 4869 parcimonia
3643 4777 3739 4870 ed0-

2162 4869 2695 4953 mabat,mundum
2760 4890 2817 4942 et
2866 4886 3179 4941 mundana
3236 4883 3439 4940 omnia
3479 4869 3738 4965 catastiva

2162 4991 2366 5032 amore
2386 4975 2827 5043 contemnebat,
2878 4974 3240 5046 spiritalibus
3264 4968 3523 5028 inhiabat
3552 4958 3737 5018 deliciis,

2161 5064 2341 5119 rebus
2352 5062 2594 5119 caducis
2606 5062 2887 5119 omnibus
2900 5063 3177 5118 nuntium
3187 5061 3473 5118 remittere
3484 5053 3634 5127 plane
3643 5052 3741 5127 conj

2164 5151 2460 5207 stituebat.
2492 5155 2649 5207 zEtas
2678 5150 2925 5225 quidem
2954 5144 3216 5207 necdum
3246 5123 3630 5205 matura-erat,
3664 5123 3738 5185 Sed

2164 5256 2445 5314 deseruit.

2235 5300 2714 5401 (idsi-bardum
2764 5330 2926 5401 hunc
2957 5340 3158 5401 regem
3206 5342 3344 5401 non
3378 5300 3737 5401 Οιῖξιεευωξξξῖξ

2165 5386 2413 5525 (‘lalvum
2442 5400 2641 5465 fuisse,
2677 5400 2948 5471 superius
2973 5386 3550 5455 idbbservationibus
3563 5386 3738 5460 pravus

2165 5490 2183 5525 ς
2206 5487 2500 5525 ocuimus.
3674 5514 3712 5525 η

2165 5487 2500 5526 (ιοουιωιιε.

2235 5514 2835 5613 Mannone,
2890 5541 3193 5613 Stephano
3245 5545 3301 5595 et
3340 5531 3600 5595 Mantione
3642 5514 3739 5574 vi!“

2164 5612 2342 5669 etiam
2370 5612 2824 5669 Observationes
2853 5612 3126 5685 praevias.
