3980 6182
186 182 281 238 541
1058 187 1062 202 ¹
1806 174 1807 179 ¹

3502 180 3606 237 Ml

182 302 435 360 maturis
466 306 525 357 et
574 300 741 357 canis
780 303 907 357 erat
934 298 1228 367 moribus,
1280 300 1588 357 illecebras
1629 310 1841 353 omnes
1872 296 1918 351 A
1951 293 2202 351 liariaris
2231 300 2288 352 et
2309 295 2520 352 crebro
2534 310 2679 353 eum
2701 297 2989 366 invisens,
3018 300 3271 371 experiri
3302 301 3479 358 vellet
3506 303 3608 359 ali-

178 404 472 463 respuens
502 388 733 460 solique
780 392 898 444 Deo
939 388 1176 462 placere
1226 386 1614 444 contendens.
1664 384 1842 440 Nocte

179 495 253 536 ac
284 479 379 535 die
411 477 779 550 spiritalibus
803 477 1064 533 vacabat
1090 477 1307 549 epulis,
1358 481 1416 532 et
1438 476 1568 546 jam
1597 479 1727 529 tum
1758 471 1842 527 af-

180 569 337 625 fectu
368 573 547 640 atque
589 565 886 623 desiderio
915 567 1378 623 consectabatur
1424 563 1589 638 quod
1627 567 1841 637 postea

179 672 299 731 ope
336 656 626 731 praestitit.

249 750 305 803 3.
337 745 613 804 Radbodi
634 747 866 816 patria.
900 746 1211 817 Hugonem
1238 745 1511 801 abbatem
1548 743 1835 814 sequitur.

176 838 367 892 ——Nec
389 850 534 891 vero
560 848 763 904 regem
793 835 923 905 ejus
949 832 1170 899 latebat
1196 833 1402 889 virtus.
1436 837 1584 889 Nam
1608 836 1839 905 quanto

173 923 273 979 ille
299 922 630 981 studiosius
659 922 957 979 occultare
974 937 1037 978 se
1066 920 1501 993 connitebatur,
1524 926 1692 978 tanto
1707 920 1837 991 ejus

175 1012 361 1081 fama,
413 1012 509 1068 vel
567 1010 830 1068 maxime
872 1011 1056 1068 invito
1099 1011 1222 1081 illo,
1274 1010 1448 1067 latius
1496 1010 1705 1084 populi
1734 1023 1836 1065 ore

172 1100 647 1158 diffundebatur.
684 1101 767 1157 Fit
800 1101 1021 1157 charus
1051 1101 1175 1172 regi
1205 1105 1448 1174 propter
1476 1114 1715 1156 morum
1744 1101 1835 1155 in-

173 1190 534 1260 tegritatem,
566 1189 917 1263 proceribus
946 1189 1111 1257 regni
1144 1186 1521 1256 venerabilis,
1552 1192 1833 1259 acceptus

171 1281 232 1333 et
260 1275 595 1350 probabilis
619 1276 873 1350 populo,
906 1282 973 1333 ut
992 1276 1097 1350 qui
1128 1291 1249 1332 non
1278 1275 1534 1332 obscure
1565 1279 1682 1330 Deo
1702 1289 1835 1345 gra-

171 1371 268 1422 tus
289 1372 348 1423 et
367 1366 648 1423 amabilis
670 1366 1313 1439 videretur.Postquam
1341 1371 1543 1422 autem
1566 1366 1829 1433 Carolus,

169 1455 289 1510 sub
317 1470 441 1528 quo
487 1452 903 1512 adolescentia!
934 1470 1128 1512 annos
1155 1454 1371 1524 exegit,
1403 1469 1434 1509 e
1477 1454 1599 1509 vita
1626 1454 1831 1509 deces-

168 1543 268 1613 sit,
302 1557 446 1600 suos
492 1543 703 1601 volens
752 1543 1005 1598 invisere
1055 1543 1490 1609 Lomaganium
1534 1542 1640 1612 (sic
1669 1542 1829 1597 enim

1948 383 2197 455 quando
2222 384 2274 439 ei
2313 384 2392 441 ad
2424 398 2697 441 mensam
2755 387 3029 443 assidens
3059 394 3115 444 et
3170 403 3337 445 more
3384 390 3605 448 usitato

1950 486 2088 527 cum
2113 488 2185 528 eo
2210 473 2579 546 colloquens,
2614 474 2855 531 tandem
2895 476 3043 548 petit
3071 477 3184 533 sibi
3208 478 3448 551 copiam
3478 478 3606 535 ﬁeri

1947 560 2194 616 bibendi
2219 577 2292 617 ex
2319 561 2539 634 poculo
2567 563 2731 634 quod
2763 568 2891 618 erat
2918 579 3029 635 pro
3068 567 3499 622 consuetudine
3523 567 3606 624 illi

1947 650 2291 721 appositum
2327 668 2340 705 :
2387 650 2552 723 quod
2583 650 2833 723 quidam
2863 657 2991 708 erat
3018 669 3092 709 ex
3120 654 3353 726 onyche
3382 656 3605 712 factum

1945 742 2462 811 congruenterque
2491 744 2773 795 ornatum
2807 755 2976 807 auro,
3009 741 3117 796 sed
3144 756 3307 814 aqua
3333 743 3602 816 plenum.

1946 824 2075 895 Ubi,
2124 826 2271 898 quid
2321 830 2448 882 tum
2504 826 2639 883 miri
2668 841 2777 899 per
2830 843 3069 883 servum
3118 844 3297 885 suum
3349 829 3607 888 eﬂ'ecerit

1944 916 2099 970 Deus
2128 914 2417 971 mirabilis
2446 914 2508 970 in
2552 916 2772 972 sanctis
2800 916 2946 986 suis,
2974 932 3069 972 res
3105 916 3239 990 ipsa
3267 918 3424 974 sileri
3480 934 3605 976 non

1944 1002 2181 1074 patitur.
2215 1006 2344 1060 Non
2361 1003 2503 1059 sinit
2526 1004 2846 1079 episcopus
2872 1011 2937 1062 ut
2964 1005 3063 1062 ille
3081 1021 3156 1062 ex
3180 1007 3399 1081 poculo
3414 1006 3601 1076 bibat,

1942 1091 2185 1147 nolebat
2210 1092 2369 1148 enim
2402 1092 2463 1148 in
2493 1092 2750 1149 aliorum
2801 1094 3078 1151 notitiam
3106 1096 3325 1152 deduci
3367 1097 3515 1169 quid
3539 1098 3602 1153 in

1940 1179 2042 1235 illo
2071 1185 2255 1241 esset:
2289 1182 2393 1237 sed
2418 1187 2619 1238 tamen
2638 1182 2843 1239 oblata
2861 1184 3129 1256 quadam
3161 1186 3603 1259 opportunitate

1941 1269 2091 1325 alter
2141 1269 2298 1326 clam
2352 1270 2561 1343 arripit
2612 1271 2920 1344 poculum,
2974 1273 3295 1347 episcopus
3350 1289 3494 1331 vero
3539 1275 3602 1330 id

1939 1358 2211 1421 advertit.
2253 1362 2382 1430 sed,
2417 1376 2555 1416 cum
2588 1362 2906 1433 prohibere
2940 1376 3060 1419 non
3091 1366 3298 1435 posset
3324 1363 3472 1437 quin
3518 1364 3606 1421 bi-

1937 1447 2122 1514 beret,
2150 1449 2411 1521 suspirat
2439 1449 2517 1505 ad
2550 1453 2738 1507 Deum
2783 1457 2838 1507 et
2864 1452 3217 1521 ingemiscit.
3245 1456 3310 1509 Et
3336 1468 3473 1510 ecce
3502 1468 3605 1510 an-

1938 1536 2106 1608 tiquo
2135 1542 2424 1593 renovato
2468 1537 2759 1593 miraculo
2789 1554 2953 1611 aqua
2980 1544 3248 1596 mutatur
3273 1539 3336 1595 in
3392 1542 3601 1597 vinum

169 1631 357 1702 vulgo
394 1632 524 1703 ejus
572 1632 769 1705 patria
820 1631 1153 1701 dicebatur)
1196 1631 1360 1688 adiit.
1419 1633 1597 1686 Porro
1646 1631 1828 1686 etiam
1866 1641 1910 1694 Β
1939 1625 2256 1697 optimum.
2309 1626 2369 1680 Id
2430 1626 2690 1682 sentiens
2727 1628 3071 1699 explorator
3111 1629 3229 1695 ille,
3285 1630 3364 1685 ad
3416 1630 3600 1702 pedes

166 1721 428 1791 Hugoni,
461 1735 716 1776 summa
743 1720 1047 1790 dignitatis
1076 1719 1280 1777 abbati
1306 1724 1365 1776 et
1388 1736 1460 1777 ea
1480 1722 1829 1793 tempestate

164 1810 326 1865 inter
353 1810 603 1867 abbates
628 1811 956 1885 praecipuo,
1003 1826 1132 1867 sese
1178 1810 1517 1881 adjungens
1545 1810 1828 1866 doctrinas

132 1900 445 1970 'palmam
474 1916 598 1972 prae
647 1899 869 1955 caeteris
901 1900 1047 1970 tulit,
1103 1899 1280 1955 simul
1331 1900 1508 1955 etiam
1540 1900 1827 1955 virtutum

161 1988 346 2043 scalis
376 2004 615 2061 semper
643 1988 722 2044 ad
753 1988 963 2044 altiora
993 1988 1310 2055 scandens,
1346 1992 1409 2043 ut
1446 1987 1682 2060 lampas
1713 2002 1827 2041 cce-

153 2075 328 2132 lestis
356 2077 639 2151 praeclare
670 2075 895 2150 ubique
922 2076 1169 2133 refulsit.

238 2168 294 2219 4.
332 2165 660 2237 Episcopus
704 2173 963 2222 creatur.
999 2167 1396 2222 Monasticum
1438 2164 1629 2222 induit
1666 2164 1827 2221 habi-
1896 2220 1905 2229 ,

154 2258 315 2308 tum.
347 2254 688 2310 Astinentia
715 2257 863 2323 ejus.
888 2255 1124 2326 Aquam
1157 2253 1218 2310 in
1252 2254 1451 2309 vinum
1480 2257 1821 2308 commutat.

152 2373 230 2380 —
266 2345 494 2397 Interea
539 2343 866 2411 Egilbertus
905 2344 1051 2413 (440)
1086 2340 1521 2413 Ultrajecteusis
1554 2338 1823 2396 Ecclesiae

146 2430 386 2503 praesul
409 2430 595 2487 vitam
626 2448 767 2486 cum
798 2435 989 2486 morte
1015 2433 1364 2486 commutat.
1400 2429 1712 2485 Tractatur
1750 2428 1824 2483 de

146 2518 586 2575 substituendo
648 2517 867 2575 idoneo
931 2523 1191 2591 pastore,
1246 2518 1519 2590 miraque
1578 2517 1716 2573 cleri
1770 2520 1826 2572 et

142 2606 376 2681 p0puli
402 2607 822 2673 consensione,
858 2623 978 2663 non
1011 2606 1136 2662 sine
1167 2610 1316 2662 nutu
1347 2607 1465 2673 Dei,
1498 2605 1823 2663 Radbodus

142 2695 440 2751 omnium
485 2693 876 2766 dignissimus
929 2701 1221 2752 censetur.
1280 2695 1442 2751 ldem
1475 2701 1567 2751 est
1594 2695 1823 2751 Arnulﬁ

139 2782 261 2858 qui
322 2786 447 2839 tum
499 2783 666 2854 regni
727 2784 1157 2841 moderabatur
1210 2783 1502 2855 habenas,
1562 2785 1822 2857 itemque

136 2873 503 2947 principum
532 2872 607 2928 de
633 2889 704 2929 eo
721 2872 1035 2945 judicium.
1070 2874 1273 2946 Itaque
1305 2872 1442 2929 cleri
1473 2872 1821 2947 regis,prin-

135 2960 367 3049 cipum
384 2958 592 3049 populi
616 2959 815 3049 studio
840 2964 898 3016 et
912 2960 1217 3017 voluntate
1244 2962 1334 3016 vir
1354 2961 1819 3049 sanctus,primo
1851 2993 1892 3049 ο

132 3046 406 3121 quidem
427 3047 611 3120 hujus
625 3048 707 3104 rei
724 3047 991 3120 ignarus,
1006 3054 1215 3122 postea
1240 3065 1382 3105 vero
1397 3048 1502 3106 diu
1521 3049 1817 3106 reluctans

135 3137 483 3208 episcopus
514 3141 747 3193 creatur
776 3140 1034 3209 (441).Εθ.
1059 3154 1121 3193 re
1142 3154 1267 3193 non
1299 3137 1583 3194 mediocri
1614 3139 1817 3195 animo

132 3224 365 3281 dolore
395 3222 641 3281 aﬁ’ectus
671 3224 777 3281 diu
800 3225 1115 3282 haesitabat
1130 3225 1277 3299 quid
1308 3226 1815 3283 faceret.Tandem

130 3318 451 3370 honorem
478 3313 682 3384 fugere
725 3314 875 3371 dum
902 3315 1045 3381 vult,
1086 3315 1179 3372 vel
1211 3316 1434 3372 invitus
1461 3317 1689 3388 rapitur
1737 3316 1817 3373 ad

131 3402 508 3461 cathedram
551 3403 815 3460 honoris.
852 3407 1129 3477 Percepta
1173 3405 1350 3474 igitur
1380 3405 1813 3475 benedictione,

130 3491 360 3547 subrui
405 3492 560 3559 regis
590 3492 761 3548 miles
791 3509 1182 3566 processurus
1220 3493 1298 3549 ad
1328 3509 1599 3565 pugnam
1630 3495 1814 3551 armis

131 3579 522 3653 spiritalibus
553 3582 760 3637 animo
797 3581 949 3637 virili
978 3598 1040 3637 se
1066 3582 1338 3651 accingit,
1400 3587 1591 3638 mutat
1640 3582 1812 3638 habi-

132 3676 305 3738 tum,
350 3670 622 3726 moribus
690 3669 860 3728 addit
908 3672 1144 3741 majora
1196 3671 1375 3731 etiam
1434 3677 1808 3739 ornamenta,

134 3758 487 3830 Christique
511 3759 795 3815 doctrinae
818 3758 1265 3831 obtemperans,
1289 3765 1611 3829 augustam
1638 3759 1811 3817 valde

129 3846 532 3920 amplectitur
559 3848 720 3903 viam
760 3848 1137 3921 perfecteque
1174 3848 1467 3917 regularis
1496 3849 1562 3903 ﬁt
1604 3865 1812 3905 mona-

129 3938 321 4006 chus,
348 3952 547 4009 neque
574 3953 610 3994 a
647 3938 920 3994 carnium
950 3937 1242 3994 duntaxat
1262 3954 1389 4002 esu,
1416 3938 1519 3992 sed
1544 3937 1622 3993 ab
1644 3939 1812 3994 omni

129 4026 430 4082 ciborum
506 4025 808 4098 voluptate
866 4025 1195 4092 abstinens,
1245 4016 1538 4081 ’biduanis
1592 4026 1812 4081 tridua-

130 4116 366 4186 nisque
385 4114 629 4185 jejuniis
660 4114 932 4171 animum
962 4114 1173 4186 pascit,
1206 4114 1591 4186 corporisque
1618 4114 1808 4170 imbe-

128 4203 477 4272 cillitatem,
509 4203 603 4258 vix
642 4202 881 4260 ossibus
910 4204 1166 4272 haerens,
1200 4207 1425 4260 naturae
1458 4203 1809 4260 necessariis

126 4292 337 4364 iisque
368 4290 588 4346 vilibus
615 4292 990 4348 sustentabat
1009 4291 1576 4359 alimentis,interim
1605 4296 1804 4348 tamen

126 4379 309 4436 vultu
356 4379 716 4437 hilaritatem
763 4396 886 4452 prie
939 4397 1002 4436 se
1056 4381 1268 4449 ferens,
1324 4386 1379 4436 et
1407 4381 1491 4437 ita
1534 4397 1594 4435 se
1638 4398 1804 4437 com-

122 4484 374 4540 parans
403 4469 553 4524 inter
581 4484 723 4524 suos
770 4484 842 4525 ac
885 4469 931 4523 si
963 4468 1233 4525 delicatis
1269 4469 1415 4525 cibis
1444 4476 1802 4526 vesceretur.

120 4556 339 4614 Voluit
389 4557 570 4623 enim,
643 4557 848 4629 quoad
905 4556 1033 4615 ﬁeri
1086 4558 1295 4630 potuit,
1355 4573 1566 4614 omnes
1624 4559 1805 4615 latere

118 4644 571 4703 abstinentiam
615 4662 811 4716 suam,
864 4646 1072 4719 paucis
1102 4651 1334 4703 tantum
1365 4647 1494 4718 ejus
1525 4647 1802 4704 consciis.

119 4736 340 4801 Quam
392 4750 532 4790 cum
584 4734 773 4792 laicus
802 4736 951 4807 (442)
981 4735 1254 4808 quidam,
1311 4735 1595 4808 episcopo
1640 4735 1808 4801 fami-

202 4911 367 4985 (ῳ)
395 4913 448 4966 ls
477 4910 735 4985 Conradi
760 4910 944 4983 ﬁlius,
970 4911 1245 4985 plurimis
1270 4927 1377 4985 per
1407 4911 1653 4985 Galliam
1684 4929 1803 4967 coe-

110 4981 341 5056 nobiis
398 4987 630 5056 auctus,
680 4981 1193 5056 ducatu’q'uoque
1224 4981 1475 5052 insignis
1513 4999 1674 5056 anno
1693 4988 1801 5056 _887

110 5052 476 5178 Aursﬂanis
508 5052 777 5120 excessit,
820 5056 899 5112 ad
933 5052 990 5111 δῖ
1022 5052 1386 5111 Germanum
1417 5054 1802 5110 Autissiodori

110 5139 244 5178 set)
346 5140 435 5177 us.

109 5129 435 5178 scnultus.

150 5139 775 5266 catilllﬂl'lgilboldum
816 5204 990 5252 vocat
1039 5200 1300 5253 Joannes
1350 5195 1423 5251 de
1457 5197 1617 5252 Beka
1664 5213 1801 5253 cum

106 5265 462 5341 \Villelmo’
503 5268 578 5323 de
635 5268 800 5341 lieda
849 5273 907 5323 et
957 5268 1365 5341 aliisrpassim
1408 5267 1797 5325 auctoribus:

104 5337 502 5411 Eylboltlum
537 5338 754 5411 scribit
773 5337 1198 5411 liuentiboldﬁs
1224 5340 1281 5394 in
1310 5355 1418 5393 suo
1446 5340 1607 5411 apud
1637 5356 1800 5394 eum-

98 5408 274 5466 dem
314 5408 669 5483 Willelmum
702 5410 1048 5483 diplomate.

183 5482 360 5553 (4η)
402 5480 795 5553 Gommarum
846 5481 1063 5553 dicunt,
1106 5481 1267 5537 Beka
1320 5485 1375 5537 et
1420 5480 1619 5547 Heda;
1677 5497 1798 5553 quo

96 5552 259 5611 fulti
286 5556 532 5624 auctore
562 5552 842 5624 nuspiam
877 5552 1236 5624 signiﬁcant.

182 5623 355 5697 (443)
392 5622 502 5689 Qui
531 5622 954 5696 episcoporum
988 5623 1466 5694 Trajectinorum
1491 5640 1585 5679 res
1602 5628 1799 5694 gestas

1939 1715 2300 1771 sanctissimi
2327 1716 2602 1772 antistitis
2628 1716 2968 1773 advolvitur
2987 1718 3132 1789 petit
3145 1718 3409 1785 veniam,
3423 1732 3601 1790 spon-

1937 1802 2037 1860 det
2062 1819 2126 1858 se
2157 1803 2442 1877 deinceps
2472 1804 2619 1859 nihil
2647 1804 2762 1860 tale
2785 1810 3233 1861 attentaturum.
3251 1806 3367 1862 Etsi
3395 1811 3598 1863 autem

1936 1892 2155 1965 praesul
2194 1893 2607 1950 sanctissimus
2660 1894 2720 1949 id
2767 1894 2959 1950 celare
2988 1895 3193 1965 voluit,
3241 1910 3364 1951 non
3394 1900 3596 1952 tamen

1933 1997 2042 2054 per
2063 1987 2190 2037 erat
2210 1982 2387 2038 celari
2419 1996 2574 2053 opus
2595 1982 2716 2051 Dei,
2740 1983 3164 2039 convenienter
3186 1983 3269 2040 illi
3294 1984 3595 2040 sententiae

1936 2070 2250 2142 Raphaelis
2280 2070 2479 2137 angeli
2508 2071 2760 2127 dicentis
2797 2072 2878 2127 ad
2907 2072 3158 2128 Tobiam
3190 2090 3204 2128 :
3250 2075 3598 2129 Sacramen-

1936 2166 2061 2215 tum
2090 2162 2247 2230 regis
2277 2160 2640 2215 abscondere
2669 2161 2882 2216 bonum
2906 2166 2989 2216 est
3013 2177 3034 2215 .·
3064 2176 3247 2230 opera
3276 2168 3475 2217 autem
3496 2162 3600 2216 Dei

1935 2252 2205 2306 revelare
2224 2256 2277 2305 et
2310 2251 2583 2317 conﬁteri
2604 2250 3018 2318 honoriﬁcum.

2006 2344 2057 2393 5.
2093 2339 2380 2395 Charitas
2428 2341 2558 2406 ejus
2604 2340 2665 2393 in
2717 2354 3029 2408 pauperes.
3090 2340 3495 2397 Continentia.
3526 2370 3595 2381 ——

1936 2427 2295 2492 Quotidiana
2348 2427 2479 2496 ejus
2535 2427 2930 2493 conversatio,
2987 2429 3193 2501 quoad
3230 2430 3292 2485 in
3344 2444 3595 2501 corpore

1932 2516 2096 2581 vixit,
2124 2531 2313 2588 quam
2344 2521 2515 2586 grata
2547 2518 2687 2584 Deo,
2716 2530 2903 2587 quam
2937 2521 3141 2589 optata
3166 2523 3224 2573 et
3260 2517 3461 2574 suavis
3491 2519 3595 2574 ho-

1933 2604 2197 2661 minibus
2228 2605 2425 2673 fuerit,
2439 2605 2792 2677 quotidiana
2821 2605 2920 2662 illo
2952 2606 3238 2663 virtutum
3266 2612 3593 2677 augmenta

1932 2699 2304 2766 capessente,
2358 2695 2596 2751 tametsi
2640 2695 2936 2767 explicem
2975 2711 3088 2751 nos
3142 2712 3251 2768 pro
3302 2695 3589 2765 dignitate

1931 2798 2056 2837 non
2082 2782 2377 2850 valemus,
2398 2788 2597 2841 tamen
2627 2783 2721 2839 vel
2747 2798 2945 2856 pauca
2973 2784 3589 2841 commemorabimus

1931 2875 2180 2944 accepta
2208 2870 2286 2927 ab
2311 2870 2426 2927 illis
2455 2871 2560 2943 qui
2581 2871 2762 2927 rebus
2787 2871 2967 2943 gestis
2992 2872 3330 2941 interfuere,
3364 2878 3430 2929 ut
3451 2873 3591 2929 facis

1929 2960 2043 3015 lius
2058 2959 2245 3016 lector
2262 2960 2448 3016 ﬁdem
2474 2960 2650 3017 nobis
2670 2961 2973 3018 adhibeat.
2988 2962 3293 3036 Quidquid
3313 2974 3387 3019 ex
3406 2963 3588 3019 rebus
3654 3018 3667 3033 ,

1930 3049 2143 3105 mundi
2172 3049 2355 3120 hujus
2394 3049 2618 3106 habere
2660 3050 2854 3123 potuit
2879 3055 3155 3108 accurate
3195 3052 3257 3107 in
3284 3062 3585 3125 pauperes

1929 3139 2214 3208 erogavit,
2234 3155 2496 3211 cumque
2517 3140 2792 3195 omnium
2811 3139 3115 3197 bonorum
3140 3156 3393 3214 operum
3417 3142 3589 3198 ﬂore.

1927 3233 2014 3283 ret
2050 3228 2363 3297 exercitiis,
2395 3232 2659 3284 attamen
2689 3227 2750 3283 in
2792 3228 3158 3299 benignitate
3188 3245 3332 3299 erga
3362 3245 3585 3303 paupe-

1925 3333 2019 3373 res
2062 3316 2209 3372 nulli
2248 3317 2549 3373 secundus
2600 3317 2727 3374 fuit.
2761 3318 3054 3383 Quotidie,
3086 3318 3346 3392 demptis
3373 3320 3585 3392 paucis

1926 3405 2426 3468 solemnitatibus,
2474 3405 2598 3460 suis
2639 3405 2926 3461 manibus
2969 3406 3218 3462 lavabat
3245 3423 3582 3479 pauperum

1925 3492 2130 3564 pedes,
2189 3493 2500 3564 prmbebat
2562 3493 2648 3548 eis
2708 3493 2951 3564 victum,
3004 3494 3203 3550 nudos
3269 3495 3581 3566 vestiebat,

1922 3581 2195 3637 inﬁrmos
2223 3581 2523 3651 visitabat,
2555 3580 2789 3637 claudis
2820 3587 2877 3637 et
2911 3581 3154 3653 pupillis
3179 3596 3388 3637 curam
3418 3583 3585 3640 adhi-

1923 3670 2123 3725 bebat.
2160 3668 2465 3740 Ejusmodi
2514 3669 2723 3724 studiis
2771 3673 2829 3724 et
2858 3667 3069 3724 oﬁiciis
3108 3669 3495 3726 humanitatis
3524 3676 3584 3728 et

1923 3758 2346 3815 misericordiae
2378 3758 2482 3813 diu
2503 3761 2806 3829 noctuque
2835 3757 3165 3813 incredibili
3193 3758 3497 3827 vigilantia
3524 3764 3583 3817 et

1922 3847 2318 3904 sollicitudine
2348 3846 2682 3904 indefessus
2710 3847 2990 3916 vacabat,
3045 3863 3156 3904 nec
3200 3862 3472 3920 unquam
3518 3850 3580 3906 id

1921 3953 2110 4006 genus
2160 3936 2550 4007 frangebatur
2593 3936 2928 4003 laboribus,
2979 3937 3042 3992 id
3090 3937 3268 4009 plane
3296 3939 3359 3993 in
3395 3938 3575 3996 lucris

1919 4041 2152 4098 ponens
2182 4024 2479 4097 quidquid
2507 4024 2569 4080 in
2585 4024 2942 4081 miserorum
2969 4025 3179 4082 solatia
3210 4027 3575 4085 contulisset.

1922 4113 2091 4171 Nulla
2122 4113 2283 4186 apud
2314 4130 2453 4170 eum
2495 4113 2839 4170 visebantur
2868 4122 3224 4172 ornamenta
3250 4121 3356 4172 aut
3381 4117 3580 4174 inanis

1921 4202 2129 4258 mundi
2160 4217 2408 4274 pompa,
2439 4218 2565 4258 non
2608 4201 2692 4259 illi
2739 4202 2927 4259 inerat
2958 4204 3089 4259 auri
3129 4220 3303 4261 sacra
3359 4204 3571 4263 fames.

1921 4291 2095 4347 Nefas
2123 4291 2375 4364 putabat
2430 4292 2729 4362 ejusmodi
2785 4293 3093 4350 oblectari.
3152 4298 3381 4366 Itaque,
3439 4312 3579 4351 con-

1918 4386 2144 4454 tempto
2190 4380 2420 4437 mundo
2474 4386 2531 4437 et
2580 4381 2877 4453 quidquid
2938 4382 2987 4436 is
3043 4387 3325 4454 praestare
3386 4385 3579 4453 potest

1918 4470 2127 4526 amicis
2158 4469 2303 4538 suis,
2352 4469 2681 4525 caelestium
2713 4485 2918 4525 amore
2963 4470 3230 4525 fervebat
3280 4468 3408 4524 solo
3452 4484 3577 4523 cor-

1914 4575 2061 4632 pore
2085 4558 2311 4626 degens
2334 4558 2393 4613 in
2421 4559 2610 4614 terris.

1951 4647 2258 4705 6.Sanctos
2275 4647 2736 4704 Wittebrordum
2762 4652 2815 4702 et
2849 4647 3233 4716 Bonifacium
3255 4646 3574 4701 cotit.Cum

1915 4740 2115 4791 autem
2127 4736 2556 4806 Trajectentem
2574 4735 2896 4791 Ecclesiam
2922 4734 3065 4790 Dani
3082 4737 3415 4790 vastassent
3428 4733 3574 4803 (443)

1958 4913 2213 4971 ersecuti
2244 4919 2383 4970 sunt
2412 4914 2769 4970 recentiores
2800 4914 3060 4985 historici
3082 4914 3214 4985 ejus
3242 4912 3577 4985 urbisexci-

1958 4929 2213 4971 ersecuti
2244 4929 2383 4970 sunt
2412 4929 2769 4970 recentiores
2802 4929 3060 4969 mstorici
3082 4929 3214 4985 ejus
3242 4929 3404 4968 urbis
3424 4929 3576 4968 exci-

1914 4929 2081 5040 gium
2115 4990 2325 5057 aptant
2352 4985 2639 5053 Egilboldi
2672 4984 3061 5057 temporibus.
3096 4984 3289 5057 Potior
3325 4983 3473 5057 mihi
3493 4984 3576 5039 vi-

1913 5056 2087 5111 detur
2115 5055 2294 5127 hujus
2324 5057 2456 5128 vitae
2479 5055 2781 5128 scriptoris
2797 5055 3126 5128 auctoritas
3147 5055 3250 5127 qui
3273 5055 3572 5128 Adamum

1914 5125 2294 5183 Bremensem
2340 5126 2400 5182 in
2454 5125 2616 5194 Histf,
2648 5142 2780 5195 cap.
2814 5128 2902 5195 31,
2932 5125 3360 5195 suﬂragautem
3392 5126 3575 5183 habet

1914 5144 2294 5183 uremensem
2340 5144 2400 5182 in
2454 5144 2616 5194 ηιει.⁷
2648 5144 2717 5182 ca
2770 5168 2780 5180 .
2814 5144 2902 5195 si,
2932 5144 3360 5195 sunraganiem
3394 5144 3571 5183 naue:

1912 5199 2003 5253 his
2024 5199 2240 5275 verbis.
2265 5200 2459 5254 Frisia
2468 5144 2844 5275 depopulata
2870 5203 2973 5275 est.
2999 5198 3338 5275 Trajectum
3360 5200 3571 5275 civitas

1912 5272 2131 5326 excisa.
2159 5272 2417 5326 Sanctus
2453 5269 2775 5327 Radbodus
2804 5270 3109 5338 episcopus
3152 5270 3318 5325 urbis
3362 5271 3571 5326 cedens

1907 5341 2311 5408 persecutioni
2372 5342 2710 5411 Daventrize
2760 5340 2951 5396 sedem
3004 5342 3330 5409 constituit,
3374 5342 3572 5411 ibique

1912 5412 2234 5483 consistens
2278 5410 2678 5483 anathematis
2717 5411 2920 5479 gladia
2948 5428 3219 5483 paganos
3271 5414 3431 5467 ultus
3462 5410 3566 5483 est.

1910 5482 2091 5536 Paulo
2125 5485 2259 5553 ante
2294 5482 2607 5553 Daventria
2660 5489 2917 5537 cesserat
2942 5480 3333 5553 Trajectensis
3381 5480 3575 5537 Eccle-

1913 5553 2015 5608 siae
2068 5552 2190 5627 juri
2238 5552 2625 5627 Zuenteboldi
2676 5558 2734 5608 et
2776 5552 2977 5627 garoli
3022 5552 3320 5627 Simplicis
3356 5569 3567 5627 regum

1911 5623 2303 5681 concessione
2334 5640 2521 5697 quam
2558 5624 2712 5683 inter
2737 5623 2889 5683 alios
2914 5624 3082 5683 Heda
3105 5623 3565 5682 commemorat.
