  <div class='ocr_page' id='page_1' title='image "/cluster/home/n/w/nwhite01/storage/ocr_20150623/132/hvd.32044054759931/277.png"; bbox 0 0 4034 6182; ppageno 0'>
   <div class='ocr_carea' id='block_1_1' title="bbox 377 170 481 227">
    <p class='ocr_par' dir='ltr' id='par_1_1' title="bbox 377 170 481 227">
     <span class='ocr_line' id='line_1_1' title="bbox 377 170 481 227; baseline 0 0"><span class='ocrx_word' id='word_1_1' title='bbox 377 170 481 227; x_wconf 71' lang='grc'><strong>548</strong></span> 
     </span>
    </p>
   </div>
   <div class='ocr_carea' id='block_1_2' title="bbox 1365 152 2812 218">
    <p class='ocr_par' dir='ltr' id='par_1_2' title="bbox 1365 152 2812 218">
     <span class='ocr_line' id='line_1_2' title="bbox 1365 152 2812 218; baseline -0.006 0"><span class='ocrx_word' id='word_1_2' title='bbox 1365 163 1420 218; x_wconf 93' lang='lat' dir='ltr'><strong>S.</strong></span> <span class='ocrx_word' id='word_1_3' title='bbox 1462 158 1840 218; x_wconf 80' lang='lat' dir='ltr'><strong>RADBODUS</strong></span> <span class='ocrx_word' id='word_1_4' title='bbox 1876 152 2377 214; x_wconf 76' lang='lat' dir='ltr'><strong>TRAJECTENSIS</strong></span> <span class='ocrx_word' id='word_1_5' title='bbox 2415 153 2812 211; x_wconf 86' lang='lat' dir='ltr'><strong>EPISCOPUS.</strong></span> 
     </span>
    </p>
   </div>
   <div class='ocr_carea' id='block_1_3' title="bbox 3701 146 3811 201">
    <p class='ocr_par' dir='ltr' id='par_1_3' title="bbox 3701 146 3811 201">
     <span class='ocr_line' id='line_1_3' title="bbox 3701 146 3811 201; baseline 0 0"><span class='ocrx_word' id='word_1_6' title='bbox 3701 146 3811 201; x_wconf 67' lang='grc'><strong>544</strong></span> 
     </span>
    </p>
   </div>
   <div class='ocr_carea' id='block_1_4' title="bbox 379 266 3817 363">
    <p class='ocr_par' dir='ltr' id='par_1_4' title="bbox 379 266 3817 363">
     <span class='ocr_line' id='line_1_4' title="bbox 379 266 3817 363; baseline -0.007 -17"><span class='ocrx_word' id='word_1_7' title='bbox 379 288 599 363; x_wconf 64' lang='lat' dir='ltr'><strong>saepius</strong></span> <span class='ocrx_word' id='word_1_8' title='bbox 624 286 950 346; x_wconf 79' lang='lat' dir='ltr'><strong>Daventriae</strong></span> <span class='ocrx_word' id='word_1_9' title='bbox 971 283 1342 355; x_wconf 82' lang='lat' dir='ltr'><strong>morabatur,</strong></span> <span class='ocrx_word' id='word_1_10' title='bbox 1357 282 1561 340; x_wconf 90' lang='lat' dir='ltr'><strong>animo</strong></span> <span class='ocrx_word' id='word_1_11' title='bbox 1577 287 1780 340; x_wconf 91' lang='lat' dir='ltr'><strong>tamen</strong></span> <span class='ocrx_word' id='word_1_12' title='bbox 1802 294 2038 352; x_wconf 86' lang='lat' dir='ltr'><strong>semper</strong></span> <span class='ocrx_word' id='word_1_13' title='bbox 2071 279 2118 332; x_wconf 86' lang='lat' dir='ltr'><strong>A</strong></span> <span class='ocrx_word' id='word_1_14' title='bbox 2216 279 2271 332; x_wconf 91' lang='lat'><strong>8.</strong></span> <span class='ocrx_word' id='word_1_15' title='bbox 2302 275 2501 331; x_wconf 89' lang='lat' dir='ltr'><strong>Danos</strong></span> <span class='ocrx_word' id='word_1_16' title='bbox 2520 274 2779 330; x_wconf 76' lang='lat' dir='ltr'><strong>Frisium</strong></span> <span class='ocrx_word' id='word_1_17' title='bbox 2804 274 3155 363; x_wconf 85' lang='lat' dir='ltr'><strong>infestantes</strong></span> <span class='ocrx_word' id='word_1_18' title='bbox 3181 268 3564 363; x_wconf 66' lang='lat' dir='ltr'><strong>anathemate</strong></span> <span class='ocrx_word' id='word_1_19' title='bbox 3576 266 3817 363; x_wconf 75' lang='lat' dir='ltr'><strong>percel-</strong></span> 
     </span>
    </p>
   </div>
   <div class='ocr_carea' id='block_1_5' title="bbox 378 368 2038 450">
    <p class='ocr_par' dir='ltr' id='par_1_5' title="bbox 378 368 2038 450">
     <span class='ocr_line' id='line_1_5' title="bbox 378 368 2038 450; baseline -0.007 -13"><span class='ocrx_word' id='word_1_20' title='bbox 378 378 627 450; x_wconf 81' lang='lat' dir='ltr'><strong>Trajecti</strong></span> <span class='ocrx_word' id='word_1_21' title='bbox 653 376 1034 440; x_wconf 77' lang='lat' dir='ltr'><strong>inhabitans;</strong></span> <span class='ocrx_word' id='word_1_22' title='bbox 1087 388 1210 447; x_wconf 92' lang='lat' dir='ltr'><strong>quo</strong></span> <span class='ocrx_word' id='word_1_23' title='bbox 1254 372 1364 429; x_wconf 85' lang='lat' dir='ltr'><strong>etsi</strong></span> <span class='ocrx_word' id='word_1_24' title='bbox 1390 368 1623 428; x_wconf 86' lang='lat' dir='ltr'><strong>reddita</strong></span> <span class='ocrx_word' id='word_1_25' title='bbox 1651 387 1800 446; x_wconf 87' lang='lat' dir='ltr'><strong>pace</strong></span> <span class='ocrx_word' id='word_1_26' title='bbox 1830 369 2038 427; x_wconf 88' lang='lat' dir='ltr'><strong>crebro</strong></span> 
     </span>
    </p>
   </div>
   <div class='ocr_carea' id='block_1_6' title="bbox 382 450 2038 536">
    <p class='ocr_par' dir='ltr' id='par_1_6' title="bbox 382 450 2038 536">
     <span class='ocr_line' id='line_1_6' title="bbox 382 450 2038 536; baseline -0.007 -14"><span class='ocrx_word' id='word_1_27' title='bbox 382 483 447 524; x_wconf 92' lang='lat' dir='ltr'><strong>se</strong></span> <span class='ocrx_word' id='word_1_28' title='bbox 479 466 789 530; x_wconf 89' lang='lat' dir='ltr'><strong>conferret,</strong></span> <span class='ocrx_word' id='word_1_29' title='bbox 834 477 958 519; x_wconf 92' lang='lat' dir='ltr'><strong>non</strong></span> <span class='ocrx_word' id='word_1_30' title='bbox 986 450 1205 536; x_wconf 84' lang='lat' dir='ltr'><strong>parum</strong></span> <span class='ocrx_word' id='word_1_31' title='bbox 1263 461 1507 518; x_wconf 84' lang='lat' dir='ltr'><strong>dolebat</strong></span> <span class='ocrx_word' id='word_1_32' title='bbox 1554 466 1610 519; x_wconf 91' lang='lat' dir='ltr'><strong>et</strong></span> <span class='ocrx_word' id='word_1_33' title='bbox 1664 460 1779 534; x_wconf 88' lang='lat' dir='ltr'><strong>ipsi</strong></span> <span class='ocrx_word' id='word_1_34' title='bbox 1824 463 1881 515; x_wconf 90' lang='lat' dir='ltr'><strong>et</strong></span> <span class='ocrx_word' id='word_1_35' title='bbox 1908 457 2038 514; x_wconf 89' lang='lat' dir='ltr'><strong>aliis</strong></span> 
     </span>
    </p>
   </div>
   <div class='ocr_carea' id='block_1_7' title="bbox 380 549 2041 629">
    <p class='ocr_par' dir='ltr' id='par_1_7' title="bbox 380 549 2041 629">
     <span class='ocr_line' id='line_1_7' title="bbox 380 549 2041 629; baseline -0.004 -19"><span class='ocrx_word' id='word_1_36' title='bbox 380 554 547 629; x_wconf 90' lang='lat' dir='ltr'><strong>quod</strong></span> <span class='ocrx_word' id='word_1_37' title='bbox 567 569 661 609; x_wconf 91' lang='lat' dir='ltr'><strong>res</strong></span> <span class='ocrx_word' id='word_1_38' title='bbox 682 556 739 608; x_wconf 93' lang='lat' dir='ltr'><strong>et</strong></span> <span class='ocrx_word' id='word_1_39' title='bbox 760 555 1157 623; x_wconf 90' lang='lat' dir='ltr'><strong>tempus,non</strong></span> <span class='ocrx_word' id='word_1_40' title='bbox 1174 550 1433 607; x_wconf 85' lang='lat' dir='ltr'><strong>sinerent</strong></span> <span class='ocrx_word' id='word_1_41' title='bbox 1447 566 1586 606; x_wconf 88' lang='lat' dir='ltr'><strong>eum</strong></span> <span class='ocrx_word' id='word_1_42' title='bbox 1612 549 1728 606; x_wconf 91' lang='lat' dir='ltr'><strong>illic</strong></span> <span class='ocrx_word' id='word_1_43' title='bbox 1751 551 2041 622; x_wconf 89' lang='lat' dir='ltr'><strong>perpetuo</strong></span> 
     </span>
    </p>
   </div>
   <div class='ocr_carea' id='block_1_8' title="bbox 379 634 2042 712">
    <p class='ocr_par' dir='ltr' id='par_1_8' title="bbox 379 634 2042 712">
     <span class='ocr_line' id='line_1_8' title="bbox 379 634 2042 712; baseline -0.005 -13"><span class='ocrx_word' id='word_1_44' title='bbox 379 640 659 699; x_wconf 86' lang='lat' dir='ltr'><strong>residere.</strong></span> <span class='ocrx_word' id='word_1_45' title='bbox 693 638 1079 712; x_wconf 86' lang='lat' dir='ltr'><strong>Proponebat</strong></span> <span class='ocrx_word' id='word_1_46' title='bbox 1104 638 1216 695; x_wconf 84' lang='lat' dir='ltr'><strong>sibi</strong></span> <span class='ocrx_word' id='word_1_47' title='bbox 1246 637 1309 694; x_wconf 94' lang='lat' dir='ltr'><strong>in</strong></span> <span class='ocrx_word' id='word_1_48' title='bbox 1340 637 1546 694; x_wconf 91' lang='lat' dir='ltr'><strong>animo</strong></span> <span class='ocrx_word' id='word_1_49' title='bbox 1571 636 1653 695; x_wconf 92' lang='lat' dir='ltr'><strong>ad</strong></span> <span class='ocrx_word' id='word_1_50' title='bbox 1679 634 2042 693; x_wconf 90' lang='lat' dir='ltr'><strong>imitandum</strong></span> 
     </span>
    </p>
   </div>
   <div class='ocr_carea' id='block_1_9' title="bbox 381 723 2043 800">
    <p class='ocr_par' dir='ltr' id='par_1_9' title="bbox 381 723 2043 800">
     <span class='ocr_line' id='line_1_9' title="bbox 381 723 2043 800; baseline -0.004 -14"><span class='ocrx_word' id='word_1_51' title='bbox 381 728 605 786; x_wconf 90' lang='lat' dir='ltr'><strong>multos</strong></span> <span class='ocrx_word' id='word_1_52' title='bbox 634 732 875 785; x_wconf 90' lang='lat' dir='ltr'><strong>sanctos</strong></span> <span class='ocrx_word' id='word_1_53' title='bbox 906 730 1126 796; x_wconf 80' lang='lat' dir='ltr'><strong>Patres,</strong></span> <span class='ocrx_word' id='word_1_54' title='bbox 1144 743 1247 785; x_wconf 90' lang='lat' dir='ltr'><strong>eos</strong></span> <span class='ocrx_word' id='word_1_55' title='bbox 1276 725 1607 800; x_wconf 84' lang='lat' dir='ltr'><strong>praesertim</strong></span> <span class='ocrx_word' id='word_1_56' title='bbox 1635 725 1742 800; x_wconf 89' lang='lat' dir='ltr'><strong>qui</strong></span> <span class='ocrx_word' id='word_1_57' title='bbox 1770 723 2043 798; x_wconf 88' lang='lat' dir='ltr'><strong>ejusdem</strong></span> 
     </span>
    </p>
   </div>
   <div class='ocr_carea' id='block_1_10' title="bbox 383 813 2043 889">
    <p class='ocr_par' dir='ltr' id='par_1_10' title="bbox 383 813 2043 889">
     <span class='ocr_line' id='line_1_10' title="bbox 383 813 2043 889; baseline -0.002 -16"><span class='ocrx_word' id='word_1_58' title='bbox 383 817 661 875; x_wconf 68' lang='lat' dir='ltr'><strong>Ecclesiae</strong></span> <span class='ocrx_word' id='word_1_59' title='bbox 691 817 1086 875; x_wconf 89' lang='lat' dir='ltr'><strong>fundamenta</strong></span> <span class='ocrx_word' id='word_1_60' title='bbox 1114 816 1177 873; x_wconf 91' lang='lat' dir='ltr'><strong>in</strong></span> <span class='ocrx_word' id='word_1_61' title='bbox 1204 816 1380 873; x_wconf 88' lang='lat' dir='ltr'><strong>ﬁrma</strong></span> <span class='ocrx_word' id='word_1_62' title='bbox 1403 820 1571 889; x_wconf 83' lang='lat' dir='ltr'><strong>petra</strong></span> <span class='ocrx_word' id='word_1_63' title='bbox 1593 815 1821 874; x_wconf 88' lang='lat' dir='ltr'><strong>Christo</strong></span> <span class='ocrx_word' id='word_1_64' title='bbox 1846 813 2043 888; x_wconf 90' lang='lat' dir='ltr'><strong>primo</strong></span> 
     </span>
    </p>
   </div>
   <div class='ocr_carea' id='block_1_11' title="bbox 383 903 2043 980">
    <p class='ocr_par' dir='ltr' id='par_1_11' title="bbox 383 903 2043 980">
     <span class='ocr_line' id='line_1_11' title="bbox 383 903 2043 980; baseline -0.004 -15"><span class='ocrx_word' id='word_1_65' title='bbox 383 907 772 976; x_wconf 82' lang='lat' dir='ltr'><strong>collocarunt,</strong></span> <span class='ocrx_word' id='word_1_66' title='bbox 830 911 978 980; x_wconf 89' lang='lat' dir='ltr'><strong>puta</strong></span> <span class='ocrx_word' id='word_1_67' title='bbox 1034 905 1493 963; x_wconf 87' lang='lat' dir='ltr'><strong>Willibrordum</strong></span> <span class='ocrx_word' id='word_1_68' title='bbox 1547 909 1604 961; x_wconf 93' lang='lat' dir='ltr'><strong>et</strong></span> <span class='ocrx_word' id='word_1_69' title='bbox 1649 903 2043 973; x_wconf 86' lang='lat' dir='ltr'><strong>Bonifacium,</strong></span> 
     </span>
    </p>
   </div>
   <div class='ocr_carea' id='block_1_12' title="bbox 385 992 2047 1071">
    <p class='ocr_par' dir='ltr' id='par_1_12' title="bbox 385 992 2047 1071">
     <span class='ocr_line' id='line_1_12' title="bbox 385 992 2047 1071; baseline -0.003 -17"><span class='ocrx_word' id='word_1_70' title='bbox 385 997 611 1054; x_wconf 91' lang='lat' dir='ltr'><strong>meritis</strong></span> <span class='ocrx_word' id='word_1_71' title='bbox 637 1001 693 1054; x_wconf 89' lang='lat' dir='ltr'><strong>et</strong></span> <span class='ocrx_word' id='word_1_72' title='bbox 724 997 1034 1055; x_wconf 82' lang='lat' dir='ltr'><strong>sanctitate</strong></span> <span class='ocrx_word' id='word_1_73' title='bbox 1064 996 1423 1071; x_wconf 68' lang='lat' dir='ltr'><strong>praecipuos,</strong></span> <span class='ocrx_word' id='word_1_74' title='bbox 1450 1011 1606 1069; x_wconf 91' lang='lat' dir='ltr'><strong>quos</strong></span> <span class='ocrx_word' id='word_1_75' title='bbox 1627 994 1802 1051; x_wconf 87' lang='lat' dir='ltr'><strong>ardui</strong></span> <span class='ocrx_word' id='word_1_76' title='bbox 1820 992 2047 1050; x_wconf 85' lang='lat' dir='ltr'><strong>itineris</strong></span> 
     </span>
    </p>
   </div>
   <div class='ocr_carea' id='block_1_13' title="bbox 387 1085 2047 1162">
    <p class='ocr_par' dir='ltr' id='par_1_13' title="bbox 387 1085 2047 1162">
     <span class='ocr_line' id='line_1_13' title="bbox 387 1085 2047 1162; baseline -0.003 -18"><span class='ocrx_word' id='word_1_77' title='bbox 387 1104 512 1161; x_wconf 90' lang='lat' dir='ltr'><strong>quo</strong></span> <span class='ocrx_word' id='word_1_78' title='bbox 531 1087 613 1144; x_wconf 84' lang='lat' dir='ltr'><strong>illi</strong></span> <span class='ocrx_word' id='word_1_79' title='bbox 635 1090 1065 1162; x_wconf 75' lang='lat' dir='ltr'><strong>praeceSserant</strong></span> <span class='ocrx_word' id='word_1_80' title='bbox 1078 1087 1261 1143; x_wconf 90' lang='lat' dir='ltr'><strong>duces</strong></span> <span class='ocrx_word' id='word_1_81' title='bbox 1278 1085 1390 1141; x_wconf 90' lang='lat' dir='ltr'><strong>sibi</strong></span> <span class='ocrx_word' id='word_1_82' title='bbox 1413 1085 1587 1157; x_wconf 81' lang='lat' dir='ltr'><strong>elegit</strong></span> <span class='ocrx_word' id='word_1_83' title='bbox 1602 1085 2047 1157; x_wconf 90' lang='lat' dir='ltr'><strong>imitandosque</strong></span> 
     </span>
    </p>
   </div>
   <div class='ocr_carea' id='block_1_14' title="bbox 389 1173 2050 1251">
    <p class='ocr_par' dir='ltr' id='par_1_14' title="bbox 389 1173 2050 1251">
     <span class='ocr_line' id='line_1_14' title="bbox 389 1173 2050 1251; baseline -0.004 -17"><span class='ocrx_word' id='word_1_84' title='bbox 389 1177 672 1250; x_wconf 84' lang='lat' dir='ltr'><strong>suscepit,</strong></span> <span class='ocrx_word' id='word_1_85' title='bbox 704 1193 860 1251; x_wconf 93' lang='lat' dir='ltr'><strong>quos</strong></span> <span class='ocrx_word' id='word_1_86' title='bbox 891 1177 1072 1233; x_wconf 91' lang='lat' dir='ltr'><strong>etiam</strong></span> <span class='ocrx_word' id='word_1_87' title='bbox 1116 1176 1177 1233; x_wconf 90' lang='lat' dir='ltr'><strong>in</strong></span> <span class='ocrx_word' id='word_1_88' title='bbox 1206 1173 1763 1249; x_wconf 89' lang='lat' dir='ltr'><strong>superliminaribus</strong></span> <span class='ocrx_word' id='word_1_89' title='bbox 1790 1174 2050 1246; x_wconf 88' lang='lat' dir='ltr'><strong>pectoris</strong></span> 
     </span>
    </p>
   </div>
   <div class='ocr_carea' id='block_1_15' title="bbox 390 1256 2052 1340">
    <p class='ocr_par' dir='ltr' id='par_1_15' title="bbox 390 1256 2052 1340">
     <span class='ocr_line' id='line_1_15' title="bbox 390 1256 2052 1340; baseline -0.002 -19"><span class='ocrx_word' id='word_1_90' title='bbox 390 1265 483 1321; x_wconf 91' lang='lat' dir='ltr'><strong>sui</strong></span> <span class='ocrx_word' id='word_1_91' title='bbox 507 1265 777 1340; x_wconf 82' lang='lat' dir='ltr'><strong>depinxit</strong></span> <span class='ocrx_word' id='word_1_92' title='bbox 792 1256 1144 1339; x_wconf 89' lang='lat' dir='ltr'><strong>intentaque</strong></span> <span class='ocrx_word' id='word_1_93' title='bbox 1174 1265 1360 1322; x_wconf 91' lang='lat' dir='ltr'><strong>animi</strong></span> <span class='ocrx_word' id='word_1_94' title='bbox 1377 1263 1882 1337; x_wconf 89' lang='lat' dir='ltr'><strong>contemplatione</strong></span> <span class='ocrx_word' id='word_1_95' title='bbox 1899 1278 2052 1318; x_wconf 89' lang='lat' dir='ltr'><strong>sem-</strong></span> 
     </span>
    </p>
   </div>
   <div class='ocr_carea' id='block_1_16' title="bbox 387 1351 2052 1428">
    <p class='ocr_par' dir='ltr' id='par_1_16' title="bbox 387 1351 2052 1428">
     <span class='ocr_line' id='line_1_16' title="bbox 387 1351 2052 1428; baseline -0.002 -17"><span class='ocrx_word' id='word_1_96' title='bbox 387 1370 497 1428; x_wconf 87' lang='lat' dir='ltr'><strong>per</strong></span> <span class='ocrx_word' id='word_1_97' title='bbox 538 1354 902 1413; x_wconf 89' lang='lat' dir='ltr'><strong>intuebatur.</strong></span> <span class='ocrx_word' id='word_1_98' title='bbox 938 1355 1047 1422; x_wconf 87' lang='lat' dir='ltr'><strong>Qui</strong></span> <span class='ocrx_word' id='word_1_99' title='bbox 1091 1371 1333 1412; x_wconf 91' lang='lat' dir='ltr'><strong>morum</strong></span> <span class='ocrx_word' id='word_1_100' title='bbox 1365 1355 1694 1423; x_wconf 88' lang='lat' dir='ltr'><strong>sanctitate,</strong></span> <span class='ocrx_word' id='word_1_101' title='bbox 1726 1357 1784 1409; x_wconf 89' lang='lat' dir='ltr'><strong>et</strong></span> <span class='ocrx_word' id='word_1_102' title='bbox 1811 1351 2052 1425; x_wconf 88' lang='lat' dir='ltr'><strong>optimis</strong></span> 
     </span>
    </p>
   </div>
   <div class='ocr_carea' id='block_1_17' title="bbox 390 1440 2054 1519">
    <p class='ocr_par' dir='ltr' id='par_1_17' title="bbox 390 1440 2054 1519">
     <span class='ocr_line' id='line_1_17' title="bbox 390 1440 2054 1519; baseline -0.002 -19"><span class='ocrx_word' id='word_1_103' title='bbox 390 1443 679 1517; x_wconf 85' lang='lat' dir='ltr'><strong>exemplis</strong></span> <span class='ocrx_word' id='word_1_104' title='bbox 700 1445 1172 1518; x_wconf 87' lang='lat' dir='ltr'><strong>meritorumque</strong></span> <span class='ocrx_word' id='word_1_105' title='bbox 1184 1443 1528 1519; x_wconf 87' lang='lat' dir='ltr'><strong>patrociniis</strong></span> <span class='ocrx_word' id='word_1_106' title='bbox 1541 1443 1809 1500; x_wconf 89' lang='lat' dir='ltr'><strong>etianum</strong></span> <span class='ocrx_word' id='word_1_107' title='bbox 1830 1440 2054 1497; x_wconf 91' lang='lat' dir='ltr'><strong>summi</strong></span> 
     </span>
    </p>
   </div>
   <div class='ocr_carea' id='block_1_18' title="bbox 389 1531 2055 1606">
    <p class='ocr_par' dir='ltr' id='par_1_18' title="bbox 389 1531 2055 1606">
     <span class='ocr_line' id='line_1_18' title="bbox 389 1531 2055 1606; baseline -0.002 -17"><span class='ocrx_word' id='word_1_108' title='bbox 389 1533 547 1603; x_wconf 89' lang='lat' dir='ltr'><strong>regis</strong></span> <span class='ocrx_word' id='word_1_109' title='bbox 575 1532 867 1590; x_wconf 84' lang='lat' dir='ltr'><strong>familiam</strong></span> <span class='ocrx_word' id='word_1_110' title='bbox 896 1532 1235 1603; x_wconf 91' lang='lat' dir='ltr'><strong>sublevant,</strong></span> <span class='ocrx_word' id='word_1_111' title='bbox 1265 1531 1453 1606; x_wconf 94' lang='lat' dir='ltr'><strong>quod,</strong></span> <span class='ocrx_word' id='word_1_112' title='bbox 1483 1531 1630 1588; x_wconf 88' lang='lat' dir='ltr'><strong>alter</strong></span> <span class='ocrx_word' id='word_1_113' title='bbox 1655 1532 1717 1587; x_wconf 92' lang='lat' dir='ltr'><strong>in</strong></span> <span class='ocrx_word' id='word_1_114' title='bbox 1742 1545 1892 1604; x_wconf 89' lang='lat' dir='ltr'><strong>pace</strong></span> <span class='ocrx_word' id='word_1_115' title='bbox 1917 1545 2055 1585; x_wconf 91' lang='lat' dir='ltr'><strong>con-</strong></span> 
     </span>
    </p>
   </div>
   <div class='ocr_carea' id='block_1_19' title="bbox 2151 356 3813 433">
    <p class='ocr_par' dir='ltr' id='par_1_19' title="bbox 2151 356 3813 433">
     <span class='ocr_line' id='line_1_19' title="bbox 2151 356 3813 433; baseline -0.005 -12"><span class='ocrx_word' id='word_1_116' title='bbox 2151 366 2239 421; x_wconf 82' lang='lat' dir='ltr'><strong>lit.</strong></span> <span class='ocrx_word' id='word_1_117' title='bbox 2276 365 2437 420; x_wconf 86' lang='lat' dir='ltr'><strong>Hinc</strong></span> <span class='ocrx_word' id='word_1_118' title='bbox 2467 364 2567 419; x_wconf 86' lang='lat' dir='ltr'><strong>illi</strong></span> <span class='ocrx_word' id='word_1_119' title='bbox 2601 368 2768 433; x_wconf 81' lang='lat' dir='ltr'><strong>peste</strong></span> <span class='ocrx_word' id='word_1_120' title='bbox 2796 362 3058 419; x_wconf 77' lang='lat' dir='ltr'><strong>multati.</strong></span> <span class='ocrx_word' id='word_1_121' title='bbox 3105 392 3171 400; x_wconf 91' lang='lat'><strong><em>—</em></strong></span> <span class='ocrx_word' id='word_1_122' title='bbox 3194 356 3446 414; x_wconf 86' lang='lat' dir='ltr'><strong>Visitans</strong></span> <span class='ocrx_word' id='word_1_123' title='bbox 3476 356 3813 432; x_wconf 88' lang='lat' dir='ltr'><strong>aliquando</strong></span> 
     </span>
    </p>
   </div>
   <div class='ocr_carea' id='block_1_20' title="bbox 2148 447 3813 524">
    <p class='ocr_par' dir='ltr' id='par_1_20' title="bbox 2148 447 3813 524">
     <span class='ocr_line' id='line_1_20' title="bbox 2148 447 3813 524; baseline -0.005 -14"><span class='ocrx_word' id='word_1_124' title='bbox 2148 453 2441 511; x_wconf 91' lang='lat' dir='ltr'><strong>creditum</strong></span> <span class='ocrx_word' id='word_1_125' title='bbox 2467 452 2580 509; x_wconf 90' lang='lat' dir='ltr'><strong>sibi</strong></span> <span class='ocrx_word' id='word_1_126' title='bbox 2602 468 2847 524; x_wconf 80' lang='lat' dir='ltr'><strong>gregem</strong></span> <span class='ocrx_word' id='word_1_127' title='bbox 2871 453 2933 507; x_wconf 91' lang='lat' dir='ltr'><strong>in</strong></span> <span class='ocrx_word' id='word_1_128' title='bbox 2963 449 3218 506; x_wconf 88' lang='lat' dir='ltr'><strong>Frisiam</strong></span> <span class='ocrx_word' id='word_1_129' title='bbox 3248 447 3548 520; x_wconf 90' lang='lat' dir='ltr'><strong>profectus</strong></span> <span class='ocrx_word' id='word_1_130' title='bbox 3578 451 3694 517; x_wconf 89' lang='lat' dir='ltr'><strong>est,</strong></span> <span class='ocrx_word' id='word_1_131' title='bbox 3724 452 3813 519; x_wconf 90' lang='lat' dir='ltr'><strong>ut,</strong></span> 
     </span>
    </p>
   </div>
   <div class='ocr_carea' id='block_1_21' title="bbox 2148 537 3816 618">
    <p class='ocr_par' dir='ltr' id='par_1_21' title="bbox 2148 537 3816 618">
     <span class='ocr_line' id='line_1_21' title="bbox 2148 537 3816 618; baseline -0.005 -18"><span class='ocrx_word' id='word_1_132' title='bbox 2148 543 2197 601; x_wconf 91' lang='lat' dir='ltr'><strong>si</strong></span> <span class='ocrx_word' id='word_1_133' title='bbox 2216 543 2323 618; x_wconf 87' lang='lat' dir='ltr'><strong>qui</strong></span> <span class='ocrx_word' id='word_1_134' title='bbox 2351 542 2468 599; x_wconf 91' lang='lat' dir='ltr'><strong>illic</strong></span> <span class='ocrx_word' id='word_1_135' title='bbox 2497 542 2729 616; x_wconf 89' lang='lat' dir='ltr'><strong>pristini</strong></span> <span class='ocrx_word' id='word_1_136' title='bbox 2759 540 2974 598; x_wconf 90' lang='lat' dir='ltr'><strong>erroris</strong></span> <span class='ocrx_word' id='word_1_137' title='bbox 3012 541 3385 609; x_wconf 91' lang='lat' dir='ltr'><strong>emergerent</strong></span> <span class='ocrx_word' id='word_1_138' title='bbox 3411 537 3678 605; x_wconf 84' lang='lat' dir='ltr'><strong>frutices,</strong></span> <span class='ocrx_word' id='word_1_139' title='bbox 3710 552 3816 593; x_wconf 83' lang='lat' dir='ltr'><strong>eos</strong></span> 
     </span>
    </p>
   </div>
   <div class='ocr_carea' id='block_1_22' title="bbox 2148 626 3815 709">
    <p class='ocr_par' dir='ltr' id='par_1_22' title="bbox 2148 626 3815 709">
     <span class='ocr_line' id='line_1_22' title="bbox 2148 626 3815 709; baseline -0.005 -19"><span class='ocrx_word' id='word_1_140' title='bbox 2148 632 2396 709; x_wconf 85' lang='lat' dir='ltr'><strong>spiritali</strong></span> <span class='ocrx_word' id='word_1_141' title='bbox 2426 648 2663 689; x_wconf 88' lang='lat' dir='ltr'><strong>vomere</strong></span> <span class='ocrx_word' id='word_1_142' title='bbox 2702 631 3024 704; x_wconf 86' lang='lat' dir='ltr'><strong>extirparet</strong></span> <span class='ocrx_word' id='word_1_143' title='bbox 3076 628 3468 702; x_wconf 86' lang='lat' dir='ltr'><strong>doctrinaque</strong></span> <span class='ocrx_word' id='word_1_144' title='bbox 3495 626 3643 683; x_wconf 89' lang='lat' dir='ltr'><strong>ﬁdei</strong></span> <span class='ocrx_word' id='word_1_145' title='bbox 3691 642 3815 682; x_wconf 88' lang='lat' dir='ltr'><strong>cre-</strong></span> 
     </span>
    </p>
   </div>
   <div class='ocr_carea' id='block_1_23' title="bbox 2148 716 3816 791">
    <p class='ocr_par' dir='ltr' id='par_1_23' title="bbox 2148 716 3816 791">
     <span class='ocr_line' id='line_1_23' title="bbox 2148 716 3816 791; baseline -0.006 -11"><span class='ocrx_word' id='word_1_146' title='bbox 2148 722 2423 781; x_wconf 89' lang='lat' dir='ltr'><strong>dentium</strong></span> <span class='ocrx_word' id='word_1_147' title='bbox 2466 721 2706 778; x_wconf 89' lang='lat' dir='ltr'><strong>animos</strong></span> <span class='ocrx_word' id='word_1_148' title='bbox 2736 720 3025 791; x_wconf 89' lang='lat' dir='ltr'><strong>irrigaret.</strong></span> <span class='ocrx_word' id='word_1_149' title='bbox 3072 720 3402 776; x_wconf 88' lang='lat' dir='ltr'><strong>Occurrunt</strong></span> <span class='ocrx_word' id='word_1_150' title='bbox 3429 718 3637 773; x_wconf 87' lang='lat' dir='ltr'><strong>autem</strong></span> <span class='ocrx_word' id='word_1_151' title='bbox 3664 716 3816 771; x_wconf 79' lang='lat' dir='ltr'><strong>Dani</strong></span> 
     </span>
    </p>
   </div>
   <div class='ocr_carea' id='block_1_24' title="bbox 2149 804 3814 887">
    <p class='ocr_par' dir='ltr' id='par_1_24' title="bbox 2149 804 3814 887">
     <span class='ocr_line' id='line_1_24' title="bbox 2149 804 3814 887; baseline -0.005 -17"><span class='ocrx_word' id='word_1_152' title='bbox 2149 813 2402 887; x_wconf 89' lang='lat' dir='ltr'><strong>ejusque</strong></span> <span class='ocrx_word' id='word_1_153' title='bbox 2433 815 2685 869; x_wconf 87' lang='lat' dir='ltr'><strong>conatus</strong></span> <span class='ocrx_word' id='word_1_154' title='bbox 2726 809 3081 885; x_wconf 90' lang='lat' dir='ltr'><strong>impediunt.</strong></span> <span class='ocrx_word' id='word_1_155' title='bbox 3137 807 3252 866; x_wconf 90' lang='lat' dir='ltr'><strong>Sed</strong></span> <span class='ocrx_word' id='word_1_156' title='bbox 3295 806 3389 863; x_wconf 89' lang='lat' dir='ltr'><strong>ille</strong></span> <span class='ocrx_word' id='word_1_157' title='bbox 3426 810 3636 864; x_wconf 91' lang='lat' dir='ltr'><strong>tamen</strong></span> <span class='ocrx_word' id='word_1_158' title='bbox 3665 804 3814 861; x_wconf 87' lang='lat' dir='ltr'><strong>nihil</strong></span> 
     </span>
    </p>
   </div>
   <div class='ocr_carea' id='block_1_25' title="bbox 2150 895 3817 976">
    <p class='ocr_par' dir='ltr' id='par_1_25' title="bbox 2150 895 3817 976">
     <span class='ocr_line' id='line_1_25' title="bbox 2150 895 3817 976; baseline -0.004 -17"><span class='ocrx_word' id='word_1_159' title='bbox 2150 902 2357 959; x_wconf 82' lang='lat' dir='ltr'><strong>mortis</strong></span> <span class='ocrx_word' id='word_1_160' title='bbox 2410 901 2679 976; x_wconf 91' lang='lat' dir='ltr'><strong>periculo</strong></span> <span class='ocrx_word' id='word_1_161' title='bbox 2708 899 3056 958; x_wconf 87' lang='lat' dir='ltr'><strong>absterritus</strong></span> <span class='ocrx_word' id='word_1_162' title='bbox 3081 896 3372 955; x_wconf 89' lang='lat' dir='ltr'><strong>salutares</strong></span> <span class='ocrx_word' id='word_1_163' title='bbox 3415 896 3500 953; x_wconf 89' lang='lat' dir='ltr'><strong>eis</strong></span> <span class='ocrx_word' id='word_1_164' title='bbox 3529 895 3817 953; x_wconf 84' lang='lat' dir='ltr'><strong>adhorta-</strong></span> 
     </span>
    </p>
   </div>
   <div class='ocr_carea' id='block_1_26' title="bbox 2152 984 3820 1063">
    <p class='ocr_par' dir='ltr' id='par_1_26' title="bbox 2152 984 3820 1063">
     <span class='ocr_line' id='line_1_26' title="bbox 2152 984 3820 1063; baseline -0.004 -15"><span class='ocrx_word' id='word_1_165' title='bbox 2152 991 2342 1048; x_wconf 87' lang='lat' dir='ltr'><strong>tiones</strong></span> <span class='ocrx_word' id='word_1_166' title='bbox 2371 991 2636 1059; x_wconf 90' lang='lat' dir='ltr'><strong>adhibet,</strong></span> <span class='ocrx_word' id='word_1_167' title='bbox 2651 994 2718 1047; x_wconf 91' lang='lat' dir='ltr'><strong>ut</strong></span> <span class='ocrx_word' id='word_1_168' title='bbox 2739 988 3066 1063; x_wconf 89' lang='lat' dir='ltr'><strong>repudiatis</strong></span> <span class='ocrx_word' id='word_1_169' title='bbox 3095 985 3395 1043; x_wconf 91' lang='lat' dir='ltr'><strong>erroribus</strong></span> <span class='ocrx_word' id='word_1_170' title='bbox 3410 984 3820 1058; x_wconf 82' lang='lat' dir='ltr'><strong>complectan-</strong></span> 
     </span>
    </p>
   </div>
   <div class='ocr_carea' id='block_1_27' title="bbox 2151 1074 3818 1149">
    <p class='ocr_par' dir='ltr' id='par_1_27' title="bbox 2151 1074 3818 1149">
     <span class='ocr_line' id='line_1_27' title="bbox 2151 1074 3818 1149; baseline -0.005 -11"><span class='ocrx_word' id='word_1_171' title='bbox 2151 1084 2249 1140; x_wconf 89' lang='lat' dir='ltr'><strong>tur</strong></span> <span class='ocrx_word' id='word_1_172' title='bbox 2292 1080 2557 1137; x_wconf 86' lang='lat' dir='ltr'><strong>veritatis</strong></span> <span class='ocrx_word' id='word_1_173' title='bbox 2586 1079 2770 1147; x_wconf 89' lang='lat' dir='ltr'><strong>viam,</strong></span> <span class='ocrx_word' id='word_1_174' title='bbox 2826 1081 2917 1149; x_wconf 91' lang='lat' dir='ltr'><strong>At,</strong></span> <span class='ocrx_word' id='word_1_175' title='bbox 2966 1077 3079 1134; x_wconf 90' lang='lat' dir='ltr'><strong>illis</strong></span> <span class='ocrx_word' id='word_1_176' title='bbox 3128 1074 3437 1132; x_wconf 87' lang='lat' dir='ltr'><strong>obduratis</strong></span> <span class='ocrx_word' id='word_1_177' title='bbox 3489 1074 3718 1131; x_wconf 88' lang='lat' dir='ltr'><strong>animis</strong></span> <span class='ocrx_word' id='word_1_178' title='bbox 3756 1074 3818 1130; x_wconf 91' lang='lat' dir='ltr'><strong>in</strong></span> 
     </span>
    </p>
   </div>
   <div class='ocr_carea' id='block_1_28' title="bbox 2156 1161 3822 1242">
    <p class='ocr_par' dir='ltr' id='par_1_28' title="bbox 2156 1161 3822 1242">
     <span class='ocr_line' id='line_1_28' title="bbox 2156 1161 3822 1242; baseline -0.005 -16"><span class='ocrx_word' id='word_1_179' title='bbox 2156 1167 2384 1226; x_wconf 90' lang='lat' dir='ltr'><strong>malitia</strong></span> <span class='ocrx_word' id='word_1_180' title='bbox 2424 1166 2881 1242; x_wconf 90' lang='lat' dir='ltr'><strong>persistentibus</strong></span> <span class='ocrx_word' id='word_1_181' title='bbox 2922 1167 3299 1237; x_wconf 87' lang='lat' dir='ltr'><strong>mortemque</strong></span> <span class='ocrx_word' id='word_1_182' title='bbox 3344 1161 3460 1235; x_wconf 86' lang='lat' dir='ltr'><strong>ipsi</strong></span> <span class='ocrx_word' id='word_1_183' title='bbox 3489 1161 3822 1219; x_wconf 85' lang='lat' dir='ltr'><strong>minitanti-</strong></span> 
     </span>
    </p>
   </div>
   <div class='ocr_carea' id='block_1_29' title="bbox 2156 1250 3821 1325">
    <p class='ocr_par' dir='ltr' id='par_1_29' title="bbox 2156 1250 3821 1325">
     <span class='ocr_line' id='line_1_29' title="bbox 2156 1250 3821 1325; baseline -0.005 -12"><span class='ocrx_word' id='word_1_184' title='bbox 2156 1257 2292 1325; x_wconf 91' lang='lat' dir='ltr'><strong>bus,</strong></span> <span class='ocrx_word' id='word_1_185' title='bbox 2323 1254 2725 1313; x_wconf 88' lang='lat' dir='ltr'><strong>anathematis</strong></span> <span class='ocrx_word' id='word_1_186' title='bbox 2762 1253 2824 1311; x_wconf 90' lang='lat' dir='ltr'><strong>in</strong></span> <span class='ocrx_word' id='word_1_187' title='bbox 2849 1269 2951 1311; x_wconf 90' lang='lat' dir='ltr'><strong>eos</strong></span> <span class='ocrx_word' id='word_1_188' title='bbox 2981 1251 3337 1309; x_wconf 87' lang='lat' dir='ltr'><strong>sententiam</strong></span> <span class='ocrx_word' id='word_1_189' title='bbox 3362 1250 3642 1307; x_wconf 89' lang='lat' dir='ltr'><strong>vibravit.</strong></span> <span class='ocrx_word' id='word_1_190' title='bbox 3670 1252 3821 1306; x_wconf 88' lang='lat' dir='ltr'><strong>Tum</strong></span> 
     </span>
    </p>
   </div>
   <div class='ocr_carea' id='block_1_30' title="bbox 2156 1338 3822 1414">
    <p class='ocr_par' dir='ltr' id='par_1_30' title="bbox 2156 1338 3822 1414">
     <span class='ocr_line' id='line_1_30' title="bbox 2156 1338 3822 1414; baseline -0.007 -12"><span class='ocrx_word' id='word_1_191' title='bbox 2156 1360 2298 1403; x_wconf 90' lang='lat' dir='ltr'><strong>vero</strong></span> <span class='ocrx_word' id='word_1_192' title='bbox 2329 1343 2532 1401; x_wconf 91' lang='lat' dir='ltr'><strong>divina</strong></span> <span class='ocrx_word' id='word_1_193' title='bbox 2559 1343 2705 1401; x_wconf 92' lang='lat' dir='ltr'><strong>ultio</strong></span> <span class='ocrx_word' id='word_1_194' title='bbox 2732 1341 3046 1400; x_wconf 89' lang='lat' dir='ltr'><strong>confestim</strong></span> <span class='ocrx_word' id='word_1_195' title='bbox 3073 1356 3177 1398; x_wconf 91' lang='lat' dir='ltr'><strong>eos</strong></span> <span class='ocrx_word' id='word_1_196' title='bbox 3200 1341 3515 1414; x_wconf 86' lang='lat' dir='ltr'><strong>persecuta</strong></span> <span class='ocrx_word' id='word_1_197' title='bbox 3541 1340 3656 1394; x_wconf 87' lang='lat' dir='ltr'><strong>est.</strong></span> <span class='ocrx_word' id='word_1_198' title='bbox 3668 1338 3822 1392; x_wconf 83' lang='lat' dir='ltr'><strong>Nam</strong></span> 
     </span>
    </p>
   </div>
   <div class='ocr_carea' id='block_1_31' title="bbox 2157 1423 3825 1507">
    <p class='ocr_par' dir='ltr' id='par_1_31' title="bbox 2157 1423 3825 1507">
     <span class='ocr_line' id='line_1_31' title="bbox 2157 1423 3825 1507; baseline -0.007 -16"><span class='ocrx_word' id='word_1_199' title='bbox 2157 1437 2323 1507; x_wconf 89' lang='lat' dir='ltr'><strong>peste</strong></span> <span class='ocrx_word' id='word_1_200' title='bbox 2386 1432 2690 1490; x_wconf 90' lang='lat' dir='ltr'><strong>horrenda</strong></span> <span class='ocrx_word' id='word_1_201' title='bbox 2746 1436 2991 1505; x_wconf 88' lang='lat' dir='ltr'><strong>tamque</strong></span> <span class='ocrx_word' id='word_1_202' title='bbox 3042 1427 3309 1486; x_wconf 86' lang='lat' dir='ltr'><strong>fulminis</strong></span> <span class='ocrx_word' id='word_1_203' title='bbox 3365 1427 3486 1484; x_wconf 91' lang='lat' dir='ltr'><strong>ictu</strong></span> <span class='ocrx_word' id='word_1_204' title='bbox 3547 1423 3825 1499; x_wconf 80' lang='lat' dir='ltr'><strong>percussi</strong></span> 
     </span>
    </p>
   </div>
   <div class='ocr_carea' id='block_1_32' title="bbox 2159 1515 3824 1590">
    <p class='ocr_par' dir='ltr' id='par_1_32' title="bbox 2159 1515 3824 1590">
     <span class='ocr_line' id='line_1_32' title="bbox 2159 1515 3824 1590; baseline -0.007 -9"><span class='ocrx_word' id='word_1_205' title='bbox 2159 1539 2371 1581; x_wconf 91' lang='lat' dir='ltr'><strong>omnes</strong></span> <span class='ocrx_word' id='word_1_206' title='bbox 2419 1522 2540 1579; x_wconf 91' lang='lat' dir='ltr'><strong>fere</strong></span> <span class='ocrx_word' id='word_1_207' title='bbox 2580 1521 2853 1579; x_wconf 83' lang='lat' dir='ltr'><strong>exstincti</strong></span> <span class='ocrx_word' id='word_1_208' title='bbox 2892 1524 3052 1589; x_wconf 91' lang='lat' dir='ltr'><strong>sunt,</strong></span> <span class='ocrx_word' id='word_1_209' title='bbox 3100 1534 3213 1575; x_wconf 91' lang='lat' dir='ltr'><strong>nec</strong></span> <span class='ocrx_word' id='word_1_210' title='bbox 3263 1532 3539 1590; x_wconf 87' lang='lat' dir='ltr'><strong>unquam</strong></span> <span class='ocrx_word' id='word_1_211' title='bbox 3566 1515 3824 1588; x_wconf 83' lang='lat' dir='ltr'><strong>impune</strong></span> 
     </span>
    </p>
   </div>
   <div class='ocr_carea' id='block_1_33' title="bbox 391 1602 3823 1692">
    <p class='ocr_par' dir='ltr' id='par_1_33' title="bbox 391 1602 3823 1692">
     <span class='ocr_line' id='line_1_33' title="bbox 391 1602 3823 1692; baseline -0.006 -16"><span class='ocrx_word' id='word_1_212' title='bbox 391 1602 670 1692; x_wconf 79' lang='lat' dir='ltr'><strong>fessione,</strong></span> <span class='ocrx_word' id='word_1_213' title='bbox 704 1621 851 1677; x_wconf 89' lang='lat' dir='ltr'><strong>alter</strong></span> <span class='ocrx_word' id='word_1_214' title='bbox 876 1621 1186 1692; x_wconf 87' lang='lat' dir='ltr'><strong>sanguinis</strong></span> <span class='ocrx_word' id='word_1_215' title='bbox 1216 1602 1505 1677; x_wconf 66' lang='lat' dir='ltr'><strong>effusione</strong></span> <span class='ocrx_word' id='word_1_216' title='bbox 1531 1602 1749 1689; x_wconf 86' lang='lat' dir='ltr'><strong>clarus,</strong></span> <span class='ocrx_word' id='word_1_217' title='bbox 1771 1619 1955 1675; x_wconf 91' lang='lat' dir='ltr'><strong>ambo</strong></span> <span class='ocrx_word' id='word_1_218' title='bbox 1981 1634 2053 1675; x_wconf 85' lang='lat' dir='ltr'><strong>ex</strong></span> <span class='ocrx_word' id='word_1_219' title='bbox 2091 1632 2133 1687; x_wconf 81' lang='grc' dir='ltr'>Β</span> <span class='ocrx_word' id='word_1_220' title='bbox 2160 1611 2423 1669; x_wconf 90' lang='lat' dir='ltr'><strong>tulerunt</strong></span> <span class='ocrx_word' id='word_1_221' title='bbox 2445 1610 2682 1685; x_wconf 90' lang='lat' dir='ltr'><strong>quoties</strong></span> <span class='ocrx_word' id='word_1_222' title='bbox 2705 1609 2953 1681; x_wconf 87' lang='lat' dir='ltr'><strong>Trajecti</strong></span> <span class='ocrx_word' id='word_1_223' title='bbox 2980 1606 3260 1665; x_wconf 88' lang='lat' dir='ltr'><strong>molestia</strong></span> <span class='ocrx_word' id='word_1_224' title='bbox 3288 1620 3430 1662; x_wconf 89' lang='lat' dir='ltr'><strong>eum</strong></span> <span class='ocrx_word' id='word_1_225' title='bbox 3472 1602 3756 1660; x_wconf 82' lang='lat' dir='ltr'><strong>aﬁ‘ecere.</strong></span> <span class='ocrx_word' id='word_1_226' title='bbox 3784 1604 3823 1657; x_wconf 84' lang='grc' dir='ltr'><strong>Ε</strong></span> 
     </span>
    </p>
   </div>
   <div class='ocr_carea' id='block_1_34' title="bbox 391 1709 2057 1785">
    <p class='ocr_par' dir='ltr' id='par_1_34' title="bbox 391 1709 2057 1785">
     <span class='ocr_line' id='line_1_34' title="bbox 391 1709 2057 1785; baseline -0.001 -19"><span class='ocrx_word' id='word_1_227' title='bbox 391 1711 563 1767; x_wconf 91' lang='lat' dir='ltr'><strong>hoste</strong></span> <span class='ocrx_word' id='word_1_228' title='bbox 593 1710 1028 1785; x_wconf 89' lang='lat' dir='ltr'><strong>triumphantes</strong></span> <span class='ocrx_word' id='word_1_229' title='bbox 1053 1711 1307 1768; x_wconf 63' lang='lat' dir='ltr'><strong>caelestis</strong></span> <span class='ocrx_word' id='word_1_230' title='bbox 1349 1710 1568 1767; x_wconf 82' lang='lat' dir='ltr'><strong>militiae</strong></span> <span class='ocrx_word' id='word_1_231' title='bbox 1594 1709 1898 1766; x_wconf 89' lang='lat' dir='ltr'><strong>consortio</strong></span> <span class='ocrx_word' id='word_1_232' title='bbox 1927 1724 2057 1781; x_wconf 92' lang='lat' dir='ltr'><strong>per-</strong></span> 
     </span>
    </p>
   </div>
   <div class='ocr_carea' id='block_1_35' title="bbox 393 1798 2058 1872">
    <p class='ocr_par' dir='ltr' id='par_1_35' title="bbox 393 1798 2058 1872">
     <span class='ocr_line' id='line_1_35' title="bbox 393 1798 2058 1872; baseline -0.001 -17"><span class='ocrx_word' id='word_1_233' title='bbox 393 1799 691 1856; x_wconf 88' lang='lat' dir='ltr'><strong>fruuntur.</strong></span> <span class='ocrx_word' id='word_1_234' title='bbox 716 1804 781 1856; x_wconf 89' lang='lat' dir='ltr'>In</span> <span class='ocrx_word' id='word_1_235' title='bbox 802 1801 1019 1858; x_wconf 91' lang='lat' dir='ltr'><strong>horum</strong></span> <span class='ocrx_word' id='word_1_236' title='bbox 1035 1800 1214 1872; x_wconf 88' lang='lat' dir='ltr'><strong>igitur</strong></span> <span class='ocrx_word' id='word_1_237' title='bbox 1232 1800 1499 1871; x_wconf 85' lang='lat' dir='ltr'><strong>vestigiis</strong></span> <span class='ocrx_word' id='word_1_238' title='bbox 1518 1799 1801 1856; x_wconf 90' lang='lat' dir='ltr'><strong>insistens</strong></span> <span class='ocrx_word' id='word_1_239' title='bbox 1823 1798 2058 1855; x_wconf 90' lang='lat' dir='ltr'><strong>semina</strong></span> 
     </span>
    </p>
   </div>
   <div class='ocr_carea' id='block_1_36' title="bbox 392 1886 2057 1962">
    <p class='ocr_par' dir='ltr' id='par_1_36' title="bbox 392 1886 2057 1962">
     <span class='ocr_line' id='line_1_36' title="bbox 392 1886 2057 1962; baseline 0 -19"><span class='ocrx_word' id='word_1_240' title='bbox 392 1887 536 1944; x_wconf 75' lang='lat' dir='ltr'><strong>ﬁdei</strong></span> <span class='ocrx_word' id='word_1_241' title='bbox 565 1890 890 1962; x_wconf 89' lang='lat' dir='ltr'><strong>spargebat</strong></span> <span class='ocrx_word' id='word_1_242' title='bbox 918 1889 1242 1946; x_wconf 91' lang='lat' dir='ltr'><strong>commisso</strong></span> <span class='ocrx_word' id='word_1_243' title='bbox 1274 1888 1461 1960; x_wconf 87' lang='lat' dir='ltr'><strong>gregi,</strong></span> <span class='ocrx_word' id='word_1_244' title='bbox 1494 1888 1760 1961; x_wconf 91' lang='lat' dir='ltr'><strong>seipsum</strong></span> <span class='ocrx_word' id='word_1_245' title='bbox 1789 1886 2057 1960; x_wconf 90' lang='lat' dir='ltr'><strong>quotidie</strong></span> 
     </span>
    </p>
   </div>
   <div class='ocr_carea' id='block_1_37' title="bbox 392 1975 2057 2050">
    <p class='ocr_par' dir='ltr' id='par_1_37' title="bbox 392 1975 2057 2050">
     <span class='ocr_line' id='line_1_37' title="bbox 392 1975 2057 2050; baseline -0.001 -18"><span class='ocrx_word' id='word_1_246' title='bbox 392 1976 595 2033; x_wconf 88' lang='lat' dir='ltr'><strong>vivam</strong></span> <span class='ocrx_word' id='word_1_247' title='bbox 623 1978 883 2036; x_wconf 88' lang='lat' dir='ltr'><strong>hostiam</strong></span> <span class='ocrx_word' id='word_1_248' title='bbox 912 1977 1269 2035; x_wconf 89' lang='lat' dir='ltr'><strong>immolabat</strong></span> <span class='ocrx_word' id='word_1_249' title='bbox 1300 1979 1437 2045; x_wconf 93' lang='lat' dir='ltr'><strong>Deo,</strong></span> <span class='ocrx_word' id='word_1_250' title='bbox 1476 1980 1600 2034; x_wconf 91' lang='lat' dir='ltr'><strong>toto</strong></span> <span class='ocrx_word' id='word_1_251' title='bbox 1631 1981 1871 2050; x_wconf 91' lang='lat' dir='ltr'><strong>pectore</strong></span> <span class='ocrx_word' id='word_1_252' title='bbox 1898 1975 2057 2050; x_wconf 90' lang='lat' dir='ltr'><strong>aspi-</strong></span> 
     </span>
    </p>
   </div>
   <div class='ocr_carea' id='block_1_38' title="bbox 395 2064 2056 2140">
    <p class='ocr_par' dir='ltr' id='par_1_38' title="bbox 395 2064 2056 2140">
     <span class='ocr_line' id='line_1_38' title="bbox 395 2064 2056 2140; baseline 0 -20"><span class='ocrx_word' id='word_1_253' title='bbox 395 2065 572 2121; x_wconf 90' lang='lat' dir='ltr'><strong>rabat</strong></span> <span class='ocrx_word' id='word_1_254' title='bbox 622 2066 701 2122; x_wconf 91' lang='lat' dir='ltr'><strong>ad</strong></span> <span class='ocrx_word' id='word_1_255' title='bbox 750 2067 1050 2124; x_wconf 81' lang='lat' dir='ltr'><strong>ccelestem</strong></span> <span class='ocrx_word' id='word_1_256' title='bbox 1079 2066 1360 2140; x_wconf 92' lang='lat' dir='ltr'><strong>patriam,</strong></span> <span class='ocrx_word' id='word_1_257' title='bbox 1408 2066 1774 2123; x_wconf 90' lang='lat' dir='ltr'><strong>moriebatur</strong></span> <span class='ocrx_word' id='word_1_258' title='bbox 1804 2064 2056 2137; x_wconf 93' lang='lat' dir='ltr'><strong>mundo,</strong></span> 
     </span>
    </p>
   </div>
   <div class='ocr_carea' id='block_1_39' title="bbox 393 2153 2063 2224">
    <p class='ocr_par' dir='ltr' id='par_1_39' title="bbox 393 2153 2063 2224">
     <span class='ocr_line' id='line_1_39' title="bbox 393 2153 2063 2224; baseline 0.001 -16"><span class='ocrx_word' id='word_1_259' title='bbox 393 2153 639 2210; x_wconf 87' lang='lat' dir='ltr'><strong>vivebat</strong></span> <span class='ocrx_word' id='word_1_260' title='bbox 683 2155 934 2224; x_wconf 87' lang='lat' dir='ltr'><strong>Christo,</strong></span> <span class='ocrx_word' id='word_1_261' title='bbox 982 2160 1138 2212; x_wconf 91' lang='lat' dir='ltr'><strong>totus</strong></span> <span class='ocrx_word' id='word_1_262' title='bbox 1186 2155 1540 2212; x_wconf 87' lang='lat' dir='ltr'><strong>versabatur</strong></span> <span class='ocrx_word' id='word_1_263' title='bbox 1591 2155 1652 2211; x_wconf 91' lang='lat' dir='ltr'><strong>in</strong></span> <span class='ocrx_word' id='word_1_264' title='bbox 1702 2155 1871 2212; x_wconf 79' lang='lat' dir='ltr'><strong>ccelo.</strong></span> <span class='ocrx_word' id='word_1_265' title='bbox 1924 2158 2063 2211; x_wconf 90' lang='lat' dir='ltr'><strong>Erat</strong></span> 
     </span>
    </p>
   </div>
   <div class='ocr_carea' id='block_1_40' title="bbox 394 2242 2062 2318">
    <p class='ocr_par' dir='ltr' id='par_1_40' title="bbox 394 2242 2062 2318">
     <span class='ocr_line' id='line_1_40' title="bbox 394 2242 2062 2318; baseline 0.001 -21"><span class='ocrx_word' id='word_1_266' title='bbox 394 2242 642 2299; x_wconf 85' lang='lat' dir='ltr'><strong>lucerna</strong></span> <span class='ocrx_word' id='word_1_267' title='bbox 670 2244 879 2300; x_wconf 89' lang='lat' dir='ltr'><strong>Christi</strong></span> <span class='ocrx_word' id='word_1_268' title='bbox 918 2261 1099 2318; x_wconf 87' lang='lat' dir='ltr'><strong>super</strong></span> <span class='ocrx_word' id='word_1_269' title='bbox 1142 2245 1576 2301; x_wconf 89' lang='lat' dir='ltr'><strong>candelabrum</strong></span> <span class='ocrx_word' id='word_1_270' title='bbox 1604 2245 1801 2317; x_wconf 89' lang='lat' dir='ltr'><strong>posita</strong></span> <span class='ocrx_word' id='word_1_271' title='bbox 1854 2245 2062 2301; x_wconf 88' lang='lat' dir='ltr'><strong>lucens</strong></span> 
     </span>
    </p>
   </div>
   <div class='ocr_carea' id='block_1_41' title="bbox 356 2332 2061 2408">
    <p class='ocr_par' dir='ltr' id='par_1_41' title="bbox 356 2332 2061 2408">
     <span class='ocr_line' id='line_1_41' title="bbox 356 2332 2061 2408; baseline 0.002 -21"><span class='ocrx_word' id='word_1_272' title='bbox 356 2362 363 2369; x_wconf 69' lang='grc' dir='ltr'><strong>ο</strong></span> <span class='ocrx_word' id='word_1_273' title='bbox 397 2332 683 2389; x_wconf 92' lang='lat' dir='ltr'><strong>omnibus</strong></span> <span class='ocrx_word' id='word_1_274' title='bbox 714 2334 820 2407; x_wconf 91' lang='lat' dir='ltr'><strong>qui</strong></span> <span class='ocrx_word' id='word_1_275' title='bbox 848 2334 907 2390; x_wconf 89' lang='lat' dir='ltr'><strong>in</strong></span> <span class='ocrx_word' id='word_1_276' title='bbox 939 2334 1124 2391; x_wconf 91' lang='lat' dir='ltr'><strong>domo</strong></span> <span class='ocrx_word' id='word_1_277' title='bbox 1159 2335 1259 2391; x_wconf 92' lang='lat' dir='ltr'><strong>Dei</strong></span> <span class='ocrx_word' id='word_1_278' title='bbox 1312 2339 1502 2402; x_wconf 90' lang='lat' dir='ltr'><strong>erant,</strong></span> <span class='ocrx_word' id='word_1_279' title='bbox 1535 2334 1769 2391; x_wconf 90' lang='lat' dir='ltr'><strong>interim</strong></span> <span class='ocrx_word' id='word_1_280' title='bbox 1801 2335 1967 2408; x_wconf 90' lang='lat' dir='ltr'><strong>apud</strong></span> <span class='ocrx_word' id='word_1_281' title='bbox 1998 2350 2061 2391; x_wconf 89' lang='lat' dir='ltr'><strong>se</strong></span> 
     </span>
    </p>
   </div>
   <div class='ocr_carea' id='block_1_42' title="bbox 399 2424 1059 2481">
    <p class='ocr_par' dir='ltr' id='par_1_42' title="bbox 399 2424 1059 2481">
     <span class='ocr_line' id='line_1_42' title="bbox 399 2424 1059 2481; baseline 0.002 -2"><span class='ocrx_word' id='word_1_282' title='bbox 399 2438 606 2480; x_wconf 91' lang='lat' dir='ltr'><strong>coram</strong></span> <span class='ocrx_word' id='word_1_283' title='bbox 638 2426 757 2480; x_wconf 91' lang='lat' dir='ltr'><strong>Deo</strong></span> <span class='ocrx_word' id='word_1_284' title='bbox 795 2424 1059 2481; x_wconf 91' lang='lat' dir='ltr'><strong>humilis.</strong></span> 
     </span>
    </p>
   </div>
   <div class='ocr_carea' id='block_1_43' title="bbox 470 2513 2064 2583">
    <p class='ocr_par' dir='ltr' id='par_1_43' title="bbox 470 2513 2064 2583">
     <span class='ocr_line' id='line_1_43' title="bbox 470 2513 2064 2583; baseline 0.002 -17"><span class='ocrx_word' id='word_1_285' title='bbox 470 2513 1083 2583; x_wconf 71' lang='lat' dir='ltr'><strong>7.Futurapr(edicit.</strong></span> <span class='ocrx_word' id='word_1_286' title='bbox 1104 2515 1400 2570; x_wconf 75' lang='lat' dir='ltr'><strong>Virtutum</strong></span> <span class='ocrx_word' id='word_1_287' title='bbox 1427 2517 1555 2583; x_wconf 87' lang='lat' dir='ltr'><strong>ejus</strong></span> <span class='ocrx_word' id='word_1_288' title='bbox 1577 2515 1776 2570; x_wconf 83' lang='lat' dir='ltr'><strong>series.</strong></span> <span class='ocrx_word' id='word_1_289' title='bbox 1793 2515 2064 2583; x_wconf 75' lang='lat' dir='ltr'><strong>Hymnos</strong></span> 
     </span>
    </p>
   </div>
   <div class='ocr_carea' id='block_1_44' title="bbox 402 2600 2066 2671">
    <p class='ocr_par' dir='ltr' id='par_1_44' title="bbox 402 2600 2066 2671">
     <span class='ocr_line' id='line_1_44' title="bbox 402 2600 2066 2671; baseline 0 -16"><span class='ocrx_word' id='word_1_290' title='bbox 402 2605 457 2655; x_wconf 86' lang='lat' dir='ltr'><strong>et</strong></span> <span class='ocrx_word' id='word_1_291' title='bbox 484 2600 547 2656; x_wconf 91' lang='lat' dir='ltr'><strong>S.</strong></span> <span class='ocrx_word' id='word_1_292' title='bbox 580 2600 839 2657; x_wconf 81' lang='lat' dir='ltr'><strong>Martini</strong></span> <span class='ocrx_word' id='word_1_293' title='bbox 865 2602 1163 2671; x_wconf 82' lang='lat' dir='ltr'><strong>componit</strong></span> <span class='ocrx_word' id='word_1_294' title='bbox 1197 2602 1483 2671; x_wconf 80' lang='lat' dir='ltr'><strong>ofﬁcium.</strong></span> <span class='ocrx_word' id='word_1_295' title='bbox 1517 2633 1587 2641; x_wconf 89' lang='lat'>—</span> <span class='ocrx_word' id='word_1_296' title='bbox 1619 2604 1732 2657; x_wconf 88' lang='lat' dir='ltr'><strong>Nec</strong></span> <span class='ocrx_word' id='word_1_297' title='bbox 1759 2601 1964 2657; x_wconf 86' lang='lat' dir='ltr'><strong>deerat</strong></span> <span class='ocrx_word' id='word_1_298' title='bbox 1983 2600 2066 2656; x_wconf 91' lang='lat' dir='ltr'><strong>illi</strong></span> 
     </span>
    </p>
   </div>
   <div class='ocr_carea' id='block_1_45' title="bbox 400 2688 2065 2764">
    <p class='ocr_par' dir='ltr' id='par_1_45' title="bbox 400 2688 2065 2764">
     <span class='ocr_line' id='line_1_45' title="bbox 400 2688 2065 2764; baseline -0.001 -20"><span class='ocrx_word' id='word_1_299' title='bbox 400 2690 727 2761; x_wconf 66' lang='lat' dir='ltr'><strong>prophetiae</strong></span> <span class='ocrx_word' id='word_1_300' title='bbox 759 2690 1020 2764; x_wconf 89' lang='lat' dir='ltr'><strong>spiritus.</strong></span> <span class='ocrx_word' id='word_1_301' title='bbox 1055 2690 1231 2747; x_wconf 83' lang='lat' dir='ltr'><strong>Multa</strong></span> <span class='ocrx_word' id='word_1_302' title='bbox 1253 2691 1434 2755; x_wconf 90' lang='lat' dir='ltr'><strong>enim,</strong></span> <span class='ocrx_word' id='word_1_303' title='bbox 1466 2695 1531 2745; x_wconf 91' lang='lat' dir='ltr'><strong>ut</strong></span> <span class='ocrx_word' id='word_1_304' title='bbox 1561 2689 1933 2762; x_wconf 82' lang='lat' dir='ltr'><strong>praedixerat,</strong></span> <span class='ocrx_word' id='word_1_305' title='bbox 1951 2688 2065 2743; x_wconf 90' lang='lat' dir='ltr'><strong>cito</strong></span> 
     </span>
    </p>
   </div>
   <div class='ocr_carea' id='block_1_46' title="bbox 402 2777 2068 2851">
    <p class='ocr_par' dir='ltr' id='par_1_46' title="bbox 402 2777 2068 2851">
     <span class='ocr_line' id='line_1_46' title="bbox 402 2777 2068 2851; baseline -0.001 -18"><span class='ocrx_word' id='word_1_306' title='bbox 402 2784 749 2847; x_wconf 89' lang='lat' dir='ltr'><strong>evenerunt,</strong></span> <span class='ocrx_word' id='word_1_307' title='bbox 774 2780 966 2836; x_wconf 89' lang='lat' dir='ltr'><strong>multa</strong></span> <span class='ocrx_word' id='word_1_308' title='bbox 995 2795 1120 2835; x_wconf 91' lang='lat' dir='ltr'><strong>non</strong></span> <span class='ocrx_word' id='word_1_309' title='bbox 1148 2779 1326 2851; x_wconf 91' lang='lat' dir='ltr'><strong>longe</strong></span> <span class='ocrx_word' id='word_1_310' title='bbox 1357 2783 1496 2851; x_wconf 90' lang='lat' dir='ltr'><strong>post</strong></span> <span class='ocrx_word' id='word_1_311' title='bbox 1522 2777 1884 2834; x_wconf 88' lang='lat' dir='ltr'><strong>acciderunt.</strong></span> <span class='ocrx_word' id='word_1_312' title='bbox 1908 2778 2068 2833; x_wconf 88' lang='lat' dir='ltr'><strong>Sem-</strong></span> 
     </span>
    </p>
   </div>
   <div class='ocr_carea' id='block_1_47' title="bbox 402 2866 2066 2939">
    <p class='ocr_par' dir='ltr' id='par_1_47' title="bbox 402 2866 2066 2939">
     <span class='ocr_line' id='line_1_47' title="bbox 402 2866 2066 2939; baseline -0.001 -17"><span class='ocrx_word' id='word_1_313' title='bbox 402 2880 511 2938; x_wconf 89' lang='lat' dir='ltr'><strong>per</strong></span> <span class='ocrx_word' id='word_1_314' title='bbox 566 2867 770 2923; x_wconf 90' lang='lat' dir='ltr'><strong>animo</strong></span> <span class='ocrx_word' id='word_1_315' title='bbox 828 2868 1063 2924; x_wconf 85' lang='lat' dir='ltr'><strong>Domini</strong></span> <span class='ocrx_word' id='word_1_316' title='bbox 1120 2868 1317 2939; x_wconf 89' lang='lat' dir='ltr'><strong>legem</strong></span> <span class='ocrx_word' id='word_1_317' title='bbox 1366 2866 1788 2932; x_wconf 88' lang='lat' dir='ltr'><strong>meditabatur,</strong></span> <span class='ocrx_word' id='word_1_318' title='bbox 1834 2882 1942 2921; x_wconf 90' lang='lat' dir='ltr'><strong>nec</strong></span> <span class='ocrx_word' id='word_1_319' title='bbox 1995 2880 2066 2921; x_wconf 94' lang='lat' dir='ltr'><strong>eo</strong></span> 
     </span>
    </p>
   </div>
   <div class='ocr_carea' id='block_1_48' title="bbox 404 2955 2063 3029">
    <p class='ocr_par' dir='ltr' id='par_1_48' title="bbox 404 2955 2063 3029">
     <span class='ocr_line' id='line_1_48' title="bbox 404 2955 2063 3029; baseline 0 -20"><span class='ocrx_word' id='word_1_320' title='bbox 404 2958 718 3010; x_wconf 90' lang='lat' dir='ltr'><strong>contentus</strong></span> <span class='ocrx_word' id='word_1_321' title='bbox 747 2955 927 3011; x_wconf 86' lang='lat' dir='ltr'><strong>etiam</strong></span> <span class='ocrx_word' id='word_1_322' title='bbox 979 2972 1159 3028; x_wconf 84' lang='lat' dir='ltr'><strong>opere</strong></span> <span class='ocrx_word' id='word_1_323' title='bbox 1200 2956 1643 3029; x_wconf 88' lang='lat' dir='ltr'><strong>exsequabatur</strong></span> <span class='ocrx_word' id='word_1_324' title='bbox 1673 2971 1831 3021; x_wconf 90' lang='lat' dir='ltr'><strong>eam,</strong></span> <span class='ocrx_word' id='word_1_325' title='bbox 1872 2955 2063 3011; x_wconf 88' lang='lat' dir='ltr'><strong>factus</strong></span> 
     </span>
    </p>
   </div>
   <div class='ocr_carea' id='block_1_49' title="bbox 401 3041 2061 3113">
    <p class='ocr_par' dir='ltr' id='par_1_49' title="bbox 401 3041 2061 3113">
     <span class='ocr_line' id='line_1_49' title="bbox 401 3041 2061 3113; baseline 0 -17"><span class='ocrx_word' id='word_1_326' title='bbox 401 3041 532 3112; x_wconf 91' lang='lat' dir='ltr'><strong>jam</strong></span> <span class='ocrx_word' id='word_1_327' title='bbox 553 3042 740 3097; x_wconf 86' lang='lat' dir='ltr'><strong>victor</strong></span> <span class='ocrx_word' id='word_1_328' title='bbox 758 3042 967 3113; x_wconf 90' lang='lat' dir='ltr'><strong>animi,</strong></span> <span class='ocrx_word' id='word_1_329' title='bbox 980 3043 1191 3099; x_wconf 90' lang='lat' dir='ltr'><strong>doctor</strong></span> <span class='ocrx_word' id='word_1_330' title='bbox 1210 3043 1534 3110; x_wconf 88' lang='lat' dir='ltr'><strong>charitatis,</strong></span> <span class='ocrx_word' id='word_1_331' title='bbox 1551 3045 1741 3099; x_wconf 91' lang='lat' dir='ltr'><strong>cultor</strong></span> <span class='ocrx_word' id='word_1_332' title='bbox 1757 3041 2061 3109; x_wconf 89' lang='lat' dir='ltr'><strong>castitatis,</strong></span> 
     </span>
    </p>
   </div>
   <div class='ocr_carea' id='block_1_50' title="bbox 406 3130 2061 3202">
    <p class='ocr_par' dir='ltr' id='par_1_50' title="bbox 406 3130 2061 3202">
     <span class='ocr_line' id='line_1_50' title="bbox 406 3130 2061 3202; baseline -0.001 -18"><span class='ocrx_word' id='word_1_333' title='bbox 406 3144 746 3202; x_wconf 88' lang='lat' dir='ltr'><strong>pauperum</strong></span> <span class='ocrx_word' id='word_1_334' title='bbox 808 3135 1190 3201; x_wconf 89' lang='lat' dir='ltr'><strong>sustentator,</strong></span> <span class='ocrx_word' id='word_1_335' title='bbox 1256 3131 1638 3187; x_wconf 67' lang='lat' dir='ltr'><strong>maerentium</strong></span> <span class='ocrx_word' id='word_1_336' title='bbox 1704 3130 2061 3187; x_wconf 89' lang='lat' dir='ltr'><strong>consolator.</strong></span> 
     </span>
    </p>
   </div>
   <div class='ocr_carea' id='block_1_51' title="bbox 348 3217 2066 3294">
    <p class='ocr_par' dir='ltr' id='par_1_51' title="bbox 348 3217 2066 3294">
     <span class='ocr_line' id='line_1_51' title="bbox 348 3217 2066 3294; baseline -0.001 -17"><span class='ocrx_word' id='word_1_337' title='bbox 348 3272 352 3277; x_wconf 84' lang='lat'><strong>.</strong></span> <span class='ocrx_word' id='word_1_338' title='bbox 407 3217 566 3275; x_wconf 90' lang='lat' dir='ltr'><strong>clero</strong></span> <span class='ocrx_word' id='word_1_339' title='bbox 597 3235 735 3292; x_wconf 89' lang='lat' dir='ltr'><strong>spes</strong></span> <span class='ocrx_word' id='word_1_340' title='bbox 759 3220 980 3277; x_wconf 88' lang='lat' dir='ltr'><strong>invicta</strong></span> <span class='ocrx_word' id='word_1_341' title='bbox 1009 3220 1221 3291; x_wconf 88' lang='lat' dir='ltr'><strong>solatii,</strong></span> <span class='ocrx_word' id='word_1_342' title='bbox 1250 3220 1477 3294; x_wconf 89' lang='lat' dir='ltr'><strong>populo</strong></span> <span class='ocrx_word' id='word_1_343' title='bbox 1509 3219 1877 3276; x_wconf 85' lang='lat' dir='ltr'><strong>indefessum</strong></span> <span class='ocrx_word' id='word_1_344' title='bbox 1906 3220 2066 3275; x_wconf 89' lang='lat' dir='ltr'><strong>leva-</strong></span> 
     </span>
    </p>
   </div>
   <div class='ocr_carea' id='block_1_52' title="bbox 409 3308 2068 3379">
    <p class='ocr_par' dir='ltr' id='par_1_52' title="bbox 409 3308 2068 3379">
     <span class='ocr_line' id='line_1_52' title="bbox 409 3308 2068 3379; baseline 0.001 -16"><span class='ocrx_word' id='word_1_345' title='bbox 409 3323 571 3379; x_wconf 92' lang='lat' dir='ltr'><strong>men,</strong></span> <span class='ocrx_word' id='word_1_346' title='bbox 605 3309 732 3363; x_wconf 91' lang='lat' dir='ltr'><strong>suis</strong></span> <span class='ocrx_word' id='word_1_347' title='bbox 761 3309 1044 3365; x_wconf 91' lang='lat' dir='ltr'><strong>omnibus</strong></span> <span class='ocrx_word' id='word_1_348' title='bbox 1074 3325 1111 3365; x_wconf 91' lang='lat' dir='ltr'><strong>a</strong></span> <span class='ocrx_word' id='word_1_349' title='bbox 1141 3309 1291 3366; x_wconf 89' lang='lat' dir='ltr'><strong>facie</strong></span> <span class='ocrx_word' id='word_1_350' title='bbox 1316 3310 1541 3366; x_wconf 89' lang='lat' dir='ltr'><strong>inimici</strong></span> <span class='ocrx_word' id='word_1_351' title='bbox 1572 3310 1747 3367; x_wconf 88' lang='lat' dir='ltr'><strong>turris</strong></span> <span class='ocrx_word' id='word_1_352' title='bbox 1779 3308 2068 3366; x_wconf 89' lang='lat' dir='ltr'><strong>fortitudi-</strong></span> 
     </span>
    </p>
   </div>
   <div class='ocr_carea' id='block_1_53' title="bbox 408 3396 2069 3472">
    <p class='ocr_par' dir='ltr' id='par_1_53' title="bbox 408 3396 2069 3472">
     <span class='ocr_line' id='line_1_53' title="bbox 408 3396 2069 3472; baseline 0.001 -21"><span class='ocrx_word' id='word_1_353' title='bbox 408 3396 522 3463; x_wconf 89' lang='lat' dir='ltr'><strong>nis,</strong></span> <span class='ocrx_word' id='word_1_354' title='bbox 548 3397 691 3468; x_wconf 89' lang='lat' dir='ltr'><strong>justi</strong></span> <span class='ocrx_word' id='word_1_355' title='bbox 719 3398 872 3454; x_wconf 90' lang='lat' dir='ltr'><strong>adeo</strong></span> <span class='ocrx_word' id='word_1_356' title='bbox 900 3402 1077 3455; x_wconf 80' lang='lat' dir='ltr'><strong>tenax</strong></span> <span class='ocrx_word' id='word_1_357' title='bbox 1101 3403 1166 3454; x_wconf 88' lang='lat' dir='ltr'><strong>ut</strong></span> <span class='ocrx_word' id='word_1_358' title='bbox 1194 3414 1305 3455; x_wconf 92' lang='lat' dir='ltr'><strong>nec</strong></span> <span class='ocrx_word' id='word_1_359' title='bbox 1335 3402 1640 3472; x_wconf 87' lang='lat' dir='ltr'><strong>prosperis</strong></span> <span class='ocrx_word' id='word_1_360' title='bbox 1665 3415 1776 3454; x_wconf 89' lang='lat' dir='ltr'><strong>nec</strong></span> <span class='ocrx_word' id='word_1_361' title='bbox 1806 3397 2069 3454; x_wconf 90' lang='lat' dir='ltr'><strong>adversis</strong></span> 
     </span>
    </p>
   </div>
   <div class='ocr_carea' id='block_1_54' title="bbox 408 3485 2070 3560">
    <p class='ocr_par' dir='ltr' id='par_1_54' title="bbox 408 3485 2070 3560">
     <span class='ocr_line' id='line_1_54' title="bbox 408 3485 2070 3560; baseline 0 -19"><span class='ocrx_word' id='word_1_362' title='bbox 408 3485 631 3555; x_wconf 81' lang='lat' dir='ltr'><strong>adduci</strong></span> <span class='ocrx_word' id='word_1_363' title='bbox 654 3492 855 3559; x_wconf 91' lang='lat' dir='ltr'><strong>posset</strong></span> <span class='ocrx_word' id='word_1_364' title='bbox 876 3487 1033 3544; x_wconf 91' lang='lat' dir='ltr'><strong>utab</strong></span> <span class='ocrx_word' id='word_1_365' title='bbox 1055 3503 1127 3543; x_wconf 90' lang='lat' dir='ltr'><strong>eo</strong></span> <span class='ocrx_word' id='word_1_366' title='bbox 1145 3487 1500 3544; x_wconf 88' lang='lat' dir='ltr'><strong>deﬂecteret.</strong></span> <span class='ocrx_word' id='word_1_367' title='bbox 1518 3492 1837 3560; x_wconf 80' lang='lat' dir='ltr'><strong>Nunquam</strong></span> <span class='ocrx_word' id='word_1_368' title='bbox 1863 3487 1942 3542; x_wconf 86' lang='lat' dir='ltr'><strong>ab</strong></span> <span class='ocrx_word' id='word_1_369' title='bbox 1968 3502 2070 3542; x_wconf 91' lang='lat' dir='ltr'><strong>ore</strong></span> 
     </span>
    </p>
   </div>
   <div class='ocr_carea' id='block_1_55' title="bbox 410 3574 2070 3651">
    <p class='ocr_par' dir='ltr' id='par_1_55' title="bbox 410 3574 2070 3651">
     <span class='ocr_line' id='line_1_55' title="bbox 410 3574 2070 3651; baseline 0.001 -22"><span class='ocrx_word' id='word_1_370' title='bbox 410 3574 542 3645; x_wconf 90' lang='lat' dir='ltr'><strong>ejus</strong></span> <span class='ocrx_word' id='word_1_371' title='bbox 575 3575 838 3632; x_wconf 86' lang='lat' dir='ltr'><strong>Christus</strong></span> <span class='ocrx_word' id='word_1_372' title='bbox 869 3575 1080 3647; x_wconf 92' lang='lat' dir='ltr'><strong>abfuit,</strong></span> <span class='ocrx_word' id='word_1_373' title='bbox 1112 3592 1294 3649; x_wconf 90' lang='lat' dir='ltr'><strong>quem</strong></span> <span class='ocrx_word' id='word_1_374' title='bbox 1325 3576 1505 3632; x_wconf 91' lang='lat' dir='ltr'><strong>etiam</strong></span> <span class='ocrx_word' id='word_1_375' title='bbox 1531 3577 1735 3633; x_wconf 89' lang='lat' dir='ltr'><strong>animo</strong></span> <span class='ocrx_word' id='word_1_376' title='bbox 1778 3575 2070 3651; x_wconf 90' lang='lat' dir='ltr'><strong>perpetim</strong></span> 
     </span>
    </p>
   </div>
   <div class='ocr_carea' id='block_1_56' title="bbox 409 3664 2073 3739">
    <p class='ocr_par' dir='ltr' id='par_1_56' title="bbox 409 3664 2073 3739">
     <span class='ocr_line' id='line_1_56' title="bbox 409 3664 2073 3739; baseline 0.001 -20"><span class='ocrx_word' id='word_1_377' title='bbox 409 3664 710 3737; x_wconf 85' lang='lat' dir='ltr'><strong>quidquid</strong></span> <span class='ocrx_word' id='word_1_378' title='bbox 759 3671 962 3735; x_wconf 90' lang='lat' dir='ltr'><strong>ageret</strong></span> <span class='ocrx_word' id='word_1_379' title='bbox 1015 3664 1267 3722; x_wconf 86' lang='lat' dir='ltr'><strong>afﬁxum</strong></span> <span class='ocrx_word' id='word_1_380' title='bbox 1318 3665 1547 3722; x_wconf 88' lang='lat' dir='ltr'><strong>habuit.</strong></span> <span class='ocrx_word' id='word_1_381' title='bbox 1601 3670 1920 3739; x_wconf 89' lang='lat' dir='ltr'><strong>Nunquam</strong></span> <span class='ocrx_word' id='word_1_382' title='bbox 1979 3664 2073 3721; x_wconf 92' lang='lat' dir='ltr'><strong>vel</strong></span> 
     </span>
    </p>
   </div>
   <div class='ocr_carea' id='block_1_57' title="bbox 408 3751 2072 3829">
    <p class='ocr_par' dir='ltr' id='par_1_57' title="bbox 408 3751 2072 3829">
     <span class='ocr_line' id='line_1_57' title="bbox 408 3751 2072 3829; baseline 0.001 -21"><span class='ocrx_word' id='word_1_383' title='bbox 408 3751 810 3821; x_wconf 89' lang='lat' dir='ltr'><strong>lectionis,vel</strong></span> <span class='ocrx_word' id='word_1_384' title='bbox 831 3754 1118 3810; x_wconf 84' lang='lat' dir='ltr'><strong>orationis</strong></span> <span class='ocrx_word' id='word_1_385' title='bbox 1140 3754 1341 3811; x_wconf 88' lang='lat' dir='ltr'><strong>studio</strong></span> <span class='ocrx_word' id='word_1_386' title='bbox 1360 3754 1740 3826; x_wconf 87' lang='lat' dir='ltr'><strong>fatigabatur,</strong></span> <span class='ocrx_word' id='word_1_387' title='bbox 1756 3771 2072 3829; x_wconf 91' lang='lat' dir='ltr'><strong>nunquam</strong></span> 
     </span>
    </p>
   </div>
   <div class='ocr_carea' id='block_1_58' title="bbox 411 3841 2072 3917">
    <p class='ocr_par' dir='ltr' id='par_1_58' title="bbox 411 3841 2072 3917">
     <span class='ocr_line' id='line_1_58' title="bbox 411 3841 2072 3917; baseline 0.001 -20"><span class='ocrx_word' id='word_1_388' title='bbox 411 3841 835 3899; x_wconf 83' lang='lat' dir='ltr'><strong>misericordiae</strong></span> <span class='ocrx_word' id='word_1_389' title='bbox 857 3842 1072 3899; x_wconf 75' lang='lat' dir='ltr'><strong>officiis</strong></span> <span class='ocrx_word' id='word_1_390' title='bbox 1093 3848 1150 3899; x_wconf 93' lang='lat' dir='ltr'><strong>et</strong></span> <span class='ocrx_word' id='word_1_391' title='bbox 1166 3843 1451 3917; x_wconf 88' lang='lat' dir='ltr'><strong>operibus</strong></span> <span class='ocrx_word' id='word_1_392' title='bbox 1473 3845 1822 3913; x_wconf 89' lang='lat' dir='ltr'><strong>satiabatur,</strong></span> <span class='ocrx_word' id='word_1_393' title='bbox 1831 3845 1909 3916; x_wconf 92' lang='lat' dir='ltr'><strong>jej</strong></span> <span class='ocrx_word' id='word_1_394' title='bbox 1921 3843 2072 3899; x_wconf 90' lang='lat' dir='ltr'><strong>uniis</strong></span> 
     </span>
    </p>
   </div>
   <div class='ocr_carea' id='block_1_59' title="bbox 412 3930 2073 4006">
    <p class='ocr_par' dir='ltr' id='par_1_59' title="bbox 412 3930 2073 4006">
     <span class='ocr_line' id='line_1_59' title="bbox 412 3930 2073 4006; baseline 0.001 -21"><span class='ocrx_word' id='word_1_395' title='bbox 412 3934 468 3986; x_wconf 88' lang='lat' dir='ltr'><strong>et</strong></span> <span class='ocrx_word' id='word_1_396' title='bbox 496 3930 707 3999; x_wconf 87' lang='lat' dir='ltr'><strong>vigiliis</strong></span> <span class='ocrx_word' id='word_1_397' title='bbox 738 3947 976 4004; x_wconf 90' lang='lat' dir='ltr'><strong>semper</strong></span> <span class='ocrx_word' id='word_1_398' title='bbox 1004 3932 1297 3988; x_wconf 86' lang='lat' dir='ltr'><strong>addictus.</strong></span> <span class='ocrx_word' id='word_1_399' title='bbox 1331 3934 1470 4004; x_wconf 88' lang='lat' dir='ltr'><strong>Ejus</strong></span> <span class='ocrx_word' id='word_1_400' title='bbox 1498 3933 1661 3989; x_wconf 88' lang='lat' dir='ltr'><strong>labia</strong></span> <span class='ocrx_word' id='word_1_401' title='bbox 1693 3949 1932 4006; x_wconf 89' lang='lat' dir='ltr'><strong>semper</strong></span> <span class='ocrx_word' id='word_1_402' title='bbox 1955 3931 2073 3987; x_wconf 91' lang='lat' dir='ltr'><strong>stil-</strong></span> 
     </span>
    </p>
   </div>
   <div class='ocr_carea' id='block_1_60' title="bbox 412 4018 2073 4096">
    <p class='ocr_par' dir='ltr' id='par_1_60' title="bbox 412 4018 2073 4096">
     <span class='ocr_line' id='line_1_60' title="bbox 412 4018 2073 4096; baseline -0.001 -19"><span class='ocrx_word' id='word_1_403' title='bbox 412 4018 623 4077; x_wconf 89' lang='lat' dir='ltr'><strong>labant</strong></span> <span class='ocrx_word' id='word_1_404' title='bbox 648 4019 1051 4092; x_wconf 90' lang='lat' dir='ltr'><strong>dulcedinem,</strong></span> <span class='ocrx_word' id='word_1_405' title='bbox 1081 4022 1359 4079; x_wconf 90' lang='lat' dir='ltr'><strong>serebant</strong></span> <span class='ocrx_word' id='word_1_406' title='bbox 1388 4037 1604 4096; x_wconf 87' lang='lat' dir='ltr'><strong>pacem</strong></span> <span class='ocrx_word' id='word_1_407' title='bbox 1635 4024 1692 4078; x_wconf 88' lang='lat' dir='ltr'><strong>et</strong></span> <span class='ocrx_word' id='word_1_408' title='bbox 1735 4021 1944 4077; x_wconf 91' lang='lat' dir='ltr'><strong>salutis</strong></span> <span class='ocrx_word' id='word_1_409' title='bbox 1981 4036 2073 4076; x_wconf 91' lang='lat' dir='ltr'><strong>re-</strong></span> 
     </span>
    </p>
   </div>
   <div class='ocr_carea' id='block_1_61' title="bbox 414 4106 2070 4183">
    <p class='ocr_par' dir='ltr' id='par_1_61' title="bbox 414 4106 2070 4183">
     <span class='ocr_line' id='line_1_61' title="bbox 414 4106 2070 4183; baseline 0.001 -21"><span class='ocrx_word' id='word_1_410' title='bbox 414 4106 636 4175; x_wconf 91' lang='lat' dir='ltr'><strong>media,</strong></span> <span class='ocrx_word' id='word_1_411' title='bbox 678 4124 914 4181; x_wconf 87' lang='lat' dir='ltr'><strong>semper</strong></span> <span class='ocrx_word' id='word_1_412' title='bbox 944 4109 1242 4166; x_wconf 90' lang='lat' dir='ltr'><strong>Christum</strong></span> <span class='ocrx_word' id='word_1_413' title='bbox 1290 4111 1420 4181; x_wconf 91' lang='lat' dir='ltr'><strong>ejus</strong></span> <span class='ocrx_word' id='word_1_414' title='bbox 1466 4110 1705 4183; x_wconf 90' lang='lat' dir='ltr'><strong>eloquia</strong></span> <span class='ocrx_word' id='word_1_415' title='bbox 1753 4109 2070 4166; x_wconf 89' lang='lat' dir='ltr'><strong>sonabant.</strong></span> 
     </span>
    </p>
   </div>
   <div class='ocr_carea' id='block_1_62' title="bbox 416 4197 2072 4273">
    <p class='ocr_par' dir='ltr' id='par_1_62' title="bbox 416 4197 2072 4273">
     <span class='ocr_line' id='line_1_62' title="bbox 416 4197 2072 4273; baseline 0.001 -22"><span class='ocrx_word' id='word_1_416' title='bbox 416 4197 880 4256; x_wconf 58' lang='lat' dir='ltr'><strong>Praecedentium</strong></span> <span class='ocrx_word' id='word_1_417' title='bbox 911 4202 1169 4267; x_wconf 87' lang='lat' dir='ltr'><strong>Patrum,</strong></span> <span class='ocrx_word' id='word_1_418' title='bbox 1188 4204 1255 4256; x_wconf 88' lang='lat' dir='ltr'><strong>ut</strong></span> <span class='ocrx_word' id='word_1_419' title='bbox 1284 4198 1568 4269; x_wconf 86' lang='lat' dir='ltr'><strong>diximus,</strong></span> <span class='ocrx_word' id='word_1_420' title='bbox 1597 4198 1875 4273; x_wconf 84' lang='lat' dir='ltr'><strong>exempla</strong></span> <span class='ocrx_word' id='word_1_421' title='bbox 1904 4199 2072 4272; x_wconf 85' lang='lat' dir='ltr'><strong>cupi-</strong></span> 
     </span>
    </p>
   </div>
   <div class='ocr_carea' id='block_1_63' title="bbox 415 4286 2070 4361">
    <p class='ocr_par' dir='ltr' id='par_1_63' title="bbox 415 4286 2070 4361">
     <span class='ocr_line' id='line_1_63' title="bbox 415 4286 2070 4361; baseline 0.001 -18"><span class='ocrx_word' id='word_1_422' title='bbox 415 4286 661 4343; x_wconf 90' lang='lat' dir='ltr'><strong>dissime</strong></span> <span class='ocrx_word' id='word_1_423' title='bbox 710 4288 1068 4357; x_wconf 89' lang='lat' dir='ltr'><strong>sectabatur,</strong></span> <span class='ocrx_word' id='word_1_424' title='bbox 1119 4306 1331 4346; x_wconf 92' lang='lat' dir='ltr'><strong>eorum</strong></span> <span class='ocrx_word' id='word_1_425' title='bbox 1377 4289 1753 4357; x_wconf 89' lang='lat' dir='ltr'><strong>memoriam,</strong></span> <span class='ocrx_word' id='word_1_426' title='bbox 1795 4289 2070 4361; x_wconf 89' lang='lat' dir='ltr'><strong>legendo,</strong></span> 
     </span>
    </p>
   </div>
   <div class='ocr_carea' id='block_1_64' title="bbox 414 4375 2071 4451">
    <p class='ocr_par' dir='ltr' id='par_1_64' title="bbox 414 4375 2071 4451">
     <span class='ocr_line' id='line_1_64' title="bbox 414 4375 2071 4451; baseline 0.001 -20"><span class='ocrx_word' id='word_1_427' title='bbox 414 4375 740 4448; x_wconf 78' lang='lat' dir='ltr'><strong>audiendo,</strong></span> <span class='ocrx_word' id='word_1_428' title='bbox 763 4377 1183 4450; x_wconf 90' lang='lat' dir='ltr'><strong>colloquendo,</strong></span> <span class='ocrx_word' id='word_1_429' title='bbox 1216 4379 1310 4434; x_wconf 90' lang='lat' dir='ltr'><strong>vel</strong></span> <span class='ocrx_word' id='word_1_430' title='bbox 1338 4377 1655 4451; x_wconf 90' lang='lat' dir='ltr'><strong>quidpiam</strong></span> <span class='ocrx_word' id='word_1_431' title='bbox 1681 4378 1756 4434; x_wconf 90' lang='lat' dir='ltr'><strong>de</strong></span> <span class='ocrx_word' id='word_1_432' title='bbox 1782 4379 1865 4434; x_wconf 91' lang='lat' dir='ltr'><strong>eis</strong></span> <span class='ocrx_word' id='word_1_433' title='bbox 1906 4395 2071 4434; x_wconf 88' lang='lat' dir='ltr'><strong>com-</strong></span> 
     </span>
    </p>
   </div>
   <div class='ocr_carea' id='block_1_65' title="bbox 414 4466 2076 4542">
    <p class='ocr_par' dir='ltr' id='par_1_65' title="bbox 414 4466 2076 4542">
     <span class='ocr_line' id='line_1_65' title="bbox 414 4466 2076 4542; baseline 0.001 -21"><span class='ocrx_word' id='word_1_434' title='bbox 414 4466 698 4538; x_wconf 87' lang='lat' dir='ltr'><strong>ponendo</strong></span> <span class='ocrx_word' id='word_1_435' title='bbox 742 4466 1075 4523; x_wconf 90' lang='lat' dir='ltr'><strong>incredibili</strong></span> <span class='ocrx_word' id='word_1_436' title='bbox 1121 4467 1400 4524; x_wconf 89' lang='lat' dir='ltr'><strong>aviditate</strong></span> <span class='ocrx_word' id='word_1_437' title='bbox 1433 4467 1786 4542; x_wconf 88' lang='lat' dir='ltr'><strong>usurpabat.</strong></span> <span class='ocrx_word' id='word_1_438' title='bbox 1819 4467 2076 4525; x_wconf 85' lang='lat' dir='ltr'><strong>Texebat</strong></span> 
     </span>
    </p>
   </div>
   <div class='ocr_carea' id='block_1_66' title="bbox 413 4554 2074 4629">
    <p class='ocr_par' dir='ltr' id='par_1_66' title="bbox 413 4554 2074 4629">
     <span class='ocr_line' id='line_1_66' title="bbox 413 4554 2074 4629; baseline 0.002 -20"><span class='ocrx_word' id='word_1_439' title='bbox 413 4555 489 4610; x_wconf 90' lang='lat' dir='ltr'><strong>de</strong></span> <span class='ocrx_word' id='word_1_440' title='bbox 518 4554 631 4610; x_wconf 90' lang='lat' dir='ltr'><strong>illis</strong></span> <span class='ocrx_word' id='word_1_441' title='bbox 660 4557 923 4628; x_wconf 88' lang='lat' dir='ltr'><strong>hymnos</strong></span> <span class='ocrx_word' id='word_1_442' title='bbox 953 4561 1009 4611; x_wconf 88' lang='lat' dir='ltr'><strong>et</strong></span> <span class='ocrx_word' id='word_1_443' title='bbox 1039 4557 1313 4613; x_wconf 88' lang='lat' dir='ltr'><strong>encomia</strong></span> <span class='ocrx_word' id='word_1_444' title='bbox 1340 4572 1478 4629; x_wconf 59' lang='lat' dir='ltr'><strong>quis</strong></span> <span class='ocrx_word' id='word_1_445' title='bbox 1519 4558 1579 4613; x_wconf 88' lang='lat' dir='ltr'><strong>in</strong></span> <span class='ocrx_word' id='word_1_446' title='bbox 1614 4574 1825 4613; x_wconf 90' lang='lat' dir='ltr'><strong>eorum</strong></span> <span class='ocrx_word' id='word_1_447' title='bbox 1857 4557 2074 4614; x_wconf 90' lang='lat' dir='ltr'><strong>solem-</strong></span> 
     </span>
    </p>
   </div>
   <div class='ocr_carea' id='block_1_67' title="bbox 413 4644 2075 4719">
    <p class='ocr_par' dir='ltr' id='par_1_67' title="bbox 413 4644 2075 4719">
     <span class='ocr_line' id='line_1_67' title="bbox 413 4644 2075 4719; baseline 0.001 -20"><span class='ocrx_word' id='word_1_448' title='bbox 413 4644 700 4700; x_wconf 90' lang='lat' dir='ltr'><strong>nitatibus</strong></span> <span class='ocrx_word' id='word_1_449' title='bbox 730 4644 1245 4718; x_wconf 90' lang='lat' dir='ltr'><strong>depromerentur.</strong></span> <span class='ocrx_word' id='word_1_450' title='bbox 1300 4648 1384 4711; x_wconf 91' lang='lat' dir='ltr'><strong>Et,</strong></span> <span class='ocrx_word' id='word_1_451' title='bbox 1415 4661 1488 4701; x_wconf 90' lang='lat' dir='ltr'><strong>ne</strong></span> <span class='ocrx_word' id='word_1_452' title='bbox 1533 4646 1670 4719; x_wconf 91' lang='lat' dir='ltr'><strong>quis</strong></span> <span class='ocrx_word' id='word_1_453' title='bbox 1704 4650 1870 4718; x_wconf 89' lang='lat' dir='ltr'><strong>putet</strong></span> <span class='ocrx_word' id='word_1_454' title='bbox 1898 4662 2009 4701; x_wconf 87' lang='lat' dir='ltr'><strong>nos</strong></span> <span class='ocrx_word' id='word_1_455' title='bbox 2038 4661 2075 4700; x_wconf 91' lang='lat' dir='ltr'><strong>a</strong></span> 
     </span>
    </p>
   </div>
   <div class='ocr_carea' id='block_1_68' title="bbox 412 4733 2076 4806">
    <p class='ocr_par' dir='ltr' id='par_1_68' title="bbox 412 4733 2076 4806">
     <span class='ocr_line' id='line_1_68' title="bbox 412 4733 2076 4806; baseline 0.001 -19"><span class='ocrx_word' id='word_1_456' title='bbox 412 4748 556 4788; x_wconf 90' lang='lat' dir='ltr'><strong>vero</strong></span> <span class='ocrx_word' id='word_1_457' title='bbox 586 4733 781 4791; x_wconf 89' lang='lat' dir='ltr'><strong>aliena</strong></span> <span class='ocrx_word' id='word_1_458' title='bbox 819 4734 1035 4800; x_wconf 90' lang='lat' dir='ltr'><strong>dicere,</strong></span> <span class='ocrx_word' id='word_1_459' title='bbox 1077 4738 1273 4790; x_wconf 84' lang='lat' dir='ltr'><strong>exstat</strong></span> <span class='ocrx_word' id='word_1_460' title='bbox 1318 4734 1615 4806; x_wconf 89' lang='lat' dir='ltr'><strong>integrum</strong></span> <span class='ocrx_word' id='word_1_461' title='bbox 1668 4735 1825 4790; x_wconf 87' lang='lat' dir='ltr'><strong>beati</strong></span> <span class='ocrx_word' id='word_1_462' title='bbox 1852 4734 2076 4791; x_wconf 87' lang='lat' dir='ltr'><strong>Martini</strong></span> 
     </span>
    </p>
   </div>
   <div class='ocr_carea' id='block_1_69' title="bbox 415 4820 2074 4897">
    <p class='ocr_par' dir='ltr' id='par_1_69' title="bbox 415 4820 2074 4897">
     <span class='ocr_line' id='line_1_69' title="bbox 415 4820 2074 4897; baseline 0.002 -21"><span class='ocrx_word' id='word_1_463' title='bbox 415 4820 681 4879; x_wconf 78' lang='lat' dir='ltr'><strong>ofﬁcium</strong></span> <span class='ocrx_word' id='word_1_464' title='bbox 729 4824 807 4879; x_wconf 89' lang='lat' dir='ltr'><strong>ab</strong></span> <span class='ocrx_word' id='word_1_465' title='bbox 849 4824 981 4897; x_wconf 92' lang='lat' dir='ltr'><strong>ipso</strong></span> <span class='ocrx_word' id='word_1_466' title='bbox 1029 4822 1456 4896; x_wconf 89' lang='lat' dir='ltr'><strong>compositum.</strong></span> <span class='ocrx_word' id='word_1_467' title='bbox 1519 4823 1690 4879; x_wconf 88' lang='lat' dir='ltr'><strong>Illum</strong></span> <span class='ocrx_word' id='word_1_468' title='bbox 1747 4823 1908 4880; x_wconf 90' lang='lat' dir='ltr'><strong>enim</strong></span> <span class='ocrx_word' id='word_1_469' title='bbox 1951 4839 2074 4896; x_wconf 64' lang='lat' dir='ltr'><strong>prae</strong></span> 
     </span>
    </p>
   </div>
   <div class='ocr_carea' id='block_1_70' title="bbox 414 4911 2075 4985">
    <p class='ocr_par' dir='ltr' id='par_1_70' title="bbox 414 4911 2075 4985">
     <span class='ocr_line' id='line_1_70' title="bbox 414 4911 2075 4985; baseline 0.002 -20"><span class='ocrx_word' id='word_1_470' title='bbox 414 4911 640 4967; x_wconf 60' lang='lat' dir='ltr'><strong>cateris</strong></span> <span class='ocrx_word' id='word_1_471' title='bbox 688 4912 1010 4985; x_wconf 89' lang='lat' dir='ltr'><strong>specialem</strong></span> <span class='ocrx_word' id='word_1_472' title='bbox 1063 4911 1175 4967; x_wconf 89' lang='lat' dir='ltr'><strong>sibi</strong></span> <span class='ocrx_word' id='word_1_473' title='bbox 1205 4916 1528 4984; x_wconf 90' lang='lat' dir='ltr'><strong>patronum</strong></span> <span class='ocrx_word' id='word_1_474' title='bbox 1558 4912 1882 4983; x_wconf 89' lang='lat' dir='ltr'><strong>delegerat,</strong></span> <span class='ocrx_word' id='word_1_475' title='bbox 1930 4912 2075 4968; x_wconf 90' lang='lat' dir='ltr'><strong>nihil</strong></span> 
     </span>
    </p>
   </div>
   <div class='ocr_carea' id='block_1_71' title="bbox 413 5000 2073 5075">
    <p class='ocr_par' dir='ltr' id='par_1_71' title="bbox 413 5000 2073 5075">
     <span class='ocr_line' id='line_1_71' title="bbox 413 5000 2073 5075; baseline 0.002 -19"><span class='ocrx_word' id='word_1_476' title='bbox 413 5000 697 5057; x_wconf 91' lang='lat' dir='ltr'><strong>dubitans</strong></span> <span class='ocrx_word' id='word_1_477' title='bbox 749 5003 879 5075; x_wconf 91' lang='lat' dir='ltr'><strong>ejus</strong></span> <span class='ocrx_word' id='word_1_478' title='bbox 928 5018 989 5058; x_wconf 91' lang='lat' dir='ltr'><strong>se</strong></span> <span class='ocrx_word' id='word_1_479' title='bbox 1039 5001 1386 5074; x_wconf 91' lang='lat' dir='ltr'><strong>patrociniis</strong></span> <span class='ocrx_word' id='word_1_480' title='bbox 1434 5002 1712 5074; x_wconf 88' lang='lat' dir='ltr'><strong>adjutum</strong></span> <span class='ocrx_word' id='word_1_481' title='bbox 1744 5003 1831 5058; x_wconf 85' lang='lat' dir='ltr'><strong>iri.</strong></span> <span class='ocrx_word' id='word_1_482' title='bbox 1891 5003 2073 5059; x_wconf 88' lang='lat' dir='ltr'><strong>Nullis</strong></span> 
     </span>
    </p>
   </div>
   <div class='ocr_carea' id='block_1_72' title="bbox 413 5090 2075 5164">
    <p class='ocr_par' dir='ltr' id='par_1_72' title="bbox 413 5090 2075 5164">
     <span class='ocr_line' id='line_1_72' title="bbox 413 5090 2075 5164; baseline 0.002 -19"><span class='ocrx_word' id='word_1_483' title='bbox 413 5106 690 5164; x_wconf 87' lang='lat' dir='ltr'><strong>unquam</strong></span> <span class='ocrx_word' id='word_1_484' title='bbox 730 5091 1121 5161; x_wconf 85' lang='lat' dir='ltr'><strong>frangebatur</strong></span> <span class='ocrx_word' id='word_1_485' title='bbox 1162 5090 1430 5147; x_wconf 86' lang='lat' dir='ltr'><strong>adversis</strong></span> <span class='ocrx_word' id='word_1_486' title='bbox 1460 5091 1721 5161; x_wconf 89' lang='lat' dir='ltr'><strong>casibus,</strong></span> <span class='ocrx_word' id='word_1_487' title='bbox 1762 5092 1939 5148; x_wconf 91' lang='lat' dir='ltr'><strong>nullis</strong></span> <span class='ocrx_word' id='word_1_488' title='bbox 1970 5093 2075 5148; x_wconf 90' lang='lat' dir='ltr'><strong>cir-</strong></span> 
     </span>
    </p>
   </div>
   <div class='ocr_carea' id='block_1_73' title="bbox 414 5179 2076 5254">
    <p class='ocr_par' dir='ltr' id='par_1_73' title="bbox 414 5179 2076 5254">
     <span class='ocr_line' id='line_1_73' title="bbox 414 5179 2076 5254; baseline 0.002 -20"><span class='ocrx_word' id='word_1_489' title='bbox 414 5184 770 5237; x_wconf 90' lang='lat' dir='ltr'><strong>cumventus</strong></span> <span class='ocrx_word' id='word_1_490' title='bbox 822 5184 910 5236; x_wconf 89' lang='lat' dir='ltr'><strong>est</strong></span> <span class='ocrx_word' id='word_1_491' title='bbox 952 5179 1238 5250; x_wconf 88' lang='lat' dir='ltr'><strong>rugientis</strong></span> <span class='ocrx_word' id='word_1_492' title='bbox 1285 5179 1476 5235; x_wconf 90' lang='lat' dir='ltr'><strong>hostis</strong></span> <span class='ocrx_word' id='word_1_493' title='bbox 1526 5180 1777 5252; x_wconf 90' lang='lat' dir='ltr'><strong>insidiis,</strong></span> <span class='ocrx_word' id='word_1_494' title='bbox 1809 5181 2076 5254; x_wconf 90' lang='lat' dir='ltr'><strong>undique</strong></span> 
     </span>
    </p>
   </div>
   <div class='ocr_carea' id='block_1_74' title="bbox 412 5268 2076 5341">
    <p class='ocr_par' dir='ltr' id='par_1_74' title="bbox 412 5268 2076 5341">
     <span class='ocr_line' id='line_1_74' title="bbox 412 5268 2076 5341; baseline 0.001 -16"><span class='ocrx_word' id='word_1_495' title='bbox 412 5268 766 5326; x_wconf 89' lang='lat' dir='ltr'><strong>ﬁrmissimo</strong></span> <span class='ocrx_word' id='word_1_496' title='bbox 796 5269 898 5324; x_wconf 90' lang='lat' dir='ltr'><strong>Dei</strong></span> <span class='ocrx_word' id='word_1_497' title='bbox 936 5269 1218 5341; x_wconf 68' lang='lat' dir='ltr'><strong>praesidio</strong></span> <span class='ocrx_word' id='word_1_498' title='bbox 1268 5270 1694 5339; x_wconf 90' lang='lat' dir='ltr'><strong>communitus,</strong></span> <span class='ocrx_word' id='word_1_499' title='bbox 1727 5287 1849 5326; x_wconf 91' lang='lat' dir='ltr'><strong>non</strong></span> <span class='ocrx_word' id='word_1_500' title='bbox 1880 5271 2076 5341; x_wconf 91' lang='lat' dir='ltr'><strong>cujus-</strong></span> 
     </span>
    </p>
   </div>
   <div class='ocr_carea' id='block_1_75' title="bbox 413 5356 2076 5432">
    <p class='ocr_par' dir='ltr' id='par_1_75' title="bbox 413 5356 2076 5432">
     <span class='ocr_line' id='line_1_75' title="bbox 413 5356 2076 5432; baseline 0.001 -19"><span class='ocrx_word' id='word_1_501' title='bbox 413 5374 601 5431; x_wconf 92' lang='lat' dir='ltr'><strong>quam</strong></span> <span class='ocrx_word' id='word_1_502' title='bbox 629 5356 866 5414; x_wconf 89' lang='lat' dir='ltr'><strong>hostilia</strong></span> <span class='ocrx_word' id='word_1_503' title='bbox 893 5372 1083 5424; x_wconf 90' lang='lat' dir='ltr'><strong>arma,</strong></span> <span class='ocrx_word' id='word_1_504' title='bbox 1120 5371 1243 5411; x_wconf 90' lang='lat' dir='ltr'><strong>non</strong></span> <span class='ocrx_word' id='word_1_505' title='bbox 1273 5371 1672 5431; x_wconf 89' lang='lat' dir='ltr'><strong>quoscunque</strong></span> <span class='ocrx_word' id='word_1_506' title='bbox 1703 5375 1883 5415; x_wconf 87' lang='lat' dir='ltr'><strong>casus</strong></span> <span class='ocrx_word' id='word_1_507' title='bbox 1906 5374 2076 5432; x_wconf 90' lang='lat' dir='ltr'><strong>aspe-</strong></span> 
     </span>
    </p>
   </div>
   <div class='ocr_carea' id='block_1_76' title="bbox 306 5444 999 5504">
    <p class='ocr_par' dir='ltr' id='par_1_76' title="bbox 306 5444 999 5504">
     <span class='ocr_line' id='line_1_76' title="bbox 306 5444 999 5504; baseline -0.004 0"><span class='ocrx_word' id='word_1_508' title='bbox 306 5463 315 5471; x_wconf 94' lang='grc'><strong>·</strong></span> <span class='ocrx_word' id='word_1_509' title='bbox 411 5462 513 5504; x_wconf 90' lang='lat' dir='ltr'><strong>ros</strong></span> <span class='ocrx_word' id='word_1_510' title='bbox 551 5444 999 5503; x_wconf 87' lang='lat' dir='ltr'><strong>reformidabat.</strong></span> 
     </span>
    </p>
   </div>
   <div class='ocr_carea' id='block_1_77' title="bbox 2161 1694 3825 1773">
    <p class='ocr_par' dir='ltr' id='par_1_77' title="bbox 2161 1694 3825 1773">
     <span class='ocr_line' id='line_1_77' title="bbox 2161 1694 3825 1773; baseline -0.007 -15"><span class='ocrx_word' id='word_1_511' title='bbox 2161 1700 2409 1773; x_wconf 90' lang='lat' dir='ltr'><strong>vestigio</strong></span> <span class='ocrx_word' id='word_1_512' title='bbox 2441 1699 2603 1757; x_wconf 90' lang='lat' dir='ltr'><strong>enim</strong></span> <span class='ocrx_word' id='word_1_513' title='bbox 2631 1698 2734 1755; x_wconf 90' lang='lat' dir='ltr'><strong>Dei</strong></span> <span class='ocrx_word' id='word_1_514' title='bbox 2757 1696 2986 1771; x_wconf 87' lang='lat' dir='ltr'><strong>judicio</strong></span> <span class='ocrx_word' id='word_1_515' title='bbox 3013 1694 3443 1769; x_wconf 89' lang='lat' dir='ltr'><strong>plectebantur,</strong></span> <span class='ocrx_word' id='word_1_516' title='bbox 3457 1696 3523 1749; x_wconf 90' lang='lat' dir='ltr'><strong>ut</strong></span> <span class='ocrx_word' id='word_1_517' title='bbox 3548 1704 3825 1765; x_wconf 76' lang='lat' dir='ltr'><strong>persaepe</strong></span> 
     </span>
    </p>
   </div>
   <div class='ocr_carea' id='block_1_78' title="bbox 2161 1780 3826 1865">
    <p class='ocr_par' dir='ltr' id='par_1_78' title="bbox 2161 1780 3826 1865">
     <span class='ocr_line' id='line_1_78' title="bbox 2161 1780 3826 1865; baseline -0.008 -17"><span class='ocrx_word' id='word_1_518' title='bbox 2161 1791 2357 1848; x_wconf 89' lang='lat' dir='ltr'><strong>testati</strong></span> <span class='ocrx_word' id='word_1_519' title='bbox 2388 1792 2528 1847; x_wconf 89' lang='lat' dir='ltr'><strong>sunt</strong></span> <span class='ocrx_word' id='word_1_520' title='bbox 2553 1805 2627 1846; x_wconf 86' lang='lat' dir='ltr'><strong>ex</strong></span> <span class='ocrx_word' id='word_1_521' title='bbox 2655 1788 2770 1845; x_wconf 89' lang='lat' dir='ltr'><strong>illis</strong></span> <span class='ocrx_word' id='word_1_522' title='bbox 2789 1785 3139 1861; x_wconf 88' lang='lat' dir='ltr'><strong>paucissimi</strong></span> <span class='ocrx_word' id='word_1_523' title='bbox 3159 1785 3264 1865; x_wconf 84' lang='lat' dir='ltr'><strong>qui</strong></span> <span class='ocrx_word' id='word_1_524' title='bbox 3283 1799 3346 1841; x_wconf 89' lang='lat' dir='ltr'><strong>se</strong></span> <span class='ocrx_word' id='word_1_525' title='bbox 3369 1782 3539 1839; x_wconf 91' lang='lat' dir='ltr'><strong>vivos</strong></span> <span class='ocrx_word' id='word_1_526' title='bbox 3557 1780 3826 1838; x_wconf 86' lang='lat' dir='ltr'><strong>evasisse</strong></span> 
     </span>
    </p>
   </div>
   <div class='ocr_carea' id='block_1_79' title="bbox 2144 1879 2544 1937">
    <p class='ocr_par' dir='ltr' id='par_1_79' title="bbox 2144 1879 2544 1937">
     <span class='ocr_line' id='line_1_79' title="bbox 2144 1879 2544 1937; baseline -0.005 -1"><span class='ocrx_word' id='word_1_527' title='bbox 2144 1898 2147 1905; x_wconf 82' lang='lat'>&#39;</span> <span class='ocrx_word' id='word_1_528' title='bbox 2164 1879 2544 1937; x_wconf 70' lang='lat' dir='ltr'><strong>laetabantur.</strong></span> 
     </span>
    </p>
   </div>
   <div class='ocr_carea' id='block_1_80' title="bbox 2236 2008 3830 2081">
    <p class='ocr_par' dir='ltr' id='par_1_80' title="bbox 2236 2008 3830 2081">
     <span class='ocr_line' id='line_1_80' title="bbox 2236 2008 3830 2081; baseline -0.005 -10"><span class='ocrx_word' id='word_1_529' title='bbox 2236 2019 2289 2071; x_wconf 89' lang='lat'><strong>9.</strong></span> <span class='ocrx_word' id='word_1_530' title='bbox 2320 2014 2678 2071; x_wconf 79' lang='lat' dir='ltr'><strong>Baldricum</strong></span> <span class='ocrx_word' id='word_1_531' title='bbox 2692 2026 3083 2069; x_wconf 78' lang='lat' dir='ltr'><strong>successorem</strong></span> <span class='ocrx_word' id='word_1_532' title='bbox 3102 2009 3380 2081; x_wconf 67' lang='lat' dir='ltr'><strong>prmdicit</strong></span> <span class='ocrx_word' id='word_1_533' title='bbox 3398 2023 3658 2081; x_wconf 81' lang='lat' dir='ltr'><strong>eumque</strong></span> <span class='ocrx_word' id='word_1_534' title='bbox 3685 2008 3830 2064; x_wconf 86' lang='lat' dir='ltr'><strong>desi-</strong></span> 
     </span>
    </p>
   </div>
   <div class='ocr_carea' id='block_1_81' title="bbox 2166 2095 3830 2176">
    <p class='ocr_par' dir='ltr' id='par_1_81' title="bbox 2166 2095 3830 2176">
     <span class='ocr_line' id='line_1_81' title="bbox 2166 2095 3830 2176; baseline -0.005 -16"><span class='ocrx_word' id='word_1_535' title='bbox 2166 2110 2334 2176; x_wconf 83' lang='lat' dir='ltr'><strong>gnat.</strong></span> <span class='ocrx_word' id='word_1_536' title='bbox 2373 2105 2622 2173; x_wconf 85' lang='lat' dir='ltr'><strong>Tempus</strong></span> <span class='ocrx_word' id='word_1_537' title='bbox 2653 2103 2792 2159; x_wconf 84' lang='lat' dir='ltr'><strong>item</strong></span> <span class='ocrx_word' id='word_1_538' title='bbox 2822 2101 3050 2156; x_wconf 86' lang='lat' dir='ltr'><strong>mortis.</strong></span> <span class='ocrx_word' id='word_1_539' title='bbox 3084 2130 3153 2139; x_wconf 93' lang='lat'><strong>—</strong></span> <span class='ocrx_word' id='word_1_540' title='bbox 3181 2100 3287 2154; x_wconf 89' lang='lat' dir='ltr'><strong>Per</strong></span> <span class='ocrx_word' id='word_1_541' title='bbox 3315 2097 3375 2154; x_wconf 91' lang='lat' dir='ltr'><strong>id</strong></span> <span class='ocrx_word' id='word_1_542' title='bbox 3407 2101 3678 2170; x_wconf 86' lang='lat' dir='ltr'><strong>tempus,</strong></span> <span class='ocrx_word' id='word_1_543' title='bbox 3707 2095 3830 2152; x_wconf 78' lang='lat' dir='ltr'><strong>Val-</strong></span> 
     </span>
    </p>
   </div>
   <div class='ocr_carea' id='block_1_82' title="bbox 2167 2185 3831 2262">
    <p class='ocr_par' dir='ltr' id='par_1_82' title="bbox 2167 2185 3831 2262">
     <span class='ocr_line' id='line_1_82' title="bbox 2167 2185 3831 2262; baseline -0.005 -13"><span class='ocrx_word' id='word_1_544' title='bbox 2167 2194 2368 2249; x_wconf 92' lang='lat' dir='ltr'><strong>dricus</strong></span> <span class='ocrx_word' id='word_1_545' title='bbox 2401 2195 2573 2260; x_wconf 77' lang='grc'><strong>(444),</strong></span> <span class='ocrx_word' id='word_1_546' title='bbox 2602 2189 2879 2262; x_wconf 90' lang='lat' dir='ltr'><strong>egregius</strong></span> <span class='ocrx_word' id='word_1_547' title='bbox 2926 2188 3299 2256; x_wconf 91' lang='lat' dir='ltr'><strong>adolescens,</strong></span> <span class='ocrx_word' id='word_1_548' title='bbox 3328 2186 3571 2243; x_wconf 84' lang='lat' dir='ltr'><strong>Ricfridi</strong></span> <span class='ocrx_word' id='word_1_549' title='bbox 3602 2185 3831 2242; x_wconf 89' lang='lat' dir='ltr'><strong>comitis</strong></span> 
     </span>
    </p>
   </div>
   <div class='ocr_carea' id='block_1_83' title="bbox 2166 2275 3827 2354">
    <p class='ocr_par' dir='ltr' id='par_1_83' title="bbox 2166 2275 3827 2354">
     <span class='ocr_line' id='line_1_83' title="bbox 2166 2275 3827 2354; baseline -0.004 -16"><span class='ocrx_word' id='word_1_550' title='bbox 2166 2282 2347 2354; x_wconf 85' lang='lat' dir='ltr'><strong>ﬁlius,</strong></span> <span class='ocrx_word' id='word_1_551' title='bbox 2380 2281 2680 2338; x_wconf 88' lang='lat' dir='ltr'><strong>interdum</strong></span> <span class='ocrx_word' id='word_1_552' title='bbox 2710 2279 2789 2336; x_wconf 91' lang='lat' dir='ltr'><strong>ad</strong></span> <span class='ocrx_word' id='word_1_553' title='bbox 2818 2279 3064 2336; x_wconf 90' lang='lat' dir='ltr'><strong>beatum</strong></span> <span class='ocrx_word' id='word_1_554' title='bbox 3112 2278 3310 2333; x_wconf 89' lang='lat' dir='ltr'><strong>virum</strong></span> <span class='ocrx_word' id='word_1_555' title='bbox 3339 2277 3544 2333; x_wconf 86' lang='lat' dir='ltr'><strong>venire</strong></span> <span class='ocrx_word' id='word_1_556' title='bbox 3577 2275 3827 2332; x_wconf 86' lang='lat' dir='ltr'><strong>solebat.</strong></span> 
     </span>
    </p>
   </div>
   <div class='ocr_carea' id='block_1_84' title="bbox 2170 2363 3831 2443">
    <p class='ocr_par' dir='ltr' id='par_1_84' title="bbox 2170 2363 3831 2443">
     <span class='ocr_line' id='line_1_84' title="bbox 2170 2363 3831 2443; baseline -0.005 -16"><span class='ocrx_word' id='word_1_557' title='bbox 2170 2376 2373 2443; x_wconf 87' lang='lat' dir='ltr'><strong>Itaque</strong></span> <span class='ocrx_word' id='word_1_558' title='bbox 2401 2370 2772 2443; x_wconf 90' lang='lat' dir='ltr'><strong>quandoque</strong></span> <span class='ocrx_word' id='word_1_559' title='bbox 2801 2371 3089 2442; x_wconf 81' lang='lat' dir='ltr'><strong>praesente</strong></span> <span class='ocrx_word' id='word_1_560' title='bbox 3118 2366 3219 2423; x_wconf 91' lang='lat' dir='ltr'><strong>illo</strong></span> <span class='ocrx_word' id='word_1_561' title='bbox 3248 2365 3488 2422; x_wconf 90' lang='lat' dir='ltr'><strong>vocavit</strong></span> <span class='ocrx_word' id='word_1_562' title='bbox 3517 2364 3602 2421; x_wconf 89' lang='lat' dir='ltr'><strong>ad</strong></span> <span class='ocrx_word' id='word_1_563' title='bbox 3634 2380 3697 2421; x_wconf 90' lang='lat' dir='ltr'><strong>se</strong></span> <span class='ocrx_word' id='word_1_564' title='bbox 3728 2363 3831 2420; x_wconf 83' lang='lat' dir='ltr'><strong>Nit-</strong></span> 
     </span>
    </p>
   </div>
   <div class='ocr_carea' id='block_1_85' title="bbox 2171 2454 3830 2532">
    <p class='ocr_par' dir='ltr' id='par_1_85' title="bbox 2171 2454 3830 2532">
     <span class='ocr_line' id='line_1_85' title="bbox 2171 2454 3830 2532; baseline -0.004 -16"><span class='ocrx_word' id='word_1_565' title='bbox 2171 2476 2383 2530; x_wconf 91' lang='lat' dir='ltr'><strong>gerum</strong></span> <span class='ocrx_word' id='word_1_566' title='bbox 2413 2459 2834 2532; x_wconf 89' lang='lat' dir='ltr'><strong>presbyterum</strong></span> <span class='ocrx_word' id='word_1_567' title='bbox 2864 2462 2920 2512; x_wconf 91' lang='lat' dir='ltr'><strong>et</strong></span> <span class='ocrx_word' id='word_1_568' title='bbox 2944 2455 3310 2513; x_wconf 81' lang='lat' dir='ltr'><strong>Richardum</strong></span> <span class='ocrx_word' id='word_1_569' title='bbox 3336 2454 3616 2525; x_wconf 83' lang='lat' dir='ltr'><strong>militem,</strong></span> <span class='ocrx_word' id='word_1_570' title='bbox 3635 2454 3830 2527; x_wconf 89' lang='lat' dir='ltr'><strong>aitque</strong></span> 
     </span>
    </p>
   </div>
   <div class='ocr_carea' id='block_1_86' title="bbox 2171 2543 3830 2621">
    <p class='ocr_par' dir='ltr' id='par_1_86' title="bbox 2171 2543 3830 2621">
     <span class='ocr_line' id='line_1_86' title="bbox 2171 2543 3830 2621; baseline -0.004 -16"><span class='ocrx_word' id='word_1_571' title='bbox 2171 2549 2249 2605; x_wconf 92' lang='lat' dir='ltr'><strong>ad</strong></span> <span class='ocrx_word' id='word_1_572' title='bbox 2280 2548 2411 2605; x_wconf 87' lang='lat' dir='ltr'><strong>illos</strong></span> <span class='ocrx_word' id='word_1_573' title='bbox 2441 2549 2653 2621; x_wconf 89' lang='lat' dir='ltr'><strong>spiritu</strong></span> <span class='ocrx_word' id='word_1_574' title='bbox 2681 2546 3033 2620; x_wconf 90' lang='lat' dir='ltr'><strong>prophetico</strong></span> <span class='ocrx_word' id='word_1_575' title='bbox 3058 2562 3071 2601; x_wconf 90' lang='lat'><strong>:</strong></span> <span class='ocrx_word' id='word_1_576' title='bbox 3111 2544 3477 2601; x_wconf 84' lang='lat' dir='ltr'><strong>Adolescens</strong></span> <span class='ocrx_word' id='word_1_577' title='bbox 3501 2543 3622 2609; x_wconf 91' lang='lat' dir='ltr'><strong>hic,</strong></span> <span class='ocrx_word' id='word_1_578' title='bbox 3651 2559 3830 2616; x_wconf 90' lang='lat' dir='ltr'><strong>quem</strong></span> 
     </span>
    </p>
   </div>
   <div class='ocr_carea' id='block_1_87' title="bbox 2173 2632 3832 2710">
    <p class='ocr_par' dir='ltr' id='par_1_87' title="bbox 2173 2632 3832 2710">
     <span class='ocr_line' id='line_1_87' title="bbox 2173 2632 3832 2710; baseline -0.004 -16"><span class='ocrx_word' id='word_1_579' title='bbox 2173 2637 2429 2706; x_wconf 89' lang='lat' dir='ltr'><strong>cernitis,</strong></span> <span class='ocrx_word' id='word_1_580' title='bbox 2477 2637 2622 2693; x_wconf 88' lang='lat' dir='ltr'><strong>mihi</strong></span> <span class='ocrx_word' id='word_1_581' title='bbox 2662 2638 2726 2692; x_wconf 95' lang='lat' dir='ltr'><strong>in</strong></span> <span class='ocrx_word' id='word_1_582' title='bbox 2755 2636 3108 2710; x_wconf 91' lang='lat' dir='ltr'><strong>episcopatu</strong></span> <span class='ocrx_word' id='word_1_583' title='bbox 3139 2632 3438 2702; x_wconf 90' lang='lat' dir='ltr'><strong>succedet,</strong></span> <span class='ocrx_word' id='word_1_584' title='bbox 3469 2638 3529 2689; x_wconf 89' lang='lat' dir='ltr'><strong>et</strong></span> <span class='ocrx_word' id='word_1_585' title='bbox 3557 2649 3670 2706; x_wconf 88' lang='lat' dir='ltr'><strong>per</strong></span> <span class='ocrx_word' id='word_1_586' title='bbox 3698 2648 3832 2689; x_wconf 84' lang='lat' dir='ltr'><strong>eum</strong></span> 
     </span>
    </p>
   </div>
   <div class='ocr_carea' id='block_1_88' title="bbox 2174 2722 3835 2790">
    <p class='ocr_par' dir='ltr' id='par_1_88' title="bbox 2174 2722 3835 2790">
     <span class='ocr_line' id='line_1_88' title="bbox 2174 2722 3835 2790; baseline -0.004 -7"><span class='ocrx_word' id='word_1_587' title='bbox 2174 2730 2330 2783; x_wconf 89' lang='lat' dir='ltr'><strong>Deus</strong></span> <span class='ocrx_word' id='word_1_588' title='bbox 2356 2727 2560 2783; x_wconf 88' lang='lat' dir='ltr'><strong>sedem</strong></span> <span class='ocrx_word' id='word_1_589' title='bbox 2585 2727 2745 2783; x_wconf 90' lang='lat' dir='ltr'><strong>hanc</strong></span> <span class='ocrx_word' id='word_1_590' title='bbox 2764 2724 3140 2790; x_wconf 88' lang='lat' dir='ltr'><strong>instaurabit,</strong></span> <span class='ocrx_word' id='word_1_591' title='bbox 3170 2723 3446 2779; x_wconf 67' lang='lat' dir='ltr'><strong>Ecclesia:</strong></span> <span class='ocrx_word' id='word_1_592' title='bbox 3460 2738 3559 2779; x_wconf 87' lang='lat' dir='ltr'><strong>res</strong></span> <span class='ocrx_word' id='word_1_593' title='bbox 3575 2722 3835 2779; x_wconf 89' lang='lat' dir='ltr'><strong>multum</strong></span> 
     </span>
    </p>
   </div>
   <div class='ocr_carea' id='block_1_89' title="bbox 2175 2811 3837 2886">
    <p class='ocr_par' dir='ltr' id='par_1_89' title="bbox 2175 2811 3837 2886">
     <span class='ocr_line' id='line_1_89' title="bbox 2175 2811 3837 2886; baseline -0.004 -13"><span class='ocrx_word' id='word_1_594' title='bbox 2175 2816 2437 2886; x_wconf 88' lang='lat' dir='ltr'><strong>augebit,</strong></span> <span class='ocrx_word' id='word_1_595' title='bbox 2461 2816 2763 2873; x_wconf 90' lang='lat' dir='ltr'><strong>destructa</strong></span> <span class='ocrx_word' id='word_1_596' title='bbox 2792 2818 2849 2871; x_wconf 91' lang='lat' dir='ltr'><strong>et</strong></span> <span class='ocrx_word' id='word_1_597' title='bbox 2872 2814 3069 2871; x_wconf 87' lang='lat' dir='ltr'><strong>diruta</strong></span> <span class='ocrx_word' id='word_1_598' title='bbox 3088 2812 3412 2886; x_wconf 89' lang='lat' dir='ltr'><strong>reparabit.</strong></span> <span class='ocrx_word' id='word_1_599' title='bbox 3437 2815 3647 2885; x_wconf 86' lang='lat' dir='ltr'><strong>Neque</strong></span> <span class='ocrx_word' id='word_1_600' title='bbox 3675 2811 3740 2867; x_wconf 94' lang='lat' dir='ltr'><strong>id</strong></span> <span class='ocrx_word' id='word_1_601' title='bbox 3757 2827 3837 2867; x_wconf 84' lang='lat' dir='ltr'><strong>se-</strong></span> 
     </span>
    </p>
   </div>
   <div class='ocr_carea' id='block_1_90' title="bbox 2175 2900 3836 2980">
    <p class='ocr_par' dir='ltr' id='par_1_90' title="bbox 2175 2900 3836 2980">
     <span class='ocr_line' id='line_1_90' title="bbox 2175 2900 3836 2980; baseline -0.004 -17"><span class='ocrx_word' id='word_1_602' title='bbox 2175 2906 2296 2962; x_wconf 85' lang='lat' dir='ltr'><strong>mel</strong></span> <span class='ocrx_word' id='word_1_603' title='bbox 2326 2911 2503 2980; x_wconf 87' lang='lat' dir='ltr'><strong>atque</strong></span> <span class='ocrx_word' id='word_1_604' title='bbox 2552 2906 2786 2973; x_wconf 90' lang='lat' dir='ltr'><strong>iterum,</strong></span> <span class='ocrx_word' id='word_1_605' title='bbox 2823 2905 2927 2960; x_wconf 91' lang='lat' dir='ltr'><strong>sed</strong></span> <span class='ocrx_word' id='word_1_606' title='bbox 2959 2903 3168 2960; x_wconf 91' lang='lat' dir='ltr'><strong>crebro</strong></span> <span class='ocrx_word' id='word_1_607' title='bbox 3197 2902 3272 2958; x_wconf 93' lang='lat' dir='ltr'><strong>de</strong></span> <span class='ocrx_word' id='word_1_608' title='bbox 3318 2901 3418 2958; x_wconf 89' lang='lat' dir='ltr'><strong>illo</strong></span> <span class='ocrx_word' id='word_1_609' title='bbox 3455 2900 3836 2958; x_wconf 87' lang='lat' dir='ltr'><strong>adolescente</strong></span> 
     </span>
    </p>
   </div>
   <div class='ocr_carea' id='block_1_91' title="bbox 2097 2987 3837 3070">
    <p class='ocr_par' dir='ltr' id='par_1_91' title="bbox 2097 2987 3837 3070">
     <span class='ocr_line' id='line_1_91' title="bbox 2097 2987 3837 3070; baseline -0.003 -18"><span class='ocrx_word' id='word_1_610' title='bbox 2097 2987 2140 3044; x_wconf 73' lang='grc' dir='ltr'>Ο</span> <span class='ocrx_word' id='word_1_611' title='bbox 2175 2997 2465 3070; x_wconf 76' lang='lat' dir='ltr'><strong>praedixit.</strong></span> <span class='ocrx_word' id='word_1_612' title='bbox 2495 2999 2643 3052; x_wconf 88' lang='lat' dir='ltr'><strong>Vera</strong></span> <span class='ocrx_word' id='word_1_613' title='bbox 2670 3000 2872 3052; x_wconf 91' lang='lat' dir='ltr'><strong>autem</strong></span> <span class='ocrx_word' id='word_1_614' title='bbox 2899 2994 3117 3050; x_wconf 87' lang='lat' dir='ltr'><strong>dixisse</strong></span> <span class='ocrx_word' id='word_1_615' title='bbox 3148 3009 3311 3063; x_wconf 92' lang='lat' dir='ltr'><strong>eum,</strong></span> <span class='ocrx_word' id='word_1_616' title='bbox 3340 2995 3461 3048; x_wconf 92' lang='lat' dir='ltr'><strong>toto</strong></span> <span class='ocrx_word' id='word_1_617' title='bbox 3491 2990 3645 3047; x_wconf 88' lang='lat' dir='ltr'><strong>orbe</strong></span> <span class='ocrx_word' id='word_1_618' title='bbox 3675 2994 3837 3059; x_wconf 87' lang='lat' dir='ltr'><strong>teste,</strong></span> 
     </span>
    </p>
   </div>
   <div class='ocr_carea' id='block_1_92' title="bbox 2177 3085 2806 3159">
    <p class='ocr_par' dir='ltr' id='par_1_92' title="bbox 2177 3085 2806 3159">
     <span class='ocr_line' id='line_1_92' title="bbox 2177 3085 2806 3159; baseline -0.002 -17"><span class='ocrx_word' id='word_1_619' title='bbox 2177 3103 2271 3142; x_wconf 87' lang='lat' dir='ltr'><strong>res</strong></span> <span class='ocrx_word' id='word_1_620' title='bbox 2303 3086 2437 3159; x_wconf 91' lang='lat' dir='ltr'><strong>ipsa</strong></span> <span class='ocrx_word' id='word_1_621' title='bbox 2465 3085 2806 3142; x_wconf 88' lang='lat' dir='ltr'><strong>declaravit.</strong></span> 
     </span>
    </p>
   </div>
   <div class='ocr_carea' id='block_1_93' title="bbox 2255 3217 3838 3293">
    <p class='ocr_par' dir='ltr' id='par_1_93' title="bbox 2255 3217 3838 3293">
     <span class='ocr_line' id='line_1_93' title="bbox 2255 3217 3838 3293; baseline -0.003 -19"><span class='ocrx_word' id='word_1_622' title='bbox 2255 3220 2337 3277; x_wconf 90' lang='lat'><strong>10.</strong></span> <span class='ocrx_word' id='word_1_623' title='bbox 2384 3219 2722 3293; x_wconf 81' lang='lat' dir='ltr'><strong>Aliquando</strong></span> <span class='ocrx_word' id='word_1_624' title='bbox 2777 3219 3029 3274; x_wconf 90' lang='lat' dir='ltr'><strong>missam</strong></span> <span class='ocrx_word' id='word_1_625' title='bbox 3082 3218 3298 3274; x_wconf 89' lang='lat' dir='ltr'><strong>beatus</strong></span> <span class='ocrx_word' id='word_1_626' title='bbox 3354 3217 3446 3273; x_wconf 89' lang='lat' dir='ltr'><strong>vir</strong></span> <span class='ocrx_word' id='word_1_627' title='bbox 3500 3217 3838 3285; x_wconf 88' lang='lat' dir='ltr'><strong>celebrans,</strong></span> 
     </span>
    </p>
   </div>
   <div class='ocr_carea' id='block_1_94' title="bbox 2180 3305 3841 3382">
    <p class='ocr_par' dir='ltr' id='par_1_94' title="bbox 2180 3305 3841 3382">
     <span class='ocr_line' id='line_1_94' title="bbox 2180 3305 3841 3382; baseline -0.002 -18"><span class='ocrx_word' id='word_1_628' title='bbox 2180 3325 2318 3365; x_wconf 92' lang='lat' dir='ltr'><strong>cum</strong></span> <span class='ocrx_word' id='word_1_629' title='bbox 2367 3308 2690 3382; x_wconf 87' lang='lat' dir='ltr'><strong>Apostolus</strong></span> <span class='ocrx_word' id='word_1_630' title='bbox 2742 3308 3107 3374; x_wconf 87' lang='lat' dir='ltr'><strong>recitaretur,</strong></span> <span class='ocrx_word' id='word_1_631' title='bbox 3150 3307 3353 3363; x_wconf 88' lang='lat' dir='ltr'><strong>accitis</strong></span> <span class='ocrx_word' id='word_1_632' title='bbox 3392 3306 3472 3362; x_wconf 90' lang='lat' dir='ltr'><strong>ad</strong></span> <span class='ocrx_word' id='word_1_633' title='bbox 3525 3323 3595 3363; x_wconf 88' lang='lat' dir='ltr'><strong>se</strong></span> <span class='ocrx_word' id='word_1_634' title='bbox 3642 3305 3841 3362; x_wconf 84' lang='lat' dir='ltr'><strong>Eliolfo</strong></span> 
     </span>
    </p>
   </div>
   <div class='ocr_carea' id='block_1_95' title="bbox 2180 3395 3841 3471">
    <p class='ocr_par' dir='ltr' id='par_1_95' title="bbox 2180 3395 3841 3471">
     <span class='ocr_line' id='line_1_95' title="bbox 2180 3395 3841 3471; baseline -0.001 -18"><span class='ocrx_word' id='word_1_635' title='bbox 2180 3403 2238 3453; x_wconf 89' lang='lat' dir='ltr'><strong>et</strong></span> <span class='ocrx_word' id='word_1_636' title='bbox 2298 3398 2574 3467; x_wconf 83' lang='lat' dir='ltr'><strong>Rotguito</strong></span> <span class='ocrx_word' id='word_1_637' title='bbox 2640 3396 3022 3471; x_wconf 72' lang='lat' dir='ltr'><strong>praesbyteris</strong></span> <span class='ocrx_word' id='word_1_638' title='bbox 3088 3395 3347 3452; x_wconf 74' lang='lat' dir='ltr'><strong>ccrnobii</strong></span> <span class='ocrx_word' id='word_1_639' title='bbox 3414 3395 3841 3463; x_wconf 83' lang='lat' dir='ltr'><strong>Embricensis,</strong></span> 
     </span>
    </p>
   </div>
   <div class='ocr_carea' id='block_1_96' title="bbox 2179 3484 3842 3559">
    <p class='ocr_par' dir='ltr' id='par_1_96' title="bbox 2179 3484 3842 3559">
     <span class='ocr_line' id='line_1_96' title="bbox 2179 3484 3842 3559; baseline -0.002 -18"><span class='ocrx_word' id='word_1_640' title='bbox 2179 3486 2261 3542; x_wconf 88' lang='lat' dir='ltr'><strong>ita</strong></span> <span class='ocrx_word' id='word_1_641' title='bbox 2300 3487 2382 3543; x_wconf 90' lang='lat' dir='ltr'><strong>ait</strong></span> <span class='ocrx_word' id='word_1_642' title='bbox 2410 3504 2422 3541; x_wconf 94' lang='lat'><strong>:</strong></span> <span class='ocrx_word' id='word_1_643' title='bbox 2480 3486 2771 3559; x_wconf 91' lang='lat' dir='ltr'><strong>Equidem</strong></span> <span class='ocrx_word' id='word_1_644' title='bbox 2816 3501 2939 3541; x_wconf 93' lang='lat' dir='ltr'><strong>non</strong></span> <span class='ocrx_word' id='word_1_645' title='bbox 2970 3484 3074 3540; x_wconf 91' lang='lat' dir='ltr'><strong>diu</strong></span> <span class='ocrx_word' id='word_1_646' title='bbox 3103 3486 3355 3558; x_wconf 90' lang='lat' dir='ltr'><strong>posthac</strong></span> <span class='ocrx_word' id='word_1_647' title='bbox 3385 3484 3659 3540; x_wconf 79' lang='lat' dir='ltr'><strong>victurus</strong></span> <span class='ocrx_word' id='word_1_648' title='bbox 3690 3498 3842 3539; x_wconf 91' lang='lat' dir='ltr'><strong>sum.</strong></span> 
     </span>
    </p>
   </div>
   <div class='ocr_carea' id='block_1_97' title="bbox 2184 3572 3847 3646">
    <p class='ocr_par' dir='ltr' id='par_1_97' title="bbox 2184 3572 3847 3646">
     <span class='ocr_line' id='line_1_97' title="bbox 2184 3572 3847 3646; baseline -0.001 -16"><span class='ocrx_word' id='word_1_649' title='bbox 2184 3576 2499 3645; x_wconf 89' lang='lat' dir='ltr'><strong>Diligenter</strong></span> <span class='ocrx_word' id='word_1_650' title='bbox 2550 3591 2692 3646; x_wconf 90' lang='lat' dir='ltr'><strong>ergo</strong></span> <span class='ocrx_word' id='word_1_651' title='bbox 2748 3575 3040 3631; x_wconf 91' lang='lat' dir='ltr'><strong>honorem</strong></span> <span class='ocrx_word' id='word_1_652' title='bbox 3092 3574 3371 3630; x_wconf 89' lang='lat' dir='ltr'><strong>habetote</strong></span> <span class='ocrx_word' id='word_1_653' title='bbox 3435 3574 3581 3630; x_wconf 90' lang='lat' dir='ltr'><strong>huic</strong></span> <span class='ocrx_word' id='word_1_654' title='bbox 3640 3572 3847 3645; x_wconf 86' lang='lat' dir='ltr'><strong>juveni</strong></span> 
     </span>
    </p>
   </div>
   <div class='ocr_carea' id='block_1_98' title="bbox 2185 3664 3847 3738">
    <p class='ocr_par' dir='ltr' id='par_1_98' title="bbox 2185 3664 3847 3738">
     <span class='ocr_line' id='line_1_98' title="bbox 2185 3664 3847 3738; baseline -0.001 -18"><span class='ocrx_word' id='word_1_655' title='bbox 2185 3665 2471 3722; x_wconf 88' lang='lat' dir='ltr'><strong>Baldrico.</strong></span> <span class='ocrx_word' id='word_1_656' title='bbox 2508 3668 2629 3735; x_wconf 90' lang='lat' dir='ltr'><strong>Ego</strong></span> <span class='ocrx_word' id='word_1_657' title='bbox 2654 3664 2814 3720; x_wconf 91' lang='lat' dir='ltr'><strong>enim</strong></span> <span class='ocrx_word' id='word_1_658' title='bbox 2844 3668 2980 3738; x_wconf 88' lang='lat' dir='ltr'><strong>post</strong></span> <span class='ocrx_word' id='word_1_659' title='bbox 3007 3679 3201 3720; x_wconf 90' lang='lat' dir='ltr'><strong>annos</strong></span> <span class='ocrx_word' id='word_1_660' title='bbox 3232 3668 3350 3719; x_wconf 86' lang='lat' dir='ltr'><strong>tres</strong></span> <span class='ocrx_word' id='word_1_661' title='bbox 3383 3666 3438 3718; x_wconf 91' lang='lat' dir='ltr'><strong>et</strong></span> <span class='ocrx_word' id='word_1_662' title='bbox 3468 3679 3720 3719; x_wconf 89' lang='lat' dir='ltr'><strong>menses</strong></span> <span class='ocrx_word' id='word_1_663' title='bbox 3746 3678 3847 3719; x_wconf 78' lang='lat' dir='ltr'><strong>sex</strong></span> 
     </span>
    </p>
   </div>
   <div class='ocr_carea' id='block_1_99' title="bbox 2183 3751 3846 3825">
    <p class='ocr_par' dir='ltr' id='par_1_99' title="bbox 2183 3751 3846 3825">
     <span class='ocr_line' id='line_1_99' title="bbox 2183 3751 3846 3825; baseline -0.002 -14"><span class='ocrx_word' id='word_1_664' title='bbox 2183 3755 2279 3811; x_wconf 90' lang='lat' dir='ltr'><strong>hic</strong></span> <span class='ocrx_word' id='word_1_665' title='bbox 2310 3760 2366 3811; x_wconf 91' lang='lat' dir='ltr'><strong>et</strong></span> <span class='ocrx_word' id='word_1_666' title='bbox 2411 3755 2533 3811; x_wconf 89' lang='lat' dir='ltr'><strong>vita</strong></span> <span class='ocrx_word' id='word_1_667' title='bbox 2562 3753 2835 3810; x_wconf 85' lang='lat' dir='ltr'><strong>abiturus</strong></span> <span class='ocrx_word' id='word_1_668' title='bbox 2882 3770 3040 3825; x_wconf 90' lang='lat' dir='ltr'><strong>sum,</strong></span> <span class='ocrx_word' id='word_1_669' title='bbox 3073 3756 3130 3809; x_wconf 90' lang='lat' dir='ltr'><strong>et</strong></span> <span class='ocrx_word' id='word_1_670' title='bbox 3172 3752 3270 3807; x_wconf 90' lang='lat' dir='ltr'><strong>hic</strong></span> <span class='ocrx_word' id='word_1_671' title='bbox 3300 3752 3425 3807; x_wconf 90' lang='lat' dir='ltr'><strong>sine</strong></span> <span class='ocrx_word' id='word_1_672' title='bbox 3469 3751 3666 3808; x_wconf 89' lang='lat' dir='ltr'><strong>dubio</strong></span> <span class='ocrx_word' id='word_1_673' title='bbox 3696 3751 3846 3808; x_wconf 87' lang='lat' dir='ltr'><strong>obti-</strong></span> 
     </span>
    </p>
   </div>
   <div class='ocr_carea' id='block_1_100' title="bbox 2183 3840 3845 3905">
    <p class='ocr_par' dir='ltr' id='par_1_100' title="bbox 2183 3840 3845 3905">
     <span class='ocr_line' id='line_1_100' title="bbox 2183 3840 3845 3905; baseline -0.002 -5"><span class='ocrx_word' id='word_1_674' title='bbox 2183 3844 2347 3900; x_wconf 91' lang='lat' dir='ltr'><strong>nebit</strong></span> <span class='ocrx_word' id='word_1_675' title='bbox 2375 3844 2581 3900; x_wconf 90' lang='lat' dir='ltr'><strong>sedem</strong></span> <span class='ocrx_word' id='word_1_676' title='bbox 2620 3858 2840 3899; x_wconf 87' lang='lat' dir='ltr'><strong>meam.</strong></span> <span class='ocrx_word' id='word_1_677' title='bbox 2892 3842 2976 3898; x_wconf 89' lang='lat' dir='ltr'><strong>Illi</strong></span> <span class='ocrx_word' id='word_1_678' title='bbox 3021 3841 3114 3897; x_wconf 90' lang='lat' dir='ltr'><strong>his</strong></span> <span class='ocrx_word' id='word_1_679' title='bbox 3154 3840 3373 3898; x_wconf 88' lang='lat' dir='ltr'><strong>auditis</strong></span> <span class='ocrx_word' id='word_1_680' title='bbox 3406 3845 3570 3897; x_wconf 88' lang='lat' dir='ltr'><strong>stant</strong></span> <span class='ocrx_word' id='word_1_681' title='bbox 3595 3841 3845 3905; x_wconf 82' lang='lat' dir='ltr'><strong>attoniti,</strong></span> 
     </span>
    </p>
   </div>
   <div class='ocr_carea' id='block_1_101' title="bbox 2183 3927 3845 4001">
    <p class='ocr_par' dir='ltr' id='par_1_101' title="bbox 2183 3927 3845 4001">
     <span class='ocr_line' id='line_1_101' title="bbox 2183 3927 3845 4001; baseline -0.004 -12"><span class='ocrx_word' id='word_1_682' title='bbox 2183 3949 2306 3989; x_wconf 94' lang='lat' dir='ltr'><strong>non</strong></span> <span class='ocrx_word' id='word_1_683' title='bbox 2337 3932 2712 3989; x_wconf 88' lang='lat' dir='ltr'><strong>mediocriter</strong></span> <span class='ocrx_word' id='word_1_684' title='bbox 2740 3930 3117 3987; x_wconf 86' lang='lat' dir='ltr'><strong>admirantes</strong></span> <span class='ocrx_word' id='word_1_685' title='bbox 3136 3930 3265 4001; x_wconf 88' lang='lat' dir='ltr'><strong>ejus</strong></span> <span class='ocrx_word' id='word_1_686' title='bbox 3293 3927 3670 3985; x_wconf 90' lang='lat' dir='ltr'><strong>vaticinium.</strong></span> <span class='ocrx_word' id='word_1_687' title='bbox 3723 3932 3845 3985; x_wconf 92' lang='lat' dir='ltr'><strong>Non</strong></span> 
     </span>
    </p>
   </div>
   <div class='ocr_carea' id='block_1_102' title="bbox 2184 4018 3847 4095">
    <p class='ocr_par' dir='ltr' id='par_1_102' title="bbox 2184 4018 3847 4095">
     <span class='ocr_line' id='line_1_102' title="bbox 2184 4018 3847 4095; baseline -0.003 -17"><span class='ocrx_word' id='word_1_688' title='bbox 2184 4022 2289 4078; x_wconf 92' lang='lat' dir='ltr'><strong>diu</strong></span> <span class='ocrx_word' id='word_1_689' title='bbox 2335 4025 2475 4095; x_wconf 91' lang='lat' dir='ltr'><strong>post</strong></span> <span class='ocrx_word' id='word_1_690' title='bbox 2526 4020 2684 4077; x_wconf 92' lang='lat' dir='ltr'><strong>idem</strong></span> <span class='ocrx_word' id='word_1_691' title='bbox 2735 4018 2976 4091; x_wconf 92' lang='lat' dir='ltr'><strong>juvenis</strong></span> <span class='ocrx_word' id='word_1_692' title='bbox 3033 4033 3105 4075; x_wconf 91' lang='lat' dir='ltr'><strong>eo</strong></span> <span class='ocrx_word' id='word_1_693' title='bbox 3154 4024 3421 4092; x_wconf 89' lang='lat' dir='ltr'><strong>tempore</strong></span> <span class='ocrx_word' id='word_1_694' title='bbox 3480 4033 3609 4090; x_wconf 91' lang='lat' dir='ltr'><strong>quo</strong></span> <span class='ocrx_word' id='word_1_695' title='bbox 3661 4018 3847 4074; x_wconf 80' lang='lat' dir='ltr'><strong>solent</strong></span> 
     </span>
    </p>
   </div>
   <div class='ocr_carea' id='block_1_103' title="bbox 2186 4107 3842 4169">
    <p class='ocr_par' dir='ltr' id='par_1_103' title="bbox 2186 4107 3842 4169">
     <span class='ocr_line' id='line_1_103' title="bbox 2186 4107 3842 4169; baseline -0.003 -1"><span class='ocrx_word' id='word_1_696' title='bbox 2186 4112 2439 4168; x_wconf 83' lang='lat' dir='ltr'><strong>conferri</strong></span> <span class='ocrx_word' id='word_1_697' title='bbox 2470 4110 2621 4167; x_wconf 90' lang='lat' dir='ltr'><strong>sacri</strong></span> <span class='ocrx_word' id='word_1_698' title='bbox 2652 4110 2891 4167; x_wconf 90' lang='lat' dir='ltr'><strong>ordines</strong></span> <span class='ocrx_word' id='word_1_699' title='bbox 2935 4110 3090 4165; x_wconf 92' lang='lat' dir='ltr'><strong>duos</strong></span> <span class='ocrx_word' id='word_1_700' title='bbox 3139 4126 3261 4165; x_wconf 64' lang='lat' dir='ltr'><strong>suae</strong></span> <span class='ocrx_word' id='word_1_701' title='bbox 3300 4107 3546 4164; x_wconf 86' lang='lat' dir='ltr'><strong>ditionis</strong></span> <span class='ocrx_word' id='word_1_702' title='bbox 3579 4108 3842 4169; x_wconf 82' lang='lat' dir='ltr'><strong>clericos,</strong></span> 
     </span>
    </p>
   </div>
   <div class='ocr_carea' id='block_1_104' title="bbox 2188 4196 3847 4269">
    <p class='ocr_par' dir='ltr' id='par_1_104' title="bbox 2188 4196 3847 4269">
     <span class='ocr_line' id='line_1_104' title="bbox 2188 4196 3847 4269; baseline -0.002 -13"><span class='ocrx_word' id='word_1_703' title='bbox 2188 4204 2528 4257; x_wconf 90' lang='lat' dir='ltr'><strong>Bennonem</strong></span> <span class='ocrx_word' id='word_1_704' title='bbox 2588 4203 2644 4255; x_wconf 89' lang='lat' dir='ltr'><strong>et</strong></span> <span class='ocrx_word' id='word_1_705' title='bbox 2698 4201 3018 4269; x_wconf 87' lang='lat' dir='ltr'><strong>Saxonem,</strong></span> <span class='ocrx_word' id='word_1_706' title='bbox 3076 4198 3155 4255; x_wconf 85' lang='lat' dir='ltr'><strong>ad</strong></span> <span class='ocrx_word' id='word_1_707' title='bbox 3200 4196 3395 4253; x_wconf 89' lang='lat' dir='ltr'><strong>virum</strong></span> <span class='ocrx_word' id='word_1_708' title='bbox 3452 4198 3552 4253; x_wconf 90' lang='lat' dir='ltr'><strong>Dei</strong></span> <span class='ocrx_word' id='word_1_709' title='bbox 3579 4196 3847 4266; x_wconf 85' lang='lat' dir='ltr'><strong>adducit,</strong></span> 
     </span>
    </p>
   </div>
   <div class='ocr_carea' id='block_1_105' title="bbox 2186 4285 3846 4360">
    <p class='ocr_par' dir='ltr' id='par_1_105' title="bbox 2186 4285 3846 4360">
     <span class='ocr_line' id='line_1_105' title="bbox 2186 4285 3846 4360; baseline -0.002 -15"><span class='ocrx_word' id='word_1_710' title='bbox 2186 4306 2369 4345; x_wconf 84' lang='lat' dir='ltr'><strong>orans</strong></span> <span class='ocrx_word' id='word_1_711' title='bbox 2388 4294 2451 4345; x_wconf 90' lang='lat' dir='ltr'><strong>ut</strong></span> <span class='ocrx_word' id='word_1_712' title='bbox 2471 4305 2672 4344; x_wconf 89' lang='lat' dir='ltr'><strong>sacros</strong></span> <span class='ocrx_word' id='word_1_713' title='bbox 2696 4288 2938 4345; x_wconf 89' lang='lat' dir='ltr'><strong>ordines</strong></span> <span class='ocrx_word' id='word_1_714' title='bbox 2970 4286 3048 4344; x_wconf 88' lang='lat' dir='ltr'><strong>ab</strong></span> <span class='ocrx_word' id='word_1_715' title='bbox 3069 4287 3199 4358; x_wconf 89' lang='lat' dir='ltr'><strong>ejus</strong></span> <span class='ocrx_word' id='word_1_716' title='bbox 3219 4285 3503 4342; x_wconf 90' lang='lat' dir='ltr'><strong>manibus</strong></span> <span class='ocrx_word' id='word_1_717' title='bbox 3525 4287 3846 4360; x_wconf 85' lang='lat' dir='ltr'><strong>accipiant.</strong></span> 
     </span>
    </p>
   </div>
   <div class='ocr_carea' id='block_1_106' title="bbox 2186 4375 3848 4451">
    <p class='ocr_par' dir='ltr' id='par_1_106' title="bbox 2186 4375 3848 4451">
     <span class='ocr_line' id='line_1_106' title="bbox 2186 4375 3848 4451; baseline -0.002 -17"><span class='ocrx_word' id='word_1_718' title='bbox 2186 4379 2291 4434; x_wconf 92' lang='lat' dir='ltr'><strong>Cui</strong></span> <span class='ocrx_word' id='word_1_719' title='bbox 2319 4379 2409 4434; x_wconf 89' lang='lat' dir='ltr'><strong>vir</strong></span> <span class='ocrx_word' id='word_1_720' title='bbox 2438 4382 2699 4445; x_wconf 86' lang='lat' dir='ltr'><strong>sanctus,</strong></span> <span class='ocrx_word' id='word_1_721' title='bbox 2734 4383 2798 4433; x_wconf 92' lang='lat' dir='ltr'><strong>ut</strong></span> <span class='ocrx_word' id='word_1_722' title='bbox 2839 4393 3077 4451; x_wconf 89' lang='lat' dir='ltr'><strong>semper</strong></span> <span class='ocrx_word' id='word_1_723' title='bbox 3106 4380 3233 4433; x_wconf 89' lang='lat' dir='ltr'><strong>erat</strong></span> <span class='ocrx_word' id='word_1_724' title='bbox 3254 4375 3530 4447; x_wconf 91' lang='lat' dir='ltr'><strong>jucundo</strong></span> <span class='ocrx_word' id='word_1_725' title='bbox 3570 4393 3700 4446; x_wconf 86' lang='lat' dir='ltr'><strong>ore,</strong></span> <span class='ocrx_word' id='word_1_726' title='bbox 3750 4392 3848 4431; x_wconf 88' lang='lat' dir='ltr'><strong>su—</strong></span> 
     </span>
    </p>
   </div>
   <div class='ocr_carea' id='block_1_107' title="bbox 2184 4465 3851 4540">
    <p class='ocr_par' dir='ltr' id='par_1_107' title="bbox 2184 4465 3851 4540">
     <span class='ocr_line' id='line_1_107' title="bbox 2184 4465 3851 4540; baseline -0.002 -16"><span class='ocrx_word' id='word_1_727' title='bbox 2184 4468 2474 4524; x_wconf 90' lang='lat' dir='ltr'><strong>bridens:</strong></span> <span class='ocrx_word' id='word_1_728' title='bbox 2528 4467 2674 4534; x_wconf 90' lang='lat' dir='ltr'><strong>Noli,</strong></span> <span class='ocrx_word' id='word_1_729' title='bbox 2729 4466 2942 4540; x_wconf 89' lang='lat' dir='ltr'><strong>inquit,</strong></span> <span class='ocrx_word' id='word_1_730' title='bbox 2994 4466 3096 4534; x_wconf 87' lang='lat' dir='ltr'><strong>ﬁli,</strong></span> <span class='ocrx_word' id='word_1_731' title='bbox 3142 4465 3363 4521; x_wconf 87' lang='lat' dir='ltr'><strong>frustra</strong></span> <span class='ocrx_word' id='word_1_732' title='bbox 3411 4481 3509 4521; x_wconf 90' lang='lat' dir='ltr'><strong>me</strong></span> <span class='ocrx_word' id='word_1_733' title='bbox 3565 4465 3648 4521; x_wconf 89' lang='lat' dir='ltr'><strong>ad</strong></span> <span class='ocrx_word' id='word_1_734' title='bbox 3698 4467 3851 4522; x_wconf 88' lang='lat' dir='ltr'><strong>hanc</strong></span> 
     </span>
    </p>
   </div>
   <div class='ocr_carea' id='block_1_108' title="bbox 2186 4542 3850 4628">
    <p class='ocr_par' dir='ltr' id='par_1_108' title="bbox 2186 4542 3850 4628">
     <span class='ocr_line' id='line_1_108' title="bbox 2186 4542 3850 4628; baseline -0.002 -15"><span class='ocrx_word' id='word_1_735' title='bbox 2186 4574 2310 4613; x_wconf 89' lang='lat' dir='ltr'><strong>rem</strong></span> <span class='ocrx_word' id='word_1_736' title='bbox 2339 4556 2608 4613; x_wconf 86' lang='lat' dir='ltr'><strong>invitare.</strong></span> <span class='ocrx_word' id='word_1_737' title='bbox 2624 4559 2815 4611; x_wconf 90' lang='lat' dir='ltr'><strong>Tuum</strong></span> <span class='ocrx_word' id='word_1_738' title='bbox 2836 4560 2926 4611; x_wconf 90' lang='lat' dir='ltr'><strong>est</strong></span> <span class='ocrx_word' id='word_1_739' title='bbox 2945 4555 3006 4611; x_wconf 92' lang='lat' dir='ltr'><strong>id</strong></span> <span class='ocrx_word' id='word_1_740' title='bbox 3028 4554 3193 4628; x_wconf 91' lang='lat' dir='ltr'><strong>quod</strong></span> <span class='ocrx_word' id='word_1_741' title='bbox 3216 4570 3313 4610; x_wconf 91' lang='lat' dir='ltr'><strong>me</strong></span> <span class='ocrx_word' id='word_1_742' title='bbox 3338 4569 3518 4625; x_wconf 84' lang='lat' dir='ltr'><strong>rogas</strong></span> <span class='ocrx_word' id='word_1_743' title='bbox 3540 4542 3850 4628; x_wconf 65' lang='lat' dir='ltr'><strong>praestare,</strong></span> 
     </span>
    </p>
   </div>
   <div class='ocr_carea' id='block_1_109' title="bbox 2185 4643 3852 4714">
    <p class='ocr_par' dir='ltr' id='par_1_109' title="bbox 2185 4643 3852 4714">
     <span class='ocr_line' id='line_1_109' title="bbox 2185 4643 3852 4714; baseline -0.002 -12"><span class='ocrx_word' id='word_1_744' title='bbox 2185 4662 2307 4702; x_wconf 91' lang='lat' dir='ltr'><strong>non</strong></span> <span class='ocrx_word' id='word_1_745' title='bbox 2337 4646 2498 4702; x_wconf 91' lang='lat' dir='ltr'><strong>enim</strong></span> <span class='ocrx_word' id='word_1_746' title='bbox 2540 4645 2707 4714; x_wconf 88' lang='lat' dir='ltr'><strong>meis,</strong></span> <span class='ocrx_word' id='word_1_747' title='bbox 2742 4644 2846 4700; x_wconf 90' lang='lat' dir='ltr'><strong>sed</strong></span> <span class='ocrx_word' id='word_1_748' title='bbox 2896 4644 2977 4700; x_wconf 91' lang='lat' dir='ltr'><strong>tui</strong></span> <span class='ocrx_word' id='word_1_749' title='bbox 3024 4643 3306 4701; x_wconf 90' lang='lat' dir='ltr'><strong>manibus</strong></span> <span class='ocrx_word' id='word_1_750' title='bbox 3350 4643 3447 4699; x_wconf 87' lang='lat' dir='ltr'><strong>isti</strong></span> <span class='ocrx_word' id='word_1_751' title='bbox 3477 4643 3852 4700; x_wconf 83' lang='lat' dir='ltr'><strong>ordinabun-</strong></span> 
     </span>
    </p>
   </div>
   <div class='ocr_carea' id='block_1_110' title="bbox 2185 4733 3849 4809">
    <p class='ocr_par' dir='ltr' id='par_1_110' title="bbox 2185 4733 3849 4809">
     <span class='ocr_line' id='line_1_110' title="bbox 2185 4733 3849 4809; baseline -0.001 -18"><span class='ocrx_word' id='word_1_752' title='bbox 2185 4741 2298 4803; x_wconf 93' lang='lat' dir='ltr'><strong>tur,</strong></span> <span class='ocrx_word' id='word_1_753' title='bbox 2330 4735 2511 4809; x_wconf 90' lang='lat' dir='ltr'><strong>idque</strong></span> <span class='ocrx_word' id='word_1_754' title='bbox 2539 4738 2679 4808; x_wconf 86' lang='lat' dir='ltr'><strong>post</strong></span> <span class='ocrx_word' id='word_1_755' title='bbox 2703 4749 2897 4790; x_wconf 87' lang='lat' dir='ltr'><strong>annos</strong></span> <span class='ocrx_word' id='word_1_756' title='bbox 2924 4733 3078 4790; x_wconf 90' lang='lat' dir='ltr'><strong>duos</strong></span> <span class='ocrx_word' id='word_1_757' title='bbox 3106 4737 3162 4790; x_wconf 91' lang='lat' dir='ltr'><strong>et</strong></span> <span class='ocrx_word' id='word_1_758' title='bbox 3190 4749 3430 4789; x_wconf 90' lang='lat' dir='ltr'><strong>menses</strong></span> <span class='ocrx_word' id='word_1_759' title='bbox 3458 4749 3587 4788; x_wconf 84' lang='lat' dir='ltr'><strong>sex.</strong></span> <span class='ocrx_word' id='word_1_760' title='bbox 3621 4739 3703 4790; x_wconf 82' lang='lat' dir='ltr'><strong>At</strong></span> <span class='ocrx_word' id='word_1_761' title='bbox 3722 4733 3849 4789; x_wconf 80' lang='lat' dir='ltr'><strong>Bal-</strong></span> 
     </span>
    </p>
   </div>
   <div class='ocr_carea' id='block_1_111' title="bbox 2185 4822 3850 4896">
    <p class='ocr_par' dir='ltr' id='par_1_111' title="bbox 2185 4822 3850 4896">
     <span class='ocr_line' id='line_1_111' title="bbox 2185 4822 3850 4896; baseline -0.001 -16"><span class='ocrx_word' id='word_1_762' title='bbox 2185 4824 2385 4880; x_wconf 90' lang='lat' dir='ltr'><strong>dricus</strong></span> <span class='ocrx_word' id='word_1_763' title='bbox 2419 4824 2677 4896; x_wconf 88' lang='lat' dir='ltr'><strong>juvenis,</strong></span> <span class='ocrx_word' id='word_1_764' title='bbox 2710 4822 2913 4879; x_wconf 87' lang='lat' dir='ltr'><strong>animo</strong></span> <span class='ocrx_word' id='word_1_765' title='bbox 2943 4826 3383 4889; x_wconf 84' lang='lat' dir='ltr'><strong>consternatus,</strong></span> <span class='ocrx_word' id='word_1_766' title='bbox 3424 4822 3630 4879; x_wconf 85' lang='lat' dir='ltr'><strong>fundit</strong></span> <span class='ocrx_word' id='word_1_767' title='bbox 3658 4824 3850 4896; x_wconf 76' lang='lat' dir='ltr'><strong>lacry-</strong></span> 
     </span>
    </p>
   </div>
   <div class='ocr_carea' id='block_1_112' title="bbox 2186 4904 3851 4985">
    <p class='ocr_par' dir='ltr' id='par_1_112' title="bbox 2186 4904 3851 4985">
     <span class='ocr_line' id='line_1_112' title="bbox 2186 4904 3851 4985; baseline -0.001 -16"><span class='ocrx_word' id='word_1_768' title='bbox 2186 4931 2339 4982; x_wconf 89' lang='lat' dir='ltr'><strong>mas,</strong></span> <span class='ocrx_word' id='word_1_769' title='bbox 2361 4911 2566 4968; x_wconf 87' lang='lat' dir='ltr'><strong>omnia</strong></span> <span class='ocrx_word' id='word_1_770' title='bbox 2598 4911 2691 4967; x_wconf 91' lang='lat' dir='ltr'><strong>vel</strong></span> <span class='ocrx_word' id='word_1_771' title='bbox 2718 4915 2840 4967; x_wconf 90' lang='lat' dir='ltr'><strong>tuta</strong></span> <span class='ocrx_word' id='word_1_772' title='bbox 2865 4904 3225 4977; x_wconf 85' lang='lat' dir='ltr'><strong>timens,nec</strong></span> <span class='ocrx_word' id='word_1_773' title='bbox 3252 4908 3504 4966; x_wconf 90' lang='lat' dir='ltr'><strong>credens</strong></span> <span class='ocrx_word' id='word_1_774' title='bbox 3538 4910 3669 4967; x_wconf 89' lang='lat' dir='ltr'><strong>fore</strong></span> <span class='ocrx_word' id='word_1_775' title='bbox 3688 4910 3851 4985; x_wconf 88' lang='lat' dir='ltr'><strong>quod</strong></span> 
     </span>
    </p>
   </div>
   <div class='ocr_carea' id='block_1_113' title="bbox 2185 4999 3852 5074">
    <p class='ocr_par' dir='ltr' id='par_1_113' title="bbox 2185 4999 3852 5074">
     <span class='ocr_line' id='line_1_113' title="bbox 2185 4999 3852 5074; baseline 0 -18"><span class='ocrx_word' id='word_1_776' title='bbox 2185 5002 2276 5056; x_wconf 89' lang='lat' dir='ltr'><strong>vir</strong></span> <span class='ocrx_word' id='word_1_777' title='bbox 2306 5006 2547 5057; x_wconf 91' lang='lat' dir='ltr'><strong>sanctus</strong></span> <span class='ocrx_word' id='word_1_778' title='bbox 2587 5000 2803 5057; x_wconf 89' lang='lat' dir='ltr'><strong>aiebat.</strong></span> <span class='ocrx_word' id='word_1_779' title='bbox 2840 5003 3098 5057; x_wconf 88' lang='lat' dir='ltr'><strong>Cernens</strong></span> <span class='ocrx_word' id='word_1_780' title='bbox 3129 5004 3328 5056; x_wconf 85' lang='lat' dir='ltr'><strong>autem</strong></span> <span class='ocrx_word' id='word_1_781' title='bbox 3372 4999 3589 5055; x_wconf 90' lang='lat' dir='ltr'><strong>beatus</strong></span> <span class='ocrx_word' id='word_1_782' title='bbox 3621 5002 3852 5074; x_wconf 84' lang='lat' dir='ltr'><strong>episco-</strong></span> 
     </span>
    </p>
   </div>
   <div class='ocr_carea' id='block_1_114' title="bbox 2186 5088 3853 5163">
    <p class='ocr_par' dir='ltr' id='par_1_114' title="bbox 2186 5088 3853 5163">
     <span class='ocr_line' id='line_1_114' title="bbox 2186 5088 3853 5163; baseline -0.001 -17"><span class='ocrx_word' id='word_1_783' title='bbox 2186 5107 2299 5163; x_wconf 90' lang='lat' dir='ltr'><strong>pus</strong></span> <span class='ocrx_word' id='word_1_784' title='bbox 2330 5107 2450 5146; x_wconf 92' lang='lat' dir='ltr'><strong>uon</strong></span> <span class='ocrx_word' id='word_1_785' title='bbox 2481 5089 2858 5146; x_wconf 88' lang='lat' dir='ltr'><strong>mediocriter</strong></span> <span class='ocrx_word' id='word_1_786' title='bbox 2887 5105 3027 5145; x_wconf 91' lang='lat' dir='ltr'><strong>eum</strong></span> <span class='ocrx_word' id='word_1_787' title='bbox 3063 5088 3432 5160; x_wconf 87' lang='lat' dir='ltr'><strong>discruciari,</strong></span> <span class='ocrx_word' id='word_1_788' title='bbox 3455 5089 3691 5147; x_wconf 87' lang='lat' dir='ltr'><strong>blande</strong></span> <span class='ocrx_word' id='word_1_789' title='bbox 3720 5100 3853 5147; x_wconf 75' lang='lat' dir='ltr'><strong>con-</strong></span> 
     </span>
    </p>
   </div>
   <div class='ocr_carea' id='block_1_115' title="bbox 2188 5178 3852 5252">
    <p class='ocr_par' dir='ltr' id='par_1_115' title="bbox 2188 5178 3852 5252">
     <span class='ocr_line' id='line_1_115' title="bbox 2188 5178 3852 5252; baseline 0.001 -18"><span class='ocrx_word' id='word_1_790' title='bbox 2188 5180 2366 5237; x_wconf 84' lang='lat' dir='ltr'><strong>solari</strong></span> <span class='ocrx_word' id='word_1_791' title='bbox 2391 5196 2530 5236; x_wconf 90' lang='lat' dir='ltr'><strong>eum</strong></span> <span class='ocrx_word' id='word_1_792' title='bbox 2561 5180 2759 5252; x_wconf 74' lang='lat' dir='ltr'><strong>ccepit.</strong></span> <span class='ocrx_word' id='word_1_793' title='bbox 2800 5183 2879 5236; x_wconf 92' lang='lat' dir='ltr'><strong>Ne</strong></span> <span class='ocrx_word' id='word_1_794' title='bbox 2910 5180 3143 5247; x_wconf 88' lang='lat' dir='ltr'><strong>timeas,</strong></span> <span class='ocrx_word' id='word_1_795' title='bbox 3174 5178 3387 5251; x_wconf 91' lang='lat' dir='ltr'><strong>inquit,</strong></span> <span class='ocrx_word' id='word_1_796' title='bbox 3418 5179 3717 5249; x_wconf 87' lang='lat' dir='ltr'><strong>Baldrice,</strong></span> <span class='ocrx_word' id='word_1_797' title='bbox 3747 5197 3852 5236; x_wconf 89' lang='lat' dir='ltr'><strong>nec</strong></span> 
     </span>
    </p>
   </div>
   <div class='ocr_carea' id='block_1_116' title="bbox 2187 5267 3851 5339">
    <p class='ocr_par' dir='ltr' id='par_1_116' title="bbox 2187 5267 3851 5339">
     <span class='ocr_line' id='line_1_116' title="bbox 2187 5267 3851 5339; baseline -0.001 -13"><span class='ocrx_word' id='word_1_798' title='bbox 2187 5270 2426 5326; x_wconf 90' lang='lat' dir='ltr'><strong>animus</strong></span> <span class='ocrx_word' id='word_1_799' title='bbox 2471 5284 2797 5339; x_wconf 88' lang='lat' dir='ltr'><strong>generosus</strong></span> <span class='ocrx_word' id='word_1_800' title='bbox 2846 5267 3091 5338; x_wconf 89' lang='lat' dir='ltr'><strong>ignavia</strong></span> <span class='ocrx_word' id='word_1_801' title='bbox 3140 5267 3470 5339; x_wconf 89' lang='lat' dir='ltr'><strong>frangatur.</strong></span> <span class='ocrx_word' id='word_1_802' title='bbox 3524 5271 3641 5325; x_wconf 80' lang='lat' dir='ltr'><strong>Res</strong></span> <span class='ocrx_word' id='word_1_803' title='bbox 3673 5270 3851 5326; x_wconf 84' lang='lat' dir='ltr'><strong>eccle-</strong></span> 
     </span>
    </p>
   </div>
   <div class='ocr_carea' id='block_1_117' title="bbox 2189 5356 3854 5431">
    <p class='ocr_par' dir='ltr' id='par_1_117' title="bbox 2189 5356 3854 5431">
     <span class='ocr_line' id='line_1_117' title="bbox 2189 5356 3854 5431; baseline 0 -18"><span class='ocrx_word' id='word_1_804' title='bbox 2189 5358 2309 5424; x_wconf 70' lang='lat' dir='ltr'><strong>siae,</strong></span> <span class='ocrx_word' id='word_1_805' title='bbox 2324 5375 2460 5431; x_wconf 62' lang='lat' dir='ltr'><strong>quae</strong></span> <span class='ocrx_word' id='word_1_806' title='bbox 2476 5374 2638 5414; x_wconf 90' lang='lat' dir='ltr'><strong>nunc</strong></span> <span class='ocrx_word' id='word_1_807' title='bbox 2659 5371 2892 5431; x_wconf 90' lang='lat' dir='ltr'><strong>pauper</strong></span> <span class='ocrx_word' id='word_1_808' title='bbox 2911 5361 2968 5413; x_wconf 92' lang='lat' dir='ltr'><strong>et</strong></span> <span class='ocrx_word' id='word_1_809' title='bbox 2986 5357 3161 5430; x_wconf 90' lang='lat' dir='ltr'><strong>inops</strong></span> <span class='ocrx_word' id='word_1_810' title='bbox 3178 5356 3455 5421; x_wconf 88' lang='lat' dir='ltr'><strong>habetur,</strong></span> <span class='ocrx_word' id='word_1_811' title='bbox 3468 5373 3582 5430; x_wconf 88' lang='lat' dir='ltr'><strong>per</strong></span> <span class='ocrx_word' id='word_1_812' title='bbox 3600 5362 3659 5414; x_wconf 84' lang='lat' dir='ltr'><strong>te</strong></span> <span class='ocrx_word' id='word_1_813' title='bbox 3680 5358 3854 5415; x_wconf 87' lang='lat' dir='ltr'><strong>donis</strong></span> 
     </span>
    </p>
   </div>
   <div class='ocr_carea' id='block_1_118' title="bbox 2191 5446 3857 5521">
    <p class='ocr_par' dir='ltr' id='par_1_118' title="bbox 2191 5446 3857 5521">
     <span class='ocr_line' id='line_1_118' title="bbox 2191 5446 3857 5521; baseline 0.001 -18"><span class='ocrx_word' id='word_1_814' title='bbox 2191 5448 2289 5503; x_wconf 89' lang='lat' dir='ltr'><strong>Dei</strong></span> <span class='ocrx_word' id='word_1_815' title='bbox 2320 5448 2648 5504; x_wconf 89' lang='lat' dir='ltr'><strong>innumeris</strong></span> <span class='ocrx_word' id='word_1_816' title='bbox 2677 5446 3155 5521; x_wconf 88' lang='lat' dir='ltr'><strong>locupletabitur,</strong></span> <span class='ocrx_word' id='word_1_817' title='bbox 3188 5450 3245 5502; x_wconf 89' lang='lat' dir='ltr'><strong>et</strong></span> <span class='ocrx_word' id='word_1_818' title='bbox 3272 5461 3475 5502; x_wconf 89' lang='lat' dir='ltr'><strong>rerum</strong></span> <span class='ocrx_word' id='word_1_819' title='bbox 3532 5447 3719 5505; x_wconf 86' lang='lat' dir='ltr'><strong>facies</strong></span> <span class='ocrx_word' id='word_1_820' title='bbox 3772 5449 3857 5504; x_wconf 82' lang='lat' dir='ltr'><strong>in-</strong></span> 
     </span>
    </p>
   </div>
   <div class='ocr_carea' id='block_1_119' title="bbox 483 5550 3855 5636">
    <p class='ocr_par' dir='ltr' id='par_1_119' title="bbox 483 5550 3855 5636">
     <span class='ocr_line' id='line_1_119' title="bbox 483 5550 3855 5636; baseline 0.001 -27"><span class='ocrx_word' id='word_1_821' title='bbox 483 5554 635 5636; x_wconf 66' lang='grc' dir='ltr'>ς444)</span> <span class='ocrx_word' id='word_1_822' title='bbox 678 5550 950 5636; x_wconf 78' lang='lat' dir='ltr'><strong>Baldrici_</strong></span> <span class='ocrx_word' id='word_1_823' title='bbox 979 5567 1076 5608; x_wconf 91' lang='lat' dir='ltr'><strong>res</strong></span> <span class='ocrx_word' id='word_1_824' title='bbox 1108 5556 1307 5635; x_wconf 70' lang='lat' dir='ltr'><strong>gestas</strong></span> <span class='ocrx_word' id='word_1_825' title='bbox 1360 5552 1487 5636; x_wconf 85' lang='lat' dir='ltr'><strong>fuse</strong></span> <span class='ocrx_word' id='word_1_826' title='bbox 1519 5555 1783 5613; x_wconf 90' lang='lat' dir='ltr'><strong>referunt</strong></span> <span class='ocrx_word' id='word_1_827' title='bbox 1805 5557 1940 5628; x_wconf 85' lang='lat' dir='ltr'><strong>jam</strong></span> <span class='ocrx_word' id='word_1_828' title='bbox 1985 5569 2206 5629; x_wconf 67' lang='lat' dir='ltr'><strong>saepius</strong></span> <span class='ocrx_word' id='word_1_829' title='bbox 2258 5556 2463 5613; x_wconf 87' lang='lat' dir='ltr'><strong>audati</strong></span> <span class='ocrx_word' id='word_1_830' title='bbox 2493 5556 2652 5615; x_wconf 89' lang='lat' dir='ltr'><strong>Beka</strong></span> <span class='ocrx_word' id='word_1_831' title='bbox 2682 5559 2739 5613; x_wconf 87' lang='lat' dir='ltr'><strong>et</strong></span> <span class='ocrx_word' id='word_1_832' title='bbox 2766 5554 2970 5624; x_wconf 88' lang='lat' dir='ltr'><strong>Helda,</strong></span> <span class='ocrx_word' id='word_1_833' title='bbox 3005 5555 3179 5628; x_wconf 88' lang='lat' dir='ltr'><strong>eique</strong></span> <span class='ocrx_word' id='word_1_834' title='bbox 3207 5559 3441 5629; x_wconf 87' lang='lat' dir='ltr'><strong>patrem</strong></span> <span class='ocrx_word' id='word_1_835' title='bbox 3492 5556 3855 5623; x_wconf 80' lang='lat' dir='ltr'><strong>Bixfridum,</strong></span> 
     </span>
    </p>
   </div>
   <div class='ocr_carea' id='block_1_120' title="bbox 412 5622 1621 5697">
    <p class='ocr_par' dir='ltr' id='par_1_120' title="bbox 412 5622 1621 5697">
     <span class='ocr_line' id='line_1_120' title="bbox 412 5622 1621 5697; baseline -0.004 -12"><span class='ocrx_word' id='word_1_836' title='bbox 412 5622 747 5685; x_wconf 65' lang='lat' dir='ltr'><strong>ClivenSem</strong></span> <span class='ocrx_word' id='word_1_837' title='bbox 760 5683 764 5687; x_wconf 81' lang='grc'>,</span> <span class='ocrx_word' id='word_1_838' title='bbox 776 5623 1077 5696; x_wconf 82' lang='lat' dir='ltr'><strong>comitem,</strong></span> <span class='ocrx_word' id='word_1_839' title='bbox 1095 5622 1440 5697; x_wconf 79' lang='lat' dir='ltr'><strong>assignant.</strong></span> <span class='ocrx_word' id='word_1_840' title='bbox 1594 5637 1621 5673; x_wconf 63' lang='lat' dir='ltr'><strong>s</strong></span> 
     </span>
    </p>
   </div>
  </div>
