3980 6182
232 222 338 276 545

1857 202 2034 272 νΙτΑ.

3560 232 3662 286 546

231 342 482 417 opinato
507 339 855 397 mutabitur.
885 344 967 397 Tu
998 343 1156 398 aedes
1208 341 1472 416 episcopi
1515 341 1642 412 jam
1696 338 1898 395 multis
1928 341 1975 392 A
2005 340 2087 396 bo
2143 342 2249 398 tibi
2290 343 2602 401 imminere
2654 346 2920 416 periculi,
2980 327 3106 404 sed-
3140 353 3414 406 curatum
3464 355 3517 407 te
3567 353 3658 424 iri,

233 432 413 489 annis
446 430 692 501 Trajecti
723 433 1026 486 Danorum
1056 434 1382 488 vastatione
1422 446 1661 486 eversas
1706 427 1900 502 pristi-

232 537 329 578 nae
361 518 633 590 dignitati
654 519 942 575 restitues.
977 524 1108 577 Haec
1139 521 1374 593 aliaque
1404 521 1464 575 id
1504 535 1694 590 genus
1725 517 1900 590 plura

233 611 323 668 vir
350 615 594 666 sanctus
634 614 921 666 eventura
950 610 1224 683 praedixit
1253 627 1387 683 quae
1417 625 1539 664 non
1591 624 1763 663 secus
1811 611 1899 662 at-

230 716 354 774 que
383 699 462 755 ab
501 699 601 754 illo
631 698 787 754 dicta
835 705 990 766 sunt,
1051 703 1115 756 ut
1149 701 1275 770 jam
1309 699 1385 754 ab
1425 698 1707 753 omnibus
1740 697 1899 753 cerni

228 790 390 856 licet,
423 793 632 860 postea
664 787 961 860 completa
1015 794 1169 854 sunt,
1213 789 1293 843 ita
1341 793 1402 842 ut
1450 787 1644 842 verbis
1683 786 1899 840 frustra

231 879 424 935 ﬁdem
454 879 524 932 iis
557 877 748 933 facere
781 877 1091 934 videamur
1115 894 1251 950 quae
1275 894 1396 932 suis
1426 876 1680 949 quisque
1709 874 1897 929 oculis

233 985 380 1024 vera
412 966 668 1040 probare
695 971 909 1038 potest.

313 1061 398 1114 ll.
429 1060 759 1128 Episcopus
789 1073 826 1113 a
856 1059 1246 1114 saecularibus
1275 1057 1488 1126 ofﬁciis
1519 1057 1751 1111 alienus
1778 1069 1898 1110 esse

232 1149 426 1206 debet.
460 1180 526 1187 —
559 1149 826 1218 Cumque
848 1164 884 1203 a
913 1163 1050 1217 rege
1089 1147 1437 1202 invitaretur
1487 1148 1548 1198 ut
1595 1143 1818 1215 aliquid
1846 1142 1898 1197 ei

231 1241 548 1312 praestaret
577 1235 775 1303 ofﬁcii,
810 1235 1056 1292 comiter
1083 1235 1446 1308 respondere
1498 1233 1726 1290 solebat
1759 1249 1770 1286 :
1799 1235 1898 1287 Ju-

234 1334 398 1384 stum
428 1331 514 1382 est
539 1325 989 1381 sublimioribus
1037 1324 1278 1380 obedire
1326 1322 1742 1396 potestatibus,
1794 1321 1896 1376 sed

232 1417 661 1489 episcoporum
688 1429 811 1470 non
850 1429 981 1469 esse
1032 1413 1418 1469 saecularibus
1459 1411 1753 1484 implicari
1795 1426 1898 1465 ne-

232 1506 432 1576 gotiis,
465 1505 525 1560 in
555 1520 817 1576 quorum
847 1503 1052 1559 castris
1103 1503 1317 1558 milites
1366 1500 1576 1556 Christi
1624 1500 1898 1564 militant,

226 1594 514 1666 quisnam
562 1591 858 1661 ambigit?
911 1591 1136 1647 Debent
1189 1590 1269 1645 illi
1322 1589 1659 1662 spiritaliter
1707 1588 1896 1642 induti

228 1682 420 1737 armis
449 1680 857 1736 ecclesiasticis
888 1696 996 1753 pro
1022 1679 1177 1750 regis
1207 1684 1263 1734 et
1291 1677 1499 1751 populi
1522 1677 1730 1745 salute,
1749 1692 1897 1749 pace
1930 1699 1968 1743 1;

229 1776 293 1826 et
323 1771 638 1828 stabilitate
667 1787 810 1838 cum
840 1770 961 1825 suis
990 1769 1308 1824 Dominum
1341 1766 1670 1840 deprecari,
1717 1765 1899 1821 conti-

237 1864 377 1919 nuis
416 1863 696 1936 precibus
728 1863 1069 1918 animarum
1113 1862 1281 1917 lucra
1327 1876 1612 1932 quaerere,
1659 1875 1781 1915 non
1813 1874 1899 1913 se-

233 1953 384 2008 ctari
415 1958 666 2008 terrena.
698 1951 898 2008 Milites
928 1951 1152 2006 militiae
1182 1950 1356 2019 regite
1389 1948 1628 2018 cingulo
1652 1948 1898 2021 praecin-

231 2047 364 2098 ctos
394 2041 816 2114 beneﬁciisque
843 2041 1179 2096 cumulatos
1206 2039 1264 2095 id
1303 2043 1587 2112 praestare
1630 2053 1741 2110 par
1787 2042 1892 2092 est.

231 2132 427 2202 Atque
481 2131 563 2186 ita
617 2131 889 2202 inspecta
934 2129 1064 2200 lege
1124 2128 1393 2201 perfectae
1441 2126 1745 2192 libertatis,
1786 2141 1896 2181 nec

228 2219 536 2275 blanditiis
567 2219 860 2275 dimoveri
900 2219 1093 2290 potuit
1123 2234 1160 2274 a
1192 2217 1503 2283 sententia,
1551 2232 1660 2271 nec
1718 2215 1897 2271 minis

230 2307 368 2364 ullis
398 2309 446 2364 si
475 2325 611 2381 qua:
637 2312 836 2364 essent
863 2306 1186 2374 intentatte,
1221 2305 1330 2361 soli
1363 2308 1480 2360 Deo
1508 2304 1741 2376 placere
1772 2320 1896 2359 ma-

226 2396 360 2453 lens
387 2414 575 2470 quam
599 2395 967 2454 hominibus.

309 2485 393 2540 12.
436 2487 535 2540 Ad
589 2490 837 2540 mortem
894 2499 954 2539 se
1002 2488 1336 2552 praeparat.
1383 2485 1533 2538 Cum
1577 2481 1659 2536 sic
1697 2485 1896 2537 autem

227 2573 414 2643 longe
472 2576 607 2628 ante
651 2571 954 2645 praesciret
1007 2571 1239 2627 obitum
1316 2586 1494 2625 suum
1527 2612 1540 2637 ,
1623 2569 1900 2625 dubitare

229 2677 415 2718 nemo
471 2665 667 2733 potest
705 2661 852 2733 quin
909 2659 1141 2717 ardenti
1184 2660 1428 2715 lucerna
1476 2658 1901 2731 praeparaverit

231 2767 295 2808 se
355 2749 609 2807 Domino
673 2765 708 2805 a
759 2749 982 2822 nuptiis
1035 2748 1326 2805 redeunti.
1385 2747 1654 2818 Vigilavit
1723 2746 1900 2819 plane

233 2845 302 2897 ut
356 2839 668 2896 confestim
715 2838 971 2912 aperiret
1016 2837 1319 2911 pulsanti,
1389 2837 1682 2909 triticique
1738 2852 1902 2892 men-

235 2946 446 2986 suram
513 2927 749 2985 Domini
825 2928 912 2983 sui
995 2927 1234 2984 familiae
1314 2930 1476 2983 tanto
1561 2925 1901 2995 diligentius

2007 447 2116 487 nec
2143 436 2340 488 tamen
2373 434 2477 489 diu
2515 439 2728 507 postea
2757 435 2816 491 in
2849 453 3025 494 carne
3059 438 3388 495 victurum:
3419 456 3662 497 securus

2008 526 2132 576 esto
2158 523 2276 578 tui:
2315 524 2558 592 vigilare
2608 529 2664 580 et
2707 527 2943 597 operari
2973 543 3048 582 ne
3100 544 3312 596 cesses,
3348 530 3452 586 sed
3481 546 3662 603 perge

2008 614 2072 665 ut
2102 611 2348 684 ccepisti.
2387 614 2508 669 Sub
2534 613 2625 667 his
2655 613 2852 669 verbis
2885 621 3126 687 repente
3153 617 3435 688 splendor
3463 618 3556 674 ille
3577 619 3662 674 di-

2009 699 2256 770 sparuit,
2286 701 2389 756 sed
2417 702 2745 773 permansit
2775 702 2879 757 diu
2903 703 3055 758 odor
3081 705 3474 774 gratissimus,
3508 723 3664 763 mor—

2007 786 2122 841 bus
2153 788 2317 843 omni
2364 789 2542 862 plane
2585 788 2820 845 ablatus
2859 796 2962 846 est.
3007 791 3136 846 Haec
3187 809 3324 848 cum
3376 794 3470 850 ille
3508 794 3665 851 clam

2005 876 2374 948 quibusdam
2403 895 2434 933 e
2465 878 2588 933 suis
2616 880 3005 951 exposuisset,
3056 882 3271 953 (neque
3300 882 3460 939 enim
3492 901 3558 940 se
3586 884 3666 940 vi-

2005 970 2179 1019 vente
2209 966 2391 1022 voluit
2416 966 2699 1038 cuiquam
2739 983 2811 1024 ea
2849 968 3236 1040 innotescere)
3273 971 3452 1026 simul
3484 972 3664 1028 etiam

2007 1053 2284 1122 formam,
2334 1056 2628 1124 habitum,
2682 1062 2961 1113 ornatum
3013 1059 3404 1115 sanctissimae
3458 1061 3665 1116 matris

2010 1145 2108 1199 Dei
2155 1144 2268 1200 illis
2313 1146 2652 1218 explicavit,
2694 1147 2925 1203 addens
2984 1149 3487 1220 pulchritudinem
3532 1151 3664 1221 ejus

2006 1233 2308 1290 neminem
2359 1235 2503 1290 satis
2556 1251 2735 1307 posse
2795 1236 3119 1305 admirari;
3176 1244 3412 1294 sanctas
3463 1243 3665 1295 autem

2005 1321 2264 1392 virgines
2295 1323 2529 1379 'l‘eclam
2556 1330 2611 1380 et
2644 1329 2873 1394 Agnem
2903 1331 3024 1382 tam
3055 1343 3126 1382 ex
3158 1327 3324 1383 vultu
3350 1344 3538 1400 quam
3569 1344 3666 1384 ve-

2009 1412 2146 1467 stitu
2181 1413 2448 1484 potuisse
2479 1414 2774 1484 dignosci.

2085 1505 2166 1556 14.
2208 1503 2395 1557 Febre
2443 1510 2773 1573 correptus,
2815 1507 3080 1561 orationi
3125 1507 3527 1564 indesinenter
3573 1510 3665 1564 in-

2007 1591 2249 1646 cumbit.
2283 1592 2545 1646 Moritur
2588 1599 2642 1648 et
2673 1595 3016 1649 Daventriaa
3055 1596 3361 1663 sepelitur.
3390 1629 3458 1636 --
3486 1601 3666 1652 Porro

2007 1680 2230 1735 exactis
2264 1680 2496 1735 triennii
2521 1686 2578 1736 et
2618 1696 2721 1736 sex
2752 1682 3051 1737 mensium
3084 1684 3312 1754 spatiis,
3342 1684 3415 1738 de
3446 1685 3667 1756 quibus

2007 1785 2194 1840 supra
2238 1768 2464 1825 dictum
2495 1775 2601 1839 est,
2634 1770 2694 1825 in
2733 1786 2892 1842 pago
2924 1771 3137 1827 Trente
3168 1774 3316 1842 (445)
3345 1773 3507 1829 febre
3535 1789 3666 1829 cor-

2005 1864 2228 1930 reptus,
2258 1858 2424 1914 ocius
2453 1859 2627 1930 jubet
2658 1876 2796 1915 suos
2828 1860 2966 1916 inde
3013 1869 3226 1917 secum
3243 1861 3558 1934 proﬁscici,
3591 1879 3666 1918 ne

2005 1946 2167 2002 febre
2197 1946 2596 2003 invalescente
2645 1964 2889 2004 manere
2936 1948 3052 2004 illic
3091 1954 3419 2019 cogeretur.
3469 1950 3666 2006 Hieme

2004 2034 2164 2090 enim
2194 2051 2316 2091 non
2347 2034 2516 2091 facile
2548 2028 2621 2091 ex
2652 2052 2722 2092 eo
2753 2051 2912 2108 pago
2933 2041 3128 2108 potest
3150 2037 3452 2109 quispiam
3483 2037 3663 2093 exire.

2005 2128 2133 2195 Ipse
2163 2141 2301 2180 vero
2334 2125 2560 2180 sciebat
2607 2125 2819 2181 adesse
2864 2126 2993 2196 jam
3024 2131 3262 2197 tempus
3294 2127 3666 2197 migrationis

2007 2230 2152 2268 suae.
2187 2213 2306 2269 Etsi
2337 2219 2539 2269 autem
2574 2215 2789 2270 morbo
2832 2215 2960 2285 ejus
2999 2231 3210 2270 omnes
3241 2215 3664 2285 afﬂigerentur,

2005 2307 2208 2358 tamen
2262 2319 2494 2358 morem
2532 2302 2611 2358 illi
2659 2307 2928 2372 gerentes
2971 2309 3280 2376 coeperunt
3307 2304 3414 2360 iter
3443 2305 3667 2361 habere

2006 2392 2085 2447 ad
2114 2393 2519 2447 (Etamarsem
2550 2395 2720 2462 (446),
2751 2392 2854 2448 ubi
2902 2393 2948 2447 si
2991 2393 3081 2447 sui
3124 2393 3550 2466 permitterent,
3583 2411 3669 2450 se-

2003 2481 2254 2553 pulturas
2278 2483 2481 2536 locum
2507 2481 2619 2536 sibi
2651 2481 2746 2536 ille
2779 2481 3099 2550 delegerat.
3135 2484 3390 2538 Parvum
3421 2487 3560 2539 tunc
3595 2483 3665 2539 il-

2005 2570 2078 2626 lic
2105 2571 2432 2626 oratorium
2463 2575 2610 2640 erat,
2640 2570 2742 2626 ubi
2773 2586 2933 2643 saepe
2981 2571 3076 2627 ille
3120 2587 3365 2628 manere
3413 2573 3665 2642 solebat,

2004 2659 2171 2733 quod
2200 2675 2443 2715 ammno
2472 2659 2604 2716 loco
2645 2659 2823 2715 situm
2862 2664 3033 2716 esset.
3071 2659 3166 2716 Ille
3193 2677 3334 2731 ergo
3366 2678 3476 2734 pro
3527 2667 3668 2719 voto

2005 2749 2186 2804 rebus
2221 2748 2342 2804 suis
2369 2748 2724 2818 constitutis,
2758 2765 2881 2806 non
2913 2750 3013 2805 Dei
3037 2749 3326 2806 famulatu
3370 2752 3663 2817 defessus,

2006 2854 2128 2894 non
2179 2838 2374 2894 morbi
2422 2838 2476 2892 vi
2522 2838 2763 2908 fractus,
2797 2838 2902 2894 sed
2929 2839 3099 2894 vultu
3141 2839 3366 2909 hilaris,
3410 2846 3668 2898 mortem

2007 2925 2153 2980 nihil
2182 2930 2480 2992 metuens,
2507 2925 2733 2998 quippe
2765 2926 2840 2981 ad
2889 2927 3102 2983 Christi
3139 2927 3486 2984 convivium
3515 2929 3668 2984 invi-

231 3019 504 3090 erogavit
557 3021 784 3090 quanto
837 3016 1052 3072 certius
1138 3019 1388 3072 noverat
1449 3032 1510 3070 se
1586 3013 1754 3070 brevi
1809 3029 1901 3069 ra-
1931 3052 1971 3107 Ο
2009 3017 2188 3082 tatus,
2220 3029 2469 3086 corpore
2509 3014 2637 3083 jam
2686 3019 3071 3086 praemortuo,
3101 3015 3312 3087 spiritu
3356 3017 3670 3090 magisque

232 3108 458 3165 tionem
509 3107 592 3163 illi
615 3105 1009 3162 redditurum.
1059 3109 1172 3162 Nec
1221 3103 1586 3160 formidabat
1621 3106 1899 3169 mortem,

232 3199 332 3255 cui
384 3197 538 3254 mori
590 3197 826 3253 lucrum
874 3200 929 3252 et
997 3195 1194 3251 vivere
1271 3193 1532 3250 Christus
1607 3197 1751 3248 erat.
1811 3191 1902 3258 Ad

233 3289 426 3362 pacis,
483 3287 819 3344 concordiae
872 3285 1295 3358 charitatisque
1352 3283 1617 3339 studium
1645 3327 1659 3352 ,
1701 3282 1782 3338 ita
1839 3286 1905 3336 ut

234 3378 446 3435 solitus
477 3383 622 3447 erat,
653 3376 1008 3433 hortabatur
1055 3392 1217 3442 suos,
1254 3390 1314 3429 se
1343 3375 1544 3445 ipsum
1574 3389 1716 3428 vero
1757 3388 1903 3444 pau-

235 3483 442 3540 peram
475 3465 704 3538 spiritu,
736 3465 959 3521 meritis
981 3464 1248 3534 divitem,
1280 3479 1316 3518 a
1342 3461 1590 3518 terrenis
1616 3460 1900 3526 alienum,

233 3555 579 3612 ccelestibus
637 3554 1014 3620 familiarem,
1075 3556 1372 3625 quantum
1446 3551 1714 3605 humana
1768 3549 1906 3604 sinit

233 3645 629 3710 imbecillitas,
682 3643 913 3700 efﬁcere
941 3642 1376 3698 connitebatur.
1424 3639 1687 3709 Jejuniis,
1743 3637 1902 3710 psal-

231 3751 476 3791 morum
532 3733 774 3800 deliciis,
825 3732 1058 3802 vigiliis,
1084 3729 1498 3801 eleemosynis,
1534 3743 1757 3798 magna
1783 3727 1906 3782 ani-

231 3825 321 3880 mi
349 3823 728 3880 contentione
757 3827 1010 3878 mortem
1040 3837 1212 3876 suam
1244 3817 1616 3874 communire
1655 3815 1901 3871 curavit.

317 3917 399 3969 l3.
433 3915 635 3968 Beata:
677 3912 938 3982 Virginis
969 3926 1040 3966 ac
1070 3910 1366 3965 sociarum
1415 3908 1633 3962 visione
1673 3921 1905 3962 recrea-

234 4011 360 4061 tur.
396 4036 463 4043 —
492 4007 617 4058 Non
644 4005 735 4058 est
761 4001 857 4057 hic
890 3998 1308 4073 praetereunda
1338 3996 1612 4052 sublimis
1628 3995 1728 4052 illa
1759 3995 1904 4051 visio

231 4110 430 4167 quam
456 4093 583 4165 ipse
617 4091 729 4147 sibi
761 4090 1044 4159 obtigisse
1071 4087 1438 4161 quibusdam
1469 4104 1499 4142 e
1533 4085 1654 4141 suis
1682 4085 1906 4141 indica-

231 4183 340 4239 vit.
371 4184 520 4238 Cum
548 4180 873 4254 aliquando
899 4178 1156 4249 graviter
1184 4176 1571 4233 decumberet
1600 4175 1679 4232 ita
1719 4179 1783 4230 ut
1829 4174 1908 4228 vi-

234 4271 418 4327 vendi
449 4287 618 4344 spem
646 4285 889 4326 omnem
922 4268 1225 4339 abjiceret,
1276 4264 1624 4322 beatissima
1669 4264 1766 4320 Dei
1808 4279 1904 4334 ge-

233 4361 415 4417 nitrix
449 4377 804 4433 semperque
833 4359 1002 4429 virgo
1034 4357 1230 4424 Maria,
1266 4354 1776 4428 subsequentibus
1821 4353 1907 4426 ip-
1941 4408 1983 4461 Β

237 4469 375 4508 sam
402 4450 621 4507 sanctis
653 4449 982 4521 virginibus
1007 4447 1178 4504 Tecla
1208 4451 1264 4502 et
1290 4449 1476 4517 Agne,
1528 4461 1667 4500 cum
1718 4442 1908 4499 multa

235 4542 374 4597 luce
431 4541 485 4596 ei
542 4539 822 4613 apparuit
862 4543 1054 4594 totum
1115 4534 1526 4592 habitaculum
1588 4533 1908 4606 splendore

234 4629 631 4704 perfundens.
662 4634 732 4684 At
762 4627 855 4684 ille
884 4631 1045 4683 tanta
1073 4625 1300 4681 visione
1340 4623 1515 4680 valde
1567 4621 1906 4695 perterritus

233 4719 411 4792 loqui
463 4735 584 4790 prae
636 4718 847 4774 timore
912 4716 1059 4772 nihil
1109 4714 1319 4788 potuit,
1367 4718 1423 4769 et
1465 4711 1909 4785 propemodum

238 4807 624 4863 exanimatus
649 4811 754 4862 est.
789 4809 936 4862 Tum
987 4821 1128 4860 vero
1175 4807 1347 4859 Porta
1397 4802 1623 4867 salutis,
1661 4799 1913 4855 Domina

238 4896 482 4965 mundi,
558 4895 979 4952 consolationis
1045 4892 1406 4948 medicinam
1477 4891 1526 4946 ei
1595 4889 1909 4956 adhibens,

238 5002 613 5059 omnemque
638 5002 760 5042 non
785 4984 969 5040 modo
1000 4984 1294 5047 timorem,
1320 4981 1426 5037 sed
1455 4979 1634 5036 etiam
1664 4979 1911 5050 languo-

240 5093 375 5133 rem
401 5076 706 5149 depellens
741 5097 752 5130 :
789 5078 866 5130 Ne
902 5073 1130 5141 timeas,
1159 5070 1371 5143 inquit,
1399 5067 1912 5140 Radbode,eertus

241 5182 383 5222 eam
417 5171 470 5220 te
498 5163 732 5231 intueri,
765 5162 862 5219 cui
891 5161 1070 5218 erebo
1120 5158 1418 5232 supplices
1462 5156 1639 5213 offers
1683 5172 1909 5229 preces.

243 5259 372 5310 Non
405 5269 548 5324 ergo
581 5259 633 5310 te
663 5269 800 5309 mea
829 5250 1123 5320 dedignor
1144 5246 1439 5304 consolari
1461 5244 1778 5320 praesentia
1807 5243 1913 5317 qui

241 5345 306 5400 in
367 5345 479 5399 tuis
536 5343 613 5399 ad
664 5345 850 5398 Deum
896 5339 1174 5413 precibus
1228 5337 1344 5392 mei
1401 5351 1639 5406 semper
1687 5349 1914 5388 memo-

243 5435 402 5488 riam
452 5447 727 5503 usurpas.
791 5429 1030 5485 Noveris
1081 5432 1282 5484 autem
1327 5424 1474 5480 nihil
1504 5440 1578 5478 ex
1608 5424 1720 5477 hoc
1753 5437 1914 5478 mor-

320 5561 468 5629 (445)
514 5556 872 5629 Drentensis,
905 5571 1009 5610 seu
1031 5556 1268 5629 Irenta,
1312 5565 1506 5624 pagus
1549 5547 1915 5629 Groningam

243 5626 402 5686 inter
431 5626 488 5684 et
515 5627 886 5686 Coevordam
913 5626 1166 5681 medius.
1802 5627 1807 5632 '

321 5702 471 5783 (446)
512 5705 680 5759 Nunc
733 5701 1099 5765 Otmarsum,
1152 5694 1516 5763 Oectmarth,
1562 5690 1776 5747 dicitur
1816 5689 1912 5745 hic

2010 3100 2442 3156 viviticabatur.
2488 3104 2601 3157 Nec
2653 3101 3047 3174 quiescebant
3093 3102 3256 3159 labia
3294 3120 3434 3160 cum
3484 3109 3670 3161 extre-

2009 3207 2142 3246 mas
2205 3190 2448 3246 duceret
2514 3191 2715 3260 horas,
2772 3191 3114 3264 mirumque
3173 3192 3234 3248 in
3287 3194 3538 3250 modum
3589 3194 3674 3252 ita

2009 3278 2278 3350 psalmos
2322 3278 2718 3350 depromebat
2771 3283 2836 3334 ut
2891 3279 2960 3334 iis
3025 3281 3130 3352 qui
3184 3281 3434 3339 aderant
3484 3282 3676 3354 lacry-

2009 3383 2251 3423 marum
2309 3367 2530 3422 imbres
2601 3366 2978 3439 exprimeret.
3037 3368 3334 3443 Planeque
3389 3371 3673 3442 gaudenti

2010 3455 2238 3522 similis,
2266 3456 2432 3528 quod
2471 3455 2678 3524 lingua
2731 3457 2958 3511 moveri
2990 3461 3180 3528 potuit
3213 3464 3269 3513 et
3295 3458 3517 3514 halitus
3546 3460 3674 3514 reli-

2010 3551 2137 3601 ctus
2169 3550 2312 3613 erat,
2345 3545 2496 3598 inter
2534 3543 2801 3615 psalmos
2831 3544 3158 3600 identidem
3189 3547 3500 3617 repetebat
3525 3548 3674 3604 anti-

2011 3634 2282 3706 phonam
2330 3631 2514 3700 illam,
2542 3633 2696 3686 Ecce
2733 3632 2872 3696 tacti,
2905 3637 3039 3698 etc.,
3073 3649 3207 3704 quae
3255 3639 3343 3688 est
3392 3635 3588 3706 prima
3614 3635 3675 3689 in

2011 3720 2171 3775 beati
2200 3719 2426 3775 Martini
2457 3719 2868 3773 confessorum
2917 3718 3205 3790 principis
3240 3720 3318 3775 ab
3347 3723 3480 3792 ipso
3511 3738 3675 3777 com—

2012 3808 2223 3881 positis
2253 3807 2667 3880 responsoriis.
2705 3810 2817 3862 Nec
2845 3806 3100 3862 dubium
3129 3812 3256 3863 erat
3283 3809 3520 3865 interim
3548 3811 3674 3867 val-

2011 3897 2201 3954 latum
2240 3895 2599 3952 beatissimis
2640 3894 2924 3964 angelicis
2975 3895 3278 3969 spiritibus
3328 3898 3475 3954 nihil
3511 3903 3674 3955 tene-

2014 3987 2262 4043 brarum
2291 3985 2673 4059 pertimuisse
2698 3991 2993 4042 monstra.
3017 3986 3128 4042 Sed
3156 4002 3352 4059 neque
3379 3989 3678 4045 credimus

2011 4078 2190 4147 longe
2220 4076 2483 4132 abfuisse
2511 4077 2845 4143 Martinum,
2867 4075 3155 4131 eximium
3176 4076 3519 4149 praesulem,
3540 4096 3674 4152 spe-

2011 4167 2223 4224 cialem
2252 4171 2577 4238 patronum
2608 4165 2657 4236 ej
2669 4181 2736 4220 us
2758 4181 2941 4238 quem
2973 4166 3140 4222 toties
3173 4182 3398 4224 canora
3413 4184 3561 4225 voce
3579 4187 3675 4225 sa-

2010 4257 2200 4313 lutare
2248 4255 2580 4311 videbatur.
2631 4253 2925 4324 Tandem,
2967 4272 3173 4312 mense
3226 4259 3542 4314 Novembri
3598 4259 3678 4315 ad

2014 4350 2282 4403 extrema
2311 4345 2610 4415 tendente,
2637 4344 2764 4418 ipse
2791 4361 3035 4417 quoque
3059 4346 3220 4402 diem
3251 4347 3463 4404 clausit
3491 4352 3677 4404 extre-

2013 4452 2204 4503 mum,
2237 4434 2571 4490 felicissime
2603 4435 2872 4505 migrans
2901 4433 2980 4489 ad
3009 4435 3352 4490 Dominum.
3390 4438 3677 4492 Sanctum

2014 4529 2215 4581 autem
2269 4539 2490 4596 corpus
2536 4539 2679 4579 mox
2730 4523 2943 4578 feretro
2984 4522 3334 4594 impositum
3382 4523 3572 4579 clerus
3622 4527 3680 4578 et

2013 4611 2275 4687 populus
2304 4611 2501 4667 omnis
2545 4626 2685 4667 cum
2713 4609 2958 4682 hymnis
2986 4614 3042 4665 et
3079 4610 3436 4682 psalmodiis
3469 4610 3530 4665 in
3560 4609 3679 4682 pri-

2015 4703 2130 4757 mis
2158 4706 2491 4757 reverenter
2517 4705 2573 4756 et
2612 4698 2939 4756 honoriﬁce
2970 4699 3350 4755 Daventriam
3379 4699 3676 4772 perduxe-

2012 4795 2170 4846 runt.
2206 4791 2475 4862 Cumque
2496 4789 2625 4859 jam
2654 4788 2880 4861 oppido
2903 4789 3484 4861 appropinquarent,
3515 4788 3678 4844 inco-

2015 4881 2088 4936 lae
2111 4881 2161 4951 ej
2174 4897 2240 4935 us
2261 4895 2472 4935 omnes
2492 4879 2719 4934 maestis
2738 4877 2955 4935 animis
2973 4877 3216 4934 obviam
3239 4883 3676 4951 processerunt,

2018 4975 2216 5043 atque,
2247 4969 2329 5025 ita
2359 4969 2656 5043 permistis
2680 4968 3015 5037 lugentium
3043 4973 3100 5025 et
3118 4968 3502 5040 psallentium
3523 4969 3681 5026 voci-

2017 5060 2152 5128 bus,
2186 5076 2425 5116 sacrum
2469 5075 2689 5132 corpus
2735 5058 2795 5113 in
2837 5057 3151 5114 ecclesiam
3190 5058 3579 5131 importatum
3609 5077 3681 5117 ea

2018 5153 2207 5224 parte,
2239 5166 2374 5223 quae
2420 5148 2894 5221 Septentrionem
2938 5153 3184 5220 spectat,
3214 5149 3534 5206 humatum
3571 5155 3678 5219 est,

2021 5240 2234 5314 spiritu
2259 5239 2558 5295 exultante
2598 5241 2655 5293 et
2682 5237 3020 5310 perfruente
3069 5238 3290 5308 gaudio
3327 5240 3561 5297 Domini
3588 5241 3682 5296 sui

2019 5330 2115 5385 cui
2144 5329 2206 5384 in
2236 5329 2350 5384 hac
2380 5327 2495 5382 vita
2525 5327 2844 5396 servierat;
2901 5327 2995 5382 cui
3039 5332 3127 5384 est
3173 5329 3388 5401 honor,
3421 5334 3478 5386 et
3522 5335 3684 5402 pote-

2022 5422 2144 5472 stas
2176 5421 2232 5471 et
2261 5415 2450 5484 gloria
2477 5431 2584 5488 per
2609 5415 2840 5471 inﬁnita
2867 5415 3104 5472 saicula.
3139 5419 3346 5473 Amen.

2022 5544 2189 5598 locus
2249 5542 2308 5597 in
2363 5557 2522 5613 pago
2563 5543 2854 5600 Wentensi
2908 5544 2985 5599 ad
3044 5544 3387 5601 Linchelum
3440 5556 3683 5613 amnem

2020 5627 2165 5686 non,
2193 5609 2384 5686 longe?
2411 5609 2474 5669 a'
2501 5615 2861 5684 Benthemio,
2907 5615 3235 5672 decanatus
3291 5618 3472 5686 caput
3518 5609 3682 5686 apud

2026 5685 2494 5745 Lindebornium
2521 5686 2584 5744 in
2614 5687 2881 5746 Historias
2913 5687 3348 5744 Daventriensis
3365 5685 3525 5757 ’cap:
3544 5685 3595 5737 8.
