3980 6182
1329 203 1385 255 8.
1427 199 1735 255 RADBODI
1773 193 2273 261 TRAJBOTENSIS
2312 191 2619 249 EPISCOPI

1962 319 3699 337 www.—

900 500 1553 623 RADBODi
1654 500 2133 619 BBEi-"E
2226 492 3114 615 CHRONHJUM.

1164 766 1401 840 (Mabill,
1440 768 1566 823 Act.
1599 766 1695 823 SS.
1725 766 1849 823 0rd.
1887 766 1942 822 S.
1977 764 2185 825 Benaci.
2217 767 2362 818 tom.
2404 762 2524 824 VII,
2558 777 2697 839 pag:
2720 760 2867 830 267).

366 1118 538 1171 Anno
595 1112 673 1169 ab
715 1111 1122 1169 incarnatione
1176 1109 1407 1169 Domini
1451 1114 1555 1167 900
1584 1108 1863 1182 apparuit
1888 1108 1949 1164 in
1987 1113 2032 1163 Α
2061 1105 2431 1180 pestilentius
2470 1110 2576 1170 est,
2629 1104 2773 1160 dira:
2825 1102 3140 1158 hominum
3198 1103 3485 1158 adversus
3538 1107 3733 1158 Deum

297 1204 447 1259 cmlo
478 1202 749 1259 mirabile
781 1202 1040 1271 signum.
1077 1200 1265 1257 Stellae
1295 1200 1456 1256 enim
1487 1198 1625 1255 visa
1656 1202 1793 1254 sunt
1842 1214 1952 1257 un-

294 1292 475 1364 dique
496 1294 791 1363 tauquam
819 1306 892 1347 ex
939 1290 1058 1346 alto
1096 1291 1156 1345 in
1203 1288 1526 1346 horizontis
1576 1287 1766 1348 imum
1816 1303 1953 1360 pro—

292 1381 475 1437 ﬂuere
502 1379 657 1436 circa
682 1379 803 1451 poli
826 1379 1154 1449 cardinem,
1176 1394 1389 1439 omnes
1405 1378 1523 1435 fere
1545 1377 1696 1434 inter
1722 1394 1783 1433 se
1812 1391 1953 1432 con—

292 1486 527 1526 currere
587 1486 599 1525 :
658 1469 824 1542 quod
876 1467 1220 1540 prodigium
1278 1473 1493 1524 secutae
1559 1470 1697 1521 sunt
1762 1465 1954 1521 tristes

291 1575 491 1616 rerum
523 1558 914 1626 calamitates,
943 1558 1097 1614 aeris
1132 1557 1403 1613 videlicet
1432 1556 1698 1615 maxima
1741 1555 1952 1613 intem—

292 1647 508 1720 peries,
566 1647 845 1720 erebique
901 1651 1217 1703 ventorum
1279 1645 1567 1710 turbines,
1635 1645 1953 1701 ﬂuminum

293 1752 537 1809 quoque
562 1736 848 1792 terminos
878 1751 1019 1792 suos
1049 1734 1635 1805 transgredientium,
1682 1733 1952 1791 terribilis

294 1825 578 1898 quaedam
627 1824 803 1898 quasi
853 1823 1201 1897 cataclysmi
1252 1823 1488 1894 imago;
1534 1825 1610 1887 et,
1656 1821 1823 1896 quod
1860 1821 1952 1879 his

2064 1212 2126 1253 se
2179 1194 2586 1255 extollentium
2645 1197 3043 1267 tempestates.
3098 1192 3222 1247 Hoc
3270 1193 3483 1250 eodem
3538 1208 3732 1261 anno,

2062 1285 2417 1359 priusquam
2450 1289 2649 1341 tamen
2678 1285 2910 1355 Epactae
2954 1285 3348 1344 mutarentur,
3386 1281 3567 1336 Folco
3616 1283 3735 1336 Re-

2065 1390 2302 1433 morum
2323 1372 2642 1447 episeopus
2665 1369 3181 1444 metropolitanus,
3213 1374 3270 1425 et
3298 1369 3737 1425 Zuentiboldus

2060 1480 2164 1519 rex
2196 1461 2481 1521 interfecti
2506 1466 2670 1518 sunt:
2692 1477 2762 1516 ac
2791 1475 2914 1515 non
2937 1458 3137 1515 multis
3162 1464 3337 1515 antea
3366 1458 3580 1515 diebus
3607 1475 3737 1529 ego

2063 1556 2339 1624 peccator
2393 1550 2724 1608 Radbodus
2780 1548 2930 1604 inter
2983 1546 3240 1604 famulos
3300 1551 3523 1603 sanctae
3582 1550 3735 1603 Tra-

2054 1641 2333 1713 jectensis
2386 1639 2658 1697 Ecclesiae
2710 1636 3004 1694 conscribi
3059 1637 3268 1693 merui.
3323 1639 3516 1710 Atque
3548 1653 3585 1692 o
3616 1637 3737 1692 uti-

2059 1730 2242 1789 nam!
2279 1746 2417 1786 cum
2460 1728 2686 1785 eisdem
2735 1731 2964 1783 aeterna:
2993 1727 3129 1782 vitae
3182 1726 3552 1785 consortium
3598 1740 3735 1781 me-

2062 1835 2194 1876 rear
2214 1817 2486 1890 adipisci.

777 2173 1193 2276 SERMO
1258 2173 1352 2273 S.
1434 2170 1972 2275 BADBODI
2050 2170 2206 2271 DE
2285 2169 2388 2269 S.
2477 2165 3232 2274 SWITBERTO.

1418 2418 1523 2489 (Ex
1552 2418 1703 2473 Boll.
1739 2418 1863 2471 Act.
1891 2416 1986 2471 ss.
2017 2416 2187 2471 Mart.
2230 2414 2274 2479 1,
2308 2378 2440 2485 pag.
2472 2414 2584 2482 85).

1801 2599 2209 2617 m-

368 2752 416 2803 1.
458 2746 674 2810 Acturi,
702 2744 913 2803 fratres
945 2743 1299 2809 charissimi,
1344 2742 1508 2801 diem
1555 2746 1773 2801 nostris
1818 2757 1952 2813 spe-
1985 2744 2025 2797 Β
2061 2740 2141 2799 ab
2180 2739 2511 2811 Anglorum
2558 2738 2869 2812 provincia
2915 2740 2975 2797 in
3021 2744 3256 2801 nostros
3302 2740 3457 2799 ﬁnes
3483 2740 3741 2803 venisse

292 2834 455 2893 cialis
476 2833 888 2905 jucunditatis,
920 2834 980 2892 in
1007 2849 1131 2904 qua
1158 2831 1396 2903 patroni
1416 2830 1600 2887 nostri
1625 2829 1956 2887 beatissimi

295 2923 588 2981 Switberti
658 2927 865 2980 sancta
922 2920 1254 2981 admodum
1317 2918 1809 2979 commemoratio
1864 2918 1944 2975 fa.

290 3011 506 3069 cienda
533 3014 640 3076 est,
660 3015 894 3082 oportet
912 3025 1026 3065 nos
1053 3012 1294 3080 paratos
1325 3024 1456 3065 esse
1487 3008 1565 3065 ad
1594 3024 1772 3065 omne
1797 3022 1955 3080 opus

290 3100 543 3165 bonum,
571 3102 1006 3170 promptasque
1032 3096 1255 3153 habere
1283 3096 1517 3154 animos
1547 3115 1561 3164 ;
1592 3097 1789 3168 primo
1815 3096 1950 3169 qui-

289 3186 431 3245 dem
461 3186 538 3244 ad
569 3186 869 3243 audienda
896 3185 1045 3255 legis
1075 3185 1293 3243 divinas
1324 3184 1632 3249 mandata,
1681 3191 1949 3257 postmo—

289 3276 438 3332 dum
462 3290 603 3331 vero
635 3279 719 3344 ut,
757 3279 1054 3347 quantum
1084 3289 1433 3346 possumus,
1464 3289 1535 3329 ea
1562 3273 1734 3331 factis
1781 3288 1949 3330 exse-

288 3363 394 3436 qui
418 3362 790 3429 studeamus,
818 3366 874 3418 et
900 3360 982 3416 sic
1011 3360 1261 3417 demum
1298 3360 1447 3418 alios
1492 3361 1705 3419 docere
1752 3361 1947 3433 possi-

288 3468 444 3508 mus.
463 3451 583 3507 Hoe
606 3449 765 3508 enim
792 3449 930 3506 fecit
956 3449 1240 3507 Dominus
1255 3454 1461 3505 noster
1475 3452 1640 3505 Jesus
1662 3449 1947 3519 Christus,

287 3540 362 3597 de
390 3556 513 3613 quo
539 3539 622 3595 ita
649 3537 938 3611 scriptum
964 3543 1053 3594 est
1081 3553 1094 3592 :
1131 3538 1320 3608 Capit
1351 3539 1523 3594 Jesus
1539 3538 1745 3607 facere
1769 3544 1824 3595 et
1850 3540 1951 3595 do-

286 3646 417 3688 cere
465 3630 620 3700 (Act.
652 3644 692 3691 ι,
725 3630 793 3700 1).
850 3626 1127 3700 Alioquin
1182 3627 1345 3684 irrita
1392 3632 1449 3684 et
1495 3628 1692 3685 inanis
1744 3633 1951 3691 nostra.

285 3720 394 3777 erit
421 3719 713 3786 doctrina,
746 3718 796 3774 si
823 3733 896 3774 ea
925 3733 1061 3790 qua:
1090 3716 1373 3783 diximus,
1407 3717 1556 3774 nihil
1584 3719 1821 3787 agendo
1848 3719 1949 3774 de-

285 3814 614 3867 struamus.
648 3811 799 3865 Nam
828 3806 976 3879 quid
998 3806 1243 3879 prodest
1260 3806 1457 3875 alicui,
1475 3807 1525 3863 si
1543 3807 1697 3864 bene
1719 3807 1947 3877 audiat,

283 3901 342 3955 et
364 3897 521 3956 male
550 3897 737 3966 agat?
763 3899 868 3952 aut
889 3893 1038 3966 quid
1066 3894 1302 3967 proﬁcit
1322 3894 1428 3967 illi,
1456 3895 1506 3951 si
1535 3894 1634 3951 alii
1656 3894 1818 3952 viam
1845 3911 1949 3968 pe-

283 3987 431 4043 dum
473 3983 772 4053 ostendat,
801 3983 931 4056 ipse
962 3980 1163 4040 autem
1212 3983 1274 4040 in
1323 3984 1421 4040 via
1463 3999 1702 4040 morum
1750 3999 1949 4041 errare

2058 2829 2369 2903 probatur,
2383 2829 2603 2902 scripta
2618 2828 2972 2889 venerabilis
2990 2829 3162 2889 Bedes
3177 2827 3511 2901 presbyteri
3526 2829 3739 2900 profo—

2058 2921 2271 2978 rantur
2288 2917 2350 2977 in
2375 2917 2663 2983 medium,
2681 2916 2868 2989 quiin
2899 2917 3159 2987 Regestis
3186 2916 3537 2987 Anglorum,
3564 2916 3735 2979 inter

2058 3015 2271 3065 caetera
2300 3006 2383 3062 sic
2407 3004 2483 3065 de
2510 3005 2627 3065 hoe
2652 3005 3029 3069 sanctissimo
3055 3005 3184 3065 viro
3212 3006 3499 3078 scriptum
3534 3005 3739 3067 relin-

2058 3095 2207 3169 quit.
2583 3106 2587 3111 '

2127 3188 2179 3243 2.
2221 3187 2509 3257 Tempore
2540 3186 2598 3240 Β.
2634 3182 2971 3241 Willibrodi
2999 3182 3391 3255 Trajectensis
3426 3183 3735 3257 episcopi,

2056 3271 2284 3339 fratres,
2311 3272 2417 3345 qui
2440 3276 2611 3333 erant
2635 3271 2700 3328 in
2738 3271 2934 3331 Fresia
2976 3271 3141 3330 verbi
3182 3272 3501 3329 ministerio
3544 3288 3739 3333 man-

2057 3361 2253 3433 cipati,
2287 3361 2595 3432 elegerunt
2619 3377 2696 3421 ex
2724 3377 2834 3421 suo
2870 3376 3125 3419 numero
3147 3361 3344 3423 virum
3375 3360 3747 3441 modestum,

2060 3450 2328 3506 moribus
2350 3455 2408 3507 et
2435 3455 2823 3509 mansuetum
2847 3449 3026 3511 corde
3048 3449 3443 3517 Switbertum,
3492 3449 3597 3522 qui
3629 3450 3741 3509 eis

2057 3538 2432 3597 ordinaretur
2461 3540 2723 3596 antistes.
2752 3541 2943 3605 Quem
2972 3537 3053 3596 ad
3076 3538 3437 3601 Britanniam
3456 3537 3735 3599 destina—

2062 3632 2206 3697 tum,
2248 3628 2326 3682 ad
2354 3627 2700 3699 petitionem
2727 3643 2937 3684 eorum
2968 3627 3269 3689 ordinavit
3294 3626 3731 3686 reverendissi-

2059 3733 2194 3773 mus
2227 3715 2447 3772 Wilfrid
2475 3715 2794 3788 episcopus
2822 3716 2949 3788 qui,
2996 3720 3123 3772 tum
3168 3714 3317 3772 forte
3355 3714 3545 3789 patria
3573 3715 3731 3787 pul-

2057 3822 2181 3877 sus,
2209 3805 2271 3861 in
2296 3804 2643 3863 Mercioran
2658 3804 3001 3877 regionibus
3030 3803 3367 3863 exsulabat.
3393 3807 3518 3863 Non
3547 3804 3741 3867 enim

2057 3910 2128 3950 eo
2157 3896 2426 3966 tempore
2449 3892 2717 3951 habebat
2764 3894 3117 3967 episcopum
3159 3893 3386 3961 Cantia,
3430 3892 3733 3955 defuncto

2056 3983 2303 4056 quidem
2349 3982 2681 4052 Theodoro,
2739 3982 2846 4039 sed
2886 3982 3150 4040 necdum
3187 3981 3558 4041 Berthwaldo
3581 3999 3737 4043 suo-

283 4089 408 4130 non
436 4071 716 4128 desinat?
746 4074 864 4127 Nos
889 4070 1067 4142 igitur
1094 4071 1345 4141 vestigia
1388 4070 1798 4143 Redemptoris
1835 4087 1945 4129 no-
1977 4093 2017 4149 ο
2057 4088 2289 4130 cessore
2337 4072 2487 4144 ejus,
2541 4071 2646 4145 qui
2702 4076 2869 4129 trans
2919 4087 3085 4129 mare
3134 4071 3505 4129 ordinandus
3541 4070 3727 4143 ierat,

284 4161 387 4218 stri
416 4163 754 4234 sequentes,
785 4159 1065 4232 quaelibet
1094 4160 1260 4216 bona
1304 4159 1694 4217 libentissime
1738 4162 1946 4220 audiao

284 4267 457 4319 mus;
507 4248 715 4308 audita
738 4263 879 4305 vero
902 4247 1101 4317 dignis
1130 4248 1360 4305 actibus
1405 4248 1840 4322 compleamus,
1890 4256 1950 4311 et

284 4339 366 4397 sic
414 4354 523 4412 per
568 4336 844 4397 ordinem
886 4336 967 4394 ad
1010 4336 1397 4397 instruendos
1429 4339 1739 4410 proximos
1775 4357 1943 4399 acce-

282 4428 511 4498 dentes,
543 4426 931 4487 consulamus
958 4425 1045 4482 eis
1079 4438 1283 4483 rerum
1310 4427 1612 4484 bonarum
1659 4428 1947 4488 doctrinis

279 4517 501 4591 pariter
528 4520 588 4575 et
614 4514 921 4589 exemplis.
956 4517 1075 4571 Hoc
1104 4530 1245 4586 ergo
1276 4519 1341 4573 ut
1360 4515 1484 4575 sive
1505 4515 1788 4577 dilatione
1814 4517 1944 4576 ﬁeri

279 4607 488 4680 possit,
514 4605 861 4665 revocanda
888 4609 1028 4663 sunt
1049 4603 1227 4662 nobis
1256 4604 1338 4663 ad
1365 4607 1722 4664 memoriam
1758 4606 1947 4665 Patris

278 4694 484 4763 nostri,
516 4695 592 4752 de
620 4710 745 4768 quo
775 4709 963 4768 supra
987 4692 1272 4762 diximus,
1304 4711 1488 4768 opera
1516 4713 1529 4751 :
1575 4696 1680 4768 qui
1722 4696 1782 4751 in
1809 4711 1942 4755 om-

278 4783 457 4841 nibus
486 4800 625 4859 qute
653 4782 876 4853 docuit,
916 4782 1082 4856 prius
1133 4799 1169 4840 a
1222 4784 1544 4856 semetipso
1570 4783 1945 4842 auditoribus

279 4872 403 4930 suis
432 4872 782 4946 exemplum
806 4871 993 4942 dedit,
1022 4888 1221 4945 neque
1266 4887 1540 4944 unquam
1576 4872 1641 4931 in
1685 4873 1946 4931 Ecclesia

279 4961 442 5019 aliud
470 4961 817 5025 faciendum
863 4961 1012 5019 dixit
1052 4976 1240 5034 quam
1267 4959 1331 5017 in
1357 4976 1480 5032 quo
1509 4960 1635 5033 ipse
1666 4960 1943 5021 faciendo

278 5051 600 5120 praecessit.
650 5054 868 5108 Verum
924 5054 990 5106 ut
1044 5022 1108 5105 se
1163 5022 1400 5107 imitari.
1433 5022 1774 5109 volentibus
1828 5052 1944 5108 hoc
1968 5022 2014 5077 Β

279 5152 523 5210 quoque
566 5140 953 5198 manifestum
1006 5138 1133 5209 ﬁat,
1179 5137 1339 5197 facta
1367 5138 1498 5209 ejus
1542 5142 1661 5196 Deo
1700 5139 1942 5212 placita,

279 5225 568 5300 omnique
597 5227 862 5284 audienti
890 5226 1032 5283 satis
1063 5226 1401 5284 necessaria
1430 5226 1492 5283 in
1530 5226 1773 5300 publico
1802 5225 1944 5283 reci-

279 5319 494 5384 tantur,
522 5320 820 5390 quatenus
847 5331 921 5372 ex
951 5315 1178 5373 eisdem
1217 5315 1388 5389 plebs
1434 5316 1649 5372 Christi
1684 5315 1942 5373 aediﬁca-

278 5405 503 5461 tionem
528 5404 801 5478 aceipiat,
833 5421 904 5461 ac
933 5404 1008 5462 de
1040 5404 1186 5463 tanti
1210 5404 1318 5462 viri
1350 5404 1622 5476 gloriosis
1661 5404 1941 5479 precibus

279 5509 515 5568 semper
542 5493 986 5564 gratulabunda
1015 5493 1241 5549 existat.

352 5584 468 5643 Sed
493 5583 638 5659 quia
661 5583 836 5641 nobis
859 5583 1145 5658 quaedam
1174 5589 1312 5641 sunt
1354 5585 1586 5643 occulta
1620 5602 1757 5659 qua:
1799 5601 1940 5645 eum

277 5674 486 5733 fecisse
511 5678 649 5753 post
674 5675 863 5739 Deum
882 5671 1014 5741 sola
1030 5672 1198 5732 novit
1217 5675 1542 5749 antiquitas
1561 5675 1815 5749 :quippe
1833 5674 1939 5748 qui

2056 4161 2133 4218 ad
2168 4160 2375 4217 sedem
2405 4158 2788 4233 episcopatus
2834 4159 2926 4216 sui
2963 4175 3222 4217 reverso.
3280 4160 3391 4229 Qui
3440 4158 3736 4221 videlicet

2058 4250 2427 4320 Switbrecht,
2457 4254 2703 4323 accepto
2752 4248 3123 4323 episcopatu,
3176 4249 3253 4306 de
3300 4249 3597 4307 Britannia
3623 4266 3730 4307 re-

2054 4354 2313 4410 gressus,
2345 4354 2468 4405 non
2497 4338 2689 4399 multo
2727 4343 2865 4413 post
2910 4338 2988 4396 ad
3031 4344 3268 4411 gentem
3302 4337 3729 4398 Boructuario—

2051 4445 2189 4486 rum
2233 4428 2492 4500 secessit,
2539 4444 2610 4486 ac
2661 4428 2883 4486 multos
2940 4444 3150 4489 eorum
3199 4427 3584 4502 praedicando
3630 4429 3733 4491 ad

2050 4518 2215 4574 viam
2270 4517 2532 4576 veritatis
2595 4517 2891 4592 perduxit.
2974 4517 3088 4577 Sed
3160 4518 3517 4592 expugnatis
3585 4534 3733 4579 non

2051 4606 2235 4677 longo
2282 4610 2420 4680 post
2462 4611 2730 4680 tempore
2787 4605 3207 4679 Boructuariis,
3259 4622 3297 4665 a
3343 4610 3516 4679 gente
3567 4608 3732 4666 anti-

2052 4711 2314 4769 quorum
2369 4696 2675 4754 Saxonum
2720 4693 2974 4769 dispersi
3022 4698 3161 4752 sunt
3194 4693 3467 4768 quolibet
3508 4696 3571 4757 hi
3604 4698 3733 4773 qui

2052 4784 2306 4843 verbum
2353 4788 2720 4859 receperant.
2782 4789 2917 4858 Ipse
2968 4784 3212 4845 antistes
3268 4801 3409 4843 cum
3467 4784 3729 4861 quibus-

2051 4874 2197 4931 dam
2245 4874 2568 4948 Pippinum
2611 4873 2777 4947 petiit
2815 4873 2940 4947 qui,
2971 4872 3385 4949 interpellante
3411 4873 3729 4933 Blitbrude

2053 4964 2309 5035 conjuge
2355 4980 2483 5032 sua,
2539 4961 2703 5020 dedit
2752 4961 2806 5019 ei
2860 4962 3063 5019 locum
3110 4963 3447 5021 mansionis
3507 4963 3571 5021 in
3617 4963 3727 5021 in-

2053 5052 2185 5109 sula
2248 5051 2454 5118 Rheni,
2538 5068 2674 5124 quae
2749 5050 2959 5121 lingua
3033 5051 3275 5115 illorum
3344 5057 3593 5110 vocatur
3650 5055 3731 5111 in

2053 5142 2269 5197 littore.
2305 5144 2366 5196 In
2395 5156 2519 5212 qua
2559 5140 2691 5214 ipse
2738 5144 3079 5201 constructo
3116 5142 3503 5212 monasterio,
3545 5142 3731 5215 quod

2047 5228 2337 5285 hactenus
2365 5229 2632 5287 haeredes
2652 5229 2963 5304 possident
2986 5231 3140 5303 ejus,
3173 5231 3531 5306 aliquandiu
3568 5246 3727 5289 con-

2048 5317 2514 5381 tinentissimam
2544 5319 2725 5389 gessit
2751 5320 2961 5392 vitam,
2972 5319 3177 5392 ibique
3196 5320 3413 5378 clausit
3434 5320 3729 5381 ultimum

2048 5407 2229 5469 diem.

2118 5501 2170 5555 3.
2211 5497 2347 5553 Haec
2377 5497 2573 5568 igitur,
2604 5513 2741 5571 quae
2771 5498 3045 5571 superius
3073 5498 3148 5554 de
3176 5498 3292 5554 hoc
3330 5499 3723 5556 sanctissimo

2046 5585 2170 5642 viro
2199 5586 2433 5656 digesta
2450 5591 2607 5655 sunt,
2624 5586 2849 5644 Bedam
2872 5602 3378 5645 commemorasse
3403 5589 3725 5645 neminem

2046 5674 2355 5748 ambigere
2398 5674 2720 5743 credimus,
2767 5674 2881 5733 nisi
2935 5675 3084 5734 forte
3111 5676 3466 5753 quempiam
3506 5676 3718 5746 talem,
