4034 6182
199 81 305 134 549
1495 70 1857 129 SERMONES
1897 71 1980 129 ET
2018 70 2344 133 nouum.
3529 77 3638 143 55o

193 201 298 274 qui
327 199 457 256 aliis
481 209 696 253 vacans
725 194 982 264 negotiis
1004 194 1228 252 librum
1258 194 1449 262 illum,
1479 193 1585 250 ubi
1614 209 1685 249 ea
1712 192 1852 248 scri—
1879 196 1926 248 A
1963 191 2085 248 bat.
2119 193 2322 268 Itaque
2355 194 2403 250 si
2432 210 2611 250 nosse
2655 193 2960 251 desideras
3003 211 3142 269 quae
3190 198 3414 265 fuerint
3450 204 3642 260 nostri

193 294 299 363 pta
323 291 477 354 sunt,
506 289 606 342 aut
634 299 755 339 non
784 283 946 355 legit,
975 288 1081 341 aut
1104 289 1259 342 certe
1287 284 1544 355 legendo
1573 282 1851 353 neglexit.
1963 282 2144 353 hujus
2170 282 2341 343 ducis
2370 283 2432 339 in
2462 283 2830 357 quotidianis
2852 286 3283 357 congressibus
3301 304 3495 357 arma,
3516 308 3643 348 non

193 380 485 434 Caeterum
511 390 618 430 nos
661 388 1056 446 nequaquam
1106 374 1381 430 dubitare
1419 373 1732 440 debemus,
1770 372 1855 428 vi-
1965 388 2035 429 ea
2064 370 2416 440 fabrefacta,
2450 373 2555 429 sed
2583 373 2760 447 plane
2788 374 3123 449 spiritualia
3178 394 3502 451 cognosce.
3548 384 3651 438 Ne-

193 484 329 524 rum
375 465 552 521 istum
598 462 657 518 in
699 461 989 529 omnibus
1041 463 1387 520 Christianae
1418 461 1717 534 religionis
1744 466 1859 517 stu-
1966 476 2083 532 que
2101 460 2261 517 enim
2288 466 2415 519 erat
2443 462 2540 518 ille
2571 466 2855 518 oneratus
2881 463 3061 536 ferro,
3114 466 3223 522 sed
3261 468 3467 541 potius
3506 466 3649 537 ﬁde,

1970 565 2075 624 spe
2105 554 2161 605 et
2189 550 2478 608 charitate
2504 551 2867 624 praecinctus
2896 571 2910 622 ;
2970 554 3227 613 fundam
3269 558 3462 615 David
3510 575 3654 616 cum

1970 654 2078 694 suo
2134 638 2335 712 lapide
2387 645 2626 710 tenens,
2684 644 2742 695 et
2795 642 3124 701 terribilem
3176 646 3545 706 Philistaeum
3594 649 3657 706 in

1972 728 2161 783 fronte
2189 728 2557 800 percutiens,
2589 743 2961 804 omnemque
2988 733 3268 790 lsraelem
3315 751 3353 797 a
3388 738 3691 813 periculo‘

1969 816 2178 873 mortis
2211 816 2495 891 eripiens.
2556 819 2741 875 Porro
2786 825 2987 877 autem
3038 838 3115 878 ne
3159 823 3463 881 existimes
3491 827 3663 885 illum

1970 905 2325 976 hujusmodi
2355 921 2537 962 arma
2570 922 2845 982 unquam
2885 910 3191 984 deponere
3224 930 3352 971 esse
3399 916 3662 987 solitum,

197 999 479 1057 exercitio
512 997 757 1071 pleniter
785 996 1137 1066 instructus,
1172 996 1337 1052 nullo
1366 996 1552 1053 modo
1579 998 1711 1069 ejus
1760 1012 1863 1052 cu-
1970 994 2163 1050 isdem
2193 998 2320 1049 erat
2348 994 2410 1049 in
2442 1009 2608 1066 pace
2637 1004 2887 1054 ornatus
2916 1000 3142 1074 quibus
3172 1001 3234 1057 in
3279 1003 3441 1061 bello
3473 1006 3672 1069 stabat

199 1089 436 1158 stodiae,
486 1090 660 1144 tanta;
717 1085 914 1156 gregis
972 1085 1178 1141 Christi
1224 1086 1412 1158 copiae
1461 1086 1861 1142 crederentur.
1973 1086 2260 1139 armatus.
2293 1084 2558 1153 Semper
2586 1090 2715 1141 erat
2738 1087 3005 1159 humilis,
3031 1106 3271 1165 semper
3289 1099 3665 1166 mansuetus,

197 1181 387 1233 Porro
416 1177 532 1232 nisi
552 1180 701 1231 esset
729 1174 898 1230 miles
934 1175 1393 1247 quodammodo
1438 1180 1777 1243 veteranus,
1811 1178 1869 1230 et
1973 1176 2032 1228 et
2062 1172 2239 1237 mitis,
2286 1171 2536 1249 patiens
2594 1173 2653 1228 in
2711 1175 2997 1245 adversis,
3052 1179 3368 1236 modestus
3428 1185 3488 1238 in
3537 1201 3671 1263 pro-

198 1270 261 1326 in
292 1283 489 1337 agone
518 1265 784 1337 martyrii
812 1264 976 1321 fortis
1024 1270 1080 1321 et
1132 1265 1584 1339 imperterritus,
1634 1279 1865 1338 nequa—
1976 1260 2185 1336 speris.

197 1374 396 1432 quam
437 1357 496 1412 in
540 1356 662 1411 acie
712 1354 920 1412 Christi
969 1370 1244 1410 summus
1300 1354 1595 1422 tribunus,
1635 1368 1869 1426 nequa-
2050 1355 2101 1405 5.
2146 1353 2279 1406 Erat
2308 1364 2564 1422 quoque
2594 1351 2656 1406 in
2682 1352 2967 1428 pudicitia
2997 1354 3373 1429 splendidus,
3404 1360 3467 1417 in
3489 1361 3668 1418 abSﬁ'

196 1462 394 1519 quam
420 1443 753 1517 primipilus
781 1443 928 1511 legis
960 1442 1178 1499 divinae
1212 1443 1667 1499 constitueretur
1699 1456 1867 1496 exer-
1977 1439 2184 1495 nentia
2208 1444 2512 1509 strenuus,
2544 1440 2607 1495 in
2636 1442 2848 1510 vigiliis
2876 1443 3135 1514 sobrius,
3167 1444 3227 1500 in
3258 1448 3533 1507 oratione
3556 1456 3669 1507 sta-

201 1536 377 1591 citus.
430 1538 643 1589 Verum
682 1533 771 1588 his
811 1532 1123 1603 allegorice
1171 1532 1514 1606 prtelibatis,
1567 1530 1872 1587 moraliter
1903 1558 1943 1614 Β
1977 1527 2331 1584 bilissimus.
2386 1531 2448 1581 In
2501 1528 2733 1598 judicio
2785 1532 3107 1604 perorabat
3150 1535 3487 1605 aequaliter,
3544 1554 3668 1596 non

197 555 312 613 diis
342 554 521 610 fuisse
546 549 952 621 exercitatum,
986 554 1192 624 utpote
1223 552 1327 624 qui
1358 551 1511 608 inter
1556 556 1678 607 tam
1724 566 1857 625 pre-

196 645 381 701 tiosas
414 640 679 698 Ecclesiae
703 638 802 695 Dei
827 638 1132 710 lucernas,
1165 656 1301 712 quae
1341 639 1433 695 his
1481 640 1696 696 diebus
1738 640 1860 695 sive

196 734 258 790 in
288 731 636 801 Anglorum,
670 728 792 783 sive
830 728 894 784 in
924 728 1253 785 Galliarum
1281 733 1455 800 gente
1481 729 1729 785 miriﬁce
1761 743 1859 783 co-

195 820 545 891 ruscabant,
588 817 789 874 ovium
835 816 1049 873 Christi
1102 823 1307 890 pastor
1355 834 1391 873 a
1442 816 1862 874 sacratissimis

195 911 346 984 ipsis
375 908 637 966 ordinari
666 906 1013 980 promeruit.
1047 911 1195 963 Nam
1243 908 1357 964 nisi
1395 913 1551 964 esset
1577 906 1865 982 pastorali

198 1638 450 1696 quoque
507 1638 615 1677 nos
668 1620 894 1693 aperire
938 1624 1173 1692 oportet
1220 1636 1356 1693 quae
1399 1620 1514 1675 sint
1568 1617 1871 1680 exercitia.

202 1712 432 1785 quibus
456 1709 983 1784 inexpugnabilem
1011 1710 1195 1764 istum
1234 1708 1483 1765 militem
1513 1707 1875 1783 praclarum

204 1801 393 1856 fuisse
422 1815 546 1855 non
576 1798 938 1854 dubitamus.
982 1798 1152 1864 Quod
1175 1797 1422 1870 quidem
1465 1797 1525 1853 in
1564 1795 1877 1853 Pastorali-

205 1889 324 1946 bus
358 1888 556 1962 primo
587 1891 675 1943 est
696 1886 1256 1955 demonstrandum,
1289 1886 1348 1942 in
1376 1886 1598 1960 quibus
1629 1885 1753 1940 sive
1780 1884 1877 1940 leo

208 1978 488 2047 saeviens,
518 1977 639 2032 sive
666 1976 846 2048 lupus
871 1976 1183 2046 insidians,
1215 1991 1338 2031 non
1367 1975 1675 2031 modicum
1710 1974 1876 2032 Chri-

208 2067 282 2124 sti
326 2066 543 2123 ovibus
566 2065 987 2122 detrimentum
1028 2066 1357 2139 important
1388 2082 1399 2119 :
1436 2064 1538 2120 ubi
1583 2064 1631 2119 si
1667 2069 1879 2137 pastor

210 2155 466 2230 pervigil
486 2159 590 2211 aut
616 2154 861 2210 insidias
892 2155 1126 2223 caverit,
1176 2159 1282 2212 aut
1325 2152 1604 2226 rapinam
1653 2152 1878 2209 fortiter

209 2245 542 2303 resistendo
568 2245 908 2311 excusserit,
944 2244 1114 2300 salvo
1142 2260 1321 2315 grege
1351 2242 1431 2299 ad
1453 2243 1657 2299 caulas
1686 2243 1878 2298 Domi-

211 2335 381 2391 nicas
413 2334 721 2390 remeabit.
753 2334 808 2391 Si
839 2337 1037 2389 autem
1068 2334 1131 2388 in
1168 2332 1524 2406 quotidiano
1555 2334 1878 2404 prrecinctu

214 2422 448 2496 positus
477 2438 648 2478 arma
676 2438 994 2494 nunquam
1017 2422 1381 2494 deposuerit,
1415 2419 1522 2476 sed
1553 2419 1639 2474 vel
1673 2420 1747 2475 de
1778 2436 1876 2475 ca-

214 2510 357 2567 stris
380 2512 612 2567 hostem
642 2510 941 2583 repulerit,
970 2510 1061 2566 vel
1090 2510 1150 2565 in
1181 2527 1401 2583 campo
1453 2513 1655 2581 aperte
1703 2508 1878 2563 dimi-

210 2616 365 2657 cans
396 2600 498 2656 rite
524 2599 995 2672 triumphaverit,
1028 2599 1184 2656 intra
1210 2604 1432 2655 sancta;
1460 2597 1711 2654 civitatis
1730 2614 1880 2653 mce-

210 2690 319 2746 nia
347 2695 484 2762 post
510 2690 637 2745 haec
668 2689 958 2745 tutissime
990 2689 1327 2763 imperabit.

287 2781 341 2834 4.
387 2780 526 2844 Quae
548 2777 833 2832 nimirum
864 2782 1117 2851 utroque
1143 2776 1563 2834 beatissimum
1614 2776 1883 2832 Switber—

214 2872 346 2922 tum
368 2866 577 2921 fecisse
602 2881 723 2920 non
759 2865 1130 2935 ignoramus.
1182 2870 1328 2923 Nam
1359 2864 1508 2921 dum
1533 2863 1595 2919 in
1626 2864 1885 2920 Ecclesia

210 2954 578 3028 praesulatus
613 2953 878 3009 ofﬁcium
908 2969 1139 3024 gerens,
1172 2953 1380 3009 fratres
1408 2969 1553 3007 suos
1582 2952 1704 3008 sive
1731 2970 1767 3009 a
1787 2952 1885 3007 de-

215 3042 497 3115 ceptoriis
526 3041 1024 3115 persuasionibus
1050 3043 1459 3110 retrahereret,
1493 3041 1617 3097 sive
1664 3057 1699 3096 a
1746 3056 1884 3097 con-

216 3130 584 3187 tentionibus
611 3130 868 3203 publicis
893 3135 1212 3197 revocaret,
1245 3130 1420 3202 quasi
1463 3129 1700 3185 leonem
1738 3130 1886 3186 fero-

219 3221 553 3291 cissimum,
583 3225 640 3276 et
661 3219 835 3292 quasi
865 3219 1075 3291 lupum
1103 3219 1578 3287 callidissimum,
1628 3236 1664 3275 a
1709 3234 1888 3289 grege

219 3308 535 3366 Dominico
560 3306 936 3365 excludebat.
968 3311 1114 3365 Cum
1136 3324 1276 3364 vero
1308 3312 1411 3363 aut
1433 3323 1644 3379 regum
1684 3314 1889 3381 poten-

220 3399 305 3455 tia
364 3414 628 3471 pressos,
682 3402 787 3453 aut
833 3397 1097 3469 qualibet
1153 3397 1496 3470 principum
1544 3398 1888 3453 crudelitate

218 3492 474 3543 vexatos
505 3487 706 3557 gladio
736 3486 904 3542 verbi
934 3487 1033 3542 Dei
1054 3491 1342 3559 scutoque
1372 3486 1489 3541 fide
1511 3502 1548 3541 a
1577 3487 1890 3558 tyrannica

220 3575 636 3649 persecutione
681 3575 1044 3643 defenderet,
1103 3574 1368 3648 profecto
1419 3579 1708 3647 tanquam
1767 3575 1890 3629 dux

220 3663 504 3735 egregius
525 3663 740 3720 milites
769 3680 913 3719 suos
945 3663 1025 3719 ad
1053 3668 1248 3719 castra
1272 3662 1602 3718 incolumes
1649 3664 1892 3719 reduce-

1981 1617 2410 1689 personaliter;
2444 1616 2507 1672 in
2541 1620 2965 1691 compassione
2998 1619 3412 1681 miserabatur
3450 1629 3669 1684 huma-

1983 1706 2157 1777 niter,
2174 1721 2298 1762 non
2318 1705 2605 1763 tenaciter
2634 1727 2646 1773 ;
2676 1708 3009 1765 alienorum
3033 1725 3155 1764 non
3188 1715 3315 1793 erat
3345 1716 3667 1789 appetitor,

1985 1795 2094 1852 sed
2131 1795 2516 1869 propriorum
2548 1795 2925 1868 largissimus
2968 1802 3290 1869 erogatur;
3349 1803 3565 1863 vitium
3608 1806 3670 1861 in

1982 1885 2232 1942 homine
2262 1884 2474 1942 acriter
2498 1887 2996 1960 persequebatur,
3031 1887 3346 1947 hominem
3398 1911 3542 1952 vero
3590 1896 3673 1951 fa-

1984 1974 2294 2032 miliariter
2323 1974 2819 2047 amplectebatur.
2838 1978 3043 2033 Sermo
3071 1977 3202 2049 ejus
3221 1983 3287 2034 ut
3306 1984 3432 2038 mel
3453 1983 3666 2051 dulcis,

1984 2062 2335 2135 praedicatio
2361 2063 2411 2135 ej
2422 2080 2489 2117 us
2516 2064 2852 2121 admodum
2882 2064 3270 2134 delectabilis,
3318 2072 3670 2127 convivium

1985 2153 2118 2223 ejus
2147 2152 2558 2224 spiritualibus
2588 2153 2827 2209 ferculis
2877 2154 3145 2227 plenum,
3195 2159 3669 2216 contubernium

1985 2240 2117 2311 ejus
2176 2239 2554 2310 angelicum;
2616 2241 2780 2297 mala
2827 2242 3033 2297 omnia
3087 2246 3385 2317 tanquam
3446 2264 3670 2307 venera

1986 2328 2296 2384 mortifera
2315 2328 2672 2402 respuebat;
2699 2329 2863 2385 bona
2892 2331 3099 2387 omnia
3148 2335 3443 2407 tanquam
3492 2353 3669 2415 para-

1987 2416 2101 2470 disi
2154 2420 2429 2472 aromata
2471 2416 2777 2487 diligebat.
2824 2421 3129 2476 Postremo
3173 2420 3223 2475 si
3270 2422 3433 2479 velut
3457 2441 3668 2497 quem-

1988 2503 2135 2559 dam
2167 2505 2472 2578 epilogum
2504 2505 2699 2562 facere
2724 2506 2984 2564 volueris
3010 2526 3023 2577 ;
3056 2513 3213 2565 totus
3253 2510 3350 2567 ille
3381 2517 3508 2569 erat
3534 2531 3667 2589 per-

1989 2592 2201 2663 fectus,
2235 2598 2292 2649 et
2316 2598 2471 2650 totus
2499 2599 2626 2651 erat
2657 2599 2774 2652 Deo
2797 2596 3027 2669 plenus.
3053 2598 3189 2654 Haec
3212 2605 3401 2669 erant,
3432 2602 3663 2675 fratres,

1990 2683 2230 2753 patroni
2277 2684 2469 2740 nostri
2509 2684 2841 2743 beatissimi
2894 2687 3187 2744 Switberti
3212 2688 3274 2745 in
3306 2690 3577 2747 adversis
3609 2697 3667 2748 et

1990 2772 2297 2844 prosperis
2328 2789 2499 2830 arma
2532 2794 2543 2830 :
2581 2791 2722 2831 cum
2747 2775 2841 2831 his
2872 2775 2934 2831 iu
2973 2777 3141 2832 omni
3177 2794 3372 2848 agone
3420 2780 3666 2837 dimica-

1990 2861 2117 2932 bat,
2150 2879 2221 2918 ac
2252 2880 2489 2937 semper
2513 2869 2569 2920 et
2589 2864 2814 2938 ubique
2844 2864 3143 2922 vincebat.
3200 2870 3326 2923 Non
3357 2868 3518 2924 enim
3540 2874 3667 2926 erat

1993 2950 2075 3006 illi
2103 2951 2441 3009 colluctatio
2474 2953 2765 3010 adversus
2797 2970 3042 3010 carnem
3066 2960 3123 3010 et
3149 2957 3527 3027 sanguinem,
3562 2959 3665 3013 sed

1995 3038 2288 3096 adversus
2346 3057 2591 3097 carnem
2666 3046 2722 3098 et
2779 3042 3161 3112 sanguinem,
3223 3045 3328 3100 sed
3377 3045 3663 3102 adversus

1994 3128 2212 3183 mundi
2240 3134 2495 3186 rectores
2528 3130 2911 3186 tenebrarum
2956 3130 3197 3205 harilm,
3246 3137 3456 3189 contra
3482 3134 3669 3209 spiri-

1998 3217 2183 3273 tualia
2212 3219 2492 3292 nequitiae
2530 3218 2592 3274 in
2624 3219 2984 3275 coelestibus.

2071 3312 2123 3362 6.
2164 3308 2434 3379 Agamus
2460 3323 2601 3377 ergo
2630 3308 2852 3378 gratias
2882 3308 3281 3381 omnipotenti
3335 3313 3450 3367 Deo
3480 3311 3543 3367 in
3572 3311 3667 3367 die

2001 3394 2396 3453 solemnitatis
2444 3397 2627 3468 hujus
2677 3397 3043 3453 sacrosancti
3087 3398 3383 3471 antistitis,
3431 3406 3669 3457 orantes

2001 3483 2180 3540 simul
2227 3490 2284 3541 et
2320 3485 2696 3558 postulantes
2740 3490 2825 3554 ut,
2881 3486 3055 3556 cujus
3105 3486 3291 3543 vitam
3346 3488 3670 3556 gloriosam

2000 3575 2402 3646 praedicamus
2432 3574 2493 3628 111
2526 3573 2716 3639 terris,
2750 3574 2878 3645 ejus
2903 3574 3238 3647 patrocinio
3281 3576 3505 3648 perfrui
3550 3593 3672 3632 inc-

2001 3677 2244 3718 reamur
2267 3662 2328 3717 in
2360 3660 2542 3717 caelis.
2576 3665 2784 3717 Amen.

1471 3983 1851 4071 SERMO
1929 3984 2429 4073 RA'DBODI

590 4214 749 4327 DE
808 4212 1089 4325 VITA
1150 4213 1242 4325 S.
1312 4212 1852 4328 VIRGINIS
1928 4212 2421 4328 CHRISTI
2496 4213 3308 4326 AMELBERGXE.

1410 4446 1514 4516 (Ex
1544 4448 1694 4502 Boll.
1730 4449 1856 4503 Act.
1887 4448 1982 4503 ss.
2023 4448 2087 4501 111
2117 4448 2261 4520 Jul.,
2292 4466 2349 4520 Ρ.
2383 4448 2496 4515 88).

306 4628 360 4679 ί.
403 4621 903 4695 Quotiescunque,
918 4621 1287 4678 dilectissimi
1303 4621 1531 4689 fratres,
1551 4627 1899 4681 sanctorum
1929 4624 1973 4678 D
2012 4624 2170 4680 male
2200 4622 2374 4695 mori,
2402 4623 2465 4678 in
2486 4622 2864 4695 sepulcro,ac
2887 4622 3146 4693 jacendo
3180 4624 3377 4694 fetere,
3410 4623 3522 4679 nisi
3545 4640 3680 4697 pec-

232 4713 338 4775 Dei
366 4712 727 4771 memoriam
753 4712 832 4769 ad
856 4711 1102 4768 laudem
1127 4716 1184 4768 et
1214 4711 1468 4782 gloriam
1504 4712 1769 4767 nominis
1816 4712 1903 4784 ip-

231 4802 360 4859 sius
382 4800 639 4872 agimus,
656 4802 826 4860 toties
847 4819 883 4858 a
911 4806 1299 4875 peccatorum
1328 4806 1674 4857 nostrorum
1706 4801 1903 4873 sepul-

232 4890 351 4947 cris
370 4890 760 4961 resurgimus.
794 4890 1109 4948 Reviviscit
1133 4890 1294 4947 enim
1325 4895 1466 4947 tunc
1512 4890 1904 4963 quodammo-

230 4978 317 5041 do
346 4977 500 5037 ﬁdes
526 4983 752 5049 nostra,
808 4984 865 5035 et
912 4978 1182 5037 rediviva
1222 4979 1546 5035 innovatur
1583 4977 1901 5035 dulcedine

223 5084 352 5125 vox
377 5072 590 5126 nostra
616 5085 723 5141 per
751 5067 950 5129 omcia
994 5068 1294 5129 labiorum
1336 5072 1681 5125 nostrorum
1732 5068 1899 5141 (447),

226 5173 309 5219 ac
330 5172 441 5229 per
453 5157 570 5217 hoc
594 5158 667 5217 sit
685 5158 749 5215 in
774 5157 952 5215 nobis
970 5157 1139 5230 quod
1167 5157 1310 5214 dicit
1326 5157 1650 5230 Apostolus
1682 5175 1693 5213 :
1718 5160 1905 5215 Reno-

228 5247 470 5305 vamim'
514 5249 733 5318 spritu
790 5248 1002 5304 mentis
1048 5254 1273 5317 vestrm,
1320 5254 1375 5304 et
1418 5249 1648 5304 induite
1681 5264 1900 5304 novum

229 5335 541 5394 hominem
564 5335 808 5409 (Ephes.
838 5354 921 5410 1v,
952 5339 1063 5410 23).
1097 5337 1251 5404 Quid
1294 5352 1559 5410 namque
1606 5339 1696 5392 est
1737 5334 1903 5392 aliud

311 5480 462 5549 (447)
501 5481 645 5555 Qum
676 5484 1009 5555 sequuntur
1034 5495 1225 5555 usque
1253 5478 1621 5555 adprogimi
1665 5477 1902 5555 numeri

222 5550 374 5609 hac
400 5549 610 5619 verba,
640 5549 782 5610 ecce'
800 5558 999 5610 autem
1020 5549 1303 5624 occurrit,
1335 5549 1398 5610 in
1422 5551 1679 5610 editione
1708 5550 1905 5608 Mabil-

2008 4718 2281 4768 catorum
2309 4710 2588 4768 sordibus
2608 4710 2957 4783 inquinari?
3004 4714 3071 4766 Et
3099 4711 3247 4784 quid
3280 4712 3445 4768 aliud
3475 4717 3564 4769 est
3590 4713 3670 4769 ab

2008 4800 2122 4856 hoc
2146 4802 2380 4857 tumulo
2410 4816 2736 4871 resurgere,
2792 4798 2908 4853 nisi
2960 4815 3068 4872 per
3125 4800 3565 4857 confessionem
3614 4807 3671 4859 et

2007 4890 2418 4961 paenitentiam
2467 4889 2544 4945 ad
2589 4889 2791 4957 vitam,
2849 4887 2953 4959 qui
2984 4889 3247 4945 Christus
3278 4895 3384 4959 est,
3431 4890 3682 4950 redire?

2009 4978 2312 5034 Habemus
2342 4994 2488 5034 sane
2518 4974 2866 5048 hujusmodi
2889 4976 3096 5032 mortis
3126 4976 3389 5049 plurima
3434 4978 3497 5033 in
3531 4974 3679 5037 Scri-

2007 5067 2196 5139 pturis
2225 5066 2522 5140 exempla,
2553 5081 2688 5138 quea
2714 5063 2844 5119 illos
2872 5062 3020 5120 solet
3044 5068 3312 5120 mortuos
3343 5065 3677 5147 appellare,

2008 5156 2113 5228 qui
2140 5172 2457 5229 nunquam
2486 5154 2695 5211 volunt
2723 5170 2759 5209 a
2787 5152 3046 5226 peccatis
3088 5153 3467 5226 resipiscere;
3519 5154 3701 5216 sicut

2008 5250 2096 5301 est
2152 5245 2299 5301 illud
2352 5245 2413 5300 in
2460 5242 2776 5314 Evangelio
2811 5259 2824 5297 :
2863 5243 3057 5300 Sinite
3112 5249 3376 5302 mortuos
3425 5246 3681 5315 sepelire

2008 5341 2272 5391 mortuos
2297 5350 2431 5390 suos
2463 5334 2630 5400 (Luc.
2657 5350 2740 5405 111,
2771 5336 2844 5405 6).
2880 5335 3080 5406 Neque
3113 5332 3276 5390 enim
3325 5334 3365 5391 ii
3408 5333 3512 5408 qui
3559 5349 3686 5392 cor-

2009 5477 2153 5552 lonii
2181 5475 2584 5550 praetermissa
2613 5480 2773 5550 sunt,
2804 5476 3147 5536 substitutis
3177 5476 3482 5552 punctulis
3513 5474 3688 5551 quasi

2013 5548 2093 5606 ad
2113 5548 2240 5605 rein
2270 5564 2393 5605 non
2424 5551 2709 5621 spectent.
2760 5548 2765 5550 ⁷
3177 5548 3200 5552 “
3266 5576 3289 5599 ρο
