3980 6182
426 108 518 171 ὅθι

1485 108 1541 164 8.
1583 105 1889 164 meson:
1928 59 2424 162 TBAJECTENSIS
2464 60 2794 163 EPISCOPI.
3660 75 3736 178 θεέ

425 255 578 312 pora
635 236 1001 311 sepeliebant
1053 231 1437 306 corporaliter
1480 231 1699 287 mortui
1738 234 1940 298 erant;
1981 228 2087 286 sed
2118 232 2164 285 A
2204 228 2507 299 manebat,
2554 229 2798 300 jejuniis
2846 233 2903 285 et
2949 227 3302 287 orationibus
3340 235 3563 293 serviens

427 345 568 386 cum
594 331 795 383 essent
826 322 1110 393 scelerati,
1143 338 1211 378 ac
1242 325 1561 395 propterea
1583 320 1823 388 mortui,
1849 318 2091 391 sepelie—

427 417 575 473 bant
629 432 730 472 eos
782 430 935 487 quos
983 427 1148 468 mors
1210 409 1480 483 corporis
1522 426 1558 466 a
1609 410 1731 465 vita
1778 406 2086 464 subtraxit.

429 506 716 573 Quocirca
744 519 854 559 nos
884 517 1128 575 quoque
1170 500 1379 556 mortis
1408 500 1589 571 hujus
1619 498 1975 554 detrimenta
1996 512 2091 552 ca-

427 610 713 662 veamus;
745 591 1021 665 quinimo
1046 590 1121 646 de
1161 588 1449 662 sepulcris
1498 587 1778 643 vitiorum
1823 586 1937 642 cito
1985 601 2093 658 per

426 676 681 752 gratiam
713 678 927 739 Christi
954 693 1266 748 resurgere
1297 677 1664 742 festinemus,
1697 679 1763 730 ut
1791 691 1929 731 cum
1959 673 2091 746 ipso

423 770 487 827 in
517 774 738 827 aeterna
758 768 1126 826 beatitudine
1158 766 1355 823 vivere
1384 781 1742 822 mereamur.

498 865 551 917 2.
594 863 799 932 Itaque
827 857 1148 914 laudemus
1176 854 1501 911 Dominum
1526 854 1712 910 Deum
1732 857 2004 909 nostrum
2030 850 2091 907 in

428 948 648 1006 sanctis
682 947 827 1017 suis,
859 946 1224 1017 eosdemque
1255 943 1519 999 vicissim
1566 942 1978 999 collaudemus
2036 945 2093 996 et

428 1038 796 1094 honoremus
824 1035 883 1091 in
915 1035 1069 1107 ipso,
1086 1034 1333 1108 quando
1356 1032 1602 1107 quidem
1639 1035 1754 1088 Deo
1783 1036 1841 1087 et
1869 1029 2092 1086 sanctis

428 1128 559 1198 ejus
591 1126 828 1193 servire,
862 1140 1001 1180 vere
1049 1128 1140 1179 est
1185 1124 1401 1188 vivere,
1455 1127 1633 1195 atque
1680 1121 1743 1177 in
1781 1122 1895 1176 hoc
1926 1118 2092 1175 omni

426 1210 697 1288 tempore
723 1229 1100 1287 permanere,
1132 1212 1457 1286 prudenter
1477 1216 1564 1266 est
1583 1210 1831 1284 laqueos
1856 1209 2095 1266 delicto-

424 1321 562 1361 rum
596 1303 876 1360 devitarc.
908 1305 1052 1359 Ecce
1077 1306 1275 1358 autem
1308 1300 1566 1357 occurrit
1603 1299 1776 1369 nobis
1800 1299 2094 1356 hodierna

425 1395 521 1453 die
568 1394 749 1465 hujus
795 1392 881 1449 rei
936 1391 1318 1465 aptissimum
1370 1395 1628 1461 tempus,
1672 1389 1731 1444 in
1763 1406 1884 1461 quo
1912 1405 2091 1461 para-
2139 1446 2143 1451 ,

425 1484 597 1540 doxse
652 1481 901 1551 virginis
960 1480 1336 1549 Amalberga
1393 1477 1849 1534 memorabilem
1906 1479 2091 1533 vitam

2198 322 2393 388 nocte,
2427 318 2958 392 eleemosynasque
2987 318 3265 391 plurimas
3290 326 3341 377 et
3362 323 3667 396 largissimas
3682 331 3743 388 ia.

2201 407 2362 463 ciens
2391 424 2531 463 cum
2562 408 2831 464 maxima
2881 407 3186 475 hilaritate,
3233 409 3445 467 habens
3482 430 3671 489 semper
3704 422 3746 481 in

2200 496 2491 552 memoria
2516 495 2662 552 illud
2689 496 3089 569 apostolicum
3121 515 3132 553 :
3166 499 3422 556 Hilarem
3448 503 3666 560 datorem
3687 509 3748 562 di-

2204 588 2334 656 ligit
2365 589 2521 643 Deus
2554 586 2643 658 (II
2667 588 2805 643 Cor.
2835 604 2915 653 1x,
2947 587 3023 659 7).
3078 589 3332 660 Cumque
3357 595 3494 647 esset
3519 594 3749 664 speciosis-

2200 673 2353 729 sima
2384 690 2577 740 usque
2606 673 2758 730 adeo
2784 678 2850 730 ut
2874 673 3133 747 reliquas
3161 690 3360 732 omnes
3389 692 3488 732 sua
3504 678 3751 750 pulchritu-

2198 762 2336 819 dine
2369 768 2697 836 superaret,
2717 767 2963 836 propter
2991 763 3380 820 honestissimi
3405 767 3629 838 corporis
3650 785 3750 841 pra-

2198 852 2535 923 rogativam
2594 869 2749 926 pene
2806 853 3051 909 incurrit
3090 853 3372 925 pudicitiae
3399 854 3750 914 detrimentum.

2199 944 2349 998 Nam
2384 959 2521 997 cum
2548 943 2679 1013 ejus
2709 941 2913 1015 opinio
2939 941 3018 999 ad
3046 958 3242 1014 regem
3284 943 3585 1015 provincia,
3632 949 3753 1002 Caro-

2198 1030 2326 1086 lum
2356 1032 2502 1103 (448)
2529 1031 2817 1099 videlicet,
2850 1036 2990 1087 tunc
3020 1032 3294 1104 temporis
3344 1032 3671 1104 pervenisset,
3707 1034 3753 1103 is,

2199 1121 2330 1191 ejus
2358 1136 2562 1176 amore
2593 1120 2878 1176 continuo
2909 1124 3137 1194 captus,
3161 1121 3333 1193 coepit
3350 1137 3478 1178 cum
3496 1121 3581 1177 illa
3600 1121 3754 1177 indesi-

2197 1214 2408 1267 nenter
2435 1210 2509 1267 de
2539 1210 2762 1283 nuptiis
2783 1226 2891 1283 per
2912 1210 3299 1266 internuntios
3320 1226 3498 1280 agere.
3516 1213 3757 1283 Postquam

2198 1313 2341 1353 vero
2372 1299 2557 1354 sensit
2583 1298 2955 1355 voluntatem
2989 1314 3161 1355 suam
3187 1314 3223 1354 a
3249 1297 3418 1354 beata
3443 1298 3756 1370 virgine,qua

2200 1404 2262 1443 se
2292 1387 2523 1444 meliori
2554 1404 2802 1462 sponso,
2833 1388 2897 1444 id
2924 1392 3013 1445 est
3042 1387 3288 1456 Christo,
3318 1386 3599 1443 devoverat
3619 1385 3755 1445 omni.

2199 1477 2398 1533 modis
2428 1478 2762 1550 reprobari,
2795 1477 2964 1550 quod
3014 1475 3429 1534 blandimentis
3467 1482 3518 1531 et
3547 1479 3757 1547 potestate

426 1588 633 1630 annua
660 1570 969 1627 festivitate
1010 1569 1351 1635 recolimus,
1404 1584 1539 1641 qua
1582 1567 1643 1622 in
1686 1568 1800 1623 hac
1830 1567 2089 1639 peregri-
2123 1585 2162 1640 Β
2198 1566 2363 1636 regia
2388 1581 2511 1622 non
2544 1566 2728 1623 valuit
2758 1582 2865 1639 per
2891 1566 3142 1624 insidias
3166 1570 3219 1622 et
3248 1563 3512 1638 quadam
3532 1562 3759 1620 latrocinia

427 1662 671 1718 natione
701 1663 817 1716 Deo
844 1663 902 1715 et
928 1657 1277 1713 hominibus
1308 1656 1653 1727 gratissima
1682 1656 1917 1723 exstitit,
1963 1660 2092 1712 tum

428 1749 744 1823 splendore
820 1746 1072 1817 gemina
1145 1745 1607 1819 pulchritudinis
1638 1787 1651 1814 ,
1729 1750 1857 1801 tum
1912 1745 2092 1802 etiam

428 1840 641 1897 merito
692 1837 991 1911 pudicitia
1040 1835 1365 1905 virginalis.
1400 1838 1554 1899 Hac,
1605 1851 1743 1890 cum
1785 1841 1942 1891 esset
1978 1835 2094 1907 pri-

426 1929 543 1986 mis
600 1930 732 1985 orta
786 1925 1087 1994 natalibus
1139 1928 1195 1981 et
1232 1930 1475 1997 propter
1520 1924 1776 1981 nimium
1825 1925 2092 1997 corporis

427 2018 707 2074 decorem
737 2014 1022 2071 omnibus
1050 2012 1344 2081 amabilis,
1370 2012 1544 2083 elegit
1574 2029 1634 2069 se
1665 2029 1880 2070 ornare
1910 2013 2090 2069 virtu~

427 2106 556 2159 tum
582 2103 837 2175 gemmis
859 2102 1056 2174 potius
1080 2118 1268 2175 quam
1293 2101 1562 2158 vestibus
1577 2102 1873 2176 pretiosis,
1890 2102 2095 2158 vilem-

426 2208 544 2265 que
575 2207 639 2247 se
669 2196 726 2247 et
761 2190 1193 2263 despicabilem
1222 2190 1423 2246 statuit
1448 2191 1731 2247 humanis
1776 2190 2092 2247 ostendere

426 2280 634 2349 oculis,
657 2296 779 2354 quo
797 2279 1057 2353 pretiosa
1085 2283 1265 2352 atque
1290 2279 1714 2335 honestissima
1764 2280 2091 2352 conspecti-

426 2370 541 2427 bus
571 2373 887 2444 appareret
912 2368 1147 2424 divinis.
1181 2372 1309 2424 Non
1335 2384 1484 2424 auro
1504 2368 1785 2425 utebatur
1808 2373 1912 2426 aut
1937 2385 2095 2426 mar-

428 2458 652 2531 garitis,
679 2457 825 2532 quia
854 2456 1081 2514 sciebat
1107 2456 1403 2513 Christum
1435 2472 1729 2529 sponsum
1759 2473 1937 2513 suum
1968 2473 2091 2514 non

425 2548 496 2605 iis
521 2548 702 2605 fuisse
727 2563 906 2603 usum
935 2546 995 2603 in
1028 2545 1195 2603 terris
1221 2564 1233 2613 ;
1280 2560 1403 2601 non
1447 2562 1781 2619 purpuram
1807 2546 2093 2617 diligebat

427 2643 532 2696 aut
554 2638 828 2711 byssum,
855 2637 1145 2711 quoniam
1176 2653 1299 2693 non
1327 2636 1647 2708 ignorabat
1689 2641 1933 2710 propter
1978 2637 2089 2693 hu-

420 2728 693 2801 jusmodi
719 2728 943 2785 multos
975 2727 1244 2797 demergi
1272 2727 1336 2783 in
1362 2726 1677 2799 abyssum.
1699 2729 1827 2783 Non
1842 2726 2092 2783 delecta-

425 2817 605 2874 batur
634 2816 995 2874 rumusculis
1034 2816 1380 2889 frequentia
1424 2815 1760 2889 popularis,
1807 2816 1954 2888 quia
2000 2832 2091 2872 se-

2200 1654 2473 1711 clanculo
2503 1655 2670 1710 nisus
2690 1659 2779 1710 est
2808 1658 3113 1711 attentare.
3143 1657 3213 1710 At
3243 1652 3341 1709 illa
3364 1656 3549 1709 contra
3561 1651 3662 1707 hac
3677 1667 3759 1706 om-

2199 1744 2300 1799 nia
2324 1743 2664 1800 orationum
2690 1743 2938 1816 clypeos
2966 1748 3024 1800 et
3070 1742 3321 1799 calestis
3367 1745 3645 1798 armaturae
3682 1738 3758 1794 fra-

2200 1848 2370 1888 meas
2402 1833 2775 1889 ostendebat.

2271 1927 2321 1976 5.
2366 1922 2636 1988 Quadam
2668 1938 2811 1978 vero
2839 1921 2956 1990 die,
2988 1939 3132 1979 cum
3161 1920 3497 1979 beatissima
3518 1917 3679 1992 puella
3703 1915 3759 1971 in-

2201 2015 2286 2068 ter
2315 2011 2675 2067 domesticos
2706 2012 2960 2084 parietes
2990 2012 3121 2069 sola
3140 2011 3440 2077 resideret,
3463 2008 3761 2082 psalmosque

2202 2117 2368 2157 more
2418 2100 2590 2156 solito
2651 2106 2907 2166 caneret,
2953 2118 3104 2173 puer
3141 2100 3443 2157 familiaris
3476 2101 3672 2170 repente
3694 2109 3763 2165 per

2198 2190 2500 2264 posticum
2526 2189 2713 2258 irruit,
2746 2190 3136 2263 proclamans
3176 2195 3236 2246 et
3270 2187 3601 2246 annuntians
3625 2197 3765 2253 regem

2199 2295 2338 2336 cum
2369 2279 2716 2335 satellitibus
2748 2280 2870 2335 suis
2900 2280 3111 2336 adesse
3139 2296 3264 2354 pra
3293 2277 3525 2336 foribus.
3565 2277 3689 2331 Tunc
3710 2270 3765 2342 ip

2199 2385 2288 2439 sa,
2314 2368 2461 2424 nihil
2492 2368 2583 2424 sui
2611 2367 2815 2435 oblita,
2848 2368 3204 2439 oratorium,
3238 2367 3401 2441 quod
3429 2363 3609 2422 domui
3632 2360 3768 2419 adha-

2196 2459 2387 2523 rebat,
2420 2457 2593 2514 celeri
2623 2474 2802 2513 cursu
2830 2458 3104 2529 ingressa
3151 2462 3261 2528 est,‘
3320 2457 3419 2512 ubi
3454 2471 3510 2510 se
3531 2453 3657 2508 illico
3676 2463 3767 2505 cum

2198 2548 2424 2620 gemitu
2452 2552 2509 2604 et
2537 2547 2820 2620 lacrymis
2850 2548 2929 2603 ad
2954 2548 3295 2604 orationem
3320 2543 3624 2620 prostravit,
3639 2536 3766 2595 ﬂebili

2196 2654 2344 2694 voce
2374 2638 2720 2703 obsecrans,
2748 2642 2812 2692 ut
2841 2653 2977 2693 eam
3001 2637 3299 2694 Dominus
3322 2635 3395 2692 de
3419 2628 3770 2698 imminentipe
3874 2666 3875 2675 η

2197 2726 2384 2782 riculo
2440 2726 2738 2782 liberaret.
2780 2728 2929 2781 Tum
2977 2742 3119 2782 vero
3171 2742 3296 2796 rex,
3336 2723 3570 2780 nimium
3593 2725 3770 2775 temera-
3874 2748 3875 2751 η

2198 2815 2339 2882 rius,
2367 2819 2505 2888 post
2533 2832 2668 2871 eam
2694 2814 2755 2870 in
2785 2815 3118 2871 oratorium
3139 2816 3391 2882 intrans,
3419 2811 3573 2885 capit
3592 2807 3656 2864 illi
3673 2802 3775 2860 mul-

427 2911 654 2962 cretum
684 2906 885 2963 locum
914 2909 1161 2961 noverat
1179 2921 1308 2961 esse
1339 2909 1750 2978 opportunum
1781 2905 2090 2976 [amicum]
2121 2939 2162 2992 ο
2201 2906 2272 2962 tis
2303 2903 2748 2961 adulationibus
2779 2904 3058 2977 blandiri,
3108 2906 3495 2992 honoresque
3519 2896 3774 2992 promittere
3874 2892 3875 2949 i

426 3011 722 3052 mCBI‘OI‘lS.

498 3089 550 3142 3.
592 3078 773 3141 Porro
800 3087 1024 3150 autem,
1050 3083 1121 3140 iis
1150 3082 1720 3155 contemptis,longe
1741 3083 1908 3140 aliter
1932 3083 2094 3140 facti-

426 3174 625 3243 tabat;
657 3189 824 3245 nam,
858 3189 969 3246 pro
1000 3172 1269 3244 cognatis
1300 3176 1357 3229 et
1385 3172 1592 3228 amicis
1619 3172 1837 3241 saeculi,
1884 3173 2093 3244 dilige-

427 3264 532 3322 bat
558 3279 855 3337 pauperes
881 3262 1135 3331 Christi;
1164 3278 1275 3335 pro
1321 3278 1469 3318 auro
1512 3267 1690 3335 atque
1733 3263 2090 3333 margaritis,

427 3352 756 3411 ornabatur
779 3350 1083 3413 sententiis
1113 3350 1396 3407 doctrinae
1429 3350 1782 3423 spiritualis;
1816 3367 1925 3424 pro
1954 3352 2094 3424 bys-

426 3442 572 3501 sinis
599 3441 1036 3515 purpureisque
1062 3440 1356 3509 vestibus,
1398 3439 1594 3496 cinere
1633 3445 1690 3496 et
1738 3440 1924 3497 silicio
1963 3445 2091 3497 ute-

424 3532 635 3601 batur;
667 3547 777 3604 pro
802 3529 1136 3604 frequentia
1166 3529 1467 3604 populari,
1511 3545 1699 3603 quam
1738 3530 1976 3603 penitus
2004 3546 2092 3586 re-

426 3621 702 3695 spuebat,
734 3620 796 3676 in
825 3618 1096 3677 excubiis
1131 3613 1495 3692 templorum
1522 3617 1774 3686 Domini,
1816 3617 1974 3675 circa
1997 3634 2091 3675 sa-

423 3726 526 3768 cra
549 3709 760 3767 altaria
787 3708 1016 3766 orando
1043 3712 1099 3765 et
1127 3708 1431 3779 vigilando
1458 3708 1681 3780 jugiter
1716 3708 2087 3766 morabatur.

424 3802 643 3856 Verum
667 3797 979 3871 quomodo
1005 3801 1063 3855 et
1091 3796 1257 3870 quali
1288 3797 1496 3854 ordine
1529 3797 1608 3854 ad
1638 3802 1872 3854 tantum
1915 3797 2092 3853 disci-

424 3886 604 3959 plina
625 3885 880 3942 calestis
894 3884 1227 3957 pervenerit
1253 3901 1561 3941 summam
1591 3900 1716 3940 non
1745 3889 1836 3940 est
1860 3884 2093 3941 silentio

424 3971 861 4028 transeundum
906 3976 1148 4045 propter
1195 3971 1541 4046 exemplum
1584 3972 1836 4039 bonum,
1866 3976 1923 4028 et
1949 3989 2089 4047 pro-

424 4064 556 4134 pter
570 4059 919 4117 meritorum
935 4061 1065 4133 ejus
1077 4060 1331 4131 dignum
1347 4060 1688 4117 narratione
1700 4061 2089 4134 praeconium.

425 4150 563 4205 Erat
588 4148 813 4222 quippe
842 4149 971 4205 hac
1001 4147 1393 4221 pudicissima
1420 4148 1622 4222 puella
1650 4149 1711 4204 in
1750 4150 2091 4207 haereditate

420 4240 664 4310 patrum
686 4252 933 4293 suorum
950 4236 1319 4309 temporibus
1335 4238 1703 4295 Francorum
1724 4238 2086 4312 principum,

421 4342 577 4401 quos
605 4325 855 4400 quidem
884 4343 922 4383 a
950 4325 1161 4383 Carolo
1191 4329 1402 4396 Magno
1435 4326 1739 4384 Carolidas
1760 4343 2090 4401 possumus

421 4415 745 4491 appellare,
774 4417 899 4490 qui,
938 4416 1019 4473 ob
1048 4415 1411 4490 multiplices
1442 4416 1720 4475 victorias
1773 4422 1831 4475 et
1878 4418 2091 4475 admit-

419 4507 604 4565 tenda
621 4507 685 4564 in
715 4506 1047 4564 Christiana
1076 4505 1361 4576 religione
1387 4506 1604 4578 studia,
1627 4508 1723 4564 hic
1748 4508 1913 4565 solus
1938 4508 2092 4566 inter

420 4601 665 4654 cateros
694 4595 1061 4653 vocabulum
1096 4595 1444 4668 promeruit,
1476 4600 1542 4652 ut
1570 4597 1781 4653 merito
1828 4612 2091 4668 magnus

419 4690 478 4744 et
506 4685 771 4759 optimus
792 4683 1109 4742 diceretur.

490 4779 545 4832 4.
587 4776 836 4846 Horum,
892 4779 959 4831 ut
1000 4774 1229 4831 dictum
1273 4778 1381 4843 est,
1431 4774 1491 4830 in
1543 4774 1758 4831 diebus
1801 4781 2007 4833 sancta
2036 4780 2094 4833 et

418 4867 539 4923 Deo
568 4864 786 4938 placita
815 4863 982 4936 virgo
1013 4864 1393 4935 Amelberga,
1415 4863 1711 4921 defunctis
1722 4865 1854 4936 jam
1881 4882 2094 4938 paren-

418 4953 599 5022 tibus,
630 4954 694 5010 in
718 4954 1123 5028 possessione,
1184 4970 1321 5028 qua
1352 4953 1405 5010 ei
1434 4970 1607 5010 secus
1659 4954 1938 5012 Scaldem
1986 4955 2096 5015 ﬂu-

419 5043 585 5101 vium
612 5042 905 5102 latissima
932 5060 1004 5101 ex
1033 5043 1488 5118 progenitorum
1534 5044 1908 5101 successione
1956 5060 2093 5118 pro-

418 5137 680 5202 venerat,
712 5149 853 5190 cum
887 5134 1066 5191 unico
1097 5134 1276 5190 fratre
1308 5149 1418 5189 suo
1442 5132 1889 5204 religiosissime
1929 5150 2092 5191 com-

494 5293 644 5363 (448)
664 5291 788 5369 _Hic
820 5292 984 5369 clare
1017 5293 1371 5369 exprimitur
1401 5309 1626 5350 nomen
1667 5295 1882 5369 Caroli:
1924 5296 2093 5369 quod

420 5363 598 5438 plane
626 5362 833 5420 aberat
863 5379 900 5419 a
929 5362 1132 5438 codice
1174 5364 1275 5420 illo
1324 5381 1465 5438 quo
1501 5381 1646 5421 usus
1690 5371 1779 5422 est
1825 5362 2093 5423 Maﬁillo-

424 5435 560 5507 nius
589 5451 601 5490 :
636 5440 887 5507 ativero,
919 5435 1085 5507 quod
1106 5451 1290 5507 supra
1316 5435 1690 5505 dicebamus,
1722 5453 1847 5493 non
1888 5438 2091 5494 minus

421 5506 499 5565 ad
524 5506 849 5566 Martellum
881 5506 1081 5580 referri
1110 5506 1329 5580 potest,
1358 5524 1541 5580 quam
1576 5509 1654 5565 ad
1677 5509 1955 5566 Carolum
1977 5513 2089 5567 Ma-

419 5595 631 5652 gnum,
659 5594 804 5638 nam
833 5582 891 5637 et
911 5577 1006 5636 ille
1035 5577 1206 5653 aqua
1229 5595 1301 5636 ac
1332 5577 1484 5636 alius
1516 5580 1624 5636 fuit
1649 5580 1724 5637 de
1764 5582 1943 5655 stirpe
1974 5584 2082 5639 Ca-

2193 2994 2580 3067 temporales,
2608 3010 2731 3067 quo
2758 2993 2854 3049 vel
2883 2994 3006 3049 suis
3045 3010 3188 3050 eam
3237 2988 3680 3068 persuasionibus
3716 2998 3778 3037 ac'

2199 3083 2504 3156 quiescere
2534 3083 2770 3139 faceret.
2801 3084 3019 3139 Verum
3060 3082 3168 3140 illa
3195 3098 3485 3157 sponsum
3526 3090 3676 3152 quem
3705 3069 3778 3126 eis

2200 3176 2368 3243 gerat
2394 3171 2559 3227 nullo
2573 3171 2772 3228 'modo
2802 3170 3222 3244 derelinquere
3252 3171 3476 3235 volens,
3499 3160 3779 3263 jacebat‘inl'

2200 3261 2461 3329 mobilis,
2486 3266 2541 3317 et
2568 3261 2650 3317 ita
2681 3260 2807 3317 solo
2829 3260 3027 3317 deﬁxa
3056 3278 3131 3318 ac
3174 3262 3225 3318 si
3254 3256 3597 3335 quibuslibet
3632 3245 3779 3308 radici-

2198 3350 2314 3406 bus
2342 3349 2629 3422 implicita
2655 3354 2971 3406 teneretur.
3002 3353 3339 3424 Postquam
3366 3351 3554 3405 autem
3573 3358 3660 3399 rex
3680 3350 3777 3394 cun-

2200 3443 2295 3496 cta
2349 3439 2762 3495 blandimenta
2809 3439 3202 3513 (vaniloquia)
3262 3436 3548 3501 adhibuit,
3584 3427 3777 3500 ῐιὶῙιίῙίΙικ
3874 3432 3875 3435 “

2200 3544 2262 3584 se
2310 3527 2600 3601 proﬁcere
2642 3527 2807 3594 vidit,
2861 3528 3091 3599 regiam
3124 3528 3537 3586 auctoritatem
3581 3518 3714 3577 vertit
3742 3513 3781 3567 in

2203 3617 2598 3674 saevissimam
2636 3617 3038 3690 tyrannidem,
3084 3624 3451 3692 arreptaque
3503 3614 3616 3686 ejus
3653 3616 3781 3664 manu

2199 3707 2486 3764 violenter
2504 3706 2671 3762 illam
2700 3706 2864 3762 foras
2895 3707 3132 3765 trahere
3165 3707 3517 3766 conabatur.
3563 3699 3656 3760 Sed
3691 3705 3782 3751 cum

2201 3797 2380 3854 etiam
2409 3796 2491 3853 ita
2516 3795 2722 3852 nullus
2753 3813 2893 3854 eum
2924 3802 3283 3871 sequeretur
3319 3797 3571 3861 effectus,

2202 3886 2414 3960 puella
2433 3885 2753 3942 brachium
2784 3886 3007 3943 fortiter
3035 3888 3376 3953 excutiens,
3431 3885 3785 3963 summaque?

2201 3979 2507 4049 torquens,
2540 3975 2727 4032 fracto
2751 3975 3058 4046 virginalis
3086 3976 3335 4033 humeri
3378 3989 3509 4032 osse
3551 3964 3693 4043 quasi
3717 3970 3784 4032 qm

2202 4081 2262 4122 se
2289 4064 2672 4131 vindicasset,
2703 4063 3008 4121 abscessit.
3778 4133 3784 4141 _

2272 4159 2323 4210 6.
2365 4158 2527 4211 Tunc
2556 4154 2675 4223 illa,
2711 4159 2776 4211 ut
2804 4160 2931 4211 erat
2957 4155 3310 4228 tenerrima,
3356 4155 3436 4211 ob
3482 4144 3701 4210 vulneris
3728 4150 3786 4191 εω

2202 4244 2624 4315 gravissimum
2634 4244 3142 4314 dolorem,coram
3154 4245 3423 4302 Domino
3442 4230 3791 4315 aliquantulum

2202 4334 2448 4406 quidem
2474 4333 2667 4403 ﬂevit;
2692 4334 2903 4390 tandiu
2932 4338 3135 4391 autem
3165 4334 3389 4404 oravit,
3407 4334 3587 4390 donec
3606 4329 3791 4399 spollsus

2201 4440 2346 4480 suus
2391 4423 2654 4480 Christus
2706 4424 2961 4491 adesset,
3013 4439 3281 4497 eamque
3343 4422 3587 4481 sanitate
3632 4414 3795 4480 ἱιιιθεη

2198 4515 2577 4569 restauraret.
2609 4513 2691 4567 Ex
2728 4511 2830 4569 illa
2854 4518 3053 4568 autem
3098 4512 3199 4568 die
3250 4512 3493 4569 nullum

2198 4617 2381 4675 passa
2411 4605 2500 4657 est
2525 4600 2787 4674 amplius
2812 4604 3167 4671 amatorem,
3205 4603 3316 4659 sed
3350 4601 3532 4659 libere
3566 4596 3620 4653 in
3655 4595 3798 4681 ενοιξὲ

2200 4691 2291 4747 sui
2311 4691 2543 4748 Domini
2574 4690 2760 4747 nostri
2778 4694 2916 4748 Jesu
2938 4690 3148 4749 Christi
3170 4691 3500 4749 dilectione
3529 4676 3797 4766 permansit:

2200 4782 2244 4837 Ο
2267 4779 2403 4836 felix
2423 4780 2882 4837 commercium!
2903 4782 2947 4838 Ο
2964 4780 3228 4838 nimium
3256 4758 3801 4856 prudens—electioghi

2200 4884 2305 4925 rex
2324 4873 2492 4925 terra
2517 4885 2627 4942 pro
2654 4872 2926 4927 Creatore
2958 4869 3091 4925 coeli
3127 4874 3189 4926 et
3238 4854 3419 4927 terra
3463 4854 3799 4951 contemnitva

2204 4957 2307 5014 ubi
2332 4960 2486 5015 Deus
2515 4941 2626 5031 pro
2656 4958 2900 5015 homine
2930 4958 3279 5027 adamatur,
3334 4958 3443 5017 ubi
3478 4970 3585 5032 pro
3604 4951 3706 5010 luto
3730 4941 3803 4999 '1le

2170 5045 2469 5103 ‘calestes
2495 5046 2713 5103 divitia
2736 5047 3172 5120 conquiruntur
3195 5048 3209 5103 l
3238 5050 3288 5106 Ο
3318 5044 3657 5106 beatissima

2204 5135 2252 5191 si
2284 5135 2541 5193 multum
2570 5136 2678 5193 tibi
2703 5116 3039 5194 sublimitas
3067 5138 3314 5208 generis
3346 5134 3560 5206 obfuit,
3573 5116 3807 5191 aut!!!“lto

2200 5296 2530 5353 rolidarum
2621 5296 2684 5352 ui
2717 5312 2755 5353 a
2784 5298 2843 5353 Pi
2890 5297 3034 5371 pino
3062 5297 3370 5367 originem
3402 5288 3813 5408 ducunt._N9%§

2202 5368 2375 5424 obest
2390 5339 2555 5426 quod
2578 5313 2816 5425 gicatur
2834 5313 2962 5426 gem
2987 5371 3343 5426 provincia.
3358 5385 3504 5426 nam
3523 5370 3576 5422 et
3592 5357 3712 5419 alibi
3738 5424 3744 5426 Α

2202 5339 2555 5441 ὸἨρέζὲιῦἴά
2578 5339 3504 5439 Ηὲαἵιιίοᾜὲἶῇνὸᾦὶῗι“ἔίῖἷηὲἇι
3523 5370 3576 5422 et
3592 5350 3660 5441 a_li

2202 5424 2538 5515 appellatus
2558 5444 2649 5496 est
2666 5424 2908 5515 Carolus
2922 5424 3577 5515 litartell’us._lllenricius

2201 5503 2485 5593 nidggzum
2600 5511 2871 5593 versione
2900 5529 3008 5593 sua
3037 5510 3341 5593 ﬂandrica
3372 5503 3659 5587 cxprimit,
3681 5503 3813 5593 ξῐῑιεω

2199 5597 2313 5652 ego
2336 5582 2398 5639 in
2422 5582 2588 5641 nullo
2609 5583 2822 5641 codice
2838 5583 3022 5641 latino
3042 5584 3309 5659 reperire
3341 5582 3714 5642 mea—memini.
