3980 6182
1547 29 1601 82 S.
1646 22 1958 81 HADBODI
1997 21 2494 78 TRAJECTENSIS
2534 21 2869 80 EPISCOPI.
3711 49 3781 99 556

476 154 898 214 “adnitentibus
924 151 1197 208 habitum
1224 147 1529 220 religionis
1555 149 1907 220 assumpsit,
1939 147 1998 202 in
2024 160 2145 217 quo
2177 146 2222 199 A
2256 143 2413 235 huic
2431 161 2672 219 semper
2690 146 3016 235 inhaerente
3042 150 3309 221 opposuit
3334 154 3550 210 affectus
3566 157 3780 235 distantis,

492 245 574 302 ita
602 244 833 303 Christo
852 246 909 298 et
938 239 1209 297 Ecclesiae
1224 254 1348 294 sum
1365 238 1619 295 devotus
1642 237 1887 294 effectus
1902 241 1964 292 ut
1993 249 2145 290 core-

493 350 602 391 vos
632 348 772 389 suos
802 328 1030 387 litterati
1052 328 1396 399 sagacitate,
1428 327 1791 400 praecederet
1809 324 2142 397 majoribus

494 421 925 480 ofﬁciosissime
955 422 1209 490 pareret,
1248 418 1648 490 perfectorum
1696 415 1958 489 imperiis
2016 417 2145 469 tan-

493 527 679 586 quam
696 526 731 566 a
757 512 871 564 Deo
893 507 1047 563 datis
1067 521 1208 562 vera
1230 506 1560 562 humilitate
1582 505 1862 578 praeditus
1883 504 2150 575 acquies-

494 603 663 656 ceret.
697 600 876 653 Porro
901 595 961 651 in
989 594 1256 668 pueritiae
1296 594 1491 660 annis,
1547 608 1789 649 morum
1840 593 2148 649 honestate

492 691 750 743 sectatus
774 689 862 742 est
883 682 1293 739 venerandam
1319 699 1527 738 senum
1550 683 1846 750 canitiem,
1869 681 2150 737 innocen—

491 777 561 832 tis
590 776 723 832 vitae
756 770 1215 845 simplicitatem,
1239 772 1523 828 doctrinae
1543 772 1795 827 etelestis
1820 769 2149 826 eruditione

491 880 884 937 componens.
919 861 1246 917 Pubertatis
1291 866 1492 916 autem
1550 861 1763 933 spatia,
1810 876 1933 915 non
1979 858 2150 914 lasci-

491 952 706 1009 vientis
737 950 921 1007 animi
954 949 1361 1021 voluptatibus
1400 949 1783 1017 effeminavit,
1817 948 1923 1004 sed
1954 947 2149 1020 potius

494 1042 689 1113 rigore
720 1039 1093 1111 frugalitatis,
1111 1044 1167 1095 et
1185 1039 1315 1109 jugi
1338 1038 1616 1094 laborum
1642 1037 1939 1099 exercitio,
1957 1036 2148 1091 rebel-

494 1131 715 1187 lionem
734 1129 991 1201 juventis
1015 1128 1627 1197 edomuit,‘castigans
1651 1142 1870 1199 corpus
1893 1141 2071 1181 suum
2092 1129 2150 1181 et

494 1221 553 1276 in
586 1220 923 1276 servitutem
947 1218 1243 1288 redigens,
1276 1233 1350 1275 ne
1384 1219 1553 1278 forte,
1584 1234 1723 1272 cum
1757 1216 1884 1272 aliis
1932 1215 2146 1289 prmdi-

494 1314 672 1376 caret,
724 1308 852 1380 ipse
889 1306 1183 1380 reprobus
1232 1305 1582 1363 efﬁceretur.
1616 1306 1806 1378 Hujus
1853 1304 2150 1378 siquidem

492 1396 889 1471 philosophiae
918 1395 1327 1452 nobilissimos
1366 1396 1751 1468 professores,
1814 1394 2037 1449 multos
2092 1393 2148 1447 in

494 1492 704 1544 sancta
745 1485 1004 1542 Ecclesia
1042 1501 1174 1540 esse
1234 1484 1494 1552 sciebat;
1556 1486 1706 1540 inter
1762 1498 1916 1556 quos
1964 1483 2148 1539 felicis

495 1573 801 1629 memoriae
830 1572 1245 1630 Willibrodum
1272 1578 1451 1644 atque
1485 1572 1850 1627 Bonifacium
1908 1571 2147 1643 pontifi-

498 1679 595 1717 ces
624 1660 685 1717 in
718 1662 905 1717 vineae
936 1661 1168 1717 cultura
1194 1661 1515 1717 Dominicm
1545 1661 1817 1733 apprime
1841 1660 2147 1717 laborasse

497 1750 785 1816 audierat,
820 1748 1075 1820 ideoque
1106 1748 1378 1804 animum
1422 1752 1536 1804 Deo
1583 1749 1813 1821 placitis
1862 1748 2149 1822 operibus

498 1838 832 1901 exercebat,
864 1841 930 1893 ut
953 1853 1108 1909 quos
1136 1837 1433 1905 habuerat
1461 1837 1521 1892 in
1545 1836 1994 1894 Christianitatis
2015 1853 2148 1910 pro-

497 1928 768 1985 vectibus
800 1927 1090 1983 sociasset
1119 1930 1336 1989 Patres,
1369 1928 1612 1983 eosdem
1636 1927 1883 1984 haberet
1900 1928 1960 1982 in
1983 1931 2147 1983 mter-

496 2031 577 2073 na
606 2016 881 2072 felicitate
907 2019 1234 2071 consortes.
1297 2015 1610 2071 Enimvero
1655 2016 1799 2089 quia
1844 2020 2147 2072 tantorum

497 2104 735 2161 familias
767 2104 977 2160 Christi
1004 2103 1397 2160 luminarium
1428 2120 1598 2159 sacra
1651 2104 1873 2160 mentio
1927 2103 2146 2159 nostris

496 2194 909 2262 relationibus,
968 2208 1038 2249 ae
1098 2194 1147 2248 si
1194 2193 1447 2265 quidam
1478 2194 1837 2249 venerandae
1880 2193 2029 2249 lucis
2056 2210 2150 2249 ra-

495 2284 652 2352 dius,
682 2282 897 2354 illapsa
948 2287 1038 2338 est
1082 2281 1420 2337 intermisso
1475 2281 1789 2354 paululum
1844 2282 2148 2355 superiore

497 2374 669 2447 stylo,
694 2373 853 2428 viros
878 2388 1001 2426 non
1030 2371 1155 2427 sine
1184 2372 1400 2426 mentis
1453 2371 1755 2428 alacritate
1813 2388 2154 2428 memoran-

497 2464 628 2530 dos,
687 2460 884 2531 dignis
931 2460 1181 2516 laudum
1229 2461 1544 2533 praeconiis
1599 2462 1673 2516 ad
1705 2462 1997 2517 honorem
2027 2462 2147 2532 Dei,

494 2555 673 2625 prout
701 2566 1044 2623 possumus,
1076 2547 1470 2617 extollamus;
1523 2553 1586 2606 ut
1633 2548 1897 2606 Lehuino
1943 2553 2148 2606 nostro

495 2644 661 2697 tanto
690 2643 916 2696 crescat
943 2638 1113 2694 altior
1151 2637 1361 2707 gloria,
1412 2643 1639 2710 quanto
1694 2655 1755 2694 se
1809 2636 2149 2711 praeceden—

498 2730 644 2785 tium
666 2727 1035 2802 probabilior
1058 2726 1239 2782 fuisse
1268 2726 1483 2782 dicitur
1512 2727 1631 2782 vita
1660 2744 1673 2781 :
1724 2728 1973 2800 quando
2018 2729 2149 2800 qui-

495 2820 635 2875 dem
667 2818 844 2874 nullis
875 2815 1239 2873 diverticulis
1270 2815 1347 2872 ab
1376 2832 1585 2872 eorum
1617 2817 1850 2872 tramite
1892 2817 2150 2872 declina-
2175 2847 2216 2903 ο

494 2908 594 2975 vit,
623 2907 729 2980 qui
757 2910 1062 2963 tantorum
1090 2903 1342 2974 vestigia
1370 2904 1599 2960 ducum
1630 2905 1883 2962 summis
1913 2904 2147 2962 nisibus

495 2997 669 3052 fuerit
697 2999 1029 3051 exsecutus.
1065 2996 1457 3066 Quapropter,
1490 3010 1629 3049 cum
1655 2993 1892 3049 illorum
1918 2992 2146 3066 religio-

494 3085 635 3141 sitas
658 3083 1027 3157 exprimitur,
1060 3081 1167 3137 iste
1194 3082 1504 3148 laudatur;
1534 3098 1672 3137 cum
1702 3082 1919 3138 horum
1947 3081 2159 3140 studia.

492 3179 923 3248 praenotantur,
955 3172 1061 3229 iste
1092 3176 1251 3229 totus
1304 3172 1646 3244 depingitur
1675 3190 1686 3239 ;
1720 3189 1857 3228 cum
1906 3173 2143 3232 illorum

490 3262 804 3336 proeliandi
853 3262 1143 3317 adversus
1181 3264 1507 3333 potestates
1561 3277 1766 3317 aereas
1819 3263 2140 3320 certamina

487 3352 769 3422 referunt,
794 3351 978 3423 hujus
1002 3349 1341 3423 triumphus
1365 3349 1669 3409 evidenter
1688 3351 2024 3424 exponitur.
2048 3355 2146 3408 At-

487 3452 608 3516 que
636 3456 708 3498 ex
724 3439 1078 3511 hujusmodi
1107 3438 1463 3511 conjecturis
1484 3436 1655 3495 facile
1684 3439 1977 3510 colligitur
2025 3456 2145 3496 me-

487 3530 680 3587 moria
699 3529 968 3603 priorum
994 3527 1177 3584 vitam
1207 3527 1486 3585 illustrari
1498 3529 1880 3602 sequentium
1914 3546 1928 3584 :
1957 3533 2014 3585 et
2040 3545 2145 3585 ειη-ι

486 3618 611 3690 geri
638 3617 775 3674 ﬁliis
800 3618 1196 3684 honestatem,
1230 3630 1367 3671 cum
1424 3617 1671 3675 eosdem
1724 3620 1962 3674 Patrum
2019 3617 2144 3688 glo-

482 3707 642 3765 riose
662 3706 990 3763 viventium
1018 3704 1181 3760 fulcit
1202 3705 1541 3762 auctoritas.
1564 3706 1730 3761 Viros
1758 3705 1957 3777 igitur,
1982 3722 2140 3780 quos

482 3796 906 3871 praemisimus,
924 3798 1164 3851 sanctos
1190 3794 1526 3850 admodum
1556 3793 1740 3850 fuisse
1762 3809 1887 3851 non
1906 3795 2141 3853 dubita-

482 3898 641 3952 mus,
670 3896 935 3957 quorum
966 3882 1113 3939 alter
1132 3882 1534 3949 confessione,
1564 3882 1712 3939 alter
1738 3884 2026 3955 martyrio
2077 3884 2140 3939 in

484 3973 833 4030 comitatum
866 3971 1017 4042 Agni
1039 3971 1263 4044 suscipi
1311 3971 1546 4037 meruit,
1600 3971 1945 4045 habentque
1977 3986 2140 4030 nunc

482 4058 890 4118 heereditatem
914 4046 1054 4116 cum
1075 4058 1325 4126 Christo,
1349 4061 1453 4133 qui
1469 4059 1532 4115 in
1547 4060 1661 4116 hac
1680 4060 1802 4116 vita
1819 4074 2139 4133 nunquam

480 4148 649 4225 passi
670 4153 811 4205 sunt
838 4148 1107 4221 separari
1135 4163 1171 4203 a
1199 4149 1448 4204 Christo.
1477 4150 1590 4204 Hos
1623 4150 1777 4215 certe
1805 4149 1984 4205 nobis
2009 4149 2139 4206 imi-

483 4238 694 4295 tabiles
722 4236 930 4293 divine
959 4237 1149 4309 pietas
1182 4236 1564 4308 condonavit,
1586 4238 1651 4294 ut
1678 4253 1863 4310 quem
1878 4237 2138 4295 deterret

482 4340 519 4386 α
545 4325 749 4399 gladio
778 4341 998 4383 manus
1029 4324 1301 4382 violentae
1328 4325 1652 4394 carniﬁcis,
1674 4339 1973 4398 magnum
2010 4327 2139 4383 Wil-

478 4416 781 4475 librodum
806 4416 867 4472 in
892 4414 1113 4471 divinus
1148 4414 1318 4488 pacis
1345 4414 1699 4487 quietudine
1726 4413 1982 4472 Domino
2002 4416 2134 4473 lau-

475 4506 753 4565 dabiliter
781 4505 1158 4576 servientem,
1193 4503 1244 4559 si
1271 4502 1482 4577 possit,
1514 4518 1580 4559 se
1612 4504 1978 4577 mqmparet;
2026 4505 2137 4578 qui

478 4601 679 4654 auitam
706 4610 771 4650 se
801 4592 1087 4666 agonistis
1111 4591 1584 4665 comparabﬂem
1608 4591 1932 4661 existimat,
1988 4609 2132 4650 san-

476 4686 641 4739 ctum
670 4681 1041 4739 Bonifacium
1070 4677 1208 4737 hist)
1238 4695 1350 4754 pro
1370 4679 1582 4739 Christi
1600 4694 1807 4738 amore
1834 4682 2135 4753 sanguine

476 4772 765 4844 subsequi
790 4786 914 4828 non
942 4769 1239 4827 formidet.
1274 4768 1447 4835 Quod
1476 4769 1525 4825 si
1561 4768 1815 4827 defuerit
1854 4786 2135 4845 pemp-

474 4862 621 4918 toris
648 4862 949 4930 atrocitas,
974 4860 1108 4933 ipse
1139 4860 1251 4916 sibi
1280 4871 1533 4915 manum
1584 4859 1790 4917 divina
1812 4861 2134 4934 rumphea

408 4952 415 4953 ⁷
475 4956 793 5023 perarmat,
824 4950 953 5023 ipse
976 4948 1092 5005 sibi
1116 4948 1520 5022 spirituaiiter,
1543 4952 1604 5005 et
1631 4954 1978 5021 persecutor
2005 4949 2130 5006 etii-

472 5039 763 5109 ciatur,et
791 5043 1040 5112 martyr,
1082 5038 1422 5095 dummodo
1474 5042 1582 5094 aut
1645 5038 1825 5095 unius
1872 5038 1939 5095 in
1978 5054 2130 5111 pace

472 5126 855 5197 munditiam,
886 5132 991 5185 aut
1012 5127 1258 5185 alterius
1288 5127 1353 5185 in
1389 5126 1696 5184 camiiicio
1726 5127 1979 5201 adipisci
2003 5142 2129 5186 non

2256 234 2461 289 nescio
2476 251 2599 306 qua
2614 234 2929 292 dulcedine
2947 235 3237 293 delibutus
3253 238 3388 295 dum
3406 244 3665 315 superiora
3676 234 3785 309 coui-

2256 327 2505 395 poneret
2532 324 2902 397 reliquorum
2927 325 3170 397 quidem
3197 327 3400 399 digitis,
3422 331 3615 390 Libuini
3643 347 3782 398 autem

2250 412 2472 502 jugiter
2500 414 2680 470 corde
2708 418 3041 471 conterunt.
3073 417 3218 472 Sane
3241 419 3374 490 quia
3411 419 3477 475 de
3521 421 3607 478 illo
3648 427 3787 502 impri-

2255 499 2371 557 mis
2399 501 2728 575 scriptitare
2745 502 3104 571 decreverat,
3122 504 3252 562 licet
3270 506 3414 563 viros
3433 499 3786 581 pretiosissimas

2255 594 2499 662 repente
2524 590 2584 647 in
2607 591 2877 648 medium
2906 592 3208 665 proferret,
3240 594 3314 650 ab
3341 596 3501 667 hujus
3545 602 3698 657 tamen
3734 605 3787 661 in-

2257 680 2409 735 tuitu
2463 680 2777 750 cogitantis
2834 682 3081 738 intentio
3140 683 3461 741 submoveri
3501 704 3603 744 non
3624 695 3786 762 potuit;

2255 768 2545 841 quoniam
2588 769 2753 826 bona
2805 786 2942 842 quae
2993 770 3066 827 de
3094 771 3225 844 ipso
3271 774 3380 829 dici
3404 781 3598 847 queant
3615 777 3785 838 ultrose

2256 858 2533 925 oﬂ‘erunt,
2567 875 2703 930 quae
2736 860 2783 913 si
2815 859 2952 931 quis
2985 861 3185 916 omnia
3206 864 3535 935 exponenda
3556 881 3788 937 presuma-

2254 950 2360 1014 ret,
2389 947 2694 1016 Tullianae,
2729 948 3086 1004 Plautinaeve
3118 950 3452 1023 eloquentiae
3476 954 3680 1010 ﬂoribus
3696 956 3789 1012 indi-

2257 1040 2438 1105 geret.
2463 1036 2678 1091 Beatus
2708 1036 2886 1107 igitur
2918 1036 3211 1094 Lebuinus
3233 1038 3375 1097 inter
3410 1040 3549 1097 feros
3589 1048 3633 1099 et
3676 1046 3790 1100 semi-

2254 1121 2550 1178 barbaros
2576 1123 2894 1180 hominum
2921 1141 3119 1181 mores
3151 1127 3499 1196 constitutus,
3545 1130 3658 1199 agni
3678 1131 3788 1186 iane

2256 1211 2516 1268 centiam
2545 1213 2855 1282 retinebat,
2882 1231 3114 1271 memor
3139 1215 3446 1272 Dominicae
3474 1218 3613 1274 vocis
3629 1220 3791 1291 quandi

2256 1304 2442 1368 xerat,
2475 1317 2536 1356 se
2564 1301 2871 1373 apostolos
2902 1303 3054 1359 sicut
3074 1318 3263 1373 agnos
3289 1306 3431 1361 inter
3452 1305 3603 1378 lupos
3642 1308 3788 1362 missu-

2255 1404 2412 1445 rum.
2437 1392 2553 1446 Nec
2582 1390 2710 1446 viro
2736 1396 2944 1447 sancto
2974 1391 3159 1448 defuit
3199 1393 3515 1466 serpentina
3543 1394 3787 1466 prudentia,

2190 1496 2229 1548 Β
2255 1478 2405 1535 dum
2424 1478 2473 1534 si
2489 1479 2624 1551 quis
2639 1479 2819 1552 capiti
2844 1481 3039 1547 suo,id
3053 1487 3143 1537 est
3165 1482 3648 1554 Christo,injuriam
3663 1484 3788 1538 facere

2257 1573 2635 1642 pertentaret,
2667 1570 2765 1626 ille
2789 1586 2899 1643 pro
2927 1587 2998 1626 eo
3034 1576 3220 1628 totum
3251 1588 3457 1646 corpus
3485 1573 3787 1629 indubitanter

2256 1658 2558 1729 objiceret.
2598 1659 2760 1714 Unde
2790 1660 3015 1716 factum
3047 1666 3222 1717 estut
3250 1662 3306 1716 in
3334 1662 3526 1718 virtute
3577 1662 3785 1733 Altissimi,

2256 1747 2335 1805 ad
2364 1746 2633 1804 divinum
2661 1752 2843 1821 caput
2870 1750 3146 1807 membra
3191 1756 3556 1820 connecteret,
3587 1755 3734 1823 utpote
3754 1756 3788 1804 ut

2258 1836 2365 1909 qui
2396 1853 2459 1893 se
2489 1836 2643 1893 inter
2685 1838 2799 1894 ista
2842 1838 3116 1894 medium
3145 1839 3317 1912 quasi
3362 1840 3625 1896 charitatis
3672 1839 3788 1911 visca-

2264 1927 2424 1982 rium
2452 1926 2775 1994 inserebat,
2823 1926 3156 2001 inﬁmoque
3183 1928 3425 1984 summis
3451 1928 3703 2002 copulans,
3736 1929 3787 1982 in-

2258 2014 2607 2075 ﬁrmitatem
2628 2016 2962 2073 humanam
2990 2017 3261 2089 dignitati
3288 2018 3548 2089 angelica:
3571 2032 3789 2089 coaequare

2256 2103 2555 2161 studebat.
2591 2104 2840 2178 Sapiens
2890 2105 3066 2177 plane
3124 2106 3482 2176 architectus,
3533 2106 3618 2179 qui
3652 2104 3788 2162 celes-

2254 2197 2378 2248 tem
2407 2192 2714 2249 aediﬁcans
2738 2193 3014 2264 domum,
3044 2200 3282 2267 petram
3318 2194 3376 2250 in
3404 2194 3724 2250 fundamento
3743 2192 3792 2247 lc

2259 2286 2513 2353 caverat,
2546 2298 2621 2337 ne
2652 2281 2985 2338 furentibus
3010 2284 3225 2354 ventis,
3248 2300 3321 2339 ne
3349 2283 3594 2357 procellis
3615 2280 3790 2337 astuan-

2259 2370 2439 2438 tibus,
2466 2376 2770 2443 postremo
2798 2387 2873 2427 ne
2916 2371 3276 2443 impugnata
3324 2372 3489 2428 totius
3524 2368 3790 2428 adversitatis

2258 2460 2553 2516 machinis
2569 2460 2917 2517 virtututum
2941 2462 3320 2533 consignatio
3360 2462 3642 2518 laederetur.
3686 2460 3790 2513 Petra

2258 2552 2457 2604 autem
2488 2552 2615 2605 erat
2642 2548 2929 2605 Christus.
2962 2551 3086 2620 Age
3114 2565 3258 2622 ergo
3288 2548 3547 2623 quisquis
3573 2548 3671 2603 haec
3686 2545 3792 2601 Mldl-

2257 2654 2319 2693 re
2349 2636 2674 2706 desideras,
2709 2652 2855 2693 num
2887 2638 2992 2694 tibi
3015 2638 3331 2714 quidpiam
3381 2639 3587 2695 videtur
3622 2640 3696 2692 aut
3731 2632 3791 2687 illa

2253 2728 2627 2784 connexione
2653 2727 2971 2798 salubrius,
3021 2734 3132 2786 aut
3176 2730 3288 2786 ista
3340 2729 3591 2785 ﬁrmitate
3609 2724 3791 2786 solidius,

2255 2817 2404 2873 dum
2429 2817 2595 2891 quod
2625 2816 2707 2873 ibi
2731 2817 3080 2890 copulatum
3107 2824 3217 2890 est,
3261 2819 3418 2875 nulla
3446 2815 3731 2874 resolutione
3744 2811 3792 2865 la~

2252 2911 2431 2962 satur
2460 2907 2667 2980 :quod
2695 2906 2789 2962 hic
2820 2907 3143 2965 fundatum
3195 2914 3300 2977 est,
3344 2908 3499 2965 nulla
3544 2904 3792 2977 tempestate

2255 2995 2632 3053 subvertitur.
2662 2997 2831 3063 Quod
2858 2994 2909 3052 'si
2934 2996 3083 3054 forte
3110 2998 3351 3055 cuilibet
3379 2994 3709 3054 monstruosis
3740 2989 3792 3045 fa-

2251 3085 2409 3142 bulis
2437 3102 2645 3143 aurem
2674 3087 3142 3144 accommodare
3174 3094 3347 3145 vacat
3373 3091 3470 3145 aut
3495 3085 3668 3160 placet,
3702 3078 3792 3135 invi-

2253 3191 2469 3230 sumse
2487 3175 2640 3230 veris
2672 3174 3059 3231 relationibus
3098 3176 3444 3248 hujusmodi
3492 3173 3695 3229 vanitate
3732 3166 3793 3221 de-

2251 3267 2933 3336 monstrans,poetarum
2953 3263 3364 3322 deliramentis
3384 3261 3678 3320 incumbere
3691 3260 3794 3331 pote-

2249 3352 2343 3421 rit,
2376 3352 2479 3425 qui
2503 3368 2696 3424 usque
2725 3351 2877 3409 adeo
2906 3354 3298 3426 prastigiosis
3320 3353 3690 3425 ﬁgmentorum
3701 3344 3793 3400 ima-

2250 3440 2657 3510 ginationibus
2682 3440 3007 3497 dementati
3033 3446 3197 3511 sunt,
3232 3446 3294 3499 ut
3344 3457 3418 3498 ne
3461 3441 3578 3514 ipsa
3611 3432 3792 3510 quidem,

2248 3545 2383 3602 quae
2406 3529 2709 3586 interdum
2730 3545 2859 3586 esse
2879 3529 3205 3588 falsissima
3226 3531 3568 3598 asserebant,
3592 3525 3794 3583 falsaesse

2250 3621 2699 3689 cognoscerent.
2744 3619 2861 3674 Nos
2910 3618 2986 3674 de
3038 3625 3255 3677 sancto
3298 3619 3397 3676 Dei
3449 3615 3670 3674 Lebuino
3702 3603 3794 3666 nihil

2250 3705 2530 3763 mentitos
2550 3722 2685 3761 esse
2701 3709 2910 3762 testem
2937 3706 3247 3764 habemus
3279 3706 3597 3773 Ecclesiam,
3620 3697 3796 3775 quam

2242 3795 2344 3866 jus
2374 3795 2680 3852 beneﬁciis
2706 3794 3016 3853 cumulata
3046 3813 3240 3871 quam
3273 3796 3507 3869 grandis
3531 3789 3666 3867 apud
3695 3782 3793 3843 Divi-

2244 3884 2495 3941 nitatem
2519 3884 2713 3941 meriti
2737 3884 2931 3955 fuerit,
2958 3885 3192 3942 crebris
3220 3885 3602 3944 remediorum
3621 3887 3793 3954 proven-

2246 3972 2407 4029 tibus
2436 3972 2769 4030 conﬁtetur.
2805 3973 2910 4031 Cui
2937 3973 3192 4046 quidem
3222 3991 3295 4033 ea
3322 3990 3456 4048 qua
3495 3972 3562 4028 de
3600 3966 3679 4024 illo
3708 3958 3794 4018 dici

2246 4079 2385 4119 mus
2407 4066 2577 4134 grata
2594 4064 2720 4120 fore
2737 4064 2963 4135 judicio
2988 4069 3102 4130 est,
3126 4066 3301 4139 quod
3325 4062 3534 4137 legenti
3559 4062 3713 4118 tantus
3742 4064 3795 4144 ἓξ

2241 4152 2415 4209 sistat
2437 4152 2699 4225 populus
2724 4151 3092 4223 auditorum,
3126 4138 3197 4211 ut
3235 4164 3627 4228 compressum
3670 4138 3794 4200 multi

2240 4241 2468 4303 tudinis
2488 4241 2675 4299 etiam
2698 4241 2763 4298 hi
2784 4242 3232 4315 pertimescant,
3264 4244 3370 4318 qui
3396 4243 3456 4301 in
3479 4245 3591 4299 tuto
3606 4236 3710 4293 loco
3726 4232 3797 4284 slli-

2242 4346 2306 4387 re
2329 4330 2624 4400 videntur,
2656 4330 2877 4404 vixque
2901 4331 2964 4387 in
2989 4331 3272 4403 digressu
3296 4332 3510 4407 aliquis
3531 4322 3791 4386 inveniatur.

2240 4420 2348 4494 qui
2372 4436 2499 4477 non
2524 4422 2646 4477 Deo
2666 4420 2890 4490 gratias
2916 4420 3133 4479 referat
3158 4439 3274 4496 pro
3296 4438 3369 4480 eo
3404 4419 3561 4496 quod
3580 4432 3634 4474 se
3671 4412 3797 4486 patro

2237 4506 2467 4564 ciuium
2488 4508 2734 4567 Lebuini
2756 4510 3006 4568 audisse
3030 4511 3260 4585 pariter
3286 4516 3345 4569 et
3366 4510 3599 4568 sensisse
3613 4507 3795 4560 00mm?

2240 4602 2453 4653 morat.
2496 4598 2664 4654 Unde
2690 4597 2867 4655 nobis
2888 4599 3089 4658 adhuc
3104 4588 3208 4657 vel
3235 4616 3435 4675 pauca
3472 4589 3712 4656 locuturis
3738 4596 3793 4639 επ·

2238 4684 2534 4743 bitramur
2569 4686 2879 4746 neminem
2934 4705 3397 4760 succensurum,
3443 4687 3641 4762 quippe
3703 4684 3791 4731 cum

2237 4775 2524 4848 Spiritum
2552 4777 2653 4833 Dei
2680 4776 2743 4833 in
2786 4776 2920 4850 ipso
2969 4778 3267 4853 templum
3315 4777 3637 4842 aediﬁcasse.
3673 4768 3793 4853 alii?"

2234 4864 2301 4921 id
2322 4865 2438 4922 sibi
2464 4865 2795 4923 habitabile
2813 4849 3040 4924 iecisse
3064 4849 3401 4941 procedens
3456 4877 3631 4922 sermo
3666 4849 3795 4911 ἀβσιι-

2235 4954 2674 5026 metldipsum
2698 4970 2841 5011 vero
2856 4955 3013 5011 inter
3041 4957 3372 5014 matutinas
3402 4952 3595 5012 laudes
3634 4946 3793 5033 (“mf

2234 5040 2339 5113 de)
2368 5042 2728 5111 cantabitur,
2754 5043 2863 5100 sed
2890 5044 2953 5100 in
2974 5043 3230 5102 lectione
3263 5044 3453 5102 omitti
3493 5055 3605 5098 non
3637 5028 3792 5090 deblli‘v

2233 5146 2360 5204 quo
2388 5130 2699 5204 utriusque
2728 5131 2890 5189 vocis
2909 5132 3240 5190 ministerio
3270 5132 3479 5208 quanti
3525 5121 3667 5202 apud
3701 5125 3793 5172 suos

469 5215 737 5287 negligat
762 5217 1053 5289 palmam.
1094 5217 1211 5275 Sed
1238 5217 1331 5274 his
1358 5222 1779 5275 summotenus
1831 5231 2129 5276 memora—
2228 5220 2531 5277 habeatur
2578 5221 2668 5277 vir
2714 5221 2776 5278 in
2826 5223 3057 5280 Christo
3096 5223 3378 5281 amabilis
3421 5217 3647 5292 accipiat
3689 5217 3794 5292 οοφ·

467 5304 564 5374 tis,
592 5305 917 5378 repetenda
945 5311 1034 5361 est
1060 5306 1238 5363 nobis
1266 5308 1531 5375 historia,
1555 5322 1747 5381 quam
1773 5306 1955 5381 paulo
1984 5313 2125 5367 ante
2228 5309 2604 5367 mendam.
2660 5312 2836 5377 Quod
2872 5317 3081 5369 autem
3140 5311 3515 5387 praemittitur
3542 5290 3550 5292 Ὺ
3575 5300 3671 5389 tale
3723 5290 3791 5389 θξίς

464 5411 578 5453 nos
599 5393 875 5453 omisisse
915 5395 1411 5468 perscnpsimus:
1450 5413 1589 5471 quae
1641 5402 1844 5455 tamen
1887 5397 2124 5472 penitus
2229 5399 2481 5473 Spiritus
2541 5402 2790 5458 Sanctus
2837 5401 2925 5472 (ut
2970 5402 3050 5458 ait
3104 5402 3427 5476 Scriptura)
3469 5399 3527 5456 in
3553 5388 3697 5452 corde
3724 5392 3793 5476 uti

461 5486 689 5544 omissa
707 5499 833 5542 non
855 5466 966 5557 est,
992 5482 1137 5556 quia
1146 5466 1408 5543 subinde
1427 5466 1492 5543 se
1506 5487 1661 5545 inter
1680 5466 2119 5548 eastern—animo
2220 5466 2369 5560 justi
2414 5488 2665 5547 habitat.
2711 5466 2860 5547 Nam
2912 5491 3203 5565 templum
3226 5466 3422 5565 ipsius
3451 5491 3535 5546 est
3558 5479 3722 5543 animi
3740 5466 3792 5526 ιδ
3870 5490 3871 5499 ‘
