4034 6182
210 95 312 147 557
1779 84 2112 140 CARMINA.
3584 118 3689 170 558

143 284 146 285 ν
207 214 368 271 omni
399 212 715 286 iniquitate
747 211 964 280 aliena,
995 212 1054 267 in
1095 226 1217 282 quo
1252 224 1371 265 non
1419 207 1679 265 carnalis
1713 206 1878 265 victi—
1993 207 2292 278 templum
2346 209 2463 264 dici
2517 215 2574 266 et
2629 228 2766 269 esse
2813 215 3050 272 meruit
3095 216 3311 281 beatus
3367 231 3687 303 Lebuinus,

207 318 304 360 ma
359 300 627 367 caeditur,
691 299 802 356 sed
851 300 1187 374 spirituales
1241 297 1448 353 hostire
1499 297 1874 354 offeruntur:
1991 311 2133 350 cum
2165 301 2495 392 praestante
2521 301 2838 360 Dominoa
2866 304 3203 367 criminum
3224 313 3390 372 ﬁeret
3415 297 3691 392 contagio

209 406 315 446 nec
349 390 413 445 tit
439 389 522 444 ibi
557 389 692 446 sola
721 388 1071 448 emundatio
1109 385 1396 459 corporis,
1429 387 1532 441 sed
1576 390 1636 443 ct
1667 385 1876 442 remis-
1991 383 2285 452 mundus,
2321 401 2427 457 per
2455 403 2593 444 eum
2642 391 2746 462 qui
2796 391 2956 450 vivit
3001 399 3058 452 et
3103 409 3316 473 regnat
3367 405 3427 462 in
3470 383 3690 467 summa

212 495 296 534 s10
330 495 472 534 vera
498 478 734 551 peccati
779 481 835 534 et
874 477 1114 534 abolitio
1159 481 1460 548 perpetua:
1495 477 1718 532 mortis.
1757 476 1880 531 Hoc
1994 472 2380 529 saeculorum.
2424 479 2632 533 Amen.

1957 767 3678 805 ______________________________

1189 1022 1840 1143 BADBODI
1991 991 2699 1142 (,ZARMINA.

1048 1452 1064 1504 ι
1917 1448 1963 1498 Α
2007 1445 2257 1502 Stabant
2282 1448 2515 1504 attoniti
2543 1465 2654 1505 sua
2681 1465 2791 1522 per
2818 1458 3074 1516 tentoria
3105 1475 3272 1531 reges

521 1553 848 1594 EPIGRAIIA
892 1553 960 1591 AI)
1001 1553 1246 1592 suarm
1291 1551 1599 1590 amamus.
2073 1535 2346 1592 Mirantes
2377 1537 2553 1607 galea
2579 1538 2793 1596 durius
2823 1559 2962 1602 esse
2993 1555 3214 1622 caput:
3282 1546 3285 1548 ’

673 1628 956 1697 [Βαιαυιά
979 1641 1174 1695 sacra,
1198 1641 1260 1695 ρ.
1301 1627 1449 1695 £21.]
2003 1626 2067 1679 Et
2092 1626 2493 1682 catafractatis
2523 1631 2882 1690 contrudere
2915 1643 3122 1708 pectus
3150 1640 3410 1699 inermes

222 1717 312 1772 Sis
344 1716 482 1788 pius
513 1731 616 1772 ore
644 1716 812 1778 mihi,
849 1715 1084 1772 Martiae
1115 1715 1418 1771 habitator
1446 1713 1708 1786 Olympi,
2073 1715 2160 1770 Nil
2186 1716 2401 1772 veritos
2432 1715 2632 1772 stricto
2664 1719 2892 1780 scilicet
2923 1741 3064 1784 ense
3089 1732 3300 1803 premi.

298 1806 582 1899 Solamen
610 1807 828 1862 misero
855 1805 934 1860 sis
956 1806 1089 1877 pius
1118 1821 1219 1861 ore
1249 1805 1396 1899 mihi
1450 1898 1453 1899 ν
1651 1803 1820 1899 [dum
2003 1806 2275 1899 Cumque
2291 1821 2402 1878 per
2421 1806 2712 1899 ambages
2731 1814 3110 1874 traherentur
3123 1812 3308 1891 bella;
3333 1824 3469 1896 quis
3491 1825 3685 1899 inquit

219 1894 483 1964 porrige,
510 1911 742 1968 qumso,
773 1909 1021 1951 manum
1041 1910 1116 1950 ne
1139 1910 1233 1950 me
1265 1895 1458 1950 trahat
1485 1909 1622 1949 ecce
1648 1892 1893 1964 profun-
2078 1895 2181 1950 Hic
2209 1895 2368 1965 rigor
2399 1898 2502 1950 aut
2535 1894 2701 1951 durae
2731 1903 2900 1959 tanta
2931 1908 3152 1978 cupido
3182 1892 3398 1966 necis"?

298 1985 513 2040 Portus
539 1983 949 2052 naufragium,
980 1983 1235 2056 porrige,
1266 1999 1500 2055 quaeso,
1533 1997 1805 2037 manum.
2004 1983 2159 2037 Audi
2186 1988 2356 2039 torva
2388 1983 2574 2051 tigris,
2608 1984 2700 2040 leo
2731 1987 3017 2048 frendens
3049 1995 3293 2053 rictibus
3321 2002 3482 2070 audi,

225 2073 510 2130 Imminet
547 2073 766 2130 umbra
791 2072 972 2138 necis,
1004 2088 1163 2129 nunc
1192 2072 1338 2128 mihi
1366 2071 1678 2144 proximus
1709 2069 1892 2139 adsis,
2074 2076 2098 2127 J
2109 2079 2290 2130 uncta
2314 2073 2464 2145 quid
2490 2072 2582 2128 his
2617 2075 2836 2134 referat
2865 2098 3004 2138 cum
3034 2085 3262 2142 ratione
3292 2089 3442 2146 tides

299 2166 415 2220 Res
443 2163 625 2219 nimis
655 2162 860 2230 tristis,
892 2162 1163 2219 imminet
1194 2161 1413 2218 umbra
1438 2161 1618 2216 necis.
2008 2159 2126 2229 Sol,
2156 2161 2329 2231 cujus
2353 2159 2540 2216 radiis
2573 2165 2766 2221 totum
2794 2168 3176 2239 perfunditur
3201 2174 3410 2232 orbem

233 2253 408 2324 Eripe
441 2268 538 2308 me
566 2251 848 2314 tenebris,
877 2257 930 2307 et
953 2250 1096 2307 diris
1125 2250 1415 2306 subtrahe
1442 2248 1728 2315 ﬂammis,
2078 2249 2369 2318 Diximus,
2403 2250 2564 2304 hunc
2598 2252 2899 2311 Christum
2930 2261 3170 2316 noveris
3198 2279 3331 2320 esse
3364 2267 3550 2323 Deum
3577 2286 3589 2323 :

305 2340 562 2395 Dilector
591 2339 768 2406 lucis,
797 2339 957 2410 eripe
991 2355 1086 2396 me
1115 2339 1394 2395 tenebris.
2007 2340 2328 2394 Lucentem
2359 2339 2434 2394 de
2462 2339 2594 2395 luce
2619 2343 2826 2405 Patris.
2857 2345 2933 2402 de
2967 2351 3132 2404 Patre
3160 2351 3455 2412 calentem

233 2433 318 2486 ille
339 2447 585 2503 quoque
599 2431 787 2489 redde
807 2429 1235 2500 polo,regnum
1251 2444 1375 2501 quo
1391 2429 1702 2500 permanet
1717 2441 1896 2495 agno,
2079 2431 2266 2500 Eque
2297 2429 2673 2499 ﬂagrantem,
2701 2433 2904 2506 vique,
2941 2438 3247 2513 modoque
3277 2444 3427 2516 pari.

309 2521 422 2586 Qui
455 2521 627 2577 fuerit
655 2520 829 2585 caelo,
863 2535 959 2575 me
989 2535 1230 2591 quoque
1257 2518 1440 2574 redde
1468 2517 1625 2590 polo.
2009 2519 2235 2573 Horum
2269 2518 2319 2573 is
2346 2524 2634 2591 perpetuo
2662 2528 2896 2580 mentes
2921 2530 3279 2588 accenderat
3303 2534 3447 2604 igni,

1053 2613 1114 2665 lt.
2085 2607 2272 2663 Noxia
2301 2624 2555 2681 quaeque
2587 2626 2888 2682 cremans,
2921 2617 3073 2674 seria
3100 2625 3316 2678 cuncta
3342 2624 3570 2682 fovens.

329 2715 689 2767 sriurawu,
731 2715 856 2754 srva
893 2714 1169 2755 saccum:
1213 2715 1275 2753 ne
1314 2711 1544 2752 VIATICO
1584 2711 1820 2750 CHRISTI.
2015 2696 2338 2762 Quovelut
2363 2700 2647 2767 ambusti,
2679 2705 2848 2758 ΐθειιε
2873 2705 3020 2761 nihil
3052 2708 3262 2766 ﬂexilis
3294 2713 3482 2771 instar

413 2789 678 2860 [Mabill.,
705 2789 841 2846 Act.
875 2789 983 2844 SS.
1017 2788 1146 2844 ard.
1180 2790 1242 2845 S.
1273 2787 1494 2843 Bened.
1527 2789 1568 2842 t.
1603 2785 1738 2854 Vll.]
1939 2799 1978 2852 Β
2090 2789 2444 2857 Duruerant,
2477 2788 2679 2845 hostes
2715 2791 2908 2848 instar
2935 2801 2991 2851 et
3016 2809 3187 2855 arma
3215 2800 3433 2859 virum.

243 2879 508 2947 Esuries,
537 2883 612 2946 te,
640 2875 867 2933 Christe
899 2878 1072 2941 Deus,
1107 2876 1229 2932 sitis
1259 2880 1440 2947 atque
1470 2873 1712 2931 videndi
2020 2874 2186 2929 Unde
2214 2889 2325 2930 nec
2357 2877 2624 2934 adversis
2649 2878 2808 2936 ﬂecti
2832 2887 3081 2954 potuere
3111 2895 3223 2941 nec
3250 2887 3365 2944 illis

317 2970 448 3023 iam
471 2966 658 3024 modo
690 2965 962 3022 carnales
982 2981 1079 3020 me
1109 2971 1266 3021 vetat
1289 2980 1420 3021 esse
1450 2964 1659 3037 dapes.
2089 2965 2537 3020 Terrerieﬂ‘usis
2563 2964 2826 3025 barbaro
2857 2970 2937 3026 ab
2966 2986 3069 3028 ore
3101 2974 3302 3032 minis.
3381 2977 3384 2980 ί

245 3061 337 3114 Da
366 3057 515 3114 mihi
541 3062 596 3113 te
626 3054 804 3124 vesci,
837 3058 890 3110 te
915 3059 1125 3126 potum
1155 3055 1394 3110 haurire
1433 3052 1662 3122 salutis,
2020 3055 2184 3107 Nunc
2215 3054 2420 3127 requie
2451 3054 2735 3127 gaudent,
2770 3058 3049 3134 celsaque
3079 3077 3152 3118 ex
3193 3075 3330 3120 arce
3370 3060 3680 3138 potentum

324 3145 541 3202 Unicus
570 3144 792 3213 ignotas
822 3146 886 3199 tu
911 3141 1080 3198 cibus
1110 3147 1238 3200 esto
1268 3143 1396 3199 viae.
1787 3192 1790 3195 .
2093 3141 2403 3215 calcantes
2433 3151 2684 3202 curvant
2712 3148 2868 3205 colla
2897 3153 3161 3223 superba
3193 3153 3330 3211 sibi.

243 3235 316 3290 Et
343 3249 526 3305 quem
552 3231 738 3302 longa
765 3230 956 3286 fames
985 3236 1281 3289 errantem
1310 3229 1565 3288 ambesit
1587 3230 1648 3286 in
1674 3229 1840 3296 orbe,
2024 3234 2120 3286 Est
2143 3232 2322 3301 igitur
2352 3234 2514 3290 calor
2543 3235 2654 3290 iste
2679 3236 2899 3307 bonus,
2927 3253 3112 3313 quem
3144 3247 3230 3299 tot
3260 3246 3632 3302 comitantur

325 3322 494 3377 Hunc
523 3320 675 3378 satia
703 3319 890 3386 vultu,
922 3320 1107 3392 patris
1141 3320 1361 3390 imago,
1397 3324 1520 3378 tuo.
2093 3321 2334 3391 Divitias,
2367 3323 2576 3394 virtus,
2606 3324 2831 3397 palma,
2884 3342 3128 3400 corona,
3178 3333 3375 3404 polus.

1042 3411 1129 3465 ιιι.
2023 3411 2148 3466 Hoc
2177 3416 2332 3468 certe
2362 3417 2601 3468 nostras
2628 3404 2874 3471 ueniens
2907 3419 3256 3475 Switbertus
3289 3423 3368 3477 ad
3397 3437 3557 3490 oras,

469 3514 689 3556 crassa
731 3513 1113 3556 ALLBGORICUM
1160 3516 1263 3554 ιοηο
1305 3516 1351 3554 s.
1396 3515 1697 3556 swrssaro.
2096 3497 2369 3573 Undique
2395 3500 2674 3572 perfusus
2699 3503 3022 3560 ﬂammeus
3050 3506 3211 3561 intus
3234 3515 3389 3566 erat.

660 3587 857 3660 [Apud
889 3587 1030 3645 Boll.
1063 3591 1223 3647 Mart.
1255 3605 1294 3654 1,
1330 3605 1388 3661 p.
1423 3590 1512 3659 86)
2026 3588 2191 3644 Unde
2220 3605 2332 3645 nec
2357 3589 2708 3656 horrendos,
2741 3591 2992 3650 aderant
3021 3593 3068 3649 si
3098 3595 3269 3664 forte,
3305 3599 3614 3670 Cyclopes,

255 3685 385 3738 Lux
412 3696 574 3738 nova
601 3678 948 3736 Switbertus
979 3681 1233 3736 Francos
1259 3677 1529 3734 lustravit
1551 3682 1608 3736 et
1636 3678 1877 3749 Anglos,
2096 3681 2444 3751 Harpyasve
2474 3681 2693 3749 truces,
2726 3685 2998 3739 monstra
3024 3696 3136 3738 nec
3168 3685 3289 3742 ulla
3315 3701 3540 3759 pavens
3567 3706 3578 3755 ;
3633 3687 3638 3695 '

335 3773 461 3836 Quo
486 3768 718 3826 clarum
747 3766 887 3824 ﬁdei
915 3767 1122 3823 lumen
1149 3768 1413 3839 utrisque
1442 3766 1627 3824 daret.
2029 3768 2280 3839 Signifer
2302 3766 2563 3837 insignis
2584 3783 2829 3824 securus
2859 3770 3130 3843 quolibet
3153 3772 3296 3844 ibat,

261 3859 588 3918 Saxonicos
608 3857 756 3915 adiit
784 3855 972 3913 cultor
995 3855 1404 3913 memorabilis
1431 3871 1631 3925 agros,
2095 3859 2121 3912 J
2129 3873 2233 3912 ure
2260 3854 2607 3928 triumphali
2637 3855 2844 3914 laurea
2874 3862 3031 3916 serta
3062 3875 3295 3931 gerens.

337 3950 404 4005 Ut
444 3951 662 4004 sereret
709 3944 921 4002 Christi
949 3960 1154 4000 semen
1185 3943 1408 4000 amoris
1433 3943 1535 4000 ibi.
2028 3949 2072 4003 Ο
2098 3946 2236 4002 felix
2265 3944 2455 4014 miles,
2480 3944 2686 4000 solitus
2713 3947 2820 4018 qui
2851 3948 3092 4005 credere
3123 3965 3438 4026 nunquam

257 4042 382 4095 Nec
408 4036 587 4094 sterili
616 4051 685 4093 ac
715 4050 904 4091 vacuo
935 4037 1258 4090 Fresonum
1288 4033 1474 4092 defuit
1503 4049 1665 4100 arvo,
2098 4036 2282 4107 Marti,
2309 4033 2416 4091 sed
2436 4035 2676 4090 Martem
2707 4034 2940 4092 vincere
2967 4053 3206 4112 semper
3233 4057 3365 4099 eras
3393 4044 3405 4095 ε

332 4126 520 4199 quue
546 4125 684 4184 novi
715 4124 852 4181 fecit
878 4124 1164 4194 germinis
1191 4140 1324 4180 esse
1353 4123 1537 4182 ferax.
1948 4151 1988 4205 ρ
2029 4129 2167 4191 Quae
2203 4124 2306 4181 tibi
2325 4140 2435 4197 pro
2459 4123 2685 4180 meritis
2712 4125 3038 4183 reddemus
3066 4131 3338 4188 carmina
3364 4133 3540 4189 tantis
3564 4135 3593 4189 ‘I

255 4221 394 4276 iam
421 4216 566 4290 quia
606 4214 922 4272 transierat
947 4216 1214 4271 veterum
1263 4227 1384 4270 nox
1412 4229 1571 4270 caeca
1597 4210 1918 4279 malorum,
2103 4215 2339 4280 Quasve
2366 4211 2472 4267 tibi
2501 4211 2711 4268 laudes
2742 4213 2898 4271 tibia
2915 4221 3120 4274 nostra
3149 4222 3376 4277 canet?

334 4309 611 4378 (Imperat
634 4308 695 4361 et
719 4303 840 4360 veri
866 4302 1006 4360 solis
1035 4301 1249 4359 adesse
1273 4301 1401 4360 dies
1426 4320 1439 4370 ;

2033 4307 2238 4360 Nonne
2269 4307 2403 4358 tuas
2433 4300 2698 4356 modulis
2729 4302 3000 4360 oblectat
3017 4305 3295 4362 dulcibus
3320 4323 3493 4365 aures

259 4393 373 4460 Qui
404 4398 595 4452 totum
625 4392 808 4450 radiis
837 4391 1144 4465 perfundit
1168 4391 1413 4448 mitibus
1442 4391 1672 4459 orbem,

2105 4391 2365 4449 Orbibus
2390 4389 2640 4463 aplanes
2669 4391 2882 4448 obvius
2908 4395 3246 4474 empyreis;

260 4547 262 4552 τ
337 4487 408 4544 Ut
435 4482 602 4539 mala
627 4496 1013 4548 consumens,
1045 4480 1127 4536 sic
1152 4479 1316 4538 bona
1343 4479 1677 4537 clariﬁcans
1703 4498 1715 4546 ;
2035 4483 2287 4539 Mundus
2313 4483 2415 4539 ubi
2446 4483 2734 4538 adversos
2758 4496 2896 4540 cum
2935 4486 3337 4558 praecipitatur
3364 4487 3423 4544 in
3456 4503 3620 4556 axes,

264 4577 311 4634 Ο
333 4576 622 4648 quantus,
652 4571 968 4643 qualisque
997 4570 1142 4629 nitet
1169 4569 1258 4626 sol
1279 4571 1388 4628 iste
1410 4585 1518 4643 per
1545 4570 1726 4627 horas
2107 4575 2302 4644 Atque
2323 4568 2622 4644 parallelis
2647 4570 2924 4626 cursibus
2954 4576 3113 4629 astra
3145 4574 3426 4643 fremunt,
3617 4571 3619 4573 ’

340 4663 641 4732 Bissenas,
674 4676 860 4717 sacras
887 4659 1080 4733 plebis
1101 4659 1448 4743 apostolica;
1471 4660 1486 4715 ι
2005 4706 2010 4710 .
2040 4662 2190 4716 Vera
2216 4661 2382 4734 apud
2419 4660 2708 4717 mthereos
2735 4659 2947 4716 reboat
2973 4664 3104 4717 tum
3135 4659 3365 4720 musica
3390 4663 3592 4736 cyclos

270 4752 534 4820 Qualiter
561 4750 654 4809 his
681 4749 905 4806 nimios
929 4765 1062 4806 sese
1090 4747 1384 4819 ﬂagrante
1406 4747 1636 4807 colores
2113 4750 2291 4808 Omni
2313 4763 2560 4817 canens,
2589 4749 2856 4804 numeris
2884 4751 2942 4804 et
2965 4751 3244 4806 comitata
3275 4752 3418 4822 suis,
3531 4745 3537 4750 ’
3574 4745 3580 4748 ’

343 4839 563 4907 Intulit,
598 4842 662 4895 ut
684 4839 787 4912 qui
810 4838 926 4894 illis
959 4838 1241 4894 ﬂammea
1266 4837 1450 4894 corda
1480 4837 1679 4896 dedit:
2047 4839 2240 4909 Usque
2265 4837 2416 4893 adeo
2447 4851 2718 4892 crescens
2748 4841 2813 4891 ut
2840 4835 3166 4909 plusquam
3197 4844 3330 4896 nete
3357 4841 3594 4898 resultet

274 4930 419 4988 Inde
448 4933 566 4987 est:
599 4929 766 5002 quod
795 4927 1030 4999 gladios
1059 4927 1142 4984 sic
1172 4931 1587 4999 contempsere
1612 4925 1897 4993 minaces,
2115 4929 2220 4982 Ter
2249 4941 2512 5000 quoque,
2541 4925 2664 4980 sive
2693 4927 2925 4997 quater,
2953 4925 3045 4980 bis
3075 4928 3373 5000 diapason
3399 4936 3556 5002 agat,

348 5023 560 5076 Essent
585 5034 691 5075 seu
716 5017 855 5074 lethi
885 5017 1084 5073 dulcia
1108 5017 1242 5088 jure
1268 5015 1400 5071 sibi.
2049 5015 2158 5081 Qui
2189 5031 2373 5071 sonus
2399 5015 2701 5069 humanos
2730 5013 2912 5084 longo
2942 5013 3317 5086 dyastemate
3349 5035 3562 5076 sensus

275 5109 436 5182 Ignis
465 5109 626 5165 enim
650 5107 885 5165 validus
916 5107 1110 5164 cordis
1142 5105 1408 5162 fervebat
1436 5105 1514 5162 ab
1544 5121 1667 5173 ara,
2119 5103 2394 5174 Prmterit,
2428 5118 2497 5158 ac
2528 5102 2758 5173 superis
2792 5101 2990 5158 nobile
3025 5104 3273 5163 chroma
3302 5109 3510 5164 canit?

351 5203 530 5256 Artus
560 5199 664 5273 qui
689 5202 850 5255 testas
880 5198 1096 5254 fecerat
1121 5213 1256 5253 esse
1284 5211 1481 5269 pares.
1595 5194 1601 5200 ’
2052 5192 2150 5248 Hic
2179 5192 2283 5248 tibi
2315 5190 2708 5247 suavisonum
2741 5191 2967 5265 pangit,
3002 5194 3092 5249 vir
3123 5201 3347 5265 sancte,
3381 5197 3709 5268 melodum,

278 5293 511 5360 Corpus
541 5288 620 5344 ad
650 5287 793 5344 illati
821 5287 943 5343 vim
972 5286 1233 5342 vulneris
1262 5300 1444 5342 omne
1471 5284 1724 5356 rigebat,
2124 5282 2296 5348 Quod
2317 5281 2439 5336 duo
2465 5284 2702 5353 tresque
2725 5287 2968 5349 canunt,
2994 5289 3273 5357 quatuor,
3297 5293 3451 5359 octo,
3475 5304 3711 5345 novem.

355 5377 568 5450 Sicque
596 5376 924 5434 resultabat
951 5375 1236 5432 caestibus
1269 5375 1388 5432 icta
1417 5376 1588 5444 cutis,
2056 5371 2226 5428 Addo
2257 5369 2442 5437 aliud,
2474 5370 2641 5442 quod
2672 5387 2849 5429 nemo
2876 5371 3033 5430 valet
3059 5376 3175 5432 sub
3204 5375 3326 5433 sole
3362 5377 3574 5434 mereri

281 5471 355 5524 Ut
379 5467 627 5525 robusta
657 5466 804 5524 silex
832 5467 995 5537 ligno
1021 5481 1305 5539 percusso
1331 5465 1567 5532 tenello,
1975 5501 2020 5556 Β
2129 5464 2183 5516 is
2367 5458 2514 5556 forte
2545 5458 2648 5556 tibi
2676 5477 2785 5556 par
2814 5461 2891 5518 sit
2914 5461 2974 5517 in
3005 5469 3128 5520 arte
3158 5465 3322 5522 boni.

361 5557 492 5615 Sive
518 5557 770 5616 adamas
796 5555 1036 5614 modica
1065 5571 1204 5612 cum
1245 5559 1566 5612 temeretur
1596 5570 1728 5610 acu.
1975 5549 2012 5556 ⁷
2063 5549 2323 5620 Angelici
2352 5552 2542 5606 castus
2573 5551 2770 5610 decies
2800 5558 3052 5612 centena
3081 5555 3402 5613 chororum
