3940 6184
447 98 549 159 559
1337 80 1392 136 S.
1435 76 1740 132 RADBODI
1779 65 2278 128 TRAJECTENSIS
2317 68 2621 129 EPISCOPI
2663 74 3001 133 CARMINA.
3653 98 3726 151 ξω

522 215 696 277 Millia
724 188 1100 287 symphoniis
1126 200 1638 261 commodulanda
1669 196 1891 265 sacris;

451 306 711 364 Auribus
736 303 795 359 in
827 299 975 357 coelo
1001 309 1237 367 semper
1262 290 1534 348 felicibus
1565 288 1758 356 audis,

529 398 795 463 Quorum
824 406 925 446 TER
957 400 1198 444 smorus
1229 382 1351 438 ﬁne
1381 381 1508 437 sine
1538 396 1645 436 ora
1674 379 1908 434 sonant.

456 488 578 544 Hoc
602 482 830 548 frueris,
858 476 1079 552 praesul
1107 473 1267 541 felix,
1300 470 1545 528 feliciter
1571 471 1802 542 hymno
1827 483 1839 520 :

527 574 693 628 Hunc
718 550 961 643 quoque
992 581 1133 622 cum
1160 562 1401 636 reliquis
1449 562 1622 615 nocte
1659 556 1874 629 dieque
1905 550 2104 610 canis:

455 666 645 734 Atque
674 660 810 716 ideo
837 660 1045 714 nostro
1074 659 1180 710 tua
1208 652 1343 709 laus
1374 665 1497 706 non
1528 647 1749 717 indiget
1779 661 1903 711 ore,

524 748 867 807 Horrendus
893 745 1184 802 scelerum
1214 743 1500 815 personat
1528 737 1687 793 unde
1717 735 1935 805 fragor.

456 846 680 913 Nempe
703 854 811 912 per
839 836 1135 892 immanes
1165 830 1391 904 rapitur
1420 844 1590 883 mens
1618 842 1776 881 saeva
1797 825 2018 891 reatus,

527 930 683 1008 Proh
712 927 884 985 dolor
908 927 920 981 !
950 930 1007 982 et
1038 922 1240 996 Stygio
1273 936 1336 976 se
1363 917 1629 991 implicat
1651 916 1783 988 ipsa
1812 914 2001 1008 chao

460 1002 749 1090 Quocirca
777 1017 937 1073 diros
966 1015 1215 1071 blaterat
1240 1027 1359 1067 vox
1388 1024 1570 1065 rauca
1597 1006 1836 1074 boatus,
1976 1000 1995 1015 ⁹

529 1109 745 1180 Rugitu
774 1123 843 1163 ac
873 1103 1105 1178 plangit
1132 1099 1359 1159 tristitia
1382 1099 1503 1155 fata
1532 1095 1734 1169 gravi:

463 1200 577 1259 Sed
607 1204 681 1269 te,
702 1196 807 1270 qui
832 1195 1031 1268 typico
1058 1190 1267 1266 psallis
1296 1186 1707 1245 modulamine
1739 1183 1989 1249 Christo,

528 1294 609 1346 Ac
639 1300 889 1361 superas
913 1282 1093 1340 tantis
1118 1283 1349 1351 organa
1372 1281 1586 1335 cuncta
1617 1274 1834 1344 modis,

461 1375 787 1437 Submissis
815 1371 1052 1438 animis,
1081 1368 1331 1426 contrito
1357 1365 1535 1423 corde
1563 1378 1874 1435 rogamus,

530 1461 974 1525 Condescende,
998 1457 1212 1515 humili
1240 1455 1398 1513 mitis
1426 1454 1634 1510 adesto
1663 1450 1823 1524 preci
1847 1468 1860 1505 :

460 1559 530 1613 Ut
552 1554 697 1628 quia
724 1556 779 1608 te
808 1550 869 1606 in
898 1552 1132 1606 tantum
1160 1545 1297 1603 vitae
1324 1541 1596 1617 provexit
1626 1542 1930 1609 honestas,

531 1641 752 1699 Audire
781 1637 1083 1708 angelicos
1110 1651 1231 1707 quo
1260 1648 1526 1689 mereare
1552 1634 1757 1696 tonos;

461 1737 576 1790 Hos
599 1743 843 1805 quoque
872 1725 1059 1796 ﬂagiti
1086 1726 1373 1798 purgatos
1400 1720 1698 1790 sordibus,
1726 1722 1935 1790 aptum

533 1824 766 1889 Sancte,
799 1816 905 1874 tibi
934 1814 1119 1872 facias
1150 1812 1348 1869 laudis
1376 1811 1525 1866 inire
1553 1809 1761 1865 melos.
1795 1812 2002 1863 Amen.

1240 1903 1326 1957 ιν.

902 2008 1117 2048 EGLOGA
1157 2006 1263 2046 PRO
1302 2006 1351 2045 S.
1394 2003 1664 2044 LEBWINO.

686 2087 791 2156 [Ex
819 2081 1008 2147 Surio.
1043 2079 1147 2135 Vit.
1184 2078 1281 2135 SS.
1309 2082 1452 2133 tom.
1489 2079 1571 2144 Vl,
1600 2091 1660 2147 p.
1698 2074 1880 2143 1070.]

526 2173 785 2246 lnclytus
813 2170 1142 2240 Anglorum
1167 2166 1408 2222 veniens
1438 2163 1739 2220 Lebuinus
1767 2163 1846 2218 ab
1872 2162 2010 2228 oris,

458 2264 649 2323 Sacris
677 2263 965 2323 virtutum
990 2257 1170 2314 remis
1201 2260 1258 2312 et
1282 2255 1506 2325 remige
1534 2253 1789 2319 Christo,

456 2358 621 2413 Saeva
648 2347 965 2426 procellosi
994 2344 1346 2418 compressit
1372 2343 1625 2399 ﬂumina
1651 2341 1856 2410 Rheni,

453 2444 635 2515 Cujus
666 2442 815 2498 forte
840 2436 1006 2510 gravi
1034 2435 1355 2505 turgebant
1381 2434 1532 2490 ostia
1560 2433 1725 2499 ﬂatu,

455 2532 761 2603 Exagitata
789 2527 926 2584 feris
956 2540 1225 2599 persaepe
1254 2523 1638 2596 aquilonibus
1660 2526 1799 2578 ante
1824 2540 1837 2577 :

451 2626 641 2695 Atque
671 2636 743 2676 ea
771 2616 985 2674 divinas
1009 2615 1246 2670 fuerant
1273 2612 1356 2669 sic
1384 2611 1542 2668 invia
1570 2610 1731 2667 navi.

455 2710 569 2771 Sed
598 2713 924 2783 postquam
955 2707 1201 2761 sanctus
1229 2701 1473 2759 rabidas
1506 2700 1867 2774 perflaverat
1888 2699 2105 2769 undas,

454 2800 695 2857 Caelitus
722 2797 945 2854 emisso
966 2793 1153 2850 semel
1174 2790 1512 2864 impetravit
1541 2789 1620 2845 ab
1650 2794 1872 2864 austro,

454 2887 689 2947 Corruit
713 2883 958 2943 immitis
990 2885 1222 2949 Boreas,
1254 2895 1518 2951 moxque
1549 2894 1791 2951 aequore
1814 2882 1940 2934 tuto

456 2975 726 3048 Suscepit
748 2971 1022 3047 placidus
1046 2969 1212 3043 pacis
1237 2968 1480 3038 navigia
1509 2969 1768 3024 Rhenus.

454 3068 592 3123 Haec
615 3064 719 3120 ubi
745 3078 1029 3119 successu
1056 3064 1299 3134 portum
1326 3059 1545 3131 petiere
1577 3059 1865 3127 secundo,

456 3155 624 3213 Urbis
652 3152 715 3209 in
745 3152 1005 3224 antiquae
1033 3148 1265 3224 perﬁxa
1290 3151 1379 3204 est
1407 3147 1671 3203 anchora
1697 3147 1904 3220 glebis,

454 3249 522 3302 Et
546 3242 765 3316 lapidis
788 3240 1028 3296 ﬁrmata
1057 3239 1194 3304 situ,
1226 3253 1301 3293 ne
1331 3236 1480 3292 forte
1505 3235 1728 3292 solutas

453 3333 710 3391 Turbine
736 3332 1050 3404 quassaret
1077 3343 1284 3383 rursus
1313 3325 1402 3382 vir
1440 3325 1683 3385 horrida
1706 3343 1961 3400 puppes.

451 3426 600 3480 Tum
628 3435 771 3477 vero
795 3418 1091 3487 insignem
1121 3415 1337 3471 mirata
1366 3417 1455 3471 est
1483 3418 1638 3471 terra
1668 3415 1949 3472 colonum

454 3512 867 3569 Condemnare
897 3525 1039 3564 suas
1069 3506 1291 3563 cmlesti
1320 3504 1524 3562 fomite
1552 3503 1798 3574 messes,

450 3606 533 3657 Ac
560 3599 717 3656 male
746 3601 887 3653 nata
914 3595 1043 3652 solo
1072 3594 1292 3652 divinis
1322 3610 1493 3650 urere
1520 3594 1801 3650 ﬂammis.

451 3695 568 3747 Hos
597 3687 930 3759 allegoricis
957 3686 1276 3743 decernere
1304 3684 1534 3741 vicibus
1565 3701 1763 3755 agros,

452 3781 585 3837 lllos
615 3778 829 3835 sinceri
854 3776 1033 3832 sulcis
1063 3774 1340 3832 addicere
1368 3774 1558 3840 ferris,

449 3867 777 3926 Arboribus
805 3864 1106 3938 quosdam
1136 3863 1278 3918 ﬁdei
1306 3879 1578 3918 exercere
1592 3858 1900 3933 locandis,

451 3957 564 4022 Qui
588 3972 698 4011 sua
718 3954 913 4010 vicino
942 3952 1287 4009 collustrent
1317 3950 1588 4019 germina
1611 3951 1781 4006 creto.

449 4048 698 4103 Cernere
724 4047 846 4099 erat
878 4040 1101 4096 steriles
1146 4040 1556 4113 splendescere
1582 4039 1832 4095 ﬂoribus
1860 4040 2101 4113 herbas,

449 4133 913 4203 Fecundumque
940 4146 1155 4185 nemus
1186 4129 1385 4199 fruges
1417 4128 1640 4183 nutrire
1669 4128 1893 4201 salutis,

442 4222 532 4281 Nil
559 4237 683 4277 non
711 4218 1051 4291 proﬁcuum
1076 4233 1325 4290 compos
1347 4216 1613 4272 redolere
1636 4232 1743 4290 per
1770 4232 2005 4290 omnes,

443 4311 772 4383 Postquam
800 4308 939 4365 divo
970 4324 1140 4378 seges
1170 4306 1437 4364 felicibus
1466 4306 1718 4363 haeserat
1747 4308 1924 4365 arvis.

512 4403 643 4456 Haec
672 4397 867 4471 typice
898 4400 1099 4453 noster
1126 4395 1657 4467 gessit‘Lebuinus,
1689 4396 1899 4466 amice,

438 4489 497 4547 Si
523 4489 679 4546 bene
707 4486 1053 4561 perpendis,
1081 4484 1229 4559 quid
1259 4484 1498 4559 spiritus
1526 4484 1737 4543 innuat
1765 4485 1916 4543 odis.

437 4583 585 4637 Nam
614 4577 839 4651 pepigit
866 4576 1033 4644 vites,
1066 4592 1205 4632 cum
1234 4575 1453 4632 multos
1487 4575 1710 4633 codicis
1740 4575 1884 4632 almi

436 4670 738 4726 Struxerat
765 4666 1037 4739 eloquiis,
1068 4681 1208 4721 cum
1238 4664 1526 4734 dogmata
1566 4664 1823 4736 mystica
1852 4666 2091 4738 sparsit.

434 4758 744 4816 Triticeam
773 4757 974 4831 posuit
1000 4772 1281 4825 messem,
1310 4771 1450 4811 cum
1474 4758 1720 4827 pectora
1755 4755 1989 4814 munda

2134 193 2181 245 A
2219 193 2356 247 Esse
2386 192 2551 252 dedit
2576 203 2932 272 castumque
2962 202 3079 256 Deo
3107 200 3379 262 subtexuit
3399 222 3594 277 agmen.

2215 284 2395 341 Porro
2419 291 2621 344 autem
2650 289 2937 346 arboreas
2967 290 3445 365 studuit-plantam
3462 300 3685 369 novellas,

2216 371 2451 430 Robora
2479 392 2619 434 cum
2648 377 2790 435 ﬁdei
2821 379 3041 447 statuit,
3072 395 3202 438 cum
3229 382 3379 454 pacis
3402 385 3583 444 olivam

2216 460 2507 535 Crescere,
2537 484 2675 523 cum
2704 468 2929 526 fructus
2958 469 3091 526 fecit
3118 470 3323 543 pollere
3349 489 3610 545 perennes.

2285 554 2316 606 J
2323 570 2424 610 ure
2452 555 2632 627 igitur
2657 575 2898 615 summo
2927 575 2964 615 a
2993 559 3162 616 nobis
3186 565 3439 619 tractatur
3463 581 3645 637 amore,

2213 644 2348 698 Jure
2377 643 2459 700 illi
2488 649 2866 705 venerandus
2891 649 3083 705 honos
3117 648 3468 724 impenditur,
3496 653 3616 711 altor

2217 733 2327 799 Qui
2355 735 2665 807 probitatis
2696 743 2841 809 erat,
2868 740 3110 813 verique
3139 746 3375 798 assertor
3396 743 3629 815 optimus,

2217 824 2495 881 Errorum
2521 827 2800 897 domitor,
2826 828 2950 884 vitii
2975 828 3226 886 calcator
3253 831 3421 901 avari,

2217 913 2334 969 Ara
2361 914 2681 986 pudicitiae,
2712 917 2867 988 frugi
2897 935 3137 991 quoque
3157 919 3383 991 virginis
3406 920 3543 993 aula,

2217 1002 2507 1060 Virtutum
2532 1006 2727 1075 turris,
2759 1007 2927 1079 pacis
2958 1025 3066 1065 seu
3089 1008 3233 1066 lucis
3260 1009 3421 1067 oliva.

2218 1095 2519 1151 Postremo
2544 1096 2749 1169 ipsius,
2777 1115 2966 1172 quam
2994 1100 3255 1156 carmina
3281 1105 3475 1159 cuncta
3497 1108 3721 1169 verentur,

2219 1185 2286 1237 Et
2314 1198 2451 1255 quae
2481 1187 2713 1242 terreno
2743 1187 2958 1260 spoliat
2987 1204 3047 1244 se
3076 1188 3312 1262 dapsilis
3340 1205 3492 1259 auro,

2221 1273 2482 1345 Quaeque
2511 1277 2627 1331 Deo
2653 1282 2929 1346 cognata,
2958 1277 3113 1333 mori
3142 1293 3246 1351 pro
3275 1278 3525 1334 fratribus
3546 1282 3684 1351 optat,

2218 1360 2474 1427 Virtutis,
2506 1380 2642 1419 cum
2673 1380 2778 1438 spe
2810 1370 3042 1422 aeternae
3075 1366 3336 1423 custodia
3359 1366 3495 1423 vitae.

2291 1452 2443 1519 Ergo
2470 1451 2593 1522 tibi,
2624 1453 2890 1525 prudens
2918 1453 3119 1523 lector,
3153 1454 3251 1511 tibi
3277 1455 3513 1518 consule,
3538 1471 3710 1528 quaeso,

2140 1544 2180 1597 B
2221 1540 2286 1593 Et
2314 1554 2573 1609 mecum,
2610 1546 2816 1599 sancto
2846 1543 3079 1599 Domini
3110 1543 3388 1600 solemnia
3414 1548 3547 1610 vota,

2219 1629 2298 1682 Ne
2328 1628 2527 1683 tardes
2558 1629 2791 1700 offerre,
2822 1630 3014 1687 virum
3038 1632 3152 1687 hoc
3180 1631 3318 1705 quia
3343 1630 3511 1701 diligit
3532 1629 3683 1686 omnis

2220 1716 2474 1773 Dilectus
2499 1719 2745 1776 Christo.
2774 1720 3072 1777 Christum
3099 1737 3240 1777 nam
3269 1720 3445 1791 diligit
3467 1721 3590 1794 ipse,

2219 1810 2408 1878 Atque
2422 1806 2620 1880 ipsum
2635 1808 3187 1882 Christus,ﬂagrans
3198 1825 3362 1866 amor
3381 1808 3529 1867 ardet
3539 1806 3752 1878 utrinque.

2221 1896 2331 1952 Sed
2362 1895 2572 1953 Christi
2599 1897 2673 1953 de
2704 1902 2872 1972 parte
2899 1899 3116 1971 magis,
3149 1899 3340 1956 minus
3381 1903 3461 1954 est
3485 1897 3602 1970 quia
3624 1900 3751 1951 totum

2220 1983 2392 2048 Quod
2417 1985 2685 2042 mortalis
2715 1986 2856 2057 agit,
2887 1991 3178 2061 superant
3203 1986 3397 2043 divina
3418 1984 3675 2042 caducum.
3768 2052 3771 2057 η

2217 2076 2332 2129 Nos
2344 2090 2766 2149 quoque,quos
2777 2076 3283 2149 semperfamulos
3295 2075 3560 2132 Lebuinus
3570 2069 3754 2135 habebit,

2218 2166 2332 2218 Nos
2346 2163 2490 2235 quia
2501 2180 2738 2237 semper
2747 2166 3148 2234 amat,devote
3157 2166 3316 2222 hunc
3326 2178 3537 2236 semper
3547 2174 3757 2224 amemus,

2219 2252 2517 2309 Suavibus
2547 2258 2603 2310 et
2632 2255 2892 2311 modulis
2923 2255 3471 2312 Christicantemus
3496 2250 3710 2312 amicum,

2218 2343 2412 2416 Ipsius
2436 2347 2494 2399 et
2520 2359 2744 2400 nomen
2774 2345 2937 2401 Latio
2976 2361 3254 2402 sermone
3282 2347 3528 2406 canatur,

2217 2432 2397 2496 Quale
2428 2437 2619 2501 sonat,
2653 2437 2774 2493 toto
2804 2433 3030 2490 divisus
3059 2435 3140 2491 ab
3169 2433 3331 2497 orbe.
3362 2433 3646 2488 Britannus.

2218 2526 2488 2595 Namque
2515 2522 2632 2578 illic
2658 2538 2914 2595 puerum
2944 2523 3149 2581 dixere
3179 2521 3491 2596 crepundia
3514 2531 3706 2592 parvum

2218 2611 2274 2666 Li
2281 2610 2700 2684 afuvim,quod
2716 2627 2955 2669 sacrum
2973 2613 3250 2686 posthaec
3265 2610 3542 2684 baptisma
3553 2601 3758 2680 probavit,

2218 2701 2601 2775 Decrevitque
2632 2705 2751 2758 Deo
2780 2702 2954 2759 dulce
2978 2708 3035 2759 et
3061 2700 3445 2760 memorabile
3472 2710 3666 2754 nomen.

2218 2794 2370 2847 Nam
2398 2792 2445 2848 si
2470 2796 2733 2849 vertatur
2762 2792 3073 2862 Liafuvim,
3108 2793 3272 2867 quod
3304 2806 3453 2848 cuna
3478 2785 3693 2853 sonabat,

2221 2884 2405 2938 Carus
2431 2882 2663 2939 amicus
2689 2882 2816 2951 erit,
2840 2883 2944 2939 sed
2976 2883 3230 2939 verbum
3256 2896 3463 2951 augere
3490 2887 3680 2934 necesse
3693 2873 3762 2935 est,

2220 2974 2421 3044 Cujus,
2455 2972 2578 3029 sive
2608 2972 2721 3028 cui.
2756 2972 2954 3029 Melius
2983 2973 3136 3044 quid
3167 2970 3434 3029 convenit
3460 2967 3586 3035 istic,

2220 3064 2412 3128 Quam
2439 3062 2488 3118 si
2515 3061 2645 3132 lege
2664 3061 2836 3117 metri
2867 3061 3120 3129 Christo,
3154 3059 3433 3116 Christive
3460 3047 3721 3111 subaudis?

2219 3153 2355 3209 Haec
2384 3152 2506 3208 duo
2531 3151 2580 3206 si
2609 3150 2872 3224 copules,
2905 3151 3094 3207 sancti
3131 3150 3456 3207 vocitamen
3485 3139 3728 3212 adimples.

2217 3245 2407 3314 Atque
2429 3241 2493 3297 in
2520 3245 2772 3313 utroque
2798 3240 3019 3313 places,
3051 3256 3196 3296 cum
3226 3242 3513 3295 Romanus
3540 3235 3588 3288 et
3613 3224 3766 3297 Angius

2217 3330 2396 3387 Audit
2422 3329 2719 3399 exultans,
2749 3328 2957 3385 laudat
2985 3328 3218 3385 idioma
3248 3327 3544 3383 docentem

2219 3421 2388 3487 Quod
2408 3419 2671 3493 patrium
2687 3422 2975 3489 armatos,
2995 3418 3353 3475 translatum
3364 3413 3551 3472 laudat
3569 3410 3765 3466 inermes.

2218 3513 2363 3566 Ecce
2394 3514 2596 3567 autem
2627 3508 2902 3565 cohibere
2932 3513 3187 3565 monent
3218 3505 3452 3564 fastidia
3479 3513 3690 3565 carmen,

2216 3603 2297 3656 Ne
2326 3599 2515 3655 musis
2544 3599 2755 3655 doctas
2784 3596 3002 3654 laedam
3023 3597 3329 3654 ruralibus
3355 3608 3549 3652 aures:

2217 3689 2388 3754 Quod
2416 3687 2607 3755 facile,
2643 3686 2874 3760 stipulis
2904 3703 3043 3742 cum
3086 3687 3337 3759 quidem
3368 3682 3548 3755 garrio
3568 3671 3729 3734 nostris

2216 3779 2456 3847 Accidit,
2492 3777 2765 3834 Arcadici
2794 3793 2929 3849 quae
2956 3776 3191 3833 rudunt
3220 3791 3385 3832 more
3411 3768 3601 3847 peculi,

2217 3869 2440 3941 Vixque
2463 3867 2679 3941 aliquis
2709 3871 2873 3923 curet
2892 3866 3122 3922 calcem
3153 3868 3492 3940 exspectare
3520 3852 3718 3919 canoriS,

2214 3959 2317 4015 Cui
2342 3974 2539 4031 neque
2568 3956 2780 4012 saltem
2796 3955 2975 4012 obolo
3003 3954 3344 4028 primordia
3374 3952 3544 4023 digna
3561 3943 3769 4001 videntur.

2213 4047 2328 4104 Sed
2356 4046 2549 4114 refert,
2577 4044 2725 4118 quid
2753 4044 3013 4118 quisque
3039 4049 3266 4102 canat:
3301 4060 3413 4100 nos
3438 4039 3548 4097 otia
3572 4031 3695 4092 fmda

2106 4166 2112 4173 -
2216 4139 2280 4192 In
2311 4136 2524 4192 melius
2557 4138 2821 4190 mutasse
2851 4134 2981 4204 rati,
3015 4133 3310 4206 spirantis
3341 4128 3552 4189 anomi.

2129 4249 2174 4303 ι)
2213 4225 2677 4296 Palmarumque
2705 4223 2915 4296 inopes
2941 4222 3179 4280 Silvano
3209 4219 3557 4278 extorsimus
3580 4211 3741 4303 alget}!-

2214 4317 2427 4381 Quam,
2449 4311 2727 4379 Lebuine,
2750 4291 2888 4367 vide
2899 4326 3065 4368 sacer
3076 4326 3152 4367 ac
3166 4305 3548 4367 memorande
3558 4291 3773 4357 sacerdos-

2141 4415 2147 4423 '
2209 4407 2372 4460 Hanc
2383 4400 2993 4475 precor,utChristum
3007 4397 3398 4469 recolens,nil
3408 4393 3630 4453 fortibus
3639 4393 3776 4443 usum.

2206 4489 2486 4547 Pallentis
2516 4490 2713 4546 viduae
2743 4489 2941 4562 potius
2970 4489 3231 4547 cessisse
3262 4487 3519 4553 minutis,
3656 4476 3753 4562 [ηεξ

2206 4581 2448 4635 Gratam
2485 4553 3160 4651 habeas,precibusque
3181 4579 3304 4636 tuis
3328 4591 3463 4633 mea
3488 4553 3777 4628 vinculasol‘

2206 4671 2274 4724 Et
2298 4684 2441 4725 vera
2459 4667 2676 4733 facias,
2709 4671 2849 4740 post
2876 4667 3208 4726 diversoria
3238 4666 3456 4733 carnis,

2205 4758 2495 4816 Libertate
2522 4756 2658 4829 frui,
2686 4756 2870 4814 sacris
2901 4773 3039 4815 cum
3069 4756 3334 4814 cratibus
3366 4752 3529 4827 Agni.
