4034 6182
301 204 400 262 561
1436 206 1782 265 SALOMON.
1808 238 1881 249 —
1905 210 1939 266 Ν

2062 215 2185 269 ΪΤΙΑ
2218 216 2612 276 HISTORICA.

3632 225 3733 275 562

310 327 3734 376 ΞΜ

1609 489 1790 534 ΑΝΝο
1834 491 2074 536 DOMINI
2118 494 2440 540 DCCCCXX.

1438 669 2630 868 SALOMON

939 971 2190 1104 CONSTANTIENSIS
2274 983 3083 1107 EPISCOPUS.

1798 1201 2192 1215 ἡ

1417 1356 1859 1448 NOTITIA
1945 1363 2563 1457 HISTORICA.

1282 1537 1481 1612 (Apud
1512 1538 1837 1609 Cauisium,
1869 1541 2164 1642 Spicilegii
2192 1548 2336 1601 tom.
2371 1550 2437 1616 ll,
2477 1562 2620 1619 pars
2648 1549 2734 1618 ιι.)

359 1851 647 1931 Salomon
677 1851 1146 1931 Constantiensis
1175 1856 1944 1931 episcopus‘illustriprosa-
1982 1860 2030 1913 A
2059 1857 2292 1931 tia‘sese
2323 1859 2683 1930 abdicasset,
2719 1857 3003 1931 Salomon
3034 1856 3165 1926 ejus
3181 1854 3358 1931 _vices
3393 1857 3600 1931 subiit,
3627 1857 3738 1914 im-

282 1923 388 1996 pia
404 1927 609 1997 natus
630 1929 798 1997 era_t_;
830 1939 867 1980 a
896 1923 1247 1996 parentibus
1279 1923 1770 1997 Sangallensibus
1816 1945 1949 1985 mo-

280 1993 501 2072 nachis
521 1993 943 2072 Grimaldoque
961 2000 1105 2072 tunc
1129 1993 1635 2072 temporis'abbati
1648 2017 1953 2057 commen-

281 2064 487 2137 datus,
519 2065 623 2122 ubi
652 2064 935 2139 atene'ris
967 2066 1140 2139 annis
1177 2064 1387 2126 studiis
1444 2071 1747 2139 incubuit;
1809 2088 1949 2128 cum

281 2136 742 2216 autempaateris
769 2137 1202 2216 condiscipulis
1216 2140 1623 2216 doctrinarum
1671 2136 1948 2216 profecti-

280 2207 544 2294 bus_sub
576 2214 741 2294 isone
773 2207 1139 2294 praeceptore
1187 2207 1692 2294 longenpraeiret,‘
1722 2214 1949 2270 invidia

281 2280 436 2357 moti
467 2284 604 2357 sunt
647 2280 948 2357 monachi,
971 2280 1562 2357 'Notkerus'aliique,
1620 2280 1948 2357 ipsumque

282 2350 398 2406 sibi
419 2350 683 2428 praeferri
712 2368 871 2422 aegre
895 2351 1150 2428 ferentes
1181 2371 1427 2428 sumon
1440 2350 1589 2411 odio
1615 2350 1794 2428 sunt”
1811 2350 1948 2428 pro-

280 2422 471 2478 secuti
497 2438 805 2496 ;__cumque
848 2423 1022 2479 vellet
1068 2426 1501 2496 monasterium
1560 2422 1947 2496 Sangallense

275 2499 469 2550 noctu
496 2493 725 2570 dieque
741 2494 869 2570 sine
915 2495 1149 2570 cuculla
1204 2493 1711 2570 ingredAiLipsius'
1743 2499 1947 2554 aemuli

277 2588 307 2638 5‘
328 2564 918 2638 sanctam—fraudem
939 2564 1333 2636 detegentes»
1366 2564 1451 2623 ab'
1472 2564 1746 2638 in'gressu
1802 2584 1945 2638 pro-

274 2636 489 2712 hibere
520 2640 985 2712 tentaveruntea
1004 2638 1234 2695 ratione
1275 2638 1442 2712 quod
1499 2636 1945 2712 insolensforet

276 2707 555 2783 aliquem
567 2708 786 2783 intrare
816 2708 1027 2783 intima
1039 2707 1404 2783 monasterii,
1418 2716 1601 2783 noctu
1616 2711 1941 2783 praecipue,

275 2778 514 2852 abs—que
542 2779 894 2852 monachali
912 2779 1142 2852 habitu.
1178 2781 1495 2837 Postulavit
1536 2778 1822 2838 Salomon
1882 2788 1946 2839 ut

277 2850 545 2925 cappam
572 2850 1000 2907 monachalem
1028 2850 1302 2925 indueret
1320 2852 1467 2925 dum
1490 2852 1646 2909 intra
1681 2852 1943 2910 claustra

273 2921 704 2992 ingrederetur,
733 2927 977 2978 exueret
1001 2938 1143 2978 vero
1165 2922 1312 2979 dum
1339 2923 1530 2980 abiret
1560 2941 1573 2979 :
1606 2925 1944 2982 renuebant

273 2992 582 3068 monachi,
605 2993 729 3068 ipsi
770 3008 1008 3068 semper
1036 2993 1441 3068 infensissinii,
1488 2994 1700 3068 lupum
1759 2996 1942 3053 ovino

272 3063 493 3138 vellere
520 3063 1244 3138 indﬁireprehendentes.
1280 3063 1573 3138 Divinam"
1603 3066 1780 3138 plane
1812 3082 1944 3123 sen-

274 3136 525 3210 tentiam
550 3135 868 3210 amplexus
899 3135 1093 3192 abbas
1120 3137 1423 3210 postulata
1447 3135 1740 3210 concessit
1772 3142 1838 3194 ut
1866 3209 1869 3210 7
1893 3138 1942 3195 si

275 3207 590 3280 quondam
616 3206 903 3280 Salomon
933 3206 1231 3280 crearetur
1277 3208 1472 3280 abbas
1500 3206 1931 3280 Sangallensis,

275 3276 404 3334 rion
429 3279 737 3345 canonico,
771 3276 882 3334 sed
910 3279 1212 3335 monacho
1243 3280 1301 3335 et
1314 3278 1477 3335 fratri
1499 3276 1929 3349 subderentur;

278 3354 423 3405 tunc
450 3350 608 3406 enim
638 3349 1006 3406 monasteria
1033 3364 1071 3405 a
1097 3350 1402 3406 canonicis
1428 3350 1553 3420 regi
1581 3350 1753 3407 solita
1784 3368 1798 3418 ;
1851 3352 1936 3408 sic

280 3420 639 3504 grimaldus,
673 3420 759 3504 sic
786 3420 968 3477 etiam
999 3421 1369 3478 Hartmultus
1396 3421 1638 3504 fuerunt
1685 3423 1936 3504 sangal-

278 3491 476 3565 lenses
505 3492 786 3565 abbates,
814 3508 1182 3565 quanquam
1221 3492 1513 3550 canonici.
1573 3492 1665 3551 Sic
1720 3491 1939 3565 legitur

280 3564 344 3618 in
364 3563 487 3619 Vita
508 3563 855 3636 Wirobadee
885 3581 897 3618 :
925 3563 1063 3636 post
1089 3563 1474 3621 Salomonem
1505 3567 1770 3621 metuere
1792 3563 1802 3564 7
1825 3564 1937 3621 fra-

281 3640 399 3691 tres
424 3650 495 3690 ne
525 3634 586 3691 in
614 3634 878 3691 alienam
927 3634 1188 3691 ‘manum
1240 3636 1651 3704 traderentur;
1692 3635 1940 3704 regendi

282 3704 505 3778 scilicet
527 3706 605 3778 ab
634 3705 963 3762 abbatibus
986 3706 1392 3778 saecularibus,
1413 3706 1939 3778 quemadmodum

285 3723 502 3762 scilicet
527 3723 605 3763 an
634 3723 963 3762 80081.qu
986 3723 1392 3778 saecularibus,
1458 3723 1939 3763 uemaamoaum

285 3776 469 3850 fuerat
484 3776 792 3850 Salomon.
810 3778 1172 3850 Quanquam
1203 3723 1683 3850 autemﬂerveret
1707 3777 1769 3833 in
1798 3793 1942 3835 eum

283 3848 634 3922 gemulorum
666 3848 928 3922 Notkeri,
949 3847 1248 3922 lihtperti,
1273 3848 1564 3922 _'I‘ut_iloni__s
1587 3847 1818 3922 odium,
1848 3850 1941 3905 ni-

281 3919 601 3991 hilominus
623 3919 1141 3991 archicapellanus
1168 3919 1448 3991 Ludovici
1470 3919 1795 3991 Piielectus
1818 3925 1938 3978 est:

283 3990 497 4047 deinde
524 4007 669 4047 vero
695 3990 847 4047 dum
880 3990 1074 4061 gratia
1103 3990 1350 4063 polleret
1404 3990 1567 4117 apud
1625 3991 1942 4063 imperato-

283 4077 429 4117 rem.
477 4062 810 4117 Elewangis
866 4066 924 4117 et
975 4061 1441 4117 Camnidonensi
1491 4077 1559 4116 us
1612 4062 1942 4117 canonicus

280 4077 429 4135 rem,
477 4062 810 4132 Elewangis
866 4066 924 4118 et
958 4061 1562 4135 ,Canipidonensibus
1612 4061 1944 4135 canonicus

277 4132 595 4207 praefectus
617 4138 724 4191 est.
762 4136 909 4191 Cum
947 4132 1283 4190 Bernardus
1324 4132 1699 4204 Sangallensi
1750 4132 1942 4191 abba-

2060 1929 2315 2008 pellente
2374 1931 2628 2008 Hattone
2664 1926 3049 2008 Moguntino,
3100 1926 3272 2008 cujus
3334 1927 3560 1987 laudes
3587 1926 3735 1987 'car-

2061 1998 2326 2057 ininibus
2355 2003 2477 2058 suis
2505 1998 2914 2058 inseruitVix
2952 1998 3286 2055 octodecim
3331 2016 3583 2058 menses
3612 2018 3738 2058 mo-

2060 2073 2681 2155 nasteriopraefuerat,
2729 2088 2870 2155 cum
2925 2069 3478 2155 adngpiscopalem
3529 2073 3733 2155 sedem

2062 2143 2419 2215 constantiae
2446 2144 2565 2215 fuit
2582 2147 2845 2215 evectus,
2878 2144 3107 2215 an.893_.
3142 2143 3481 2215 Episcopus
3511 2144 3735 2215 duode-

2059 2213 2175 2294 cim
2207 2214 2482 2294 abbatias
2510 2213 2907 2294 nihilominus
2930 2211 3204 2294 regebat,
3224 2211 3376 2294 ‘pro'
3414 2231 3587 2271 more
3637 2214 3733 2271 his

2056 2288 2176 2340 tem
2223 2286 2428 2341 oribus
2460 2285 2635 2340 solito
2671 2284 2841 2356 ;pari
2869 2282 3031 2338 enim
3058 2282 3448 2340 abbatiarum
3475 2301 3731 2342 numero

2058 2302 2362 2411 gaugebat
2390 2359 2584 2411 Hatto.
2629 2354 3008 2411 Moguntinus
3055 2353 3299 2411 praesul.
3362 2356 3731 2411 Triburiensi

2057 2353 2362 2426 gaudebat
2390 2359 2584 2421 Hatto,
2629 2353 3008 2426 Mo‘guntinus
3055 2353 3299 2426 praesul.
3362 2356 3731 2413 Triburiensi

2056 2424 2502 2508 concilio_anno
2535 2428 2639 2481 895
2660 2424 2875 2508 adluit
2904 2430 2961 2481 et
2989 2424 3345 2508 subscripsit
3401 2427 3725 2508 Salomon;

2054 2497 2270 2578 deinde
2298 2500 2552 2578 Romam
2574 2496 2745 2578 petiit
2770 2496 3029 2577 indeque
3052 2495 3363 2578 Pelagium
3396 2495 3725 2578 martyrem

2057 2569 2470 2625 Constantium
2499 2567 2860 2639 episcopum
2897 2567 2969 2640 in
3023 2569 3405 2640 sarcophago
3465 2567 3614 2625 auro
3671 2576 3727 2626 et

2054 2640 2308 2710 gemmis
2337 2638 2624 2710 decorato
2651 2638 3034 2710 transtulisse
3065 2638 3261 2695 ferunt
3288 2638 3417 2697 9t9.
3445 2641 3726 2698 Carmina

2053 2709 2335 2793 Quaedam
2357 2709 2543 2793 edidit
2588 2709 2669 2765 ad
2700 2709 3015 2793 Qadonein
3070 2710 3371 2793 amicum;
3427 2712 3725 2793 quinsiut

2053 2780 2244 2855 ipsius
2275 2781 2552 2837 dubitare
2578 2796 2705 2837 non
2729 2780 2865 2837 licet
2885 2780 3049 2838 lectis
3073 2781 3166 2838 his
3190 2780 3504 2838 versiculis
3537 2802 3550 2840 :

2124 2905 2340 2977 liximie
2371 2905 2635 2968 antistes,
2671 2905 2778 2959 has
2799 2906 3014 2977 accipe,
3045 2905 3224 2974 Dado,
3260 2906 3486 2962 salutes

2192 2975 2533 3047 Conscripta
2563 2977 2779 3031 tristia
2798 2975 3102 3032 Salomone
3132 2983 3282 3032 tuas.

2121 3099 2391 3173 Tristities
2434 3108 2623 3173 causa
2670 3100 2780 3158 fuit
2821 3117 2987 3157 mors
3047 3098 3491 3173 intempestiva
3522 3101 3718 3159 fratris

2050 3188 2234 3245 quem
2266 3171 2439 3227 unice
2469 3171 2794 3229 adamavit.

2112 3278 2217 3332 Hic
2246 3277 2485 3333 baculus
2529 3278 2713 3345 lasso,
2760 3281 2875 3335 fuit
2902 3279 2996 3333 hic
3026 3280 3376 3333 medicamen
3399 3284 3457 3336 et
3475 3297 3629 3349 aegro
3663 3299 3675 3334 :

2189 3350 2321 3404 Istic
2350 3350 2485 3403 dum
2512 3352 2703 3420 viguit
2737 3351 2821 3405 nil
2847 3351 2990 3405 mihi
3018 3352 3187 3406 triste
3210 3352 3341 3406 fuit.

2120 3457 2246 3514 Fuit
2273 3457 2369 3513 ille
2386 3458 2580 3529 hujus
2608 3461 2870 3517 nominis
2903 3458 3110 3515 tertius
3141 3459 3336 3516 abbas
3366 3460 3715 3529 Sangallen-

2049 3530 2159 3611 sis,.
2182 3533 2247 3611 ut
2268 3528 2531 3611 probant
2560 3546 2773 3611 versus
2802 3531 3006 3611 forsan
3036 3545 3073 3585 a
3092 3530 3361 3611 Tutilone
3390 3528 3524 3611 ipso
3567 3547 3715 3611 90n-

2049 3598 2338 3677 scriptiin
2366 3600 2495 3670 ejus
2514 3600 2780 3677 laudem,
2815 3600 2895 3677 ob
2943 3599 3109 3656 dona
3159 3598 3540 3673 amplissima
3563 3604 3713 3658 San-

2050 3670 2416 3741 gallensibus
2441 3671 2674 3729 collata.

2122 3795 2357 3850 Tertius
2390 3796 2481 3848 hic
2512 3794 2698 3864 hagiae
2725 3794 2993 3850 Salomon
3026 3794 3125 3848 dat
3148 3796 3297 3849 dona
3324 3795 3553 3861 Mariae,

2123 3865 2353 3921 Tertius
2385 3866 2479 3919 hic
2506 3866 2657 3920 almo
2685 3866 2952 3920 Salomon
2978 3866 3079 3919 dat
3110 3883 3346 3920 munera
3377 3866 3566 3922 Gallo.

2123 3990 2279 4048 Obiit
2306 4007 2469 4047 anno
2499 3994 2622 4048 919.
2658 3990 3002 4047 [labebatur
3032 3995 3238 4047 autem
3269 4014 3298 4042 «
3329 3992 3421 4047 vir
3450 3991 3712 4051 fortuna-

2052 4068 2167 4135 tus,
2194 4062 2462 4135 prudens
2492 4062 2739 4135 consilio
2769 4062 3061 4135 eloquens
3091 4068 3148 4120 et
3178 4062 3352 4119 valde
3390 4062 3709 4120 liberalis.»

2053 4134 2209 4203 (Vita
2232 4134 2429 4203 Notk.,
2455 4150 2507 4191 c.
2542 4134 2650 4205 ιε.)

1398 4364 2584 4576 εΑιοΜοΝιε
2658 4514 2661 4515 ε

1541 4711 2100 4757 ΟΟΝΒΤΑΝΤΙΗΝΒῙΒ
2142 4713 2438 4759 ΕΡΙΒΟΟΡῙ

687 4881 1243 5005 VERSUS
1328 4885 1530 5003 AD
1628 4878 2355 5005 DADONEM
2452 4881 3300 5004 EPISCOPUM.

1539 5097 1734 5174 (Apud
1746 5095 2062 5174 ‘Canisium
2091 5095 2195 5152 ubi
2219 5098 2450 5171 supra.)

1789 5230 2214 5243 __

560 5322 781 5391 Incipit
807 5323 1099 5392 protegas
1120 5322 1413 5393 sequentis
1443 5325 1656 5393 operis.

281 5409 549 5484 Simplex
569 5410 718 5467 trine
745 5413 926 5478 Deus,
954 5410 1206 5481 genitor,
1241 5414 1386 5483 sate,
1412 5412 1651 5484 spiritus
1677 5410 1853 5478 alme,

280 5500 474 5566 Quem
500 5500 720 5555 trinum
751 5499 985 5572 simple,
1011 5516 1195 5573 quem
1224 5499 1509 5573 simplum
1537 5501 1741 5572 regula
1789 5500 1938 5556 trine

276 5588 661 5646 Credendum
690 5592 1009 5658 monstrat,
1049 5586 1309 5661 ﬁdeique
1361 5590 1697 5664 expostulat
1748 5590 1936 5658 ordo;

277 5679 348 5736 In
379 5695 504 5753 quo
534 5695 808 5752 personae
834 5678 1100 5752 triplant,
1132 5678 1465 5737 substantia
1498 5680 1758 5754 simplat,

1977 5321 2018 5373 C
2052 5324 2135 5378 Da
2163 5325 2372 5378 votum
2393 5319 2578 5386 cordi,
2612 5318 2990 5374 sermonibus
3021 5319 3243 5375 instrue
3262 5317 3554 5388 linguam,

2048 5410 2341 5483 Cymbala
2369 5408 2676 5465 labrorum
2707 5407 2969 5463 concede
3000 5413 3065 5465 ut
3093 5410 3249 5463 recta
3264 5406 3624 5480 loquantur;

2048 5501 2162 5555 Fac
2192 5515 2288 5555 me
2321 5498 2468 5555 velle
2499 5497 2731 5553 bonum
2751 5498 3033 5570 justeque
3060 5496 3308 5570 implere
3339 5495 3635 5567 cupitum;

2050 5588 2253 5646 lmbue
2283 5589 2467 5647 corda
2490 5587 2630 5660 ﬁde,
2666 5603 2834 5662 spem
2866 5587 3051 5659 dona,
3079 5584 3280 5644 confer
3308 5600 3576 5643 amorem
3609 5602 3622 5651 ;

2050 5681 2192 5746 Quae
2212 5679 2324 5737 tria
2348 5679 2444 5737 cui
2464 5678 2719 5749 dederis,
2753 5678 2835 5736 nil
2862 5676 3041 5735 habet
3069 5677 3164 5734 hic
3185 5692 3307 5734 non
3329 5672 3656 5750 probitatis.
