3940 6184
354 214 460 267 563

358 334 471 391 Sed
499 335 666 406 quod
696 340 1065 408 postremum
1088 336 1257 409 ponit
1284 338 1596 409 catalogus
1624 340 1863 408 horum,

357 426 478 479 Hoc
506 424 707 495 majus
736 424 978 497 reliquis
1009 429 1258 481 testatur
1281 429 1600 501 Apostolus
1627 444 1757 484 esse
1789 429 1845 496 (Ι
1871 427 2007 484 σον.

362 515 567 585 Utpote
596 529 718 586 qua
749 530 955 570 cassus
986 530 1109 571 non
1140 517 1586 590 participaverit
1612 519 1768 574 ullus
1845 517 2010 589 [xm);

361 603 623 669 Coenam,
648 618 833 674 quam
852 610 993 659 nato
1019 604 1145 673 regi
1171 620 1275 660 rex
1297 605 1431 662 fecit
1453 607 1720 679 opimam
1741 606 2012 678 (Luc.tv);

360 693 427 746 Et
462 707 583 764 qua
659 691 996 749 multimodi
1062 693 1297 751 sceleris
1358 698 1679 759 commissa
1739 699 2017 767 teguntur

1643 787 1872 855 ([Petr.
1893 784 1972 857 ιν)
1999 804 2012 847 ς

358 869 485 931 Qua
512 869 638 924 sine
678 870 765 925 vel
799 871 1046 942 largitor
1075 889 1283 946 opum,
1315 874 1410 930 vel
1428 874 1632 948 passio
1657 876 1704 931 si
1727 892 1910 949 quem

361 957 662 1028 Insignem
680 959 894 1027 reddit,
910 960 1223 1021 frustratus
1240 978 1433 1021 merce
1447 964 1738 1035 carebit(1
1752 963 2015 1035 Canam)

362 1045 731 1118 Astipulatur
754 1049 893 1105 huic
922 1050 1127 1112 Christi
1157 1052 1448 1112 sententia
1467 1053 1671 1117 verbo,

366 1137 495 1200 Qua
520 1136 595 1192 de
616 1139 905 1195 mandato
936 1139 1145 1196 scribae
1168 1140 1322 1196 dans
1352 1142 1639 1213 dogmata
1666 1142 1883 1215 primo,

368 1224 424 1280 Si
450 1226 750 1298 praecepti,
781 1226 992 1300 inquit,
1012 1229 1219 1300 magni
1244 1230 1332 1285 vis
1358 1231 1629 1304 pondera
1657 1248 1854 1296 nosse,

363 1312 591 1368 Affectu
613 1318 735 1370 toto
761 1316 1079 1372 Dominum
1105 1317 1358 1374 devotus
1390 1324 1612 1393 amato,

364 1401 599 1457 Viribus
633 1419 703 1459 ex
734 1405 979 1472 cunctis,
1017 1407 1341 1480 animaque
1381 1409 1541 1465 hunc
1564 1408 1741 1479 dilige
1767 1412 1908 1466 tota.

366 1489 549 1561 Dilige
572 1497 897 1563 cognatum
928 1510 1259 1568 procurans
1282 1501 1461 1553 temet
1482 1503 1545 1553 ut
1560 1497 2016 1571 ipsum(Matth.

364 1580 557 1637 Jussio
586 1598 723 1654 quae
747 1598 998 1656 compar
1020 1586 1400 1655 cognoscitur
1425 1602 1553 1643 esse
1578 1587 1780 1659 priori.
1833 1586 2017 1653 Inui.

370 1668 472 1723 His
511 1670 574 1725 in
598 1671 900 1727 mandatis
929 1673 1283 1745 pendetlex,
1317 1680 1494 1748 atque
1523 1677 1848 1749 prophetis.

370 1759 455 1812 En
484 1759 711 1814 ratione
745 1748 1012 1817 Dei
1033 1767 1119 1819 est
1144 1764 1310 1836 quod
1340 1764 1413 1820 sit
1441 1780 1552 1837 par
1576 1765 1787 1821 amori.

373 1851 439 1907 Et
464 1848 567 1922 pia
594 1848 838 1905 virtutes
867 1849 1102 1908 dilectio
1128 1853 1404 1926 possidet
1434 1870 1664 1911 omnes.

372 1936 522 2003 Quid
534 1935 670 2009 plus
681 1937 708 1993 ?
734 1937 1000 2009 possidet
1012 1956 1195 1997 omne
1205 1940 1435 1999 bonum
1454 1958 1766 2015 possessor
1780 1941 2022 2001 amoris.

372 2030 487 2082 Nec
508 2025 678 2081 locus
708 2032 795 2083 est
827 2029 1036 2100 meriti,
1066 2030 1115 2085 si
1143 2030 1314 2087 deest
1340 2031 1574 2088 dilectio
1595 2031 1779 2088 cordi.

373 2114 572 2171 Dicere
591 2114 843 2193 jamque
875 2117 1045 2175 decet
1068 2119 1235 2192 quod
1264 2118 1551 2191 prologus
1575 2120 1687 2176 ista
1715 2120 1951 2190 ﬁguret,

374 2204 483 2272 Qui
496 2220 657 2261 nunc
670 2203 1152 2281 claudatur,quia
1162 2208 1337 2282 plura
1350 2208 1655 2282 loquenda
1670 2214 2023 2284 sequuntur.

666 2295 935 2351 VERSUS
973 2297 1367 2355 SALOMONIS
1407 2300 1737 2356 EPlSCOPI.

372 2378 741 2451 Dado,Pater
765 2381 1035 2455 celebris,
1069 2384 1523 2459 speculum,via,
1538 2385 1743 2442 lumen
1765 2391 1822 2443 et
1841 2386 2025 2456 orbis,

376 2469 630 2527 Discrete
662 2470 929 2543 antistes,
961 2474 1297 2531 venerande
1324 2474 1539 2531 vicarie
1572 2474 1801 2547 Christi,

376 2562 583 2627 Nauta,
618 2559 1004 2630 gubernator,
1045 2562 1410 2635 populorum
1448 2563 1662 2638 pastio,
1693 2558 1918 2640 pastOr,

376 2648 485 2713 Qui
512 2648 662 2705 mihi
692 2666 876 2707 causa
907 2667 1118 2708 manes
1161 2654 1461 2727 hujusque
1507 2654 1743 2711 occasio
1775 2655 1978 2728 scripti
2010 2673 2025 2713 :

378 2737 483 2792 Per
508 2752 691 2817 quem
723 2739 903 2813 coepit
930 2756 1108 2815 opus,
1142 2743 1314 2814 cujus
1339 2742 1654 2799 dulcedine
1684 2743 1898 2800 ductus

375 2824 665 2882 Virtutum
698 2829 945 2900 species,
979 2835 1035 2886 et
1063 2846 1138 2886 nc
1151 2831 1311 2887 mina
1340 2832 1493 2888 trina
1522 2833 1722 2888 notavi
1753 2852 1766 2902 ;

380 2914 560 2986 Cujus
590 2931 794 2973 amore
817 2918 1064 2990 quidem
1090 2920 1360 2992 praefatio
1381 2920 1559 2977 lactat
1583 2938 1853 2979 amorem
1882 2942 1897 2989 ς

381 3004 527 3059 bina
558 3021 776 3077 parum
804 3012 1076 3080 tangens,
1108 3008 1244 3081 plus
1274 3010 1679 3067 concionabar
1703 3028 1926 3068 amore.

379 3095 492 3149 Nec
524 3097 842 3155 cantemus
872 3111 1040 3157 eram
1062 3096 1246 3156 semel
1292 3098 1409 3156 hoc
1460 3098 1670 3156 iterare
1698 3117 1989 3163 vocamen
2014 3122 2027 3172 ;

377 3181 651 3237 Crebrius
676 3183 738 3238 id
767 3183 939 3240 libuit
969 3185 1164 3242 vinclo
1194 3188 1596 3257 constringere
1634 3204 1844 3245 versus

379 3273 446 3328 Ut
481 3271 650 3345 quod
678 3273 963 3332 mortales
982 3279 1172 3347 aptat,
1192 3276 1512 3350 jungitque
1537 3279 1806 3347 Tonanti,

2036 341 2084 394 Α

2051 1695 2091 1748 Β

2060 3046 2100 3102 C

376 3360 740 3417 Alterutrum
769 3362 952 3419 societ
976 3362 1207 3421 sincero
1232 3363 1457 3422 fmdere
1480 3372 1733 3424 nosmet.

374 3452 564 3521 Junge
592 3453 761 3511 tuum
776 3467 901 3522 cor,
937 3458 1167 3525 sancte,
1209 3454 1377 3527 mihi,
1426 3461 1808 3530 mentemque
1841 3474 2033 3519 sacer-

1799 3548 1956 3620 (dos.

378 3626 548 3693 Quod
568 3628 835 3701 cupiam,
848 3645 1082 3703 precor,
1097 3632 1228 3704 ipse
1244 3632 1411 3703 velis,
1428 3649 1565 3690 mea
1590 3635 1839 3711 concipe
1858 3638 2028 3704 vota;

378 3720 634 3791 Corpore
662 3718 711 3775 si
740 3720 1039 3790 nondum,
1071 3737 1258 3778 sensu
1288 3736 1573 3779 coeamus
1600 3723 1663 3780 in
1697 3740 1905 3781 unum.

376 3808 735 3881 Quanquam
757 3809 807 3865 si
832 3808 1018 3881 ﬁeret,
1051 3811 1103 3866 si
1130 3826 1286 3867 se....
1319 3811 1471 3869 hora
1491 3816 1780 3885 potestas,

377 3896 564 3968 thue
592 3913 627 3952 a
654 3913 752 3953 me
782 3897 965 3954 facies
995 3900 1247 3956 nebulas
1273 3905 1467 3958 tua....
1582 3898 1585 3899 ⁷

376 3983 563 4041 Credo
592 3985 866 4056 quidem,
889 4002 1001 4043 nec
1020 4003 1177 4045 vana
1194 3988 1368 4060 ﬁdes,
1389 4006 1530 4045 cum
1545 3990 1839 4062 complice
1864 3991 2032 4049 vultu

377 4074 491 4126 Nos
517 4074 1022 4147 contemplemur,
1054 4092 1194 4132 cum
1225 4082 1437 4133 mutua
1464 4077 1695 4135 famine
1718 4080 1939 4149 famur,

374 4158 639 4216 Plurima
658 4177 801 4234 pars
825 4168 1026 4233 (estus,
1060 4181 1196 4236 quae
1223 4182 1326 4221 cor
1354 4165 1670 4223 obnubilat
1695 4168 1875 4239 intus,

373 4248 698 4306 Exturbata
726 4250 894 4321 fugit,
928 4253 1232 4326 mentique
1264 4270 1484 4311 aurora
1505 4256 1780 4328 resurgit,

372 4340 746 4395 Parenthesis
775 4345 840 4397 ut
860 4340 988 4398 haec
1020 4342 1219 4400 subito
1248 4343 1613 4417 subrepserit
1643 4362 1800 4403 orsa.

373 4428 557 4485 Crede
588 4431 874 4488 meis......
911 4447 1033 4488 non
1053 4432 1168 4488 hoc
1192 4432 1426 4491 incuria
1449 4435 1651 4505 gessit,

278 4510 283 4513 ’
375 4518 490 4575 Sed
520 4517 713 4576 divisa
742 4520 826 4577 tui
857 4536 1041 4578 causa
1069 4527 1161 4578 est
1191 4523 1503 4592 sententia,
1530 4522 1729 4585 h‘ater.

372 4611 642 4682 Namque
668 4611 882 4683 pedem
910 4611 1132 4681 refero;
1162 4629 1297 4681 quae
1321 4614 1475 4686 cmpi
1504 4613 1725 4685 dicere,
1756 4614 1911 4672 dico.

372 4697 428 4752 Si
455 4714 570 4755 nos
603 4700 992 4774 Omnipotens
1019 4701 1349 4774 aliquando
1380 4702 1598 4759 acciret
1628 4702 1689 4763 in
1717 4719 1928 4765 unum.

374 4789 541 4860 Saepe
561 4789 727 4861 quod
754 4790 956 4863 optavi
985 4806 1148 4846 nunc
1175 4796 1337 4866 opto,
1373 4797 1662 4865 optavero
1693 4799 1869 4862 certe,

375 4876 612 4932 Dulcius
643 4878 756 4934 hoc
782 4879 1010 4938 cunctis
1036 4881 1265 4952 argenti
1292 4882 1547 4954 aurique
1574 4881 1833 4951 talentis,

374 4965 648 5022 Bombice
681 4972 736 5022 et
760 4983 1024 5039 gemma,
1052 4969 1274 5038 blattis,
1309 4969 1595 5043 eborique
1618 4970 1831 5027 fuisset
1863 4990 1876 5041 ;

375 5054 444 5108 Ut
472 5053 764 5123 solareris,
797 5056 963 5113 varia
992 5063 1081 5114 est
1110 5058 1205 5114 cui
1233 5075 1417 5115 causa
1447 5058 1691 5115 doloris.

374 5143 441 5196 Et
469 5158 604 5215 quae
633 5143 901 5201 litterulis
927 5147 1213 5204 virtutum
1238 5148 1488 5205 nomina
1515 5148 1679 5205 ﬁnxi'
1784 5180 1789 5183 τ

375 5229 632 5287 Edoctus
659 5231 733 5288 de
762 5238 817 5290 te
848 5250 1087 5306 possem
1116 5253 1479 5307 cognoscere
1508 5237 1708 5310 plane,

373 5319 635 5385 Qualiter
650 5320 774 5379 alta
789 5321 942 5382 fides
970 5324 1167 5383 valeat
1179 5326 1459 5387 divellere
1491 5331 1750 5399 montes,

371 5412 562 5482 Atque
588 5409 774 5469 maris
794 5411 995 5469 medio
1026 5414 1345 5487 pelagique
1375 5415 1694 5475 immittere
1725 5416 1952 5477 fundo:

372 5499 523 5566 Quid
550 5500 753 5575 divina
786 5501 949 5575 velit,
976 5503 1073 5559 vel
1094 5505 1259 5576 quod
1280 5505 1518 5565 dilectio
1546 5506 1764 5577 fratris,

372 5591 501 5656 Qua
526 5608 632 5665 spe
652 5607 984 5665 suspensus
1015 5609 1255 5666 semper
1282 5594 1546 5653 cmlestia
1570 5612 1828 5669 sperem,

373 5681 621 5739 Casibus
649 5682 708 5741 in
738 5681 950 5741 mundi
976 5699 1111 5756 quze
1133 5699 1229 5741 me
1255 5684 1541 5759 patientia
1568 5684 1763 5742 ﬁrmet
1795 5703 1808 5743 :

1378 216 1771 277 SALOMONIS
1809 212 2396 273 CONSTANTIENSIS
2436 211 2750 271 EPISCOPI

3613 226 3711 299 stt,

2124 333 2298 391 Libra
2324 349 2451 406 qua
2475 333 2763 406 pendam,
2798 334 3037 390 veniant
3058 333 3107 389 si
3126 350 3403 408 prospera
3423 336 3615 399 forsan.

2124 422 2405 495 Quisquis
2437 426 2588 480 tecta
2619 423 2708 479 sui
2732 422 2996 479 concivis
3033 422 3242 478 viderit
3269 425 3372 492 uri,

2122 511 2253 584 Ipse
2283 511 2467 568 modo
2492 511 2674 568 simili
2703 512 2910 568 credat
2934 527 3043 567 sua
3069 526 3243 584 posse
3269 515 3518 573 cremari.

2122 603 2224 657 Est
2250 617 2429 675 opus,
2454 605 2559 670 est,
2583 601 2856 675 inquam,
2891 605 3058 657 caute
3085 602 3445 674 perpendere
3471 621 3673 664 causam

2124 688 2182 751 Si
2208 689 2444 751 Domini
2473 690 2710 764 depicta
2738 691 2943 759 domo,
2973 689 3298 762 primordia
3325 693 3571 766 sumpsit,

2124 777 2336 841 Littera
2360 782 2482 842 Tau
2503 780 2740 850 (Ezech.
2769 783 2872 850 ιι),
2902 778 3076 835 nobis
3108 778 3434 851 impingens
3449 781 3597 851 signa
3633 800 3703 840 sa-

2125 870 2238 924 Nec
2258 868 2410 925 desit
2426 867 2603 925 fronti
2619 869 2784 941 quod
2806 884 2940 939 nos,
2965 884 3023 935 o,
3047 867 3355 924 subtrahat
3374 869 3543 926 hosti:
3565 871 3701 943 “litis;

2127 957 2303 1015 Linea
2332 973 2518 1031 quem
2547 958 2814 1031 cingunt,
2842 956 3109 1021 medium
3138 958 3463 1030 pertransiit
3488 959 3625 1015 urbis

2125 1045 2518 1110 Hierusalem,
2545 1046 2700 1107 dans
2731 1047 2904 1116 signa
2933 1046 3213 1117 gementi,
3242 1045 3363 1102 sive
3390 1046 3603 1119 dolenti,

2127 1134 2238 1200 Qui
2262 1135 2443 1206 gemit
2473 1139 2655 1207 atque
2681 1134 2843 1191 dolet
2873 1135 3125 1191 Domino
3156 1134 3416 1206 signatus
3443 1136 3677 1194 adhaeret.

2128 1223 2219 1279 Sic
2247 1222 2309 1279 in
2330 1229 2533 1281 monte
2567 1225 2784 1280 sedens
2820 1224 3087 1281 Salvator
3117 1224 3345 1280 dixerat
3370 1224 3487 1297 ipse
3516 1242 3527 1280 :

2130 1311 2344 1368 Felices
2363 1314 2467 1389 qui
2495 1329 2656 1369 nunc
2685 1313 2912 1384 lugent,
2944 1313 3087 1386 quia
3113 1313 3332 1384 gaudia
3357 1312 3561 1369 luctum

2128 1402 2239 1468 Qui
2266 1402 2439 1461 citius
2468 1403 2703 1473 transit,
2725 1403 2985 1475 posthaec
3012 1407 3234 1460 {eterna
3256 1407 3553 1474 sequentur

3415 1492 3628 1560 (Matth.
3652 1495 3707 1565 v).

2130 1580 2189 1636 Si
2217 1578 2377 1635 risus
2410 1579 2552 1636 ﬂetu
2574 1580 2938 1636 mercandus
2970 1580 3231 1636 creditur
3260 1595 3408 1649 esse,

2130 1671 2229 1724 Est
2256 1667 2434 1724 nobis
2466 1667 2649 1724 ﬂendi
2680 1669 2934 1724 nimium
2956 1684 3243 1724 concessa
3263 1667 3516 1725 facultas.

2131 1755 2275 1814 Hinc
2300 1760 2478 1830 atque
2507 1759 2646 1814 inde
2675 1759 2817 1814 satis
2850 1758 3185 1831 subrepunt
3209 1773 3413 1831 aspera
3441 1757 3611 1813 nobis.

2132 1850 2246 1904 Nec
2276 1847 2532 1920 simplex
2561 1849 2771 1907 mortis
2798 1847 2998 1920 facies,
3021 1863 3135 1907 nec
3166 1846 3397 1919 singula
3422 1847 3633 1915 damna,

2135 1935 2250 1993 Sed
2271 1934 2424 1997 sicut
2453 1936 2722 2009 Sapiens,
2760 1952 3010 2009 seseque
3036 1935 3347 2009 sequentia
3374 1951 3609 2004 cernens,

2133 2027 2352 2082 Contra
2379 2024 2718 2083 insensatos
2749 2025 2957 2082 orbem
2986 2038 3261 2102 pugnare
3289 2025 3508 2097 (Sapw)
3534 2024 3711 2094 fatetur,

2135 2118 2348 2173 Doctor
2378 2114 2692 2187 Gregorius
2724 2113 2890 2189 quod
2921 2115 3108 2185 tangit
3132 2113 3322 2174 taliter
3340 2128 3500 2170 orsus
3537 2131 3548 2166 :

2135 2203 2327 2265 Corda
2355 2204 2522 2285 prius
2554 2204 2871 2265 hominum
2902 2203 3240 2273 turbantur,
3282 2207 3428 2281 post,
3467 2202 3712 2263 elementa.
3741 2267 3752 2275 ,

2133 2296 2161 2347 J
2170 2310 2273 2355 ure
2301 2293 2480 2364 igitur
2510 2297 2693 2355 restat
2722 2309 2836 2357 nos
2862 2298 2925 2353 ut
2954 2293 3139 2353 simul
3167 2293 3369 2357 omnia
3396 2292 3611 2357 caedant,

2137 2384 2279 2449 Quae
2304 2381 2460 2438 male
2488 2385 2630 2438 sunt
2658 2381 2809 2438 vitiis
2831 2381 3051 2438 nostris
3074 2382 3295 2437 servire
3324 2386 3533 2437 coacta.

2134 2472 2293 2526 Iuste
2311 2486 2433 2547 pro
2467 2470 2718 2528 Domino
2750 2470 2993 2527 vitiatus
3020 2469 3271 2527 dimicat
3290 2469 3461 2541 orbis,

2140 2562 2207 2618 Ut
2233 2559 2545 2633 peccando
2573 2559 2852 2619 homines
2882 2559 3028 2635 quia
3058 2576 3124 2615 se
3155 2559 3358 2617 laesere
3382 2559 3602 2633 priores,

2139 2649 2437 2709 Ulciscens
2459 2654 2645 2707 semet
2665 2655 2879 2713 contra
2905 2649 3039 2711 illos
3067 2648 3201 2721 ipse
3231 2648 3460 2709 auellet.

2026 2764 2037 2773 ε
2138 2738 2386 2807 Caelum,
2413 2737 2684 2811 lympha,
2724 2738 2944 2808 solum,
2977 2753 3217 2794 necnon
3247 2743 3303 2793 et
3326 2742 3539 2795 caetera.
3563 2748 3712 2790 rerum

2138 2827 2355 2885 Ordine
2382 2843 2521 2883 cum
2543 2827 2788 2903 proprio
2820 2831 3107 2885 temerata
3134 2827 3267 2898 lege
3286 2825 3567 2897 recedunt,

2139 2918 2248 2977 Pro
2277 2917 2531 2979 Domino
2560 2921 2856 2991 pugnant,
2879 2916 2981 2993 qui
3010 2932 3124 2977 nos
3148 2916 3267 2977 hoc
3296 2932 3453 2979 more
3496 2910 3715 2987 ﬂagellat

2139 3012 2227 3067 An
2255 3021 2381 3065 non
2410 3006 2691 3079 peccatis.
2719 3021 2978 3079 passure
3006 3006 3177 3069 natio
3202 3007 3412 3076 gentis,

2141 3098 2283 3163 Quae
2313 3096 2580 3152 mundus
2609 3096 2762 3162 fecit,
2782 3100 3042 3152 vastans
3067 3095 3365 3166 mortalia,
3392 3092 3596 3150 vincit?

2139 3185 2439 3255 Hostibus,
2472 3201 2628 3250 ecce,
2662 3186 2760 3243 Dei
2790 3185 2895 3259 qui
2917 3184 3324 3242 censebamur
3349 3182 3527 3255 amici,

2138 3275 2449 3337 Tradimur
2466 3275 2529 3337 in
2546 3274 2817 3349 praedam
2839 3292 2853 3337 ;
2876 3274 3096 3351 Ieseph
3108 3275 3238 3337 fere
3260 3273 3510 3350 pessima
3527 3267 3718 3335 mandit.

2140 3362 2318 3425 Israel
2344 3363 2716 3438 Allophylos,
2744 3362 3002 3425 Jacobos
3025 3380 3181 3435 gens
3202 3364 3432 3425 ethnica
3457 3364 3657 3425 mactat.

2141 3458 2437 3523 lngenuos
2465 3453 2785 3509 maledicta
2814 3453 3030 3509 cohors
3058 3454 3404 3510 Chananma
3446 3447 3720 3520 triumphat.

2142 3543 2405 3603 Libertos
2433 3540 2575 3603 olim
2613 3543 2841 3599 servilis
2870 3541 3046 3600 factio
3076 3544 3275 3600 caedit.
3504 3536 3720 3613 [refutati

2142 3636 2311 3695 Ferre
2337 3618 2502 3690 canis
2524 3633 2783 3711 pretium
2813 3634 3006 3707 (Deut.
3029 3635 3199 3705 xxm)
3230 3628 3445 3709 templo
3466 3629 3551 3693 lex
3572 3622 3718 3705 prisca

2142 3727 2308 3781 Nunc
2326 3722 2493 3781 canis
2508 3722 2643 3796 ipse
2656 3722 2912 3783 domum
2930 3722 3142 3783 Christi
3154 3722 3560 3797 spurcissimus
3575 3716 3721 3779 intrat:

2142 3815 2252 3869 Dat
2266 3811 2519 3868 necibus
2543 3811 2804 3885 plebem,
2834 3811 3017 3882 vulgo
3042 3824 3160 3881 res,
3193 3811 3433 3882 ignibus
3459 3808 3657 3867 adem:

2141 3904 2212 3961 At
2228 3914 2509 3957 mensam
2542 3900 2777 3961 Domini
2807 3915 3046 3957 sacram
3076 3914 3304 3963 manus
3334 3898 3509 3974 impia
3534 3890 3723 3957 scindit;

2140 3993 2372 4053 Tractat
2399 3990 2663 4066 pollutus
2693 3994 3040 4051 sanctorum
3062 3989 3327 4067 pignora
3348 3993 3524 4053 tactus
3552 4004 3563 4053 ;

2143 4079 2531 4153 Εοθιθεὶιοιιιιθ
2560 4096 2746 4154 pecus
2774 4095 3025 4153 peregre
3083 4080 3417 4141 tl'ansducit
3467 4076 3723 4137 abactum;

2142 4171 2269 4225 Non
2295 4169 2536 4224 miseret
2558 4168 2767 4241 patris,
2796 4168 2963 4224 nulla
2993 4172 3082 4225 est
3110 4168 3415 4225 miseratio
3440 4163 3632 4222 matris.

2140 4256 2461 4327 Transﬁgit
2486 4261 2699 4313 natum
2729 4257 2928 4313 feritas
2959 4260 3097 4313 ante
3125 4272 3237 4314 ora
3267 4259 3581 4330 parentum.

2143 4349 2257 4404 Nec
2287 4349 2495 4403 natam
2526 4345 2785 4417 redimit,
2812 4345 2980 4419 quod
3008 4349 3204 4401 mater
3233 4347 3439 4403 funera
3473 4336 3677 4416 plangil,

2135 4436 2367 4506 Junior,
2392 4440 2575 4511 atque
2604 4450 2809 4505 senex,
2839 4435 3065 4491 lactens
3094 4450 3268 4508 puer,
3301 4440 3473 4508 atque
3498 4426 3676 4504 puella,

2136 4522 2298 4585 Alter
2320 4524 2383 4587 in
2406 4524 2651 4589 alterius
2672 4524 3024 4585 moribundi
3052 4523 3223 4581 ccede
3252 4524 3525 4581 volutant.

2141 4614 2367 4671 Instant
2398 4613 2634 4671 Italides
2660 4613 2926 4687 spoliatae
2961 4612 3190 4670 civibus
3224 4613 3420 4681 urbes,

2134 4706 2220 4763 Ac
2246 4701 2500 4767 desolati
2518 4701 2785 4774 demptis
2811 4701 3141 4758 cultoribus
3173 4701 3324 4773 agri,

2139 4792 2350 4864 Campi
2379 4807 2673 4847 caesorum
2705 4790 2940 4847 siccatis
2971 4790 3213 4846 ossibus
3246 4790 3461 4846 albent.
3686 4865 3706 4873 Δ,

2136 4883 2290 4953 Iam,
2318 4885 2490 4954 puto,
2525 4885 2609 4941 tot
2631 4880 2750 4939 vivi
2772 4895 2896 4936 non
2923 4884 3061 4939 sunt
3088 4884 3237 4953 (μοι
3262 4883 3449 4937 morte
3476 4871 3722 4954 perempti.

2137 4952 2380 5026 Illorum
2401 4970 2553 5027 vatis
2564 4969 2839 5026 dicamus
2849 4952 3131 5039 congrua
3136 4968 3336 5026 verbis
3357 4969 3523 5035 (VIRG.
3540 4979 3573 5017 ιι
3592 4952 3724 5022 ίΕη⁹)

2139 5062 2289 5115 Ante
2313 5058 2560 5130 quidem
2590 5074 2831 5114 summa
2856 5058 2931 5113 de
2959 5074 3020 5113 re
3052 5057 3329 5115 statuisse
3356 5057 3572 5112 Latinos

2136 5147 2199 5205 Si
2224 5146 2703 5217 vellent,-fuerat,
2730 5146 2969 5215 melius,
3002 5163 3124 5203 non
3155 5152 3419 5220 tempore
3448 5140 3537 5198 tali

2138 5241 2360 5309 Cogere
2383 5236 2718 5305 consilium,
2753 5253 2893 5294 cum
2920 5252 3128 5293 muros
3158 5236 3393 5293 obsidet
3418 5228 3618 5288 hostis:

2140 5329 2223 5383 En
2244 5343 2366 5401 quo
2395 5326 2673 5400 perduxit
2700 5327 2952 5385 miseros
2980 5325 3279 5387 discordia
3305 5324 3463 5385 cives
3485 5321 3498 5376 i

2144 5399 2311 5489 δεειὶε
2338 5399 2572 5475 malum
2590 5415 2708 5477 hac
2732 5416 2868 5483 illis,
2899 5415 2952 5475 si
2978 5430 3150 5475 meus
3177 5429 3299 5474 non
3343 5412 3488 5472 lava
3533 5399 3723 5465 fidem;

2139 5506 2417 5567 lnteatiua
2440 5505 2606 5579 loqui
2628 5505 2995 5579 populorum
3023 5505 3230 5577 praelia
3254 5504 3512 5576 passent.

2140 5596 2351 5655 Dicunt
2377 5594 2603 5669 quippe
2632 5610 2770 5653 sues
2799 5608 2932 5655 sese
2960 5593 3238 5653 mordere
3264 5590 3527 5656 solantes,

2142 5685 2229 5741 Ad
2256 5701 2318 5740 se
2349 5684 2753 5744 mordendum
2776 5685 2985 5743 dentes
3010 5684 3207 5745 excire
3230 5683 3518 5755 luporum-
