  <div class='ocr_page' id='page_1' title='image "/cluster/home/n/w/nwhite01/storage/ocr_20150623/132/hvd.32044054759931/288.png"; bbox 0 0 3940 6184; ppageno 0'>
   <div class='ocr_carea' id='block_1_1' title="bbox 169 260 2467 329">
    <p class='ocr_par' dir='ltr' id='par_1_1' title="bbox 169 260 2467 329">
     <span class='ocr_line' id='line_1_1' title="bbox 169 260 2467 329; baseline 0.002 -7"><span class='ocrx_word' id='word_1_1' title='bbox 169 260 255 322; x_wconf 52' lang='lat' dir='ltr'><strong>est)</strong></span> <span class='ocrx_word' id='word_1_2' title='bbox 1242 272 1506 329; x_wconf 83' lang='lat' dir='ltr'><strong>VERSUS</strong></span> <span class='ocrx_word' id='word_1_3' title='bbox 1544 272 1638 327; x_wconf 74' lang='lat' dir='ltr'><strong>AD</strong></span> <span class='ocrx_word' id='word_1_4' title='bbox 1679 269 2017 326; x_wconf 84' lang='lat' dir='ltr'><strong>DADONEM</strong></span> <span class='ocrx_word' id='word_1_5' title='bbox 2062 268 2225 324; x_wconf 85' lang='lat' dir='ltr'><strong>EPlS‘</strong></span> <span class='ocrx_word' id='word_1_6' title='bbox 2259 271 2467 327; x_wconf 83' lang='lat' dir='ltr'><strong>OPUM.</strong></span> 
     </span>
    </p>
   </div>
   <div class='ocr_carea' id='block_1_2' title="bbox 168 387 1723 471">
    <p class='ocr_par' dir='ltr' id='par_1_2' title="bbox 168 387 1723 471">
     <span class='ocr_line' id='line_1_2' title="bbox 168 387 1723 471; baseline 0.006 -31"><span class='ocrx_word' id='word_1_7' title='bbox 168 393 363 447; x_wconf 71' lang='lat' dir='ltr'><strong>Passus.</strong></span> <span class='ocrx_word' id='word_1_8' title='bbox 390 402 551 442; x_wconf 91' lang='lat' dir='ltr'><strong>nunc</strong></span> <span class='ocrx_word' id='word_1_9' title='bbox 576 387 858 459; x_wconf 77' lang='lat' dir='ltr'><strong>gregibus</strong></span> <span class='ocrx_word' id='word_1_10' title='bbox 889 391 983 471; x_wconf 85' lang='lat' dir='ltr'><strong>vix</strong></span> <span class='ocrx_word' id='word_1_11' title='bbox 1017 393 1264 466; x_wconf 76' lang='lat' dir='ltr'><strong>porrigit</strong></span> <span class='ocrx_word' id='word_1_12' title='bbox 1292 394 1513 468; x_wconf 82' lang='lat' dir='ltr'><strong>inclyta</strong></span> <span class='ocrx_word' id='word_1_13' title='bbox 1533 394 1723 461; x_wconf 89' lang='lat' dir='ltr'><strong>tellus,</strong></span> 
     </span>
    </p>
   </div>
   <div class='ocr_carea' id='block_1_3' title="bbox 170 475 1500 556">
    <p class='ocr_par' dir='ltr' id='par_1_3' title="bbox 170 475 1500 556">
     <span class='ocr_line' id='line_1_3' title="bbox 170 475 1500 556; baseline 0.005 -22"><span class='ocrx_word' id='word_1_14' title='bbox 170 475 429 534; x_wconf 81' lang='lat' dir='ltr'><strong>Lascivire</strong></span> <span class='ocrx_word' id='word_1_15' title='bbox 458 476 625 547; x_wconf 88' lang='lat' dir='ltr'><strong>prius</strong></span> <span class='ocrx_word' id='word_1_16' title='bbox 659 476 735 533; x_wconf 91' lang='lat' dir='ltr'><strong>de</strong></span> <span class='ocrx_word' id='word_1_17' title='bbox 766 478 939 550; x_wconf 88' lang='lat' dir='ltr'>cujus</span> <span class='ocrx_word' id='word_1_18' title='bbox 969 487 1025 538; x_wconf 89' lang='lat' dir='ltr'><strong>et</strong></span> <span class='ocrx_word' id='word_1_19' title='bbox 1057 482 1237 539; x_wconf 88' lang='lat' dir='ltr'><strong>ubere</strong></span> <span class='ocrx_word' id='word_1_20' title='bbox 1268 500 1500 556; x_wconf 80' lang='lat' dir='ltr'><strong>pauper</strong></span> 
     </span>
    </p>
   </div>
   <div class='ocr_carea' id='block_1_4' title="bbox 166 563 1647 644">
    <p class='ocr_par' dir='ltr' id='par_1_4' title="bbox 166 563 1647 644">
     <span class='ocr_line' id='line_1_4' title="bbox 166 563 1647 644; baseline 0.003 -22"><span class='ocrx_word' id='word_1_21' title='bbox 166 563 472 630; x_wconf 81' lang='lat' dir='ltr'><strong>Consuevit,</strong></span> <span class='ocrx_word' id='word_1_22' title='bbox 506 580 657 621; x_wconf 85' lang='lat' dir='ltr'><strong>sano</strong></span> <span class='ocrx_word' id='word_1_23' title='bbox 687 566 835 623; x_wconf 90' lang='lat' dir='ltr'><strong>dum</strong></span> <span class='ocrx_word' id='word_1_24' title='bbox 866 584 961 625; x_wconf 90' lang='lat' dir='ltr'><strong>res</strong></span> <span class='ocrx_word' id='word_1_25' title='bbox 1000 571 1154 627; x_wconf 92' lang='lat' dir='ltr'><strong>stetit</strong></span> <span class='ocrx_word' id='word_1_26' title='bbox 1182 573 1412 643; x_wconf 87' lang='lat' dir='ltr'><strong>integra</strong></span> <span class='ocrx_word' id='word_1_27' title='bbox 1440 587 1647 644; x_wconf 89' lang='lat' dir='ltr'><strong>regno.</strong></span> 
     </span>
    </p>
   </div>
   <div class='ocr_carea' id='block_1_5' title="bbox 167 652 1667 733">
    <p class='ocr_par' dir='ltr' id='par_1_5' title="bbox 167 652 1667 733">
     <span class='ocr_line' id='line_1_5' title="bbox 167 652 1667 733; baseline 0.007 -25"><span class='ocrx_word' id='word_1_28' title='bbox 167 653 419 715; x_wconf 86' lang='lat' dir='ltr'><strong>Novimus</strong></span> <span class='ocrx_word' id='word_1_29' title='bbox 447 652 703 713; x_wconf 84' lang='lat' dir='ltr'><strong>electum</strong></span> <span class='ocrx_word' id='word_1_30' title='bbox 736 673 843 712; x_wconf 90' lang='lat' dir='ltr'><strong>vas</strong></span> <span class='ocrx_word' id='word_1_31' title='bbox 874 658 1084 716; x_wconf 80' lang='lat' dir='ltr'><strong>Christi</strong></span> <span class='ocrx_word' id='word_1_32' title='bbox 1112 661 1368 718; x_wconf 77' lang='lat' dir='ltr'><strong>scribere</strong></span> <span class='ocrx_word' id='word_1_33' title='bbox 1394 662 1667 733; x_wconf 89' lang='lat' dir='ltr'><strong>Paulum,</strong></span> 
     </span>
    </p>
   </div>
   <div class='ocr_carea' id='block_1_6' title="bbox 162 741 1541 821">
    <p class='ocr_par' dir='ltr' id='par_1_6' title="bbox 162 741 1541 821">
     <span class='ocr_line' id='line_1_6' title="bbox 162 741 1541 821; baseline 0.005 -21"><span class='ocrx_word' id='word_1_34' title='bbox 162 741 407 805; x_wconf 67' lang='lat' dir='ltr'><strong>uendere</strong></span> <span class='ocrx_word' id='word_1_35' title='bbox 434 741 708 812; x_wconf 79' lang='lat' dir='ltr'><strong>delectat,</strong></span> <span class='ocrx_word' id='word_1_36' title='bbox 745 745 837 802; x_wconf 87' lang='lat' dir='ltr'><strong>vel</strong></span> <span class='ocrx_word' id='word_1_37' title='bbox 870 746 919 803; x_wconf 90' lang='lat' dir='ltr'><strong>si</strong></span> <span class='ocrx_word' id='word_1_38' title='bbox 951 748 1226 805; x_wconf 86' lang='lat' dir='ltr'><strong>mordere</strong></span> <span class='ocrx_word' id='word_1_39' title='bbox 1251 750 1541 821; x_wconf 76' lang='lat' dir='ltr'><strong>vicissim,</strong></span> 
     </span>
    </p>
   </div>
   <div class='ocr_carea' id='block_1_7' title="bbox 162 833 1787 912">
    <p class='ocr_par' dir='ltr' id='par_1_7' title="bbox 162 833 1787 912">
     <span class='ocr_line' id='line_1_7' title="bbox 162 833 1787 912; baseline 0.002 -23"><span class='ocrx_word' id='word_1_40' title='bbox 162 833 491 889; x_wconf 81' lang='lat' dir='ltr'><strong>Alterutrum</strong></span> <span class='ocrx_word' id='word_1_41' title='bbox 518 833 676 899; x_wconf 77' lang='lat' dir='ltr'><strong>(Gal.</strong></span> <span class='ocrx_word' id='word_1_42' title='bbox 703 838 763 905; x_wconf 79' lang='grc' dir='ltr'><strong>γ)</strong></span> <span class='ocrx_word' id='word_1_43' title='bbox 788 835 958 893; x_wconf 84' lang='lat' dir='ltr'><strong>vobis</strong></span> <span class='ocrx_word' id='word_1_44' title='bbox 984 852 1059 892; x_wconf 89' lang='lat' dir='ltr'><strong>ne</strong></span> <span class='ocrx_word' id='word_1_45' title='bbox 1080 836 1201 894; x_wconf 85' lang='lat' dir='ltr'><strong>fors</strong></span> <span class='ocrx_word' id='word_1_46' title='bbox 1230 838 1615 912; x_wconf 86' lang='lat' dir='ltr'><strong>consumptio</strong></span> <span class='ocrx_word' id='word_1_47' title='bbox 1641 837 1787 895; x_wconf 81' lang='lat' dir='ltr'><strong>sitis.</strong></span> 
     </span>
    </p>
   </div>
   <div class='ocr_carea' id='block_1_8' title="bbox 161 918 1521 993">
    <p class='ocr_par' dir='ltr' id='par_1_8' title="bbox 161 918 1521 993">
     <span class='ocr_line' id='line_1_8' title="bbox 161 918 1521 993; baseline 0.009 -21"><span class='ocrx_word' id='word_1_48' title='bbox 161 918 409 993; x_wconf 83' lang='lat' dir='ltr'><strong>Corporis</strong></span> <span class='ocrx_word' id='word_1_49' title='bbox 437 919 673 988; x_wconf 84' lang='lat' dir='ltr'><strong>intuitu,</strong></span> <span class='ocrx_word' id='word_1_50' title='bbox 710 926 851 979; x_wconf 86' lang='lat' dir='ltr'><strong>tunc</strong></span> <span class='ocrx_word' id='word_1_51' title='bbox 882 925 1096 982; x_wconf 88' lang='lat' dir='ltr'><strong>mentis</strong></span> <span class='ocrx_word' id='word_1_52' title='bbox 1128 927 1347 984; x_wconf 79' lang='lat' dir='ltr'><strong>cernite</strong></span> <span class='ocrx_word' id='word_1_53' title='bbox 1374 928 1521 986; x_wconf 89' lang='lat' dir='ltr'><strong>visu.</strong></span> 
     </span>
    </p>
   </div>
   <div class='ocr_carea' id='block_1_9' title="bbox 161 1008 1591 1081">
    <p class='ocr_par' dir='ltr' id='par_1_9' title="bbox 161 1008 1591 1081">
     <span class='ocr_line' id='line_1_9' title="bbox 161 1008 1591 1081; baseline 0.003 -13"><span class='ocrx_word' id='word_1_54' title='bbox 161 1011 323 1068; x_wconf 85' lang='lat' dir='ltr'><strong>Claret</strong></span> <span class='ocrx_word' id='word_1_55' title='bbox 349 1008 718 1081; x_wconf 75' lang='lat' dir='ltr'><strong>apostolicus</strong></span> <span class='ocrx_word' id='word_1_56' title='bbox 752 1015 1111 1073; x_wconf 80' lang='lat' dir='ltr'><strong>Laurentum</strong></span> <span class='ocrx_word' id='word_1_57' title='bbox 1142 1032 1342 1075; x_wconf 83' lang='lat' dir='ltr'><strong>sermo</strong></span> <span class='ocrx_word' id='word_1_58' title='bbox 1370 1016 1591 1073; x_wconf 87' lang='lat' dir='ltr'><strong>ruinis:</strong></span> 
     </span>
    </p>
   </div>
   <div class='ocr_carea' id='block_1_10' title="bbox 159 1098 1290 1170">
    <p class='ocr_par' dir='ltr' id='par_1_10' title="bbox 159 1098 1290 1170">
     <span class='ocr_line' id='line_1_10' title="bbox 159 1098 1290 1170; baseline 0.006 -16"><span class='ocrx_word' id='word_1_59' title='bbox 159 1103 291 1154; x_wconf 88' lang='lat' dir='ltr'><strong>Inter</strong></span> <span class='ocrx_word' id='word_1_60' title='bbox 318 1112 377 1153; x_wconf 84' lang='lat' dir='ltr'><strong>se</strong></span> <span class='ocrx_word' id='word_1_61' title='bbox 409 1098 674 1170; x_wconf 89' lang='lat' dir='ltr'><strong>primum</strong></span> <span class='ocrx_word' id='word_1_62' title='bbox 705 1100 860 1157; x_wconf 84' lang='lat' dir='ltr'><strong>civili</strong></span> <span class='ocrx_word' id='word_1_63' title='bbox 886 1102 982 1159; x_wconf 86' lang='lat' dir='ltr'><strong>lite</strong></span> <span class='ocrx_word' id='word_1_64' title='bbox 1010 1102 1290 1161; x_wconf 85' lang='lat' dir='ltr'><strong>furentes.</strong></span> 
     </span>
    </p>
   </div>
   <div class='ocr_carea' id='block_1_11' title="bbox 160 1186 1538 1258">
    <p class='ocr_par' dir='ltr' id='par_1_11' title="bbox 160 1186 1538 1258">
     <span class='ocr_line' id='line_1_11' title="bbox 160 1186 1538 1258; baseline 0.006 -16"><span class='ocrx_word' id='word_1_65' title='bbox 160 1186 449 1245; x_wconf 85' lang='lat' dir='ltr'><strong>Barbarico</strong></span> <span class='ocrx_word' id='word_1_66' title='bbox 478 1186 695 1258; x_wconf 84' lang='lat' dir='ltr'><strong>objecti</strong></span> <span class='ocrx_word' id='word_1_67' title='bbox 727 1189 965 1249; x_wconf 87' lang='lat' dir='ltr'><strong>solvunt</strong></span> <span class='ocrx_word' id='word_1_68' title='bbox 986 1193 1315 1252; x_wconf 86' lang='lat' dir='ltr'><strong>commissa</strong></span> <span class='ocrx_word' id='word_1_69' title='bbox 1334 1193 1538 1251; x_wconf 87' lang='lat' dir='ltr'><strong>furori.</strong></span> 
     </span>
    </p>
   </div>
   <div class='ocr_carea' id='block_1_12' title="bbox 156 1276 1789 1351">
    <p class='ocr_par' dir='ltr' id='par_1_12' title="bbox 156 1276 1789 1351">
     <span class='ocr_line' id='line_1_12' title="bbox 156 1276 1789 1351; baseline 0.004 -18"><span class='ocrx_word' id='word_1_70' title='bbox 156 1279 317 1336; x_wconf 82' lang='lat' dir='ltr'><strong>Omne</strong></span> <span class='ocrx_word' id='word_1_71' title='bbox 335 1276 589 1349; x_wconf 82' lang='lat' dir='ltr'><strong>quidem</strong></span> <span class='ocrx_word' id='word_1_72' title='bbox 606 1293 863 1351; x_wconf 89' lang='lat' dir='ltr'><strong>regnum</strong></span> <span class='ocrx_word' id='word_1_73' title='bbox 884 1283 1090 1338; x_wconf 78' lang='lat' dir='ltr'><strong>centra</strong></span> <span class='ocrx_word' id='word_1_74' title='bbox 1106 1299 1170 1338; x_wconf 91' lang='lat' dir='ltr'><strong>se</strong></span> <span class='ocrx_word' id='word_1_75' title='bbox 1192 1283 1514 1341; x_wconf 81' lang='lat' dir='ltr'><strong>schismate</strong></span> <span class='ocrx_word' id='word_1_76' title='bbox 1531 1285 1789 1341; x_wconf 89' lang='lat' dir='ltr'><strong>scissum</strong></span> 
     </span>
    </p>
   </div>
   <div class='ocr_carea' id='block_1_13' title="bbox 158 1365 1754 1444">
    <p class='ocr_par' dir='ltr' id='par_1_13' title="bbox 158 1365 1754 1444">
     <span class='ocr_line' id='line_1_13' title="bbox 158 1365 1754 1444; baseline 0.006 -23"><span class='ocrx_word' id='word_1_77' title='bbox 158 1365 474 1433; x_wconf 80' lang='lat' dir='ltr'><strong>Destruitur,</strong></span> <span class='ocrx_word' id='word_1_78' title='bbox 506 1365 839 1439; x_wconf 84' lang='lat' dir='ltr'><strong>domuique</strong></span> <span class='ocrx_word' id='word_1_79' title='bbox 868 1369 1087 1427; x_wconf 86' lang='lat' dir='ltr'><strong>domus</strong></span> <span class='ocrx_word' id='word_1_80' title='bbox 1117 1373 1571 1444; x_wconf 82' lang='lat' dir='ltr'><strong>superimminet</strong></span> <span class='ocrx_word' id='word_1_81' title='bbox 1602 1374 1754 1431; x_wconf 88' lang='lat' dir='ltr'><strong>ultro</strong></span> 
     </span>
    </p>
   </div>
   <div class='ocr_carea' id='block_1_14' title="bbox 1327 1464 1713 1533">
    <p class='ocr_par' dir='ltr' id='par_1_14' title="bbox 1327 1464 1713 1533">
     <span class='ocr_line' id='line_1_14' title="bbox 1327 1464 1713 1533; baseline -0.003 -15"><span class='ocrx_word' id='word_1_82' title='bbox 1327 1464 1568 1529; x_wconf 78' lang='lat' dir='ltr'><strong>(Matth.</strong></span> <span class='ocrx_word' id='word_1_83' title='bbox 1591 1467 1713 1533; x_wconf 81' lang='lat' dir='ltr'><strong>xu).</strong></span> 
     </span>
    </p>
   </div>
   <div class='ocr_carea' id='block_1_15' title="bbox 155 1543 1783 1625">
    <p class='ocr_par' dir='ltr' id='par_1_15' title="bbox 155 1543 1783 1625">
     <span class='ocr_line' id='line_1_15' title="bbox 155 1543 1783 1625; baseline 0.002 -20"><span class='ocrx_word' id='word_1_84' title='bbox 155 1543 539 1609; x_wconf 73' lang='lat' dir='ltr'><strong>leum,terra</strong></span> <span class='ocrx_word' id='word_1_85' title='bbox 554 1549 889 1617; x_wconf 89' lang='lat' dir='ltr'><strong>meant,sed</strong></span> <span class='ocrx_word' id='word_1_86' title='bbox 907 1548 1081 1607; x_wconf 87' lang='lat' dir='ltr'><strong>ﬁrma</strong></span> <span class='ocrx_word' id='word_1_87' title='bbox 1103 1550 1230 1609; x_wconf 66' lang='lat' dir='ltr'><strong>haec</strong></span> <span class='ocrx_word' id='word_1_88' title='bbox 1254 1552 1481 1611; x_wconf 82' lang='lat' dir='ltr'><strong>femina</strong></span> <span class='ocrx_word' id='word_1_89' title='bbox 1499 1558 1783 1625; x_wconf 85' lang='lat' dir='ltr'><strong>perstant.</strong></span> 
     </span>
    </p>
   </div>
   <div class='ocr_carea' id='block_1_16' title="bbox 155 1634 1642 1709">
    <p class='ocr_par' dir='ltr' id='par_1_16' title="bbox 155 1634 1642 1709">
     <span class='ocr_line' id='line_1_16' title="bbox 155 1634 1642 1709; baseline 0.005 -21"><span class='ocrx_word' id='word_1_90' title='bbox 155 1634 256 1699; x_wconf 89' lang='lat' dir='ltr'><strong>Dic,</strong></span> <span class='ocrx_word' id='word_1_91' title='bbox 282 1634 477 1703; x_wconf 86' lang='lat' dir='ltr'><strong>frater,</strong></span> <span class='ocrx_word' id='word_1_92' title='bbox 509 1635 625 1703; x_wconf 88' lang='lat' dir='ltr'><strong>dic,</strong></span> <span class='ocrx_word' id='word_1_93' title='bbox 654 1637 920 1707; x_wconf 85' lang='lat' dir='ltr'><strong>antistes,</strong></span> <span class='ocrx_word' id='word_1_94' title='bbox 952 1639 1070 1709; x_wconf 90' lang='lat' dir='ltr'><strong>dic,</strong></span> <span class='ocrx_word' id='word_1_95' title='bbox 1104 1646 1306 1696; x_wconf 91' lang='lat' dir='ltr'><strong>sancte</strong></span> <span class='ocrx_word' id='word_1_96' title='bbox 1338 1642 1642 1707; x_wconf 75' lang='lat' dir='ltr'><strong>sacerdos,</strong></span> 
     </span>
    </p>
   </div>
   <div class='ocr_carea' id='block_1_17' title="bbox 153 1723 1666 1804">
    <p class='ocr_par' dir='ltr' id='par_1_17' title="bbox 153 1723 1666 1804">
     <span class='ocr_line' id='line_1_17' title="bbox 153 1723 1666 1804; baseline 0.007 -27"><span class='ocrx_word' id='word_1_97' title='bbox 153 1723 199 1778; x_wconf 98' lang='lat' dir='ltr'><strong>Si</strong></span> <span class='ocrx_word' id='word_1_98' title='bbox 222 1729 484 1779; x_wconf 77' lang='lat' dir='ltr'><strong>constare</strong></span> <span class='ocrx_word' id='word_1_99' title='bbox 512 1727 719 1797; x_wconf 88' lang='lat' dir='ltr'><strong>nequit</strong></span> <span class='ocrx_word' id='word_1_100' title='bbox 747 1742 1004 1797; x_wconf 81' lang='lat' dir='ltr'><strong>regnum</strong></span> <span class='ocrx_word' id='word_1_101' title='bbox 1038 1746 1143 1800; x_wconf 85' lang='lat' dir='ltr'><strong>per</strong></span> <span class='ocrx_word' id='word_1_102' title='bbox 1168 1730 1414 1787; x_wconf 86' lang='lat' dir='ltr'><strong>dissona</strong></span> <span class='ocrx_word' id='word_1_103' title='bbox 1443 1747 1509 1787; x_wconf 85' lang='lat' dir='ltr'><strong>se</strong></span> <span class='ocrx_word' id='word_1_104' title='bbox 1538 1748 1666 1804; x_wconf 85' lang='lat' dir='ltr'><strong>par,</strong></span> 
     </span>
    </p>
   </div>
   <div class='ocr_carea' id='block_1_18' title="bbox 152 1811 1546 1889">
    <p class='ocr_par' dir='ltr' id='par_1_18' title="bbox 152 1811 1546 1889">
     <span class='ocr_line' id='line_1_18' title="bbox 152 1811 1546 1889; baseline 0.009 -25"><span class='ocrx_word' id='word_1_105' title='bbox 152 1812 274 1876; x_wconf 76' lang='lat' dir='ltr'><strong>Quae</strong></span> <span class='ocrx_word' id='word_1_106' title='bbox 300 1811 413 1871; x_wconf 84' lang='lat' dir='ltr'><strong>sint</strong></span> <span class='ocrx_word' id='word_1_107' title='bbox 444 1813 653 1873; x_wconf 82' lang='lat' dir='ltr'><strong>divisis</strong></span> <span class='ocrx_word' id='word_1_108' title='bbox 687 1817 1013 1874; x_wconf 85' lang='lat' dir='ltr'><strong>metuenda</strong></span> <span class='ocrx_word' id='word_1_109' title='bbox 1038 1819 1304 1889; x_wconf 81' lang='lat' dir='ltr'><strong>pericula</strong></span> <span class='ocrx_word' id='word_1_110' title='bbox 1328 1819 1546 1879; x_wconf 84' lang='lat' dir='ltr'><strong>nobis?</strong></span> 
     </span>
    </p>
   </div>
   <div class='ocr_carea' id='block_1_19' title="bbox 152 1900 1785 1977">
    <p class='ocr_par' dir='ltr' id='par_1_19' title="bbox 152 1900 1785 1977">
     <span class='ocr_line' id='line_1_19' title="bbox 152 1900 1785 1977; baseline 0.009 -23"><span class='ocrx_word' id='word_1_111' title='bbox 152 1900 449 1959; x_wconf 82' lang='lat' dir='ltr'><strong>Unanimes</strong></span> <span class='ocrx_word' id='word_1_112' title='bbox 472 1902 742 1962; x_wconf 76' lang='lat' dir='ltr'><strong>habitare</strong></span> <span class='ocrx_word' id='word_1_113' title='bbox 756 1905 944 1975; x_wconf 78' lang='lat' dir='ltr'><strong>(Psal.</strong></span> <span class='ocrx_word' id='word_1_114' title='bbox 964 1908 1181 1977; x_wconf 77' lang='lat' dir='ltr'><strong>cxxxu)</strong></span> <span class='ocrx_word' id='word_1_115' title='bbox 1201 1908 1454 1964; x_wconf 84' lang='lat' dir='ltr'><strong>domum</strong></span> <span class='ocrx_word' id='word_1_116' title='bbox 1471 1909 1785 1969; x_wconf 86' lang='lat' dir='ltr'><strong>Psalmista</strong></span> 
     </span>
    </p>
   </div>
   <div class='ocr_carea' id='block_1_20' title="bbox 152 1987 1779 2069">
    <p class='ocr_par' dir='ltr' id='par_1_20' title="bbox 152 1987 1779 2069">
     <span class='ocr_line' id='line_1_20' title="bbox 152 1987 1779 2069; baseline 0.003 -20"><span class='ocrx_word' id='word_1_117' title='bbox 152 1987 247 2049; x_wconf 69' lang='lat' dir='ltr'><strong>Sed</strong></span> <span class='ocrx_word' id='word_1_118' title='bbox 265 1993 338 2060; x_wconf 87' lang='lat' dir='ltr'><strong>te,</strong></span> <span class='ocrx_word' id='word_1_119' title='bbox 355 1989 566 2063; x_wconf 89' lang='lat' dir='ltr'><strong>Sulpiti</strong></span> <span class='ocrx_word' id='word_1_120' title='bbox 588 1991 604 2061; x_wconf 86' lang='lat'>(</span> <span class='ocrx_word' id='word_1_121' title='bbox 611 2006 686 2051; x_wconf 87' lang='lat' dir='ltr'><strong>ne</strong></span> <span class='ocrx_word' id='word_1_122' title='bbox 700 1992 897 2051; x_wconf 82' lang='lat' dir='ltr'><strong>Gallus</strong></span> <span class='ocrx_word' id='word_1_123' title='bbox 917 1992 975 2055; x_wconf 83' lang='lat' dir='ltr'><strong>id</strong></span> <span class='ocrx_word' id='word_1_124' title='bbox 993 1995 1217 2065; x_wconf 84' lang='lat' dir='ltr'><strong>audiat)</strong></span> <span class='ocrx_word' id='word_1_125' title='bbox 1245 1995 1397 2053; x_wconf 85' lang='lat' dir='ltr'><strong>atlor</strong></span> <span class='ocrx_word' id='word_1_126' title='bbox 1419 2014 1433 2051; x_wconf 76' lang='grc' dir='ltr'><strong><em>ε</em></strong></span> <span class='ocrx_word' id='word_1_127' title='bbox 1508 1998 1779 2069; x_wconf 83' lang='lat' dir='ltr'><strong>[notavit,</strong></span> 
     </span>
    </p>
   </div>
   <div class='ocr_carea' id='block_1_21' title="bbox 150 2076 1776 2152">
    <p class='ocr_par' dir='ltr' id='par_1_21' title="bbox 150 2076 1776 2152">
     <span class='ocr_line' id='line_1_21' title="bbox 150 2076 1776 2152; baseline 0.009 -23"><span class='ocrx_word' id='word_1_128' title='bbox 150 2076 263 2137; x_wconf 83' lang='lat' dir='ltr'><strong>Rari</strong></span> <span class='ocrx_word' id='word_1_129' title='bbox 289 2082 427 2139; x_wconf 72' lang='lat' dir='ltr'><strong>sunt</strong></span> <span class='ocrx_word' id='word_1_130' title='bbox 460 2083 752 2147; x_wconf 88' lang='lat' dir='ltr'><strong>nostrum,</strong></span> <span class='ocrx_word' id='word_1_131' title='bbox 777 2096 1037 2152; x_wconf 90' lang='lat' dir='ltr'><strong>quorum</strong></span> <span class='ocrx_word' id='word_1_132' title='bbox 1070 2085 1471 2144; x_wconf 73' lang='lat' dir='ltr'><strong>menstendat</strong></span> <span class='ocrx_word' id='word_1_133' title='bbox 1487 2085 1548 2142; x_wconf 90' lang='lat' dir='ltr'><strong>in</strong></span> <span class='ocrx_word' id='word_1_134' title='bbox 1566 2104 1776 2144; x_wconf 89' lang='lat' dir='ltr'><strong>unum.</strong></span> 
     </span>
    </p>
   </div>
   <div class='ocr_carea' id='block_1_22' title="bbox 148 2164 1777 2247">
    <p class='ocr_par' dir='ltr' id='par_1_22' title="bbox 148 2164 1777 2247">
     <span class='ocr_line' id='line_1_22' title="bbox 148 2164 1777 2247; baseline 0.009 -29"><span class='ocrx_word' id='word_1_135' title='bbox 148 2164 716 2236; x_wconf 82' lang='lat' dir='ltr'><strong>Discordantomnes,</strong></span> <span class='ocrx_word' id='word_1_136' title='bbox 733 2169 972 2241; x_wconf 74' lang='lat' dir='ltr'><strong>prresul,</strong></span> <span class='ocrx_word' id='word_1_137' title='bbox 991 2187 1216 2240; x_wconf 82' lang='lat' dir='ltr'><strong>comes,</strong></span> <span class='ocrx_word' id='word_1_138' title='bbox 1234 2177 1412 2246; x_wconf 83' lang='lat' dir='ltr'><strong>atque</strong></span> <span class='ocrx_word' id='word_1_139' title='bbox 1425 2174 1777 2247; x_wconf 77' lang='lat' dir='ltr'><strong>phalanges,</strong></span> 
     </span>
    </p>
   </div>
   <div class='ocr_carea' id='block_1_23' title="bbox 145 2254 1543 2335">
    <p class='ocr_par' dir='ltr' id='par_1_23' title="bbox 145 2254 1543 2335">
     <span class='ocr_line' id='line_1_23' title="bbox 145 2254 1543 2335; baseline 0.011 -29"><span class='ocrx_word' id='word_1_140' title='bbox 145 2254 393 2321; x_wconf 64' lang='lat' dir='ltr'><strong>Pugnant</strong></span> <span class='ocrx_word' id='word_1_141' title='bbox 416 2257 569 2313; x_wconf 85' lang='lat' dir='ltr'><strong>inter</strong></span> <span class='ocrx_word' id='word_1_142' title='bbox 600 2273 665 2317; x_wconf 86' lang='lat' dir='ltr'><strong>se</strong></span> <span class='ocrx_word' id='word_1_143' title='bbox 692 2259 992 2330; x_wconf 76' lang='lat' dir='ltr'><strong>concives,</strong></span> <span class='ocrx_word' id='word_1_144' title='bbox 1024 2262 1543 2335; x_wconf 83' lang='lat' dir='ltr'><strong>contribulesque:</strong></span> 
     </span>
    </p>
   </div>
   <div class='ocr_carea' id='block_1_24' title="bbox 148 2342 1777 2425">
    <p class='ocr_par' dir='ltr' id='par_1_24' title="bbox 148 2342 1777 2425">
     <span class='ocr_line' id='line_1_24' title="bbox 148 2342 1777 2425; baseline 0.01 -31"><span class='ocrx_word' id='word_1_145' title='bbox 148 2342 335 2407; x_wconf 73' lang='lat' dir='ltr'><strong>Urbiott</strong></span> <span class='ocrx_word' id='word_1_146' title='bbox 358 2345 533 2406; x_wconf 84' lang='lat' dir='ltr'><strong>turba</strong></span> <span class='ocrx_word' id='word_1_147' title='bbox 546 2346 1200 2418; x_wconf 88' lang='lat' dir='ltr'><strong>strepit,machinantur</strong></span> <span class='ocrx_word' id='word_1_148' title='bbox 1216 2356 1273 2407; x_wconf 88' lang='lat' dir='ltr'><strong>et</strong></span> <span class='ocrx_word' id='word_1_149' title='bbox 1292 2352 1517 2425; x_wconf 90' lang='lat' dir='ltr'><strong>oppida</strong></span> <span class='ocrx_word' id='word_1_150' title='bbox 1531 2353 1777 2412; x_wconf 91' lang='lat' dir='ltr'><strong>bellum.</strong></span> 
     </span>
    </p>
   </div>
   <div class='ocr_carea' id='block_1_25' title="bbox 146 2430 1615 2511">
    <p class='ocr_par' dir='ltr' id='par_1_25' title="bbox 146 2430 1615 2511">
     <span class='ocr_line' id='line_1_25' title="bbox 146 2430 1615 2511; baseline 0.001 -16"><span class='ocrx_word' id='word_1_151' title='bbox 146 2430 323 2495; x_wconf 75' lang='lat' dir='ltr'><strong>Quid?</strong></span> <span class='ocrx_word' id='word_1_152' title='bbox 347 2448 472 2491; x_wconf 89' lang='lat' dir='ltr'><strong>non</strong></span> <span class='ocrx_word' id='word_1_153' title='bbox 505 2438 795 2503; x_wconf 81' lang='lat' dir='ltr'><strong>cognatos</strong></span> <span class='ocrx_word' id='word_1_154' title='bbox 818 2436 999 2493; x_wconf 90' lang='lat' dir='ltr'><strong>etiam</strong></span> <span class='ocrx_word' id='word_1_155' title='bbox 1024 2436 1326 2499; x_wconf 76' lang='lat' dir='ltr'><strong>discordia</strong></span> <span class='ocrx_word' id='word_1_156' title='bbox 1353 2440 1568 2511; x_wconf 86' lang='lat' dir='ltr'><strong>pungit</strong></span> <span class='ocrx_word' id='word_1_157' title='bbox 1586 2442 1615 2497; x_wconf 79' lang='lat' dir='ltr'><strong>‘I</strong></span> 
     </span>
    </p>
   </div>
   <div class='ocr_carea' id='block_1_26' title="bbox 145 2518 1651 2595">
    <p class='ocr_par' dir='ltr' id='par_1_26' title="bbox 145 2518 1651 2595">
     <span class='ocr_line' id='line_1_26' title="bbox 145 2518 1651 2595; baseline 0.007 -21"><span class='ocrx_word' id='word_1_158' title='bbox 145 2518 407 2586; x_wconf 76' lang='lat' dir='ltr'><strong>vaocat</strong></span> <span class='ocrx_word' id='word_1_159' title='bbox 438 2522 499 2585; x_wconf 82' lang='lat' dir='ltr'><strong>in</strong></span> <span class='ocrx_word' id='word_1_160' title='bbox 528 2524 769 2587; x_wconf 71' lang='lat' dir='ltr'><strong>Martem</strong></span> <span class='ocrx_word' id='word_1_161' title='bbox 797 2522 997 2595; x_wconf 70' lang='lat' dir='ltr'><strong>frater,</strong></span> <span class='ocrx_word' id='word_1_162' title='bbox 1028 2540 1383 2589; x_wconf 75' lang='lat' dir='ltr'><strong>concurrere</strong></span> <span class='ocrx_word' id='word_1_163' title='bbox 1408 2526 1651 2589; x_wconf 80' lang='lat' dir='ltr'><strong>fratrem</strong></span> 
     </span>
    </p>
   </div>
   <div class='ocr_carea' id='block_1_27' title="bbox 146 2606 1600 2686">
    <p class='ocr_par' dir='ltr' id='par_1_27' title="bbox 146 2606 1600 2686">
     <span class='ocr_line' id='line_1_27' title="bbox 146 2606 1600 2686; baseline 0.009 -27"><span class='ocrx_word' id='word_1_164' title='bbox 146 2606 467 2677; x_wconf 80' lang='lat' dir='ltr'><strong>Infremitat,</strong></span> <span class='ocrx_word' id='word_1_165' title='bbox 503 2610 787 2682; x_wconf 66' lang='lat' dir='ltr'><strong>saevitque</strong></span> <span class='ocrx_word' id='word_1_166' title='bbox 828 2611 1046 2667; x_wconf 90' lang='lat' dir='ltr'><strong>animis</strong></span> <span class='ocrx_word' id='word_1_167' title='bbox 1075 2613 1336 2683; x_wconf 89' lang='lat' dir='ltr'><strong>ignobile</strong></span> <span class='ocrx_word' id='word_1_168' title='bbox 1368 2615 1600 2686; x_wconf 88' lang='lat' dir='ltr'><strong>vulgus.</strong></span> 
     </span>
    </p>
   </div>
   <div class='ocr_carea' id='block_1_28' title="bbox 144 2695 1492 2775">
    <p class='ocr_par' dir='ltr' id='par_1_28' title="bbox 144 2695 1492 2775">
     <span class='ocr_line' id='line_1_28' title="bbox 144 2695 1492 2775; baseline 0.008 -26"><span class='ocrx_word' id='word_1_169' title='bbox 144 2695 333 2761; x_wconf 76' lang='lat' dir='ltr'><strong>Omnia</strong></span> <span class='ocrx_word' id='word_1_170' title='bbox 358 2696 652 2770; x_wconf 79' lang='lat' dir='ltr'><strong>legirupis</strong></span> <span class='ocrx_word' id='word_1_171' title='bbox 675 2704 905 2761; x_wconf 85' lang='lat' dir='ltr'><strong>certant</strong></span> <span class='ocrx_word' id='word_1_172' title='bbox 932 2701 1207 2765; x_wconf 73' lang='lat' dir='ltr'><strong>mortalia</strong></span> <span class='ocrx_word' id='word_1_173' title='bbox 1236 2704 1455 2775; x_wconf 87' lang='lat' dir='ltr'><strong>pugnis</strong></span> <span class='ocrx_word' id='word_1_174' title='bbox 1478 2723 1492 2765; x_wconf 87' lang='lat'><strong>:</strong></span> 
     </span>
    </p>
   </div>
   <div class='ocr_carea' id='block_1_29' title="bbox 144 2783 1301 2858">
    <p class='ocr_par' dir='ltr' id='par_1_29' title="bbox 144 2783 1301 2858">
     <span class='ocr_line' id='line_1_29' title="bbox 144 2783 1301 2858; baseline 0.008 -21"><span class='ocrx_word' id='word_1_175' title='bbox 144 2783 365 2853; x_wconf 74' lang='lat' dir='ltr'><strong>Majores</strong></span> <span class='ocrx_word' id='word_1_176' title='bbox 396 2786 527 2841; x_wconf 85' lang='lat' dir='ltr'><strong>aliis</strong></span> <span class='ocrx_word' id='word_1_177' title='bbox 557 2787 785 2853; x_wconf 86' lang='lat' dir='ltr'><strong>faciunt</strong></span> <span class='ocrx_word' id='word_1_178' title='bbox 813 2788 896 2844; x_wconf 89' lang='lat' dir='ltr'><strong>nil</strong></span> <span class='ocrx_word' id='word_1_179' title='bbox 922 2789 1139 2846; x_wconf 91' lang='lat' dir='ltr'><strong>rectius</strong></span> <span class='ocrx_word' id='word_1_180' title='bbox 1167 2791 1301 2858; x_wconf 84' lang='lat' dir='ltr'><strong>illis,</strong></span> 
     </span>
    </p>
   </div>
   <div class='ocr_carea' id='block_1_30' title="bbox 145 2872 1424 2952">
    <p class='ocr_par' dir='ltr' id='par_1_30' title="bbox 145 2872 1424 2952">
     <span class='ocr_line' id='line_1_30' title="bbox 145 2872 1424 2952; baseline 0.009 -26"><span class='ocrx_word' id='word_1_181' title='bbox 145 2872 236 2935; x_wconf 84' lang='lat' dir='ltr'><strong>Qui</strong></span> <span class='ocrx_word' id='word_1_182' title='bbox 261 2873 609 2939; x_wconf 83' lang='lat' dir='ltr'><strong>defensores</strong></span> <span class='ocrx_word' id='word_1_183' title='bbox 644 2878 848 2949; x_wconf 76' lang='lat' dir='ltr'><strong>patrias</strong></span> <span class='ocrx_word' id='word_1_184' title='bbox 877 2879 1208 2952; x_wconf 90' lang='lat' dir='ltr'><strong>populique</strong></span> <span class='ocrx_word' id='word_1_185' title='bbox 1242 2880 1424 2943; x_wconf 80' lang='lat' dir='ltr'><strong>fuisse</strong></span> 
     </span>
    </p>
   </div>
   <div class='ocr_carea' id='block_1_31' title="bbox 145 2961 1350 3036">
    <p class='ocr_par' dir='ltr' id='par_1_31' title="bbox 145 2961 1350 3036">
     <span class='ocr_line' id='line_1_31' title="bbox 145 2961 1350 3036; baseline 0.01 -22"><span class='ocrx_word' id='word_1_186' title='bbox 145 2961 448 3036; x_wconf 87' lang='lat' dir='ltr'><strong>Debebant,</strong></span> <span class='ocrx_word' id='word_1_187' title='bbox 481 2965 610 3027; x_wconf 85' lang='lat' dir='ltr'><strong>aliis</strong></span> <span class='ocrx_word' id='word_1_188' title='bbox 650 2972 925 3033; x_wconf 82' lang='lat' dir='ltr'><strong>constant</strong></span> <span class='ocrx_word' id='word_1_189' title='bbox 952 2970 1192 3031; x_wconf 83' lang='lat' dir='ltr'><strong>occasio</strong></span> <span class='ocrx_word' id='word_1_190' title='bbox 1213 2969 1350 3033; x_wconf 83' lang='lat' dir='ltr'><strong>litis.</strong></span> 
     </span>
    </p>
   </div>
   <div class='ocr_carea' id='block_1_32' title="bbox 146 3051 1492 3131">
    <p class='ocr_par' dir='ltr' id='par_1_32' title="bbox 146 3051 1492 3131">
     <span class='ocr_line' id='line_1_32' title="bbox 146 3051 1492 3131; baseline 0.01 -29"><span class='ocrx_word' id='word_1_191' title='bbox 146 3051 276 3119; x_wconf 76' lang='lat' dir='ltr'><strong>Nam</strong></span> <span class='ocrx_word' id='word_1_192' title='bbox 297 3070 560 3127; x_wconf 83' lang='lat' dir='ltr'><strong>quorum</strong></span> <span class='ocrx_word' id='word_1_193' title='bbox 598 3061 800 3130; x_wconf 59' lang='lat' dir='ltr'><strong>panes</strong></span> <span class='ocrx_word' id='word_1_194' title='bbox 831 3057 1125 3124; x_wconf 77' lang='lat' dir='ltr'><strong>sedabant</strong></span> <span class='ocrx_word' id='word_1_195' title='bbox 1154 3059 1492 3131; x_wconf 76' lang='lat' dir='ltr'><strong>seditiones,</strong></span> 
     </span>
    </p>
   </div>
   <div class='ocr_carea' id='block_1_33' title="bbox 147 3138 1457 3219">
    <p class='ocr_par' dir='ltr' id='par_1_33' title="bbox 147 3138 1457 3219">
     <span class='ocr_line' id='line_1_33' title="bbox 147 3138 1457 3219; baseline 0 -14"><span class='ocrx_word' id='word_1_196' title='bbox 147 3138 345 3207; x_wconf 74' lang='lat' dir='ltr'><strong>Horum</strong></span> <span class='ocrx_word' id='word_1_197' title='bbox 373 3146 691 3216; x_wconf 76' lang='lat' dir='ltr'><strong>posteritas</strong></span> <span class='ocrx_word' id='word_1_198' title='bbox 720 3163 943 3209; x_wconf 84' lang='lat' dir='ltr'><strong>acuens</strong></span> <span class='ocrx_word' id='word_1_199' title='bbox 970 3154 1293 3219; x_wconf 75' lang='lat' dir='ltr'><strong>exaggerat</strong></span> <span class='ocrx_word' id='word_1_200' title='bbox 1317 3149 1457 3218; x_wconf 84' lang='lat' dir='ltr'><strong>iras,</strong></span> 
     </span>
    </p>
   </div>
   <div class='ocr_carea' id='block_1_34' title="bbox 147 3229 1315 3307">
    <p class='ocr_par' dir='ltr' id='par_1_34' title="bbox 147 3229 1315 3307">
     <span class='ocr_line' id='line_1_34' title="bbox 147 3229 1315 3307; baseline 0.013 -25"><span class='ocrx_word' id='word_1_201' title='bbox 147 3229 302 3289; x_wconf 87' lang='lat' dir='ltr'><strong>Unius</strong></span> <span class='ocrx_word' id='word_1_202' title='bbox 334 3234 545 3306; x_wconf 83' lang='lat' dir='ltr'><strong>populi</strong></span> <span class='ocrx_word' id='word_1_203' title='bbox 573 3252 712 3301; x_wconf 85' lang='lat' dir='ltr'><strong>cum</strong></span> <span class='ocrx_word' id='word_1_204' title='bbox 742 3236 817 3299; x_wconf 81' lang='lat' dir='ltr'><strong>sit</strong></span> <span class='ocrx_word' id='word_1_205' title='bbox 853 3235 1133 3299; x_wconf 80' lang='lat' dir='ltr'><strong>dissectio</strong></span> <span class='ocrx_word' id='word_1_206' title='bbox 1162 3237 1315 3307; x_wconf 70' lang='lat' dir='ltr'><strong>talis,</strong></span> 
     </span>
    </p>
   </div>
   <div class='ocr_carea' id='block_1_35' title="bbox 143 3317 1600 3396">
    <p class='ocr_par' dir='ltr' id='par_1_35' title="bbox 143 3317 1600 3396">
     <span class='ocr_line' id='line_1_35' title="bbox 143 3317 1600 3396; baseline 0.01 -26"><span class='ocrx_word' id='word_1_207' title='bbox 143 3317 282 3374; x_wconf 77' lang='lat' dir='ltr'><strong>Nunc</strong></span> <span class='ocrx_word' id='word_1_208' title='bbox 312 3320 392 3376; x_wconf 89' lang='lat' dir='ltr'><strong>sic</strong></span> <span class='ocrx_word' id='word_1_209' title='bbox 422 3321 688 3379; x_wconf 90' lang='lat' dir='ltr'><strong>divisum</strong></span> <span class='ocrx_word' id='word_1_210' title='bbox 716 3324 907 3379; x_wconf 91' lang='lat' dir='ltr'><strong>credis</strong></span> <span class='ocrx_word' id='word_1_211' title='bbox 938 3324 1257 3381; x_wconf 88' lang='lat' dir='ltr'><strong>consistere</strong></span> <span class='ocrx_word' id='word_1_212' title='bbox 1296 3342 1552 3396; x_wconf 89' lang='lat' dir='ltr'><strong>regnum</strong></span> <span class='ocrx_word' id='word_1_213' title='bbox 1572 3329 1600 3384; x_wconf 86' lang='lat'><strong>?</strong></span> 
     </span>
    </p>
   </div>
   <div class='ocr_carea' id='block_1_36' title="bbox 141 3406 1534 3487">
    <p class='ocr_par' dir='ltr' id='par_1_36' title="bbox 141 3406 1534 3487">
     <span class='ocr_line' id='line_1_36' title="bbox 141 3406 1534 3487; baseline 0.009 -27"><span class='ocrx_word' id='word_1_214' title='bbox 141 3406 433 3467; x_wconf 83' lang='lat' dir='ltr'><strong>Reddimus</strong></span> <span class='ocrx_word' id='word_1_215' title='bbox 462 3416 748 3487; x_wconf 55' lang='lat' dir='ltr'><strong>cateruas,</strong></span> <span class='ocrx_word' id='word_1_216' title='bbox 779 3412 1295 3483; x_wconf 84' lang='lat' dir='ltr'><strong>indulgentissime</strong></span> <span class='ocrx_word' id='word_1_217' title='bbox 1323 3421 1534 3487; x_wconf 86' lang='lat' dir='ltr'><strong>rector,</strong></span> 
     </span>
    </p>
   </div>
   <div class='ocr_carea' id='block_1_37' title="bbox 139 3495 1775 3578">
    <p class='ocr_par' dir='ltr' id='par_1_37' title="bbox 139 3495 1775 3578">
     <span class='ocr_line' id='line_1_37' title="bbox 139 3495 1775 3578; baseline 0.013 -31"><span class='ocrx_word' id='word_1_218' title='bbox 139 3495 333 3566; x_wconf 83' lang='lat' dir='ltr'><strong>Grates,</strong></span> <span class='ocrx_word' id='word_1_219' title='bbox 358 3501 608 3569; x_wconf 81' lang='lat' dir='ltr'><strong>Christe,</strong></span> <span class='ocrx_word' id='word_1_220' title='bbox 629 3502 751 3570; x_wconf 88' lang='lat' dir='ltr'><strong>tibi,</strong></span> <span class='ocrx_word' id='word_1_221' title='bbox 772 3502 1137 3576; x_wconf 81' lang='lat' dir='ltr'><strong>meritosque</strong></span> <span class='ocrx_word' id='word_1_222' title='bbox 1160 3520 1471 3563; x_wconf 84' lang='lat' dir='ltr'><strong>sacramus</strong></span> <span class='ocrx_word' id='word_1_223' title='bbox 1488 3507 1775 3578; x_wconf 75' lang='lat' dir='ltr'><strong>honores,</strong></span> 
     </span>
    </p>
   </div>
   <div class='ocr_carea' id='block_1_38' title="bbox 138 3583 1698 3665">
    <p class='ocr_par' dir='ltr' id='par_1_38' title="bbox 138 3583 1698 3665">
     <span class='ocr_line' id='line_1_38' title="bbox 138 3583 1698 3665; baseline 0.003 -18"><span class='ocrx_word' id='word_1_224' title='bbox 138 3583 283 3647; x_wconf 82' lang='lat' dir='ltr'><strong>Quod</strong></span> <span class='ocrx_word' id='word_1_225' title='bbox 305 3604 444 3665; x_wconf 77' lang='lat' dir='ltr'><strong>non,</strong></span> <span class='ocrx_word' id='word_1_226' title='bbox 472 3606 547 3661; x_wconf 81' lang='lat' dir='ltr'><strong>ut</strong></span> <span class='ocrx_word' id='word_1_227' title='bbox 571 3591 805 3663; x_wconf 80' lang='lat' dir='ltr'><strong>meruit,</strong></span> <span class='ocrx_word' id='word_1_228' title='bbox 835 3592 1069 3657; x_wconf 84' lang='lat' dir='ltr'><strong>voluisti</strong></span> <span class='ocrx_word' id='word_1_229' title='bbox 1099 3593 1349 3665; x_wconf 86' lang='lat' dir='ltr'><strong>perdere</strong></span> <span class='ocrx_word' id='word_1_230' title='bbox 1377 3596 1698 3663; x_wconf 83' lang='lat' dir='ltr'><strong>mundum,</strong></span> 
     </span>
    </p>
   </div>
   <div class='ocr_carea' id='block_1_39' title="bbox 135 3672 1510 3755">
    <p class='ocr_par' dir='ltr' id='par_1_39' title="bbox 135 3672 1510 3755">
     <span class='ocr_line' id='line_1_39' title="bbox 135 3672 1510 3755; baseline 0.009 -26"><span class='ocrx_word' id='word_1_231' title='bbox 135 3672 263 3730; x_wconf 88' lang='lat' dir='ltr'><strong>Olim</strong></span> <span class='ocrx_word' id='word_1_232' title='bbox 289 3679 519 3754; x_wconf 73' lang='lat' dir='ltr'><strong>quippe</strong></span> <span class='ocrx_word' id='word_1_233' title='bbox 554 3680 668 3747; x_wconf 81' lang='lat' dir='ltr'><strong>reis</strong></span> <span class='ocrx_word' id='word_1_234' title='bbox 697 3681 947 3749; x_wconf 76' lang='lat' dir='ltr'><strong>deberes</strong></span> <span class='ocrx_word' id='word_1_235' title='bbox 974 3698 1209 3749; x_wconf 83' lang='lat' dir='ltr'><strong>sumere</strong></span> <span class='ocrx_word' id='word_1_236' title='bbox 1240 3698 1510 3755; x_wconf 67' lang='lat' dir='ltr'><strong>pinnam,</strong></span> 
     </span>
    </p>
   </div>
   <div class='ocr_carea' id='block_1_40' title="bbox 137 3762 1488 3844">
    <p class='ocr_par' dir='ltr' id='par_1_40' title="bbox 137 3762 1488 3844">
     <span class='ocr_line' id='line_1_40' title="bbox 137 3762 1488 3844; baseline 0.009 -27"><span class='ocrx_word' id='word_1_237' title='bbox 137 3762 231 3818; x_wconf 88' lang='lat' dir='ltr'><strong>Sed</strong></span> <span class='ocrx_word' id='word_1_238' title='bbox 256 3782 360 3827; x_wconf 83' lang='lat' dir='ltr'><strong>nos</strong></span> <span class='ocrx_word' id='word_1_239' title='bbox 386 3771 717 3844; x_wconf 76' lang='lat' dir='ltr'><strong>portando,</strong></span> <span class='ocrx_word' id='word_1_240' title='bbox 749 3771 839 3829; x_wconf 85' lang='lat' dir='ltr'><strong>vis</strong></span> <span class='ocrx_word' id='word_1_241' title='bbox 864 3771 944 3837; x_wconf 78' lang='lat' dir='ltr'><strong>ad</strong></span> <span class='ocrx_word' id='word_1_242' title='bbox 974 3771 1225 3835; x_wconf 84' lang='lat' dir='ltr'><strong>meliora</strong></span> <span class='ocrx_word' id='word_1_243' title='bbox 1253 3773 1488 3841; x_wconf 88' lang='lat' dir='ltr'><strong>reverti,</strong></span> 
     </span>
    </p>
   </div>
   <div class='ocr_carea' id='block_1_41' title="bbox 139 3854 1666 3933">
    <p class='ocr_par' dir='ltr' id='par_1_41' title="bbox 139 3854 1666 3933">
     <span class='ocr_line' id='line_1_41' title="bbox 139 3854 1666 3933; baseline 0.01 -28"><span class='ocrx_word' id='word_1_244' title='bbox 139 3854 300 3923; x_wconf 82' lang='lat' dir='ltr'><strong>Atque</strong></span> <span class='ocrx_word' id='word_1_245' title='bbox 325 3861 390 3913; x_wconf 87' lang='lat' dir='ltr'><strong>ut</strong></span> <span class='ocrx_word' id='word_1_246' title='bbox 414 3858 727 3933; x_wconf 71' lang='lat' dir='ltr'><strong>poeniteat,</strong></span> <span class='ocrx_word' id='word_1_247' title='bbox 760 3875 897 3932; x_wconf 73' lang='lat' dir='ltr'><strong>quae</strong></span> <span class='ocrx_word' id='word_1_248' title='bbox 929 3859 1066 3933; x_wconf 87' lang='lat' dir='ltr'><strong>quis</strong></span> <span class='ocrx_word' id='word_1_249' title='bbox 1103 3864 1352 3933; x_wconf 86' lang='lat' dir='ltr'><strong>peccata</strong></span> <span class='ocrx_word' id='word_1_250' title='bbox 1380 3864 1666 3932; x_wconf 76' lang='lat' dir='ltr'><strong>patraret.</strong></span> 
     </span>
    </p>
   </div>
   <div class='ocr_carea' id='block_1_42' title="bbox 141 3940 1703 4023">
    <p class='ocr_par' dir='ltr' id='par_1_42' title="bbox 141 3940 1703 4023">
     <span class='ocr_line' id='line_1_42' title="bbox 141 3940 1703 4023; baseline 0.01 -30"><span class='ocrx_word' id='word_1_251' title='bbox 141 3940 377 4016; x_wconf 82' lang='lat' dir='ltr'><strong>Namque</strong></span> <span class='ocrx_word' id='word_1_252' title='bbox 403 3946 528 4020; x_wconf 81' lang='lat' dir='ltr'><strong>diu,</strong></span> <span class='ocrx_word' id='word_1_253' title='bbox 561 3965 660 4005; x_wconf 90' lang='lat' dir='ltr'><strong>res</strong></span> <span class='ocrx_word' id='word_1_254' title='bbox 689 3948 738 4015; x_wconf 86' lang='lat' dir='ltr'><strong>si</strong></span> <span class='ocrx_word' id='word_1_255' title='bbox 765 3965 887 4023; x_wconf 88' lang='lat' dir='ltr'><strong>qua</strong></span> <span class='ocrx_word' id='word_1_256' title='bbox 916 3949 1019 4005; x_wconf 89' lang='lat' dir='ltr'><strong>diu</strong></span> <span class='ocrx_word' id='word_1_257' title='bbox 1058 3949 1413 4006; x_wconf 85' lang='lat' dir='ltr'><strong>mortalibus</strong></span> <span class='ocrx_word' id='word_1_258' title='bbox 1443 3950 1566 4011; x_wconf 80' lang='lat' dir='ltr'><strong>ulla</strong></span> <span class='ocrx_word' id='word_1_259' title='bbox 1592 3956 1703 4023; x_wconf 88' lang='lat' dir='ltr'><strong>est,</strong></span> 
     </span>
    </p>
   </div>
   <div class='ocr_carea' id='block_1_43' title="bbox 141 4028 1698 4111">
    <p class='ocr_par' dir='ltr' id='par_1_43' title="bbox 141 4028 1698 4111">
     <span class='ocr_line' id='line_1_43' title="bbox 141 4028 1698 4111; baseline 0.008 -26"><span class='ocrx_word' id='word_1_260' title='bbox 141 4028 393 4107; x_wconf 78' lang='lat' dir='ltr'><strong>Viximus,</strong></span> <span class='ocrx_word' id='word_1_261' title='bbox 421 4042 609 4111; x_wconf 89' lang='lat' dir='ltr'><strong>atque</strong></span> <span class='ocrx_word' id='word_1_262' title='bbox 637 4038 846 4095; x_wconf 64' lang='lat' dir='ltr'><strong>datuin</strong></span> <span class='ocrx_word' id='word_1_263' title='bbox 873 4039 1023 4103; x_wconf 89' lang='lat' dir='ltr'><strong>mire</strong></span> <span class='ocrx_word' id='word_1_264' title='bbox 1052 4039 1453 4109; x_wconf 87' lang='lat' dir='ltr'><strong>transegimus</strong></span> <span class='ocrx_word' id='word_1_265' title='bbox 1479 4057 1698 4101; x_wconf 65' lang='lat' dir='ltr'><strong>aevum.</strong></span> 
     </span>
    </p>
   </div>
   <div class='ocr_carea' id='block_1_44' title="bbox 141 4116 1772 4203">
    <p class='ocr_par' dir='ltr' id='par_1_44' title="bbox 141 4116 1772 4203">
     <span class='ocr_line' id='line_1_44' title="bbox 141 4116 1772 4203; baseline 0.009 -32"><span class='ocrx_word' id='word_1_266' title='bbox 141 4116 527 4203; x_wconf 79' lang='lat' dir='ltr'><strong>Contigitanne</strong></span> <span class='ocrx_word' id='word_1_267' title='bbox 540 4127 1064 4200; x_wconf 82' lang='lat' dir='ltr'><strong>unquam,velhoc</strong></span> <span class='ocrx_word' id='word_1_268' title='bbox 1086 4127 1427 4197; x_wconf 86' lang='lat' dir='ltr'><strong>contingere</strong></span> <span class='ocrx_word' id='word_1_269' title='bbox 1447 4128 1772 4202; x_wconf 87' lang='lat' dir='ltr'><strong>quisquam</strong></span> 
     </span>
    </p>
   </div>
   <div class='ocr_carea' id='block_1_45' title="bbox 140 4206 1677 4293">
    <p class='ocr_par' dir='ltr' id='par_1_45' title="bbox 140 4206 1677 4293">
     <span class='ocr_line' id='line_1_45' title="bbox 140 4206 1677 4293; baseline 0.014 -35"><span class='ocrx_word' id='word_1_270' title='bbox 140 4206 432 4293; x_wconf 69' lang='lat' dir='ltr'><strong>Audierat?</strong></span> <span class='ocrx_word' id='word_1_271' title='bbox 460 4230 619 4273; x_wconf 87' lang='lat' dir='ltr'><strong>num</strong></span> <span class='ocrx_word' id='word_1_272' title='bbox 644 4216 758 4279; x_wconf 82' lang='lat' dir='ltr'><strong>tale</strong></span> <span class='ocrx_word' id='word_1_273' title='bbox 787 4215 1017 4293; x_wconf 81' lang='lat' dir='ltr'><strong>aliquid</strong></span> <span class='ocrx_word' id='word_1_274' title='bbox 1045 4219 1151 4280; x_wconf 79' lang='lat' dir='ltr'><strong>aut</strong></span> <span class='ocrx_word' id='word_1_275' title='bbox 1179 4215 1342 4277; x_wconf 83' lang='lat' dir='ltr'><strong>fama</strong></span> <span class='ocrx_word' id='word_1_276' title='bbox 1363 4223 1633 4274; x_wconf 83' lang='lat' dir='ltr'><strong>susurrat</strong></span> <span class='ocrx_word' id='word_1_277' title='bbox 1650 4220 1677 4275; x_wconf 70' lang='lat' dir='ltr'><strong>‘t</strong></span> 
     </span>
    </p>
   </div>
   <div class='ocr_carea' id='block_1_46' title="bbox 144 4291 1643 4383">
    <p class='ocr_par' dir='ltr' id='par_1_46' title="bbox 144 4291 1643 4383">
     <span class='ocr_line' id='line_1_46' title="bbox 144 4291 1643 4383; baseline 0.01 -35"><span class='ocrx_word' id='word_1_278' title='bbox 144 4291 196 4383; x_wconf 72' lang='lat' dir='ltr'><strong>lit</strong></span> <span class='ocrx_word' id='word_1_279' title='bbox 221 4297 457 4369; x_wconf 86' lang='lat' dir='ltr'><strong>totidem</strong></span> <span class='ocrx_word' id='word_1_280' title='bbox 477 4304 715 4383; x_wconf 77' lang='lat' dir='ltr'><strong>populi,</strong></span> <span class='ocrx_word' id='word_1_281' title='bbox 747 4310 867 4367; x_wconf 88' lang='lat' dir='ltr'><strong>tam</strong></span> <span class='ocrx_word' id='word_1_282' title='bbox 897 4291 1099 4367; x_wconf 73' lang='lat' dir='ltr'><strong>multa:</strong></span> <span class='ocrx_word' id='word_1_283' title='bbox 1130 4305 1390 4380; x_wconf 89' lang='lat' dir='ltr'><strong>denique</strong></span> <span class='ocrx_word' id='word_1_284' title='bbox 1417 4311 1643 4377; x_wconf 85' lang='lat' dir='ltr'><strong>gentes,</strong></span> 
     </span>
    </p>
   </div>
   <div class='ocr_carea' id='block_1_47' title="bbox 142 4381 1530 4464">
    <p class='ocr_par' dir='ltr' id='par_1_47' title="bbox 142 4381 1530 4464">
     <span class='ocr_line' id='line_1_47' title="bbox 142 4381 1530 4464; baseline 0.014 -30"><span class='ocrx_word' id='word_1_285' title='bbox 142 4381 453 4450; x_wconf 89' lang='lat' dir='ltr'><strong>Lustrorum</strong></span> <span class='ocrx_word' id='word_1_286' title='bbox 482 4381 694 4455; x_wconf 82' lang='lat' dir='ltr'><strong>multis</strong></span> <span class='ocrx_word' id='word_1_287' title='bbox 721 4398 805 4451; x_wconf 89' lang='lat' dir='ltr'><strong>tot</strong></span> <span class='ocrx_word' id='word_1_288' title='bbox 831 4394 1304 4459; x_wconf 84' lang='lat' dir='ltr'><strong>discurrentibus</strong></span> <span class='ocrx_word' id='word_1_289' title='bbox 1333 4396 1530 4464; x_wconf 85' lang='lat' dir='ltr'><strong>annis,</strong></span> 
     </span>
    </p>
   </div>
   <div class='ocr_carea' id='block_1_48' title="bbox 201 4634 1766 4721">
    <p class='ocr_par' dir='ltr' id='par_1_48' title="bbox 201 4634 1766 4721">
     <span class='ocr_line' id='line_1_48' title="bbox 201 4634 1766 4721; baseline 0.012 -31"><span class='ocrx_word' id='word_1_290' title='bbox 201 4634 331 4721; x_wconf 44' lang='lat'><strong>(4530)</strong></span> <span class='ocrx_word' id='word_1_291' title='bbox 356 4645 417 4697; x_wconf 91' lang='lat' dir='ltr'><strong>In</strong></span> <span class='ocrx_word' id='word_1_292' title='bbox 447 4659 519 4721; x_wconf 84' lang='lat' dir='ltr'><strong>eo</strong></span> <span class='ocrx_word' id='word_1_293' title='bbox 533 4645 671 4721; x_wconf 70' lang='lat' dir='ltr'><strong>jam</strong></span> <span class='ocrx_word' id='word_1_294' title='bbox 697 4661 831 4721; x_wconf 82' lang='lat' dir='ltr'><strong>sum</strong></span> <span class='ocrx_word' id='word_1_295' title='bbox 859 4647 931 4721; x_wconf 64' lang='lat' dir='ltr'><strong>ut</strong></span> <span class='ocrx_word' id='word_1_296' title='bbox 950 4643 1095 4721; x_wconf 74' lang='lat' dir='ltr'><strong>mihi</strong></span> <span class='ocrx_word' id='word_1_297' title='bbox 1113 4644 1339 4721; x_wconf 85' lang='lat' dir='ltr'><strong>liquere</strong></span> <span class='ocrx_word' id='word_1_298' title='bbox 1360 4645 1766 4721; x_wconf 67' lang='lat' dir='ltr'><strong>pronuntiem,</strong></span> 
     </span>
    </p>
   </div>
   <div class='ocr_carea' id='block_1_49' title="bbox 1798 4443 1855 4498">
    <p class='ocr_par' dir='ltr' id='par_1_49' title="bbox 1798 4443 1855 4498">
     <span class='ocr_line' id='line_1_49' title="bbox 1798 4443 1855 4498; baseline 0 0"><span class='ocrx_word' id='word_1_299' title='bbox 1798 4443 1855 4498; x_wconf 64' lang='grc' dir='ltr'><strong>Β</strong></span> 
     </span>
    </p>
   </div>
   <div class='ocr_carea' id='block_1_50' title="bbox 3454 248 3559 331">
    <p class='ocr_par' dir='ltr' id='par_1_50' title="bbox 3454 248 3559 331">
     <span class='ocr_line' id='line_1_50' title="bbox 3454 248 3559 331; baseline 0.019 -2"><span class='ocrx_word' id='word_1_300' title='bbox 3454 248 3559 331; x_wconf 63' lang='lat' dir='ltr'><strong>5a</strong></span> 
     </span>
    </p>
   </div>
   <div class='ocr_carea' id='block_1_51' title="bbox 1823 393 3243 467">
    <p class='ocr_par' dir='ltr' id='par_1_51' title="bbox 1823 393 3243 467">
     <span class='ocr_line' id='line_1_51' title="bbox 1823 393 3243 467; baseline 0 -16"><span class='ocrx_word' id='word_1_301' title='bbox 1823 397 1870 451; x_wconf 82' lang='lat' dir='ltr'><strong>A</strong></span> <span class='ocrx_word' id='word_1_302' title='bbox 1908 396 2210 448; x_wconf 84' lang='lat' dir='ltr'><strong>Immunes</strong></span> <span class='ocrx_word' id='word_1_303' title='bbox 2240 394 2395 463; x_wconf 85' lang='lat' dir='ltr'><strong>regis</strong></span> <span class='ocrx_word' id='word_1_304' title='bbox 2426 394 2737 453; x_wconf 86' lang='lat' dir='ltr'><strong>habuisset</strong></span> <span class='ocrx_word' id='word_1_305' title='bbox 2765 398 3035 467; x_wconf 88' lang='lat' dir='ltr'><strong>tempora</strong></span> <span class='ocrx_word' id='word_1_306' title='bbox 3061 393 3243 466; x_wconf 89' lang='lat' dir='ltr'><strong>pacis.</strong></span> 
     </span>
    </p>
   </div>
   <div class='ocr_carea' id='block_1_52' title="bbox 1904 480 3413 556">
    <p class='ocr_par' dir='ltr' id='par_1_52' title="bbox 1904 480 3413 556">
     <span class='ocr_line' id='line_1_52' title="bbox 1904 480 3413 556; baseline 0.003 -21"><span class='ocrx_word' id='word_1_307' title='bbox 1904 480 2081 537; x_wconf 89' lang='lat' dir='ltr'><strong>Israel</strong></span> <span class='ocrx_word' id='word_1_308' title='bbox 2110 497 2231 538; x_wconf 87' lang='lat' dir='ltr'><strong>una</strong></span> <span class='ocrx_word' id='word_1_309' title='bbox 2258 482 2466 552; x_wconf 89' lang='lat' dir='ltr'><strong>tribus,</strong></span> <span class='ocrx_word' id='word_1_310' title='bbox 2499 498 2686 555; x_wconf 89' lang='lat' dir='ltr'><strong>quam</strong></span> <span class='ocrx_word' id='word_1_311' title='bbox 2718 483 2876 539; x_wconf 87' lang='lat' dir='ltr'><strong>trivit</strong></span> <span class='ocrx_word' id='word_1_312' title='bbox 2904 483 3076 539; x_wconf 88' lang='lat' dir='ltr'><strong>fusca</strong></span> <span class='ocrx_word' id='word_1_313' title='bbox 3114 486 3413 556; x_wconf 88' lang='lat' dir='ltr'><strong>Canopus,</strong></span> 
     </span>
    </p>
   </div>
   <div class='ocr_carea' id='block_1_53' title="bbox 1902 570 3457 642">
    <p class='ocr_par' dir='ltr' id='par_1_53' title="bbox 1902 570 3457 642">
     <span class='ocr_line' id='line_1_53' title="bbox 1902 570 3457 642; baseline 0.003 -17"><span class='ocrx_word' id='word_1_314' title='bbox 1902 572 2049 625; x_wconf 87' lang='lat' dir='ltr'><strong>Cum</strong></span> <span class='ocrx_word' id='word_1_315' title='bbox 2076 585 2183 642; x_wconf 88' lang='lat' dir='ltr'><strong>pes</strong></span> <span class='ocrx_word' id='word_1_316' title='bbox 2212 570 2363 626; x_wconf 88' lang='lat' dir='ltr'><strong>lacte</strong></span> <span class='ocrx_word' id='word_1_317' title='bbox 2396 570 2592 626; x_wconf 90' lang='lat' dir='ltr'><strong>solum</strong></span> <span class='ocrx_word' id='word_1_318' title='bbox 2624 585 2904 637; x_wconf 88' lang='lat' dir='ltr'><strong>manans,</strong></span> <span class='ocrx_word' id='word_1_319' title='bbox 2935 575 2992 626; x_wconf 90' lang='lat' dir='ltr'><strong>et</strong></span> <span class='ocrx_word' id='word_1_320' title='bbox 3017 570 3191 628; x_wconf 90' lang='lat' dir='ltr'><strong>melle</strong></span> <span class='ocrx_word' id='word_1_321' title='bbox 3217 574 3457 641; x_wconf 90' lang='lat' dir='ltr'><strong>teneret,</strong></span> 
     </span>
    </p>
   </div>
   <div class='ocr_carea' id='block_1_54' title="bbox 1904 658 3482 733">
    <p class='ocr_par' dir='ltr' id='par_1_54' title="bbox 1904 658 3482 733">
     <span class='ocr_line' id='line_1_54' title="bbox 1904 658 3482 733; baseline 0.004 -21"><span class='ocrx_word' id='word_1_322' title='bbox 1904 658 2171 731; x_wconf 88' lang='lat' dir='ltr'><strong>Undique</strong></span> <span class='ocrx_word' id='word_1_323' title='bbox 2200 675 2306 731; x_wconf 90' lang='lat' dir='ltr'><strong>per</strong></span> <span class='ocrx_word' id='word_1_324' title='bbox 2335 675 2552 732; x_wconf 76' lang='lat' dir='ltr'><strong>gyrum</strong></span> <span class='ocrx_word' id='word_1_325' title='bbox 2576 658 2806 715; x_wconf 89' lang='lat' dir='ltr'><strong>ducens</strong></span> <span class='ocrx_word' id='word_1_326' title='bbox 2834 674 2908 717; x_wconf 82' lang='lat' dir='ltr'><strong>ex</strong></span> <span class='ocrx_word' id='word_1_327' title='bbox 2928 659 3097 717; x_wconf 89' lang='lat' dir='ltr'><strong>hoste</strong></span> <span class='ocrx_word' id='word_1_328' title='bbox 3126 661 3482 733; x_wconf 67' lang='lat' dir='ltr'><strong>trophaaum,</strong></span> 
     </span>
    </p>
   </div>
   <div class='ocr_carea' id='block_1_55' title="bbox 1900 746 3235 819">
    <p class='ocr_par' dir='ltr' id='par_1_55' title="bbox 1900 746 3235 819">
     <span class='ocr_line' id='line_1_55' title="bbox 1900 746 3235 819; baseline 0.003 -20"><span class='ocrx_word' id='word_1_329' title='bbox 1900 746 2032 801; x_wconf 86' lang='lat' dir='ltr'><strong>Illos</strong></span> <span class='ocrx_word' id='word_1_330' title='bbox 2062 748 2360 815; x_wconf 81' lang='lat' dir='ltr'><strong>occidens,</strong></span> <span class='ocrx_word' id='word_1_331' title='bbox 2394 755 2488 806; x_wconf 85' lang='lat' dir='ltr'><strong>ast</strong></span> <span class='ocrx_word' id='word_1_332' title='bbox 2514 747 2643 805; x_wconf 87' lang='lat' dir='ltr'><strong>illos</strong></span> <span class='ocrx_word' id='word_1_333' title='bbox 2674 746 2958 805; x_wconf 89' lang='lat' dir='ltr'><strong>censibus</strong></span> <span class='ocrx_word' id='word_1_334' title='bbox 2995 763 3235 819; x_wconf 89' lang='lat' dir='ltr'><strong>urgens,</strong></span> 
     </span>
    </p>
   </div>
   <div class='ocr_carea' id='block_1_56' title="bbox 1900 835 3306 909">
    <p class='ocr_par' dir='ltr' id='par_1_56' title="bbox 1900 835 3306 909">
     <span class='ocr_line' id='line_1_56' title="bbox 1900 835 3306 909; baseline 0.001 -19"><span class='ocrx_word' id='word_1_335' title='bbox 1900 838 2221 909; x_wconf 88' lang='lat' dir='ltr'><strong>Postquam</strong></span> <span class='ocrx_word' id='word_1_336' title='bbox 2244 837 2462 893; x_wconf 66' lang='lat' dir='ltr'><strong>divinis</strong></span> <span class='ocrx_word' id='word_1_337' title='bbox 2494 836 2853 909; x_wconf 87' lang='lat' dir='ltr'><strong>contempsit</strong></span> <span class='ocrx_word' id='word_1_338' title='bbox 2880 835 3108 895; x_wconf 55' lang='lat' dir='ltr'><strong>foedera</strong></span> <span class='ocrx_word' id='word_1_339' title='bbox 3136 836 3306 905; x_wconf 85' lang='lat' dir='ltr'><strong>legis,</strong></span> 
     </span>
    </p>
   </div>
   <div class='ocr_carea' id='block_1_57' title="bbox 1902 924 3383 997">
    <p class='ocr_par' dir='ltr' id='par_1_57' title="bbox 1902 924 3383 997">
     <span class='ocr_line' id='line_1_57' title="bbox 1902 924 3383 997; baseline 0.003 -18"><span class='ocrx_word' id='word_1_340' title='bbox 1902 925 2205 997; x_wconf 90' lang='lat' dir='ltr'><strong>Irritatque</strong></span> <span class='ocrx_word' id='word_1_341' title='bbox 2234 929 2441 993; x_wconf 88' lang='lat' dir='ltr'><strong>Deum,</strong></span> <span class='ocrx_word' id='word_1_342' title='bbox 2473 941 2768 981; x_wconf 88' lang='lat' dir='ltr'><strong>manuum</strong></span> <span class='ocrx_word' id='word_1_343' title='bbox 2794 940 2901 997; x_wconf 90' lang='lat' dir='ltr'><strong>per</strong></span> <span class='ocrx_word' id='word_1_344' title='bbox 2924 924 3081 981; x_wconf 87' lang='lat' dir='ltr'><strong>facta</strong></span> <span class='ocrx_word' id='word_1_345' title='bbox 3111 940 3383 993; x_wconf 73' lang='lat' dir='ltr'><strong>suanm),</strong></span> 
     </span>
    </p>
   </div>
   <div class='ocr_carea' id='block_1_58' title="bbox 1898 1012 3365 1086">
    <p class='ocr_par' dir='ltr' id='par_1_58' title="bbox 1898 1012 3365 1086">
     <span class='ocr_line' id='line_1_58' title="bbox 1898 1012 3365 1086; baseline 0.001 -19"><span class='ocrx_word' id='word_1_346' title='bbox 1898 1012 2122 1068; x_wconf 83' lang='lat' dir='ltr'><strong>Accidit</strong></span> <span class='ocrx_word' id='word_1_347' title='bbox 2148 1013 2471 1081; x_wconf 85' lang='lat' dir='ltr'><strong>interdum,</strong></span> <span class='ocrx_word' id='word_1_348' title='bbox 2506 1012 2757 1071; x_wconf 90' lang='lat' dir='ltr'><strong>Domino</strong></span> <span class='ocrx_word' id='word_1_349' title='bbox 2787 1012 3078 1086; x_wconf 87' lang='lat' dir='ltr'><strong>plectente</strong></span> <span class='ocrx_word' id='word_1_350' title='bbox 3109 1017 3365 1081; x_wconf 81' lang='lat' dir='ltr'><strong>reatum,</strong></span> 
     </span>
    </p>
   </div>
   <div class='ocr_carea' id='block_1_59' title="bbox 1899 1102 3553 1174">
    <p class='ocr_par' dir='ltr' id='par_1_59' title="bbox 1899 1102 3553 1174">
     <span class='ocr_line' id='line_1_59' title="bbox 1899 1102 3553 1174; baseline -0.001 -16"><span class='ocrx_word' id='word_1_351' title='bbox 1899 1105 1967 1158; x_wconf 91' lang='lat' dir='ltr'><strong>Ut</strong></span> <span class='ocrx_word' id='word_1_352' title='bbox 1988 1118 2089 1157; x_wconf 77' lang='lat' dir='ltr'><strong>rex</strong></span> <span class='ocrx_word' id='word_1_353' title='bbox 2119 1102 2387 1173; x_wconf 78' lang='lat' dir='ltr'><strong>defuerit,</strong></span> <span class='ocrx_word' id='word_1_354' title='bbox 2414 1103 2541 1159; x_wconf 79' lang='lat' dir='ltr'><strong>dux</strong></span> <span class='ocrx_word' id='word_1_355' title='bbox 2565 1102 2646 1158; x_wconf 87' lang='lat' dir='ltr'><strong>illi</strong></span> <span class='ocrx_word' id='word_1_356' title='bbox 2676 1118 2853 1160; x_wconf 89' lang='lat' dir='ltr'><strong>nemo</strong></span> <span class='ocrx_word' id='word_1_357' title='bbox 2883 1102 3109 1162; x_wconf 81' lang='lat' dir='ltr'><strong>fuisset.</strong></span> <span class='ocrx_word' id='word_1_358' title='bbox 3176 1105 3254 1174; x_wconf 59' lang='lat' dir='ltr'><strong>{te</strong></span> <span class='ocrx_word' id='word_1_359' title='bbox 3277 1103 3553 1170; x_wconf 85' lang='lat' dir='ltr'><strong>tribunis,</strong></span> 
     </span>
    </p>
   </div>
   <div class='ocr_carea' id='block_1_60' title="bbox 1897 1191 3556 1265">
    <p class='ocr_par' dir='ltr' id='par_1_60' title="bbox 1897 1191 3556 1265">
     <span class='ocr_line' id='line_1_60' title="bbox 1897 1191 3556 1265; baseline 0.001 -19"><span class='ocrx_word' id='word_1_360' title='bbox 1897 1193 2010 1246; x_wconf 87' lang='lat' dir='ltr'><strong>Nec</strong></span> <span class='ocrx_word' id='word_1_361' title='bbox 2034 1207 2223 1260; x_wconf 86' lang='lat' dir='ltr'><strong>mora;</strong></span> <span class='ocrx_word' id='word_1_362' title='bbox 2246 1208 2401 1265; x_wconf 87' lang='lat' dir='ltr'><strong>quos</strong></span> <span class='ocrx_word' id='word_1_363' title='bbox 2423 1191 2668 1249; x_wconf 89' lang='lat' dir='ltr'><strong>vincens</strong></span> <span class='ocrx_word' id='word_1_364' title='bbox 2680 1192 3169 1264; x_wconf 88' lang='lat' dir='ltr'><strong>subjeceratante</strong></span> <span class='ocrx_word' id='word_1_365' title='bbox 3180 1192 3432 1264; x_wconf 83' lang='lat' dir='ltr'><strong>[tributis</strong></span> <span class='ocrx_word' id='word_1_366' title='bbox 3444 1191 3556 1249; x_wconf 81' lang='lat' dir='ltr'><strong>for-</strong></span> 
     </span>
    </p>
   </div>
   <div class='ocr_carea' id='block_1_61' title="bbox 1897 1274 3359 1353">
    <p class='ocr_par' dir='ltr' id='par_1_61' title="bbox 1897 1274 3359 1353">
     <span class='ocr_line' id='line_1_61' title="bbox 1897 1274 3359 1353; baseline 0.003 -20"><span class='ocrx_word' id='word_1_367' title='bbox 1897 1280 2155 1335; x_wconf 89' lang='lat' dir='ltr'><strong>Vincitur</strong></span> <span class='ocrx_word' id='word_1_368' title='bbox 2184 1298 2255 1336; x_wconf 72' lang='lat' dir='ltr'><strong>ex</strong></span> <span class='ocrx_word' id='word_1_369' title='bbox 2281 1281 2413 1347; x_wconf 91' lang='lat' dir='ltr'><strong>illis,</strong></span> <span class='ocrx_word' id='word_1_370' title='bbox 2440 1280 2589 1337; x_wconf 81' lang='lat' dir='ltr'><strong>servi</strong></span> <span class='ocrx_word' id='word_1_371' title='bbox 2611 1281 2679 1336; x_wconf 66' lang='lat' dir='ltr'><strong>.‘it</strong></span> <span class='ocrx_word' id='word_1_372' title='bbox 2707 1285 2766 1336; x_wconf 87' lang='lat' dir='ltr'><strong>et</strong></span> <span class='ocrx_word' id='word_1_373' title='bbox 2792 1280 2926 1353; x_wconf 89' lang='lat' dir='ltr'><strong>ipsa</strong></span> <span class='ocrx_word' id='word_1_374' title='bbox 2952 1280 3205 1339; x_wconf 85' lang='lat' dir='ltr'><strong>tributis.</strong></span> <span class='ocrx_word' id='word_1_375' title='bbox 3356 1274 3359 1275; x_wconf 38' lang='grc'><strong><em>⁷</em></strong></span> 
     </span>
    </p>
   </div>
   <div class='ocr_carea' id='block_1_62' title="bbox 1895 1368 3552 1442">
    <p class='ocr_par' dir='ltr' id='par_1_62' title="bbox 1895 1368 3552 1442">
     <span class='ocr_line' id='line_1_62' title="bbox 1895 1368 3552 1442; baseline 0.002 -19"><span class='ocrx_word' id='word_1_376' title='bbox 1895 1371 2055 1425; x_wconf 86' lang='lat' dir='ltr'><strong>&#39;I‘unc</strong></span> <span class='ocrx_word' id='word_1_377' title='bbox 2076 1374 2354 1437; x_wconf 82' lang='lat' dir='ltr'><strong>Ammon,</strong></span> <span class='ocrx_word' id='word_1_378' title='bbox 2378 1369 2634 1441; x_wconf 84' lang='lat' dir='ltr'><strong>Madian,</strong></span> <span class='ocrx_word' id='word_1_379' title='bbox 2653 1368 2843 1438; x_wconf 86' lang='lat' dir='ltr'><strong>Moab,</strong></span> <span class='ocrx_word' id='word_1_380' title='bbox 2868 1369 3219 1442; x_wconf 86' lang='lat' dir='ltr'><strong>Amalecita,</strong></span> <span class='ocrx_word' id='word_1_381' title='bbox 3244 1369 3552 1440; x_wconf 85' lang='lat' dir='ltr'><strong>Philistim,</strong></span> 
     </span>
    </p>
   </div>
   <div class='ocr_carea' id='block_1_63' title="bbox 1898 1453 3197 1529">
    <p class='ocr_par' dir='ltr' id='par_1_63' title="bbox 1898 1453 3197 1529">
     <span class='ocr_line' id='line_1_63' title="bbox 1898 1453 3197 1529; baseline 0.007 -21"><span class='ocrx_word' id='word_1_382' title='bbox 1898 1453 2052 1510; x_wconf 91' lang='lat' dir='ltr'><strong>Illius</strong></span> <span class='ocrx_word' id='word_1_383' title='bbox 2082 1456 2343 1512; x_wconf 85' lang='lat' dir='ltr'><strong>audaces</strong></span> <span class='ocrx_word' id='word_1_384' title='bbox 2372 1456 2571 1529; x_wconf 90' lang='lat' dir='ltr'><strong>culpa,</strong></span> <span class='ocrx_word' id='word_1_385' title='bbox 2600 1457 2690 1513; x_wconf 90' lang='lat' dir='ltr'><strong>vel</strong></span> <span class='ocrx_word' id='word_1_386' title='bbox 2717 1456 2964 1518; x_wconf 81' lang='lat' dir='ltr'><strong>crimine</strong></span> <span class='ocrx_word' id='word_1_387' title='bbox 2994 1457 3197 1526; x_wconf 80' lang='lat' dir='ltr'><strong>fortes,</strong></span> 
     </span>
    </p>
   </div>
   <div class='ocr_carea' id='block_1_64' title="bbox 1896 1543 3299 1620">
    <p class='ocr_par' dir='ltr' id='par_1_64' title="bbox 1896 1543 3299 1620">
     <span class='ocr_line' id='line_1_64' title="bbox 1896 1543 3299 1620; baseline 0.002 -22"><span class='ocrx_word' id='word_1_388' title='bbox 1896 1543 2197 1601; x_wconf 65' lang='lat' dir='ltr'><strong>Ctedcntes</strong></span> <span class='ocrx_word' id='word_1_389' title='bbox 2226 1545 2486 1615; x_wconf 66' lang='lat' dir='ltr'><strong>credunt,</strong></span> <span class='ocrx_word' id='word_1_390' title='bbox 2515 1545 2838 1619; x_wconf 87' lang='lat' dir='ltr'><strong>spoliantes</strong></span> <span class='ocrx_word' id='word_1_391' title='bbox 2872 1546 3299 1620; x_wconf 75' lang='lat' dir='ltr'><strong>exspoliarunt.</strong></span> 
     </span>
    </p>
   </div>
   <div class='ocr_carea' id='block_1_65' title="bbox 1897 1633 3337 1706">
    <p class='ocr_par' dir='ltr' id='par_1_65' title="bbox 1897 1633 3337 1706">
     <span class='ocr_line' id='line_1_65' title="bbox 1897 1633 3337 1706; baseline 0.002 -20"><span class='ocrx_word' id='word_1_392' title='bbox 1897 1635 2141 1705; x_wconf 90' lang='lat' dir='ltr'><strong>Insuper</strong></span> <span class='ocrx_word' id='word_1_393' title='bbox 2170 1637 2224 1690; x_wconf 88' lang='lat' dir='ltr'><strong>et</strong></span> <span class='ocrx_word' id='word_1_394' title='bbox 2249 1633 2601 1690; x_wconf 52' lang='lat' dir='ltr'><strong>desine&quot;...</strong></span> <span class='ocrx_word' id='word_1_395' title='bbox 2633 1634 2813 1706; x_wconf 85' lang='lat' dir='ltr'><strong>stirps</strong></span> <span class='ocrx_word' id='word_1_396' title='bbox 2841 1634 3083 1691; x_wconf 89' lang='lat' dir='ltr'><strong>vulnere</strong></span> <span class='ocrx_word' id='word_1_397' title='bbox 3120 1633 3337 1690; x_wconf 76' lang='lat' dir='ltr'><strong>Iudam</strong></span> 
     </span>
    </p>
   </div>
   <div class='ocr_carea' id='block_1_66' title="bbox 1816 1721 3477 1799">
    <p class='ocr_par' dir='ltr' id='par_1_66' title="bbox 1816 1721 3477 1799">
     <span class='ocr_line' id='line_1_66' title="bbox 1816 1721 3477 1799; baseline 0 -23"><span class='ocrx_word' id='word_1_398' title='bbox 1816 1744 1857 1799; x_wconf 64' lang='grc' dir='ltr'><strong>Β</strong></span> <span class='ocrx_word' id='word_1_399' title='bbox 1898 1721 2191 1779; x_wconf 84' lang='lat' dir='ltr'><strong>Fulminat</strong></span> <span class='ocrx_word' id='word_1_400' title='bbox 2214 1723 2353 1779; x_wconf 89' lang='lat' dir='ltr'><strong>hinc</strong></span> <span class='ocrx_word' id='word_1_401' title='bbox 2382 1726 2405 1778; x_wconf 88' lang='lat' dir='ltr'><strong>.I</strong></span> <span class='ocrx_word' id='word_1_402' title='bbox 2416 1723 2564 1779; x_wconf 88' lang='lat' dir='ltr'><strong>udas</strong></span> <span class='ocrx_word' id='word_1_403' title='bbox 2589 1740 2601 1778; x_wconf 90' lang='lat'><strong><em>:</em></strong></span> <span class='ocrx_word' id='word_1_404' title='bbox 2638 1723 2945 1794; x_wconf 89' lang='lat' dir='ltr'><strong>Benjamin</strong></span> <span class='ocrx_word' id='word_1_405' title='bbox 2974 1721 3196 1781; x_wconf 83' lang='lat' dir='ltr'><strong>fortiter</strong></span> <span class='ocrx_word' id='word_1_406' title='bbox 3222 1722 3477 1789; x_wconf 88' lang='lat' dir='ltr'><strong>instans,</strong></span> 
     </span>
    </p>
   </div>
   <div class='ocr_carea' id='block_1_67' title="bbox 1894 1809 3416 1879">
    <p class='ocr_par' dir='ltr' id='par_1_67' title="bbox 1894 1809 3416 1879">
     <span class='ocr_line' id='line_1_67' title="bbox 1894 1809 3416 1879; baseline 0.001 -15"><span class='ocrx_word' id='word_1_407' title='bbox 1894 1810 2194 1871; x_wconf 83' lang='lat' dir='ltr'><strong>Fratribus</strong></span> <span class='ocrx_word' id='word_1_408' title='bbox 2222 1811 2454 1879; x_wconf 84' lang='lat' dir='ltr'><strong>excisis,</strong></span> <span class='ocrx_word' id='word_1_409' title='bbox 2486 1811 2633 1867; x_wconf 88' lang='lat' dir='ltr'><strong>dum</strong></span> <span class='ocrx_word' id='word_1_410' title='bbox 2665 1810 2848 1868; x_wconf 91' lang='lat' dir='ltr'><strong>trudit</strong></span> <span class='ocrx_word' id='word_1_411' title='bbox 2877 1809 3130 1872; x_wconf 86' lang='lat' dir='ltr'><strong>ﬂumina</strong></span> <span class='ocrx_word' id='word_1_412' title='bbox 3149 1809 3416 1879; x_wconf 88' lang='lat' dir='ltr'><strong>sanguis.</strong></span> 
     </span>
    </p>
   </div>
   <div class='ocr_carea' id='block_1_68' title="bbox 1892 1898 3277 1969">
    <p class='ocr_par' dir='ltr' id='par_1_68' title="bbox 1892 1898 3277 1969">
     <span class='ocr_line' id='line_1_68' title="bbox 1892 1898 3277 1969; baseline -0.001 -15"><span class='ocrx_word' id='word_1_413' title='bbox 1892 1901 2017 1954; x_wconf 86' lang='lat' dir='ltr'><strong>Non</strong></span> <span class='ocrx_word' id='word_1_414' title='bbox 2043 1898 2278 1969; x_wconf 90' lang='lat' dir='ltr'><strong>mirere,</strong></span> <span class='ocrx_word' id='word_1_415' title='bbox 2315 1902 2498 1967; x_wconf 87' lang='lat' dir='ltr'><strong>Pater,</strong></span> <span class='ocrx_word' id='word_1_416' title='bbox 2533 1899 2580 1953; x_wconf 91' lang='lat' dir='ltr'><strong>si</strong></span> <span class='ocrx_word' id='word_1_417' title='bbox 2611 1898 3019 1955; x_wconf 90' lang='lat' dir='ltr'><strong>conviciamur</strong></span> <span class='ocrx_word' id='word_1_418' title='bbox 3047 1898 3277 1954; x_wconf 85' lang='lat' dir='ltr'><strong>acerbis</strong></span> 
     </span>
    </p>
   </div>
   <div class='ocr_carea' id='block_1_69' title="bbox 1892 1987 3262 2061">
    <p class='ocr_par' dir='ltr' id='par_1_69' title="bbox 1892 1987 3262 2061">
     <span class='ocr_line' id='line_1_69' title="bbox 1892 1987 3262 2061; baseline 0 -18"><span class='ocrx_word' id='word_1_419' title='bbox 1892 1987 2113 2044; x_wconf 81' lang='lat' dir='ltr'><strong>Litibus</strong></span> <span class='ocrx_word' id='word_1_420' title='bbox 2145 1993 2202 2045; x_wconf 91' lang='lat' dir='ltr'><strong>et</strong></span> <span class='ocrx_word' id='word_1_421' title='bbox 2230 1990 2473 2061; x_wconf 88' lang='lat' dir='ltr'><strong>pugnis,</strong></span> <span class='ocrx_word' id='word_1_422' title='bbox 2506 1988 2554 2043; x_wconf 90' lang='lat' dir='ltr'><strong>si</strong></span> <span class='ocrx_word' id='word_1_423' title='bbox 2581 1993 2783 2047; x_wconf 88' lang='lat' dir='ltr'><strong>motus</strong></span> <span class='ocrx_word' id='word_1_424' title='bbox 2820 1987 3047 2046; x_wconf 83' lang='lat' dir='ltr'><strong>ferveat</strong></span> <span class='ocrx_word' id='word_1_425' title='bbox 3073 1988 3262 2059; x_wconf 88' lang='lat' dir='ltr'><strong>orbis,</strong></span> 
     </span>
    </p>
   </div>
   <div class='ocr_carea' id='block_1_70' title="bbox 1892 2077 3545 2151">
    <p class='ocr_par' dir='ltr' id='par_1_70' title="bbox 1892 2077 3545 2151">
     <span class='ocr_line' id='line_1_70' title="bbox 1892 2077 3545 2151; baseline -0.001 -18"><span class='ocrx_word' id='word_1_426' title='bbox 1892 2078 2005 2134; x_wconf 90' lang='lat' dir='ltr'><strong>Sed</strong></span> <span class='ocrx_word' id='word_1_427' title='bbox 2035 2094 2213 2148; x_wconf 88' lang='lat' dir='ltr'><strong>mage</strong></span> <span class='ocrx_word' id='word_1_428' title='bbox 2245 2079 2397 2133; x_wconf 88' lang='lat' dir='ltr'><strong>mira</strong></span> <span class='ocrx_word' id='word_1_429' title='bbox 2418 2083 2590 2151; x_wconf 88' lang='lat' dir='ltr'><strong>putes</strong></span> <span class='ocrx_word' id='word_1_430' title='bbox 2603 2094 2725 2149; x_wconf 89' lang='lat' dir='ltr'><strong>quo</strong></span> <span class='ocrx_word' id='word_1_431' title='bbox 2744 2093 2869 2134; x_wconf 89' lang='lat' dir='ltr'><strong>non</strong></span> <span class='ocrx_word' id='word_1_432' title='bbox 2887 2077 3003 2133; x_wconf 88' lang='lat' dir='ltr'><strong>sint</strong></span> <span class='ocrx_word' id='word_1_433' title='bbox 3022 2077 3292 2134; x_wconf 87' lang='lat' dir='ltr'><strong>funditus</strong></span> <span class='ocrx_word' id='word_1_434' title='bbox 3311 2092 3545 2146; x_wconf 91' lang='lat' dir='ltr'><strong>omnes,</strong></span> 
     </span>
    </p>
   </div>
   <div class='ocr_carea' id='block_1_71' title="bbox 1892 2166 3314 2240">
    <p class='ocr_par' dir='ltr' id='par_1_71' title="bbox 1892 2166 3314 2240">
     <span class='ocr_line' id='line_1_71' title="bbox 1892 2166 3314 2240; baseline -0.001 -17"><span class='ocrx_word' id='word_1_435' title='bbox 1892 2170 1955 2223; x_wconf 91' lang='lat' dir='ltr'><strong>Et</strong></span> <span class='ocrx_word' id='word_1_436' title='bbox 1986 2167 2175 2223; x_wconf 90' lang='lat' dir='ltr'><strong>tribus</strong></span> <span class='ocrx_word' id='word_1_437' title='bbox 2205 2172 2264 2223; x_wconf 94' lang='lat' dir='ltr'><strong>et</strong></span> <span class='ocrx_word' id='word_1_438' title='bbox 2291 2167 2498 2240; x_wconf 91' lang='lat' dir='ltr'><strong>populi</strong></span> <span class='ocrx_word' id='word_1_439' title='bbox 2528 2166 2764 2223; x_wconf 80' lang='lat' dir='ltr'><strong>funesto</strong></span> <span class='ocrx_word' id='word_1_440' title='bbox 2796 2170 2972 2223; x_wconf 84' lang='lat' dir='ltr'><strong>Marte</strong></span> <span class='ocrx_word' id='word_1_441' title='bbox 3001 2166 3314 2239; x_wconf 86' lang='lat' dir='ltr'><strong>perempti,</strong></span> 
     </span>
    </p>
   </div>
   <div class='ocr_carea' id='block_1_72' title="bbox 1888 2253 3510 2328">
    <p class='ocr_par' dir='ltr' id='par_1_72' title="bbox 1888 2253 3510 2328">
     <span class='ocr_line' id='line_1_72' title="bbox 1888 2253 3510 2328; baseline 0 -18"><span class='ocrx_word' id='word_1_442' title='bbox 1888 2257 2010 2311; x_wconf 86' lang='lat' dir='ltr'><strong>Ah!</strong></span> <span class='ocrx_word' id='word_1_443' title='bbox 2040 2272 2179 2312; x_wconf 92' lang='lat' dir='ltr'><strong>cum</strong></span> <span class='ocrx_word' id='word_1_444' title='bbox 2204 2272 2327 2312; x_wconf 93' lang='lat' dir='ltr'><strong>non</strong></span> <span class='ocrx_word' id='word_1_445' title='bbox 2356 2255 2638 2324; x_wconf 85' lang='lat' dir='ltr'><strong>habeant,</strong></span> <span class='ocrx_word' id='word_1_446' title='bbox 2669 2255 2776 2328; x_wconf 84' lang='lat' dir='ltr'><strong>qui</strong></span> <span class='ocrx_word' id='word_1_447' title='bbox 2802 2256 2926 2325; x_wconf 81' lang='lat' dir='ltr'><strong>fac,</strong></span> <span class='ocrx_word' id='word_1_448' title='bbox 2957 2254 3055 2311; x_wconf 89' lang='lat' dir='ltr'><strong>vel</strong></span> <span class='ocrx_word' id='word_1_449' title='bbox 3081 2256 3302 2324; x_wconf 80' lang='lat' dir='ltr'><strong>desine,</strong></span> <span class='ocrx_word' id='word_1_450' title='bbox 3330 2253 3510 2310; x_wconf 90' lang='lat' dir='ltr'><strong>dicat.</strong></span> 
     </span>
    </p>
   </div>
   <div class='ocr_carea' id='block_1_73' title="bbox 1892 2342 3155 2415">
    <p class='ocr_par' dir='ltr' id='par_1_73' title="bbox 1892 2342 3155 2415">
     <span class='ocr_line' id='line_1_73' title="bbox 1892 2342 3155 2415; baseline 0.001 -16"><span class='ocrx_word' id='word_1_451' title='bbox 1892 2345 2071 2414; x_wconf 82' lang='lat' dir='ltr'><strong>Regia</strong></span> <span class='ocrx_word' id='word_1_452' title='bbox 2100 2345 2148 2400; x_wconf 91' lang='lat' dir='ltr'><strong>si</strong></span> <span class='ocrx_word' id='word_1_453' title='bbox 2179 2343 2387 2401; x_wconf 90' lang='lat' dir='ltr'><strong>turmis</strong></span> <span class='ocrx_word' id='word_1_454' title='bbox 2413 2348 2566 2399; x_wconf 89' lang='lat' dir='ltr'><strong>esset</strong></span> <span class='ocrx_word' id='word_1_455' title='bbox 2595 2342 2841 2415; x_wconf 63' lang='lat' dir='ltr'><strong>praelata</strong></span> <span class='ocrx_word' id='word_1_456' title='bbox 2870 2347 3155 2415; x_wconf 86' lang='lat' dir='ltr'><strong>potestas,</strong></span> 
     </span>
    </p>
   </div>
   <div class='ocr_carea' id='block_1_74' title="bbox 1892 2430 3204 2504">
    <p class='ocr_par' dir='ltr' id='par_1_74' title="bbox 1892 2430 3204 2504">
     <span class='ocr_line' id='line_1_74' title="bbox 1892 2430 3204 2504; baseline 0 -16"><span class='ocrx_word' id='word_1_457' title='bbox 1892 2436 2017 2489; x_wconf 85' lang='lat' dir='ltr'><strong>Non</strong></span> <span class='ocrx_word' id='word_1_458' title='bbox 2048 2434 2200 2490; x_wconf 88' lang='lat' dir='ltr'><strong>adeo</strong></span> <span class='ocrx_word' id='word_1_459' title='bbox 2232 2438 2451 2491; x_wconf 86' lang='lat' dir='ltr'><strong>temere</strong></span> <span class='ocrx_word' id='word_1_460' title='bbox 2480 2433 2736 2488; x_wconf 84' lang='lat' dir='ltr'><strong>ﬂuitaret</strong></span> <span class='ocrx_word' id='word_1_461' title='bbox 2764 2430 3003 2488; x_wconf 85' lang='lat' dir='ltr'><strong>mobilis</strong></span> <span class='ocrx_word' id='word_1_462' title='bbox 3032 2431 3204 2504; x_wconf 85' lang='lat' dir='ltr'><strong>ordo,</strong></span> 
     </span>
    </p>
   </div>
   <div class='ocr_carea' id='block_1_75' title="bbox 1894 2519 3297 2591">
    <p class='ocr_par' dir='ltr' id='par_1_75' title="bbox 1894 2519 3297 2591">
     <span class='ocr_line' id='line_1_75' title="bbox 1894 2519 3297 2591; baseline -0.001 -14"><span class='ocrx_word' id='word_1_463' title='bbox 1894 2522 2125 2581; x_wconf 88' lang='lat' dir='ltr'><strong>Discola</strong></span> <span class='ocrx_word' id='word_1_464' title='bbox 2154 2538 2264 2579; x_wconf 82' lang='lat' dir='ltr'><strong>nec</strong></span> <span class='ocrx_word' id='word_1_465' title='bbox 2294 2526 2523 2578; x_wconf 84' lang='lat' dir='ltr'><strong>tantum</strong></span> <span class='ocrx_word' id='word_1_466' title='bbox 2556 2520 2867 2577; x_wconf 84' lang='lat' dir='ltr'><strong>struxisset</strong></span> <span class='ocrx_word' id='word_1_467' title='bbox 2886 2521 3063 2577; x_wconf 84' lang='lat' dir='ltr'><strong>factio</strong></span> <span class='ocrx_word' id='word_1_468' title='bbox 3086 2519 3297 2591; x_wconf 87' lang='lat' dir='ltr'><strong>cladis,</strong></span> 
     </span>
    </p>
   </div>
   <div class='ocr_carea' id='block_1_76' title="bbox 1891 2607 3437 2681">
    <p class='ocr_par' dir='ltr' id='par_1_76' title="bbox 1891 2607 3437 2681">
     <span class='ocr_line' id='line_1_76' title="bbox 1891 2607 3437 2681; baseline -0.001 -16"><span class='ocrx_word' id='word_1_469' title='bbox 1891 2614 2003 2666; x_wconf 84' lang='lat' dir='ltr'><strong>Nec</strong></span> <span class='ocrx_word' id='word_1_470' title='bbox 2036 2609 2195 2665; x_wconf 89' lang='lat' dir='ltr'><strong>mala</strong></span> <span class='ocrx_word' id='word_1_471' title='bbox 2221 2614 2506 2666; x_wconf 85' lang='lat' dir='ltr'><strong>conantes</strong></span> <span class='ocrx_word' id='word_1_472' title='bbox 2532 2607 2768 2678; x_wconf 84' lang='lat' dir='ltr'><strong>eadem,</strong></span> <span class='ocrx_word' id='word_1_473' title='bbox 2800 2607 3092 2681; x_wconf 85' lang='lat' dir='ltr'><strong>factisque</strong></span> <span class='ocrx_word' id='word_1_474' title='bbox 3121 2607 3437 2681; x_wconf 89' lang='lat' dir='ltr'><strong>replentes,</strong></span> 
     </span>
    </p>
   </div>
   <div class='ocr_carea' id='block_1_77' title="bbox 1890 2696 3543 2769">
    <p class='ocr_par' dir='ltr' id='par_1_77' title="bbox 1890 2696 3543 2769">
     <span class='ocr_line' id='line_1_77' title="bbox 1890 2696 3543 2769; baseline -0.001 -14"><span class='ocrx_word' id='word_1_475' title='bbox 1890 2700 2138 2755; x_wconf 64' lang='lat' dir='ltr'><strong>Praemia</strong></span> <span class='ocrx_word' id='word_1_476' title='bbox 2164 2700 2287 2755; x_wconf 86' lang='lat' dir='ltr'><strong>sive</strong></span> <span class='ocrx_word' id='word_1_477' title='bbox 2316 2699 2597 2754; x_wconf 87' lang='lat' dir='ltr'><strong>thronum</strong></span> <span class='ocrx_word' id='word_1_478' title='bbox 2636 2697 2970 2753; x_wconf 89' lang='lat' dir='ltr'><strong>sinerentur</strong></span> <span class='ocrx_word' id='word_1_479' title='bbox 2998 2696 3162 2755; x_wconf 89' lang='lat' dir='ltr'><strong>adire</strong></span> <span class='ocrx_word' id='word_1_480' title='bbox 3189 2696 3543 2769; x_wconf 87' lang='lat' dir='ltr'><strong>proborum.</strong></span> 
     </span>
    </p>
   </div>
   <div class='ocr_carea' id='block_1_78' title="bbox 1891 2787 3544 2861">
    <p class='ocr_par' dir='ltr' id='par_1_78' title="bbox 1891 2787 3544 2861">
     <span class='ocr_line' id='line_1_78' title="bbox 1891 2787 3544 2861; baseline -0.001 -18"><span class='ocrx_word' id='word_1_481' title='bbox 1891 2788 2067 2844; x_wconf 88' lang='lat' dir='ltr'><strong>Plura</strong></span> <span class='ocrx_word' id='word_1_482' title='bbox 2088 2789 2231 2861; x_wconf 89' lang='lat' dir='ltr'><strong>quid</strong></span> <span class='ocrx_word' id='word_1_483' title='bbox 2252 2788 2347 2843; x_wconf 90' lang='lat' dir='ltr'><strong>his</strong></span> <span class='ocrx_word' id='word_1_484' title='bbox 2367 2788 2565 2843; x_wconf 87' lang='lat' dir='ltr'><strong>dicam</strong></span> <span class='ocrx_word' id='word_1_485' title='bbox 2586 2788 2613 2843; x_wconf 86' lang='lat'><strong>?</strong></span> <span class='ocrx_word' id='word_1_486' title='bbox 2643 2790 2866 2843; x_wconf 88' lang='lat' dir='ltr'><strong>Desunt</strong></span> <span class='ocrx_word' id='word_1_487' title='bbox 2888 2787 3231 2859; x_wconf 90' lang='lat' dir='ltr'><strong>ubicunque</strong></span> <span class='ocrx_word' id='word_1_488' title='bbox 3252 2789 3544 2858; x_wconf 88' lang='lat' dir='ltr'><strong>regentes,</strong></span> 
     </span>
    </p>
   </div>
   <div class='ocr_carea' id='block_1_79' title="bbox 1892 2874 3398 2950">
    <p class='ocr_par' dir='ltr' id='par_1_79' title="bbox 1892 2874 3398 2950">
     <span class='ocr_line' id='line_1_79' title="bbox 1892 2874 3398 2950; baseline 0.002 -19"><span class='ocrx_word' id='word_1_489' title='bbox 1892 2877 2212 2950; x_wconf 89' lang='lat' dir='ltr'><strong>Disciplina</strong></span> <span class='ocrx_word' id='word_1_490' title='bbox 2238 2877 2427 2933; x_wconf 88' lang='lat' dir='ltr'><strong>cadit:</strong></span> <span class='ocrx_word' id='word_1_491' title='bbox 2460 2877 2598 2931; x_wconf 89' lang='lat' dir='ltr'><strong>huic</strong></span> <span class='ocrx_word' id='word_1_492' title='bbox 2628 2880 2687 2931; x_wconf 90' lang='lat' dir='ltr'><strong>et</strong></span> <span class='ocrx_word' id='word_1_493' title='bbox 2724 2875 3024 2932; x_wconf 87' lang='lat' dir='ltr'><strong>contraria</strong></span> <span class='ocrx_word' id='word_1_494' title='bbox 3052 2874 3262 2944; x_wconf 90' lang='lat' dir='ltr'><strong>surgit,</strong></span> <span class='ocrx_word' id='word_1_495' title='bbox 3391 2926 3398 2934; x_wconf 92' lang='lat'><strong>.</strong></span> 
     </span>
    </p>
   </div>
   <div class='ocr_carea' id='block_1_80' title="bbox 1890 2958 3545 3034">
    <p class='ocr_par' dir='ltr' id='par_1_80' title="bbox 1890 2958 3545 3034">
     <span class='ocr_line' id='line_1_80' title="bbox 1890 2958 3545 3034; baseline -0.001 -19"><span class='ocrx_word' id='word_1_496' title='bbox 1890 2962 2133 3034; x_wconf 84' lang='lat' dir='ltr'><strong>Absque</strong></span> <span class='ocrx_word' id='word_1_497' title='bbox 2166 2962 2374 3019; x_wconf 84' lang='lat' dir='ltr'><strong>timore</strong></span> <span class='ocrx_word' id='word_1_498' title='bbox 2403 2960 2650 3033; x_wconf 88' lang='lat' dir='ltr'><strong>quidem</strong></span> <span class='ocrx_word' id='word_1_499' title='bbox 2680 2959 2827 3017; x_wconf 86' lang='lat' dir='ltr'><strong>nihil</strong></span> <span class='ocrx_word' id='word_1_500' title='bbox 2851 2976 2981 3015; x_wconf 90' lang='lat' dir='ltr'><strong>esse</strong></span> <span class='ocrx_word' id='word_1_501' title='bbox 3005 2959 3335 3032; x_wconf 89' lang='lat' dir='ltr'><strong>loquuntur</strong></span> <span class='ocrx_word' id='word_1_502' title='bbox 3353 2958 3545 3015; x_wconf 86' lang='lat' dir='ltr'><strong>hono-</strong></span> 
     </span>
    </p>
   </div>
   <div class='ocr_carea' id='block_1_81' title="bbox 1892 3047 3516 3124">
    <p class='ocr_par' dir='ltr' id='par_1_81' title="bbox 1892 3047 3516 3124">
     <span class='ocr_line' id='line_1_81' title="bbox 1892 3047 3516 3124; baseline -0.002 -19"><span class='ocrx_word' id='word_1_503' title='bbox 1892 3050 2199 3111; x_wconf 87' lang='lat' dir='ltr'><strong>Barbaries</strong></span> <span class='ocrx_word' id='word_1_504' title='bbox 2229 3049 2484 3124; x_wconf 63' lang='lat' dir='ltr'><strong>quaesita</strong></span> <span class='ocrx_word' id='word_1_505' title='bbox 2513 3049 2700 3119; x_wconf 89' lang='lat' dir='ltr'><strong>domi,</strong></span> <span class='ocrx_word' id='word_1_506' title='bbox 2733 3063 3038 3120; x_wconf 87' lang='lat' dir='ltr'><strong>censuque</strong></span> <span class='ocrx_word' id='word_1_507' title='bbox 3068 3051 3275 3105; x_wconf 81' lang='lat' dir='ltr'><strong>coacta</strong></span> <span class='ocrx_word' id='word_1_508' title='bbox 3346 3047 3516 3117; x_wconf 91' lang='lat' dir='ltr'><strong>[rem.</strong></span> 
     </span>
    </p>
   </div>
   <div class='ocr_carea' id='block_1_82' title="bbox 1890 3135 3471 3212">
    <p class='ocr_par' dir='ltr' id='par_1_82' title="bbox 1890 3135 3471 3212">
     <span class='ocr_line' id='line_1_82' title="bbox 1890 3135 3471 3212; baseline -0.005 -14"><span class='ocrx_word' id='word_1_509' title='bbox 1890 3139 2302 3203; x_wconf 87' lang='lat' dir='ltr'><strong>Christicolum</strong></span> <span class='ocrx_word' id='word_1_510' title='bbox 2326 3137 2584 3212; x_wconf 86' lang='lat' dir='ltr'><strong>populis,</strong></span> <span class='ocrx_word' id='word_1_511' title='bbox 2613 3154 2753 3194; x_wconf 92' lang='lat' dir='ltr'><strong>cum</strong></span> <span class='ocrx_word' id='word_1_512' title='bbox 2779 3153 2884 3193; x_wconf 86' lang='lat' dir='ltr'><strong>rex</strong></span> <span class='ocrx_word' id='word_1_513' title='bbox 2909 3153 3033 3193; x_wconf 91' lang='lat' dir='ltr'><strong>non</strong></span> <span class='ocrx_word' id='word_1_514' title='bbox 3061 3136 3258 3207; x_wconf 88' lang='lat' dir='ltr'><strong>dirigit</strong></span> <span class='ocrx_word' id='word_1_515' title='bbox 3286 3135 3471 3209; x_wconf 89' lang='lat' dir='ltr'><strong>ipsos,</strong></span> 
     </span>
    </p>
   </div>
   <div class='ocr_carea' id='block_1_83' title="bbox 1888 3222 3364 3300">
    <p class='ocr_par' dir='ltr' id='par_1_83' title="bbox 1888 3222 3364 3300">
     <span class='ocr_line' id='line_1_83' title="bbox 1888 3222 3364 3300; baseline -0.003 -16"><span class='ocrx_word' id='word_1_516' title='bbox 1888 3227 2045 3284; x_wconf 89' lang='lat' dir='ltr'><strong>Infra</strong></span> <span class='ocrx_word' id='word_1_517' title='bbox 2076 3232 2227 3283; x_wconf 87' lang='lat' dir='ltr'><strong>tecta</strong></span> <span class='ocrx_word' id='word_1_518' title='bbox 2257 3227 2417 3300; x_wconf 90' lang='lat' dir='ltr'><strong>capit</strong></span> <span class='ocrx_word' id='word_1_519' title='bbox 2445 3242 2815 3298; x_wconf 89' lang='lat' dir='ltr'><strong>censumque</strong></span> <span class='ocrx_word' id='word_1_520' title='bbox 2847 3240 3057 3281; x_wconf 80' lang='lat' dir='ltr'><strong>cruore</strong></span> <span class='ocrx_word' id='word_1_521' title='bbox 3088 3222 3364 3298; x_wconf 87' lang='lat' dir='ltr'><strong>reposcit.</strong></span> 
     </span>
    </p>
   </div>
   <div class='ocr_carea' id='block_1_84' title="bbox 1886 3313 3414 3389">
    <p class='ocr_par' dir='ltr' id='par_1_84' title="bbox 1886 3313 3414 3389">
     <span class='ocr_line' id='line_1_84' title="bbox 1886 3313 3414 3389; baseline -0.003 -17"><span class='ocrx_word' id='word_1_522' title='bbox 1886 3316 2151 3389; x_wconf 87' lang='lat' dir='ltr'><strong>Principe</strong></span> <span class='ocrx_word' id='word_1_523' title='bbox 2176 3315 2439 3377; x_wconf 86' lang='lat' dir='ltr'><strong>destituit</strong></span> <span class='ocrx_word' id='word_1_524' title='bbox 2469 3314 2687 3371; x_wconf 90' lang='lat' dir='ltr'><strong>multos</strong></span> <span class='ocrx_word' id='word_1_525' title='bbox 2716 3331 2830 3373; x_wconf 90' lang='lat' dir='ltr'><strong>nos</strong></span> <span class='ocrx_word' id='word_1_526' title='bbox 2864 3320 3129 3387; x_wconf 89' lang='lat' dir='ltr'><strong>tempore</strong></span> <span class='ocrx_word' id='word_1_527' title='bbox 3155 3313 3414 3384; x_wconf 86' lang='lat' dir='ltr'><strong>languor</strong></span> 
     </span>
    </p>
   </div>
   <div class='ocr_carea' id='block_1_85' title="bbox 1887 3400 3454 3478">
    <p class='ocr_par' dir='ltr' id='par_1_85' title="bbox 1887 3400 3454 3478">
     <span class='ocr_line' id='line_1_85' title="bbox 1887 3400 3454 3478; baseline -0.004 -17"><span class='ocrx_word' id='word_1_528' title='bbox 1887 3407 2032 3478; x_wconf 72' lang='grc'><strong>(450)</strong></span> <span class='ocrx_word' id='word_1_529' title='bbox 2064 3404 2350 3463; x_wconf 87' lang='lat' dir='ltr'><strong>lnfantilis</strong></span> <span class='ocrx_word' id='word_1_530' title='bbox 2376 3403 2574 3460; x_wconf 88' lang='lat' dir='ltr'><strong>adhuc</strong></span> <span class='ocrx_word' id='word_1_531' title='bbox 2604 3403 2970 3476; x_wconf 89' lang='lat' dir='ltr'><strong>perfungens</strong></span> <span class='ocrx_word' id='word_1_532' title='bbox 3001 3402 3245 3458; x_wconf 88' lang='lat' dir='ltr'><strong>nomine</strong></span> <span class='ocrx_word' id='word_1_533' title='bbox 3276 3400 3454 3471; x_wconf 91' lang='lat' dir='ltr'><strong>regis.</strong></span> 
     </span>
    </p>
   </div>
   <div class='ocr_carea' id='block_1_86' title="bbox 1886 3491 3406 3567">
    <p class='ocr_par' dir='ltr' id='par_1_86' title="bbox 1886 3491 3406 3567">
     <span class='ocr_line' id='line_1_86' title="bbox 1886 3491 3406 3567; baseline -0.004 -16"><span class='ocrx_word' id='word_1_534' title='bbox 1886 3498 2042 3551; x_wconf 63' lang='lat' dir='ltr'><strong>zEtas</strong></span> <span class='ocrx_word' id='word_1_535' title='bbox 2070 3511 2179 3551; x_wconf 92' lang='lat' dir='ltr'><strong>nec</strong></span> <span class='ocrx_word' id='word_1_536' title='bbox 2209 3509 2429 3567; x_wconf 68' lang='lat' dir='ltr'><strong>pugnae</strong></span> <span class='ocrx_word' id='word_1_537' title='bbox 2460 3497 2548 3548; x_wconf 90' lang='lat' dir='ltr'><strong>est</strong></span> <span class='ocrx_word' id='word_1_538' title='bbox 2574 3492 2810 3560; x_wconf 87' lang='lat' dir='ltr'><strong>habilis,</strong></span> <span class='ocrx_word' id='word_1_539' title='bbox 2844 3509 2954 3551; x_wconf 89' lang='lat' dir='ltr'><strong>nec</strong></span> <span class='ocrx_word' id='word_1_540' title='bbox 2979 3491 3215 3561; x_wconf 83' lang='lat' dir='ltr'><strong>legibus</strong></span> <span class='ocrx_word' id='word_1_541' title='bbox 3245 3494 3406 3563; x_wconf 88' lang='lat' dir='ltr'><strong>apta,</strong></span> 
     </span>
    </p>
   </div>
   <div class='ocr_carea' id='block_1_87' title="bbox 1885 3578 3339 3652">
    <p class='ocr_par' dir='ltr' id='par_1_87' title="bbox 1885 3578 3339 3652">
     <span class='ocr_line' id='line_1_87' title="bbox 1885 3578 3339 3652; baseline -0.003 -14"><span class='ocrx_word' id='word_1_542' title='bbox 1885 3584 1990 3639; x_wconf 88' lang='lat' dir='ltr'><strong>Cui</strong></span> <span class='ocrx_word' id='word_1_543' title='bbox 2018 3587 2171 3639; x_wconf 83' lang='lat' dir='ltr'><strong>Deus</strong></span> <span class='ocrx_word' id='word_1_544' title='bbox 2199 3582 2471 3652; x_wconf 90' lang='lat' dir='ltr'><strong>indulget</strong></span> <span class='ocrx_word' id='word_1_545' title='bbox 2498 3581 2718 3650; x_wconf 88' lang='lat' dir='ltr'><strong>regnis,</strong></span> <span class='ocrx_word' id='word_1_546' title='bbox 2743 3586 3097 3652; x_wconf 84' lang='lat' dir='ltr'><strong>sceptroque</strong></span> <span class='ocrx_word' id='word_1_547' title='bbox 3124 3578 3339 3651; x_wconf 86' lang='lat' dir='ltr'><strong>potiri;</strong></span> 
     </span>
    </p>
   </div>
   <div class='ocr_carea' id='block_1_88' title="bbox 1887 3666 3364 3741">
    <p class='ocr_par' dir='ltr' id='par_1_88' title="bbox 1887 3666 3364 3741">
     <span class='ocr_line' id='line_1_88' title="bbox 1887 3666 3364 3741; baseline -0.007 -11"><span class='ocrx_word' id='word_1_548' title='bbox 1887 3672 2001 3730; x_wconf 91' lang='lat' dir='ltr'><strong>Sed</strong></span> <span class='ocrx_word' id='word_1_549' title='bbox 2030 3676 2302 3728; x_wconf 90' lang='lat' dir='ltr'><strong>tenerum</strong></span> <span class='ocrx_word' id='word_1_550' title='bbox 2330 3686 2572 3741; x_wconf 88' lang='lat' dir='ltr'><strong>corpus,</strong></span> <span class='ocrx_word' id='word_1_551' title='bbox 2605 3685 2872 3741; x_wconf 80' lang='lat' dir='ltr'><strong>seraeque</strong></span> <span class='ocrx_word' id='word_1_552' title='bbox 2903 3668 2983 3727; x_wconf 88' lang='lat' dir='ltr'><strong>ad</strong></span> <span class='ocrx_word' id='word_1_553' title='bbox 3012 3666 3186 3723; x_wconf 83' lang='lat' dir='ltr'><strong>fortia</strong></span> <span class='ocrx_word' id='word_1_554' title='bbox 3212 3666 3364 3721; x_wconf 91' lang='lat' dir='ltr'><strong>vires</strong></span> 
     </span>
    </p>
   </div>
   <div class='ocr_carea' id='block_1_89' title="bbox 1883 3751 3545 3833">
    <p class='ocr_par' dir='ltr' id='par_1_89' title="bbox 1883 3751 3545 3833">
     <span class='ocr_line' id='line_1_89' title="bbox 1883 3751 3545 3833; baseline -0.005 -16"><span class='ocrx_word' id='word_1_555' title='bbox 1883 3763 2242 3833; x_wconf 88' lang='lat' dir='ltr'><strong>Despectum</strong></span> <span class='ocrx_word' id='word_1_556' title='bbox 2264 3757 2519 3831; x_wconf 89' lang='lat' dir='ltr'><strong>propriis</strong></span> <span class='ocrx_word' id='word_1_557' title='bbox 2536 3761 2825 3827; x_wconf 88' lang='lat' dir='ltr'><strong>generant</strong></span> <span class='ocrx_word' id='word_1_558' title='bbox 2839 3756 3048 3827; x_wconf 63' lang='lat' dir='ltr'><strong>(an-li.</strong></span> <span class='ocrx_word' id='word_1_559' title='bbox 3064 3755 3146 3826; x_wconf 70' lang='grc' dir='ltr'><strong>χ),</strong></span> <span class='ocrx_word' id='word_1_560' title='bbox 3164 3758 3346 3826; x_wconf 88' lang='lat' dir='ltr'><strong>atque</strong></span> <span class='ocrx_word' id='word_1_561' title='bbox 3362 3751 3545 3808; x_wconf 86' lang='lat' dir='ltr'><strong>hosti-</strong></span> 
     </span>
    </p>
   </div>
   <div class='ocr_carea' id='block_1_90' title="bbox 1884 3837 3538 3919">
    <p class='ocr_par' dir='ltr' id='par_1_90' title="bbox 1884 3837 3538 3919">
     <span class='ocr_line' id='line_1_90' title="bbox 1884 3837 3538 3919; baseline -0.006 -12"><span class='ocrx_word' id='word_1_562' title='bbox 1884 3852 2079 3917; x_wconf 88' lang='lat' dir='ltr'><strong>Quam</strong></span> <span class='ocrx_word' id='word_1_563' title='bbox 2097 3863 2326 3917; x_wconf 89' lang='lat' dir='ltr'><strong>vereor,</strong></span> <span class='ocrx_word' id='word_1_564' title='bbox 2351 3861 2539 3919; x_wconf 89' lang='lat' dir='ltr'><strong>quam</strong></span> <span class='ocrx_word' id='word_1_565' title='bbox 2561 3860 2721 3918; x_wconf 65' lang='lat' dir='ltr'><strong>saepe</strong></span> <span class='ocrx_word' id='word_1_566' title='bbox 2741 3844 3099 3905; x_wconf 88' lang='lat' dir='ltr'><strong>revolvo.....</strong></span> <span class='ocrx_word' id='word_1_567' title='bbox 3142 3837 3278 3914; x_wconf 87' lang='lat' dir='ltr'><strong>[bus</strong></span> <span class='ocrx_word' id='word_1_568' title='bbox 3299 3856 3538 3899; x_wconf 87' lang='lat' dir='ltr'><strong>ausum.</strong></span> 
     </span>
    </p>
   </div>
   <div class='ocr_carea' id='block_1_91' title="bbox 1883 3931 3305 4009">
    <p class='ocr_par' dir='ltr' id='par_1_91' title="bbox 1883 3931 3305 4009">
     <span class='ocr_line' id='line_1_91' title="bbox 1883 3931 3305 4009; baseline -0.003 -17"><span class='ocrx_word' id='word_1_569' title='bbox 1883 3938 2043 3995; x_wconf 89' lang='lat' dir='ltr'><strong>Illius</strong></span> <span class='ocrx_word' id='word_1_570' title='bbox 2071 3936 2396 4008; x_wconf 89' lang='lat' dir='ltr'><strong>eulogium,</strong></span> <span class='ocrx_word' id='word_1_571' title='bbox 2427 3935 2552 4009; x_wconf 89' lang='lat' dir='ltr'><strong>qui,</strong></span> <span class='ocrx_word' id='word_1_572' title='bbox 2578 3950 2669 3991; x_wconf 65' lang='lat' dir='ltr'><strong>ves</strong></span> <span class='ocrx_word' id='word_1_573' title='bbox 2694 3934 2706 3990; x_wconf 81' lang='grc' dir='ltr'>Ι</span> <span class='ocrx_word' id='word_1_574' title='bbox 2740 3933 3095 4007; x_wconf 87' lang='lat' dir='ltr'><strong>portendere</strong></span> <span class='ocrx_word' id='word_1_575' title='bbox 3124 3931 3305 4004; x_wconf 90' lang='lat' dir='ltr'><strong>genti,</strong></span> 
     </span>
    </p>
   </div>
   <div class='ocr_carea' id='block_1_92' title="bbox 1884 4020 3322 4102">
    <p class='ocr_par' dir='ltr' id='par_1_92' title="bbox 1884 4020 3322 4102">
     <span class='ocr_line' id='line_1_92' title="bbox 1884 4020 3322 4102; baseline -0.006 -17"><span class='ocrx_word' id='word_1_576' title='bbox 1884 4030 2076 4102; x_wconf 88' lang='lat' dir='ltr'><strong>Supra</strong></span> <span class='ocrx_word' id='word_1_577' title='bbox 2103 4043 2292 4100; x_wconf 89' lang='lat' dir='ltr'><strong>quam</strong></span> <span class='ocrx_word' id='word_1_578' title='bbox 2312 4024 2551 4099; x_wconf 87' lang='lat' dir='ltr'><strong>juvenis</strong></span> <span class='ocrx_word' id='word_1_579' title='bbox 2579 4028 2761 4083; x_wconf 86' lang='lat' dir='ltr'><strong>staret</strong></span> <span class='ocrx_word' id='word_1_580' title='bbox 2784 4024 3116 4081; x_wconf 88' lang='lat' dir='ltr'><strong>dominatio</strong></span> <span class='ocrx_word' id='word_1_581' title='bbox 3143 4020 3322 4091; x_wconf 88' lang='lat' dir='ltr'><strong>regis,</strong></span> 
     </span>
    </p>
   </div>
   <div class='ocr_carea' id='block_1_93' title="bbox 1880 4109 3340 4188">
    <p class='ocr_par' dir='ltr' id='par_1_93' title="bbox 1880 4109 3340 4188">
     <span class='ocr_line' id='line_1_93' title="bbox 1880 4109 3340 4188; baseline -0.002 -18"><span class='ocrx_word' id='word_1_582' title='bbox 1880 4116 2183 4176; x_wconf 84' lang='lat' dir='ltr'><strong>Asseruit:</strong></span> <span class='ocrx_word' id='word_1_583' title='bbox 2218 4113 2383 4188; x_wconf 89' lang='lat' dir='ltr'><strong>quod</strong></span> <span class='ocrx_word' id='word_1_584' title='bbox 2413 4129 2655 4171; x_wconf 88' lang='lat' dir='ltr'><strong>summa</strong></span> <span class='ocrx_word' id='word_1_585' title='bbox 2678 4112 2848 4169; x_wconf 89' lang='lat' dir='ltr'><strong>Salus</strong></span> <span class='ocrx_word' id='word_1_586' title='bbox 2876 4116 3107 4168; x_wconf 87' lang='lat' dir='ltr'><strong>avertat</strong></span> <span class='ocrx_word' id='word_1_587' title='bbox 3129 4111 3209 4167; x_wconf 91' lang='lat' dir='ltr'><strong>ab</strong></span> <span class='ocrx_word' id='word_1_588' title='bbox 3240 4109 3340 4168; x_wconf 87' lang='lat' dir='ltr'><strong>illa</strong></span> 
     </span>
    </p>
   </div>
   <div class='ocr_carea' id='block_1_94' title="bbox 1881 4198 3197 4277">
    <p class='ocr_par' dir='ltr' id='par_1_94' title="bbox 1881 4198 3197 4277">
     <span class='ocr_line' id='line_1_94' title="bbox 1881 4198 3197 4277; baseline -0.005 -14"><span class='ocrx_word' id='word_1_589' title='bbox 1881 4209 2081 4277; x_wconf 85' lang='lat' dir='ltr'><strong>Gente,</strong></span> <span class='ocrx_word' id='word_1_590' title='bbox 2109 4202 2355 4265; x_wconf 87' lang='lat' dir='ltr'><strong>salutari</strong></span> <span class='ocrx_word' id='word_1_591' title='bbox 2382 4219 2515 4277; x_wconf 79' lang='lat' dir='ltr'><strong>quas</strong></span> <span class='ocrx_word' id='word_1_592' title='bbox 2542 4201 2703 4259; x_wconf 83' lang='lat' dir='ltr'><strong>fonte</strong></span> <span class='ocrx_word' id='word_1_593' title='bbox 2732 4200 3064 4259; x_wconf 87' lang='lat' dir='ltr'><strong>renascitur</strong></span> <span class='ocrx_word' id='word_1_594' title='bbox 3092 4198 3197 4269; x_wconf 89' lang='lat' dir='ltr'><strong>illi,</strong></span> 
     </span>
    </p>
   </div>
   <div class='ocr_carea' id='block_1_95' title="bbox 1881 4287 3479 4364">
    <p class='ocr_par' dir='ltr' id='par_1_95' title="bbox 1881 4287 3479 4364">
     <span class='ocr_line' id='line_1_95' title="bbox 1881 4287 3479 4364; baseline -0.006 -11"><span class='ocrx_word' id='word_1_595' title='bbox 1881 4295 1992 4361; x_wconf 87' lang='lat' dir='ltr'><strong>Qui</strong></span> <span class='ocrx_word' id='word_1_596' title='bbox 2017 4299 2156 4361; x_wconf 83' lang='lat' dir='ltr'><strong>Rex,</strong></span> <span class='ocrx_word' id='word_1_597' title='bbox 2179 4296 2237 4350; x_wconf 92' lang='lat' dir='ltr'><strong>et</strong></span> <span class='ocrx_word' id='word_1_598' title='bbox 2257 4291 2565 4357; x_wconf 88' lang='lat' dir='ltr'><strong>Dominus,</strong></span> <span class='ocrx_word' id='word_1_599' title='bbox 2585 4290 2692 4364; x_wconf 91' lang='lat' dir='ltr'><strong>qui</strong></span> <span class='ocrx_word' id='word_1_600' title='bbox 2721 4291 2902 4349; x_wconf 85' lang='lat' dir='ltr'><strong>scitur</strong></span> <span class='ocrx_word' id='word_1_601' title='bbox 2922 4294 2981 4347; x_wconf 91' lang='lat' dir='ltr'><strong>et</strong></span> <span class='ocrx_word' id='word_1_602' title='bbox 3001 4305 3133 4349; x_wconf 89' lang='lat' dir='ltr'><strong>esse</strong></span> <span class='ocrx_word' id='word_1_603' title='bbox 3164 4287 3479 4355; x_wconf 86' lang='lat' dir='ltr'><strong>Sacerdos,</strong></span> 
     </span>
    </p>
   </div>
   <div class='ocr_carea' id='block_1_96' title="bbox 1882 4378 3427 4456">
    <p class='ocr_par' dir='ltr' id='par_1_96' title="bbox 1882 4378 3427 4456">
     <span class='ocr_line' id='line_1_96' title="bbox 1882 4378 3427 4456; baseline -0.004 -16"><span class='ocrx_word' id='word_1_604' title='bbox 1882 4385 1992 4452; x_wconf 89' lang='lat' dir='ltr'><strong>Qui</strong></span> <span class='ocrx_word' id='word_1_605' title='bbox 2021 4399 2131 4439; x_wconf 90' lang='lat' dir='ltr'><strong>nec</strong></span> <span class='ocrx_word' id='word_1_606' title='bbox 2158 4380 2540 4456; x_wconf 87' lang='lat' dir='ltr'><strong>principium,</strong></span> <span class='ocrx_word' id='word_1_607' title='bbox 2571 4395 2681 4438; x_wconf 87' lang='lat' dir='ltr'><strong>nec</strong></span> <span class='ocrx_word' id='word_1_608' title='bbox 2707 4379 2893 4445; x_wconf 86' lang='lat' dir='ltr'><strong>ﬁnem</strong></span> <span class='ocrx_word' id='word_1_609' title='bbox 2922 4382 3189 4453; x_wconf 86' lang='lat' dir='ltr'><strong>percepit</strong></span> <span class='ocrx_word' id='word_1_610' title='bbox 3215 4378 3427 4445; x_wconf 90' lang='lat' dir='ltr'><strong>ullum,</strong></span> 
     </span>
    </p>
   </div>
   <div class='ocr_carea' id='block_1_97' title="bbox 1882 4618 3537 4700">
    <p class='ocr_par' dir='ltr' id='par_1_97' title="bbox 1882 4618 3537 4700">
     <span class='ocr_line' id='line_1_97' title="bbox 1882 4618 3537 4700; baseline -0.011 -8"><span class='ocrx_word' id='word_1_611' title='bbox 1882 4640 1947 4693; x_wconf 90' lang='lat' dir='ltr'><strong>Et</strong></span> <span class='ocrx_word' id='word_1_612' title='bbox 1976 4634 2176 4691; x_wconf 84' lang='lat' dir='ltr'><strong>nescio</strong></span> <span class='ocrx_word' id='word_1_613' title='bbox 2204 4647 2283 4689; x_wconf 88' lang='lat' dir='ltr'><strong>an</strong></span> <span class='ocrx_word' id='word_1_614' title='bbox 2311 4646 2434 4689; x_wconf 90' lang='lat' dir='ltr'><strong>non</strong></span> <span class='ocrx_word' id='word_1_615' title='bbox 2465 4628 2736 4687; x_wconf 86' lang='lat' dir='ltr'><strong>fabulam</strong></span> <span class='ocrx_word' id='word_1_616' title='bbox 2780 4629 2854 4685; x_wconf 86' lang='lat' dir='ltr'><strong>de</strong></span> <span class='ocrx_word' id='word_1_617' title='bbox 2894 4629 3146 4694; x_wconf 88' lang='lat' dir='ltr'><strong>Hunnis,</strong></span> <span class='ocrx_word' id='word_1_618' title='bbox 3178 4640 3333 4700; x_wconf 89' lang='lat' dir='ltr'><strong>quos</strong></span> <span class='ocrx_word' id='word_1_619' title='bbox 3362 4618 3537 4695; x_wconf 89' lang='lat' dir='ltr'><strong>pleri-</strong></span> 
     </span>
    </p>
   </div>
   <div class='ocr_carea' id='block_1_98' title="bbox 142 4701 3534 4795">
    <p class='ocr_par' dir='ltr' id='par_1_98' title="bbox 142 4701 3534 4795">
     <span class='ocr_line' id='line_1_98' title="bbox 142 4701 3534 4795; baseline -0.003 -37"><span class='ocrx_word' id='word_1_620' title='bbox 142 4701 280 4795; x_wconf 40' lang='grc' dir='ltr'><strong>(ἔξω</strong></span> <span class='ocrx_word' id='word_1_621' title='bbox 314 4701 1235 4795; x_wconf 37' lang='grc' dir='ltr'><strong>ξυερίοᾶῂᾷι-,Διιοε’ςεξὶριηοῃζε</strong></span> <span class='ocrx_word' id='word_1_622' title='bbox 1271 4701 1770 4795; x_wconf 31' lang='grc' dir='ltr'><strong>νθιθεῃεέᾱᾲὡιῖέ</strong></span> <span class='ocrx_word' id='word_1_623' title='bbox 1877 4705 2263 4795; x_wconf 44' lang='grc' dir='ltr'><strong>ςυᾳιθρβόθω</strong></span> <span class='ocrx_word' id='word_1_624' title='bbox 2295 4706 2607 4783; x_wconf 84' lang='lat' dir='ltr'><strong>Hungaros</strong></span> <span class='ocrx_word' id='word_1_625' title='bbox 2631 4704 2939 4773; x_wconf 89' lang='lat' dir='ltr'><strong>putavere,</strong></span> <span class='ocrx_word' id='word_1_626' title='bbox 2974 4701 3242 4775; x_wconf 89' lang='lat' dir='ltr'><strong>spectent</strong></span> <span class='ocrx_word' id='word_1_627' title='bbox 3278 4706 3534 4766; x_wconf 83' lang='lat' dir='ltr'><strong>sequen-</strong></span> 
     </span>
    </p>
   </div>
   <div class='ocr_carea' id='block_1_99' title="bbox 144 4774 2151 4859">
    <p class='ocr_par' dir='ltr' id='par_1_99' title="bbox 144 4774 2151 4859">
     <span class='ocr_line' id='line_1_99' title="bbox 144 4774 2151 4859; baseline -0.008 -11"><span class='ocrx_word' id='word_1_628' title='bbox 144 4774 459 4859; x_wconf 53' lang='lat' dir='ltr'><strong>Q’biigﬁem:</strong></span> <span class='ocrx_word' id='word_1_629' title='bbox 476 4788 649 4858; x_wconf 87' lang='lat' dir='ltr'><strong>regni</strong></span> <span class='ocrx_word' id='word_1_630' title='bbox 685 4774 1367 4859; x_wconf 27' lang='lat' dir='ltr'><strong>&#39;Germanicihdeplorat,</strong></span> <span class='ocrx_word' id='word_1_631' title='bbox 1400 4774 1769 4845; x_wconf 57' lang='lat' dir='ltr'><strong>Ludovicum</strong></span> <span class='ocrx_word' id='word_1_632' title='bbox 1880 4774 1960 4836; x_wconf 82' lang='lat' dir='ltr'><strong>tia</strong></span> <span class='ocrx_word' id='word_1_633' title='bbox 1982 4778 2151 4834; x_wconf 89' lang='lat' dir='ltr'><strong>ibid.:</strong></span> 
     </span>
    </p>
   </div>
   <div class='ocr_carea' id='block_1_100' title="bbox 147 4844 1766 4930">
    <p class='ocr_par' dir='ltr' id='par_1_100' title="bbox 147 4844 1766 4930">
     <span class='ocr_line' id='line_1_100' title="bbox 147 4844 1766 4930; baseline 0.006 -22"><span class='ocrx_word' id='word_1_634' title='bbox 147 4844 343 4911; x_wconf 65' lang='lat' dir='ltr'><strong>Amolti</strong></span> <span class='ocrx_word' id='word_1_635' title='bbox 382 4844 581 4916; x_wconf 47' lang='lat' dir='ltr'><strong>ﬁlim-7</strong></span> <span class='ocrx_word' id='word_1_636' title='bbox 603 4858 916 4930; x_wconf 69' lang='lat' dir='ltr'><strong>respicere.</strong></span> <span class='ocrx_word' id='word_1_637' title='bbox 951 4857 1104 4930; x_wconf 77' lang='lat' dir='ltr'><strong>Obiit</strong></span> <span class='ocrx_word' id='word_1_638' title='bbox 1139 4844 1419 4916; x_wconf 63' lang='lat' dir='ltr'><strong>Amulius</strong></span> <span class='ocrx_word' id='word_1_639' title='bbox 1446 4874 1610 4930; x_wconf 78' lang='lat' dir='ltr'><strong>anno</strong></span> <span class='ocrx_word' id='word_1_640' title='bbox 1639 4844 1766 4928; x_wconf 77' lang='lat'><strong>900,</strong></span> 
     </span>
    </p>
   </div>
   <div class='ocr_carea' id='block_1_101' title="bbox 1882 4867 3327 4934">
    <p class='ocr_par' dir='ltr' id='par_1_101' title="bbox 1882 4867 3327 4934">
     <span class='ocr_line' id='line_1_101' title="bbox 1882 4867 3327 4934; baseline -0.008 -7"><span class='ocrx_word' id='word_1_641' title='bbox 1882 4878 2046 4927; x_wconf 80' lang='lat' dir='ltr'><strong>Ferre</strong></span> <span class='ocrx_word' id='word_1_642' title='bbox 2075 4874 2232 4926; x_wconf 83' lang='lat' dir='ltr'><strong>canis</strong></span> <span class='ocrx_word' id='word_1_643' title='bbox 2262 4869 2507 4934; x_wconf 77' lang='lat' dir='ltr'><strong>pretium</strong></span> <span class='ocrx_word' id='word_1_644' title='bbox 2539 4870 2754 4934; x_wconf 68' lang='lat' dir='ltr'><strong>tempto</strong></span> <span class='ocrx_word' id='word_1_645' title='bbox 2789 4869 2875 4934; x_wconf 75' lang='lat' dir='ltr'><strong>ch</strong></span> <span class='ocrx_word' id='word_1_646' title='bbox 2901 4868 3083 4934; x_wconf 83' lang='lat' dir='ltr'><strong>prisca</strong></span> <span class='ocrx_word' id='word_1_647' title='bbox 3107 4867 3327 4934; x_wconf 77' lang='lat' dir='ltr'><strong>refutat,</strong></span> 
     </span>
    </p>
   </div>
   <div class='ocr_carea' id='block_1_102' title="bbox 148 4925 3534 5007">
    <p class='ocr_par' dir='ltr' id='par_1_102' title="bbox 148 4925 3534 5007">
     <span class='ocr_line' id='line_1_102' title="bbox 148 4925 3534 5007; baseline -0.004 -17"><span class='ocrx_word' id='word_1_648' title='bbox 148 4932 283 5007; x_wconf 29' lang='grc' dir='ltr'><strong>(ξλΨο</strong></span> <span class='ocrx_word' id='word_1_649' title='bbox 307 4941 427 5007; x_wconf 69' lang='grc' dir='ltr'><strong>(ιῃο</strong></span> <span class='ocrx_word' id='word_1_650' title='bbox 457 4925 797 5007; x_wconf 63' lang='lat' dir='ltr'><strong>Ludovicus</strong></span> <span class='ocrx_word' id='word_1_651' title='bbox 822 4945 972 5007; x_wconf 90' lang='lat' dir='ltr'><strong>puer</strong></span> <span class='ocrx_word' id='word_1_652' title='bbox 1013 4928 1071 5007; x_wconf 84' lang='lat' dir='ltr'><strong>in</strong></span> <span class='ocrx_word' id='word_1_653' title='bbox 1114 4943 1371 5007; x_wconf 72' lang='lat' dir='ltr'><strong>regnum</strong></span> <span class='ocrx_word' id='word_1_654' title='bbox 1414 4925 1773 5007; x_wconf 68' lang='lat' dir='ltr'><strong>constitutus</strong></span> <span class='ocrx_word' id='word_1_655' title='bbox 1877 4925 3534 5000; x_wconf 62' lang='lat' dir='ltr'><strong>Nauseanuipsedomumcuristispdreissimusiutrat,ete</strong></span> 
     </span>
    </p>
   </div>
   <div class='ocr_carea' id='block_1_103' title="bbox 146 4992 1769 5073">
    <p class='ocr_par' dir='ltr' id='par_1_103' title="bbox 146 4992 1769 5073">
     <span class='ocr_line' id='line_1_103' title="bbox 146 4992 1769 5073; baseline 0.004 -22"><span class='ocrx_word' id='word_1_656' title='bbox 146 4992 232 5073; x_wconf 57' lang='grc' dir='ltr'><strong>οἶες,</strong></span> <span class='ocrx_word' id='word_1_657' title='bbox 256 5013 279 5039; x_wconf 72' lang='grc' dir='ltr'>η</span> <span class='ocrx_word' id='word_1_658' title='bbox 311 4992 389 5073; x_wconf 69' lang='lat' dir='ltr'><strong>ait</strong></span> <span class='ocrx_word' id='word_1_659' title='bbox 410 5005 617 5073; x_wconf 85' lang='lat' dir='ltr'><strong>noster</strong></span> <span class='ocrx_word' id='word_1_660' title='bbox 656 4992 961 5070; x_wconf 67' lang='lat' dir='ltr'><strong>Hermian,</strong></span> <span class='ocrx_word' id='word_1_661' title='bbox 994 5004 1050 5055; x_wconf 92' lang='lat' dir='ltr'><strong>et</strong></span> <span class='ocrx_word' id='word_1_662' title='bbox 1076 4992 1324 5073; x_wconf 76' lang='lat' dir='ltr'><strong>quidem</strong></span> <span class='ocrx_word' id='word_1_663' title='bbox 1351 5000 1769 5073; x_wconf 88' lang='lat' dir='ltr'><strong>septennis,‘ut</strong></span> 
     </span>
    </p>
   </div>
   <div class='ocr_carea' id='block_1_104' title="bbox 147 5063 1768 5145">
    <p class='ocr_par' dir='ltr' id='par_1_104' title="bbox 147 5063 1768 5145">
     <span class='ocr_line' id='line_1_104' title="bbox 147 5063 1768 5145; baseline 0.005 -24"><span class='ocrx_word' id='word_1_664' title='bbox 147 5063 216 5145; x_wconf 58' lang='grc' dir='ltr'><strong>ςξῐ</strong></span> <span class='ocrx_word' id='word_1_665' title='bbox 241 5068 393 5145; x_wconf 84' lang='lat' dir='ltr'><strong>apud</strong></span> <span class='ocrx_word' id='word_1_666' title='bbox 421 5071 773 5145; x_wconf 73' lang='lat' dir='ltr'><strong>Marianum,</strong></span> <span class='ocrx_word' id='word_1_667' title='bbox 790 5063 958 5145; x_wconf 75' lang='lat' dir='ltr'><strong>regis</strong></span> <span class='ocrx_word' id='word_1_668' title='bbox 971 5063 1166 5126; x_wconf 75' lang='lat' dir='ltr'><strong>verius</strong></span> <span class='ocrx_word' id='word_1_669' title='bbox 1194 5063 1439 5145; x_wconf 59' lang='lat' dir='ltr'><strong>umbra:</strong></span> <span class='ocrx_word' id='word_1_670' title='bbox 1464 5075 1584 5145; x_wconf 79' lang='lat' dir='ltr'><strong>Nec</strong></span> <span class='ocrx_word' id='word_1_671' title='bbox 1598 5063 1768 5145; x_wconf 83' lang='lat' dir='ltr'><strong>enim</strong></span> 
     </span>
    </p>
   </div>
   <div class='ocr_carea' id='block_1_105' title="bbox 147 5141 1765 5225">
    <p class='ocr_par' dir='ltr' id='par_1_105' title="bbox 147 5141 1765 5225">
     <span class='ocr_line' id='line_1_105' title="bbox 147 5141 1765 5225; baseline -0.005 1"><span class='ocrx_word' id='word_1_672' title='bbox 147 5141 367 5225; x_wconf 61' lang='grc' dir='ltr'><strong>ἷὲἕιξυιξι</strong></span> <span class='ocrx_word' id='word_1_673' title='bbox 387 5142 689 5225; x_wconf 68' lang='grc' dir='ltr'><strong>θὶιιεωράί</strong></span> <span class='ocrx_word' id='word_1_674' title='bbox 709 5143 788 5199; x_wconf 72' lang='grc' dir='ltr'><strong>ιώ</strong></span> <span class='ocrx_word' id='word_1_675' title='bbox 804 5141 1157 5225; x_wconf 58' lang='lat' dir='ltr'><strong>interregno</strong></span> <span class='ocrx_word' id='word_1_676' title='bbox 1183 5142 1522 5225; x_wconf 49' lang='lat' dir='ltr'><strong>quidanm</strong></span> <span class='ocrx_word' id='word_1_677' title='bbox 1551 5143 1765 5225; x_wconf 60' lang='lat' dir='ltr'><strong>siser:</strong></span> 
     </span>
    </p>
   </div>
   <div class='ocr_carea' id='block_1_106' title="bbox 146 5205 1767 5292">
    <p class='ocr_par' dir='ltr' id='par_1_106' title="bbox 146 5205 1767 5292">
     <span class='ocr_line' id='line_1_106' title="bbox 146 5205 1767 5292; baseline 0.001 -23"><span class='ocrx_word' id='word_1_678' title='bbox 146 5205 286 5292; x_wconf 57' lang='grc' dir='ltr'><strong>(βξφά</strong></span> <span class='ocrx_word' id='word_1_679' title='bbox 496 5214 699 5292; x_wconf 67' lang='lat' dir='ltr'><strong>verba</strong></span> <span class='ocrx_word' id='word_1_680' title='bbox 731 5213 954 5292; x_wconf 81' lang='lat' dir='ltr'><strong>volunt,</strong></span> <span class='ocrx_word' id='word_1_681' title='bbox 1002 5205 1289 5292; x_wconf 48' lang='lat' dir='ltr'><strong>Priamive</strong></span> <span class='ocrx_word' id='word_1_682' title='bbox 1327 5205 1615 5283; x_wconf 68' lang='lat' dir='ltr'><strong>destituit,</strong></span> <span class='ocrx_word' id='word_1_683' title='bbox 1656 5205 1767 5275; x_wconf 58' lang='lat' dir='ltr'><strong>etc;</strong></span> 
     </span>
    </p>
   </div>
   <div class='ocr_carea' id='block_1_107' title="bbox 147 5277 1184 5357">
    <p class='ocr_par' dir='ltr' id='par_1_107' title="bbox 147 5277 1184 5357">
     <span class='ocr_line' id='line_1_107' title="bbox 147 5277 1184 5357; baseline 0.001 -17"><span class='ocrx_word' id='word_1_684' title='bbox 147 5277 307 5341; x_wconf 71' lang='lat' dir='ltr'><strong>Antea</strong></span> <span class='ocrx_word' id='word_1_685' title='bbox 331 5282 583 5357; x_wconf 71' lang='lat' dir='ltr'><strong>dixerat,</strong></span> <span class='ocrx_word' id='word_1_686' title='bbox 611 5285 722 5349; x_wconf 86' lang='lat' dir='ltr'><strong>col.</strong></span> <span class='ocrx_word' id='word_1_687' title='bbox 757 5289 881 5355; x_wconf 57' lang='lat'><strong>564,</strong></span> <span class='ocrx_word' id='word_1_688' title='bbox 912 5277 1063 5349; x_wconf 78' lang='lat' dir='ltr'><strong>vers.</strong></span> <span class='ocrx_word' id='word_1_689' title='bbox 1096 5289 1184 5342; x_wconf 82' lang='lat'><strong>32.</strong></span> 
     </span>
    </p>
   </div>
   <div class='ocr_carea' id='block_1_108' title="bbox 254 5399 1555 5471">
    <p class='ocr_par' dir='ltr' id='par_1_108' title="bbox 254 5399 1555 5471">
     <span class='ocr_line' id='line_1_108' title="bbox 254 5399 1555 5471; baseline 0.01 -17"><span class='ocrx_word' id='word_1_690' title='bbox 254 5399 515 5471; x_wconf 61' lang='lat' dir='ltr'><strong>gestibus</strong></span> <span class='ocrx_word' id='word_1_691' title='bbox 542 5419 689 5459; x_wconf 75' lang='lat' dir='ltr'><strong>em.</strong></span> <span class='ocrx_word' id='word_1_692' title='bbox 725 5408 827 5471; x_wconf 81' lang='lat' dir='ltr'><strong>Dei</strong></span> <span class='ocrx_word' id='word_1_693' title='bbox 850 5411 947 5471; x_wconf 84' lang='lat' dir='ltr'><strong>qui</strong></span> <span class='ocrx_word' id='word_1_694' title='bbox 973 5408 1344 5462; x_wconf 73' lang='lat' dir='ltr'><strong>censebantur</strong></span> <span class='ocrx_word' id='word_1_695' title='bbox 1364 5407 1555 5467; x_wconf 76' lang='lat' dir='ltr'><strong>amici.</strong></span> 
     </span>
    </p>
   </div>
   <div class='ocr_carea' id='block_1_109' title="bbox 253 5460 1048 5534">
    <p class='ocr_par' dir='ltr' id='par_1_109' title="bbox 253 5460 1048 5534">
     <span class='ocr_line' id='line_1_109' title="bbox 253 5460 1048 5534; baseline 0.006 -21"><span class='ocrx_word' id='word_1_696' title='bbox 253 5460 539 5523; x_wconf 67' lang='lat' dir='ltr'><strong>Tradimur</strong></span> <span class='ocrx_word' id='word_1_697' title='bbox 565 5471 626 5533; x_wconf 77' lang='lat' dir='ltr'><strong>in</strong></span> <span class='ocrx_word' id='word_1_698' title='bbox 653 5460 913 5534; x_wconf 58' lang='lat' dir='ltr'><strong>prodam,</strong></span> <span class='ocrx_word' id='word_1_699' title='bbox 948 5474 1048 5523; x_wconf 87' lang='lat' dir='ltr'><strong>etc.</strong></span> 
     </span>
    </p>
   </div>
   <div class='ocr_carea' id='block_1_110' title="bbox 152 5571 1780 5658">
    <p class='ocr_par' dir='ltr' id='par_1_110' title="bbox 152 5571 1780 5658">
     <span class='ocr_line' id='line_1_110' title="bbox 152 5571 1780 5658; baseline 0.015 -29"><span class='ocrx_word' id='word_1_700' title='bbox 152 5571 541 5658; x_wconf 56' lang='lat' dir='ltr'><strong>ﬁungaromm</strong></span> <span class='ocrx_word' id='word_1_701' title='bbox 568 5586 931 5658; x_wconf 74' lang='lat' dir='ltr'><strong>irruptiones</strong></span> <span class='ocrx_word' id='word_1_702' title='bbox 956 5586 1249 5656; x_wconf 82' lang='lat' dir='ltr'><strong>designat,</strong></span> <span class='ocrx_word' id='word_1_703' title='bbox 1280 5600 1435 5658; x_wconf 75' lang='lat' dir='ltr'><strong>quas</strong></span> <span class='ocrx_word' id='word_1_704' title='bbox 1463 5584 1547 5641; x_wconf 77' lang='lat' dir='ltr'><strong>illi</strong></span> <span class='ocrx_word' id='word_1_705' title='bbox 1569 5583 1780 5658; x_wconf 58' lang='lat' dir='ltr'><strong>erud?-</strong></span> 
     </span>
    </p>
   </div>
   <div class='ocr_carea' id='block_1_111' title="bbox 152 5639 1778 5727">
    <p class='ocr_par' dir='ltr' id='par_1_111' title="bbox 152 5639 1778 5727">
     <span class='ocr_line' id='line_1_111' title="bbox 152 5639 1778 5727; baseline 0.009 -30"><span class='ocrx_word' id='word_1_706' title='bbox 152 5639 385 5727; x_wconf 64' lang='lat' dir='ltr'><strong>iissiﬁias</strong></span> <span class='ocrx_word' id='word_1_707' title='bbox 415 5639 731 5715; x_wconf 53' lang='lat' dir='ltr'><strong>erasae}:</strong></span> <span class='ocrx_word' id='word_1_708' title='bbox 746 5639 933 5715; x_wconf 56' lang='lat' dir='ltr'><strong>asas</strong></span> <span class='ocrx_word' id='word_1_709' title='bbox 958 5639 1056 5716; x_wconf 64' lang='lat' dir='ltr'><strong>soi</strong></span> <span class='ocrx_word' id='word_1_710' title='bbox 1067 5639 1249 5727; x_wconf 60' lang='grc' dir='ltr'><strong>ξᾜὸῖξ</strong></span> <span class='ocrx_word' id='word_1_711' title='bbox 1268 5639 1778 5727; x_wconf 43' lang='lat' dir='ltr'><strong>exemisse.</strong></span> 
     </span>
    </p>
   </div>
   <div class='ocr_carea' id='block_1_112' title="bbox 152 5710 1779 5809">
    <p class='ocr_par' dir='ltr' id='par_1_112' title="bbox 152 5710 1779 5809">
     <span class='ocr_line' id='line_1_112' title="bbox 152 5710 1779 5809; baseline 0.013 -44"><span class='ocrx_word' id='word_1_712' title='bbox 152 5710 267 5788; x_wconf 89' lang='lat' dir='ltr'><strong>bus,</strong></span> <span class='ocrx_word' id='word_1_713' title='bbox 296 5729 357 5779; x_wconf 90' lang='lat' dir='ltr'><strong>ut</strong></span> <span class='ocrx_word' id='word_1_714' title='bbox 382 5710 483 5783; x_wconf 56' lang='lat' dir='ltr'><strong>es?</strong></span> <span class='ocrx_word' id='word_1_715' title='bbox 498 5710 543 5784; x_wconf 63' lang='grc' dir='ltr'>Ξ</span> <span class='ocrx_word' id='word_1_716' title='bbox 566 5710 1247 5809; x_wconf 42' lang='lat' dir='ltr'><strong>tramisisset-&#39;6,</strong></span> <span class='ocrx_word' id='word_1_717' title='bbox 1275 5710 1427 5787; x_wconf 59' lang='lat' dir='ltr'><strong>aliis</strong></span> <span class='ocrx_word' id='word_1_718' title='bbox 1443 5710 1779 5804; x_wconf 46' lang='lat' dir='ltr'><strong>absitis.</strong></span> 
     </span>
    </p>
   </div>
   <div class='ocr_carea' id='block_1_113' title="bbox 1880 5027 3434 5101">
    <p class='ocr_par' dir='ltr' id='par_1_113' title="bbox 1880 5027 3434 5101">
     <span class='ocr_line' id='line_1_113' title="bbox 1880 5027 3434 5101; baseline -0.006 -8"><span class='ocrx_word' id='word_1_719' title='bbox 1880 5038 2098 5093; x_wconf 86' lang='lat' dir='ltr'><strong>Diserte</strong></span> <span class='ocrx_word' id='word_1_720' title='bbox 2128 5038 2331 5090; x_wconf 88' lang='lat' dir='ltr'><strong>autem</strong></span> <span class='ocrx_word' id='word_1_721' title='bbox 2356 5029 2537 5087; x_wconf 60' lang='lat' dir='ltr'><strong>Italia</strong></span> <span class='ocrx_word' id='word_1_722' title='bbox 2566 5029 2936 5087; x_wconf 86' lang='lat' dir='ltr'><strong>calamitates</strong></span> <span class='ocrx_word' id='word_1_723' title='bbox 2964 5029 3236 5101; x_wconf 87' lang='lat' dir='ltr'><strong>deplorat</strong></span> <span class='ocrx_word' id='word_1_724' title='bbox 3263 5027 3434 5084; x_wconf 87' lang='lat' dir='ltr'><strong>ibid.:</strong></span> 
     </span>
    </p>
   </div>
   <div class='ocr_carea' id='block_1_114' title="bbox 2066 5131 3297 5195">
    <p class='ocr_par' dir='ltr' id='par_1_114' title="bbox 2066 5131 3297 5195">
     <span class='ocr_line' id='line_1_114' title="bbox 2066 5131 3297 5195; baseline -0.005 -6"><span class='ocrx_word' id='word_1_725' title='bbox 2066 5138 2287 5189; x_wconf 81' lang='lat' dir='ltr'><strong>Instant</strong></span> <span class='ocrx_word' id='word_1_726' title='bbox 2316 5132 2546 5185; x_wconf 74' lang='lat' dir='ltr'><strong>Italides</strong></span> <span class='ocrx_word' id='word_1_727' title='bbox 2576 5133 2836 5195; x_wconf 69' lang='lat' dir='ltr'><strong>spoliatae</strong></span> <span class='ocrx_word' id='word_1_728' title='bbox 2863 5132 3083 5184; x_wconf 81' lang='lat' dir='ltr'><strong>civibus</strong></span> <span class='ocrx_word' id='word_1_729' title='bbox 3111 5131 3297 5183; x_wconf 85' lang='lat' dir='ltr'><strong>urbes.</strong></span> 
     </span>
    </p>
   </div>
   <div class='ocr_carea' id='block_1_115' title="bbox 1882 5228 3532 5365">
    <p class='ocr_par' dir='ltr' id='par_1_115' title="bbox 1882 5228 3532 5365">
     <span class='ocr_line' id='line_1_115' title="bbox 1882 5228 3532 5365; baseline -0.006 -68"><span class='ocrx_word' id='word_1_730' title='bbox 1882 5239 1990 5297; x_wconf 92' lang='lat' dir='ltr'><strong>Ubi</strong></span> <span class='ocrx_word' id='word_1_731' title='bbox 2018 5251 2206 5365; x_wconf 55' lang='lat' dir='ltr'><strong>31am</strong></span> <span class='ocrx_word' id='word_1_732' title='bbox 2250 5228 2674 5289; x_wconf 86' lang='lat' dir='ltr'><strong>incredibiliter</strong></span> <span class='ocrx_word' id='word_1_733' title='bbox 2700 5230 3053 5314; x_wconf 81' lang='lat' dir='ltr'><strong>debacchati</strong></span> <span class='ocrx_word' id='word_1_734' title='bbox 3084 5231 3367 5314; x_wconf 75' lang='lat' dir='ltr'><strong>Hungari,</strong></span> <span class='ocrx_word' id='word_1_735' title='bbox 3398 5229 3532 5288; x_wconf 87' lang='lat' dir='ltr'><strong>vide</strong></span> 
     </span>
     <span class='ocr_line' id='line_1_116' title="bbox 1882 5298 3532 5365; baseline -0.004 0"><span class='ocrx_word' id='word_1_736' title='bbox 1882 5314 2015 5365; x_wconf 90' lang='lat' dir='ltr'><strong>Ann</strong></span> <span class='ocrx_word' id='word_1_737' title='bbox 2083 5351 2095 5364; x_wconf 92' lang='lat'><strong>.</strong></span> <span class='ocrx_word' id='word_1_738' title='bbox 2146 5305 2426 5364; x_wconf 88' lang='lat' dir='ltr'><strong>Fuldens.</strong></span> <span class='ocrx_word' id='word_1_739' title='bbox 2478 5298 2535 5357; x_wconf 80' lang='lat' dir='ltr'><strong>F.</strong></span> <span class='ocrx_word' id='word_1_740' title='bbox 2582 5318 2681 5359; x_wconf 84' lang='lat' dir='ltr'><strong>an.</strong></span> <span class='ocrx_word' id='word_1_741' title='bbox 2723 5308 2847 5360; x_wconf 76' lang='lat'><strong>900.</strong></span> <span class='ocrx_word' id='word_1_742' title='bbox 2903 5302 3091 5360; x_wconf 81' lang='lat' dir='ltr'><strong>Simul</strong></span> <span class='ocrx_word' id='word_1_743' title='bbox 3132 5303 3323 5360; x_wconf 82' lang='lat' dir='ltr'><strong>civilia</strong></span> <span class='ocrx_word' id='word_1_744' title='bbox 3367 5306 3532 5360; x_wconf 89' lang='lat' dir='ltr'><strong>Lam-</strong></span> 
     </span>
    </p>
   </div>
   <div class='ocr_carea' id='block_1_116' title="bbox 1881 5298 3535 5383">
    <p class='ocr_par' dir='ltr' id='par_1_116' title="bbox 1881 5298 3535 5383">
     <span class='ocr_line' id='line_1_117' title="bbox 1881 5298 3535 5383; baseline -0.013 -17"><span class='ocrx_word' id='word_1_745' title='bbox 1881 5298 2128 5383; x_wconf 67' lang='lat' dir='ltr'><strong>Annal._</strong></span> <span class='ocrx_word' id='word_1_746' title='bbox 2146 5305 2432 5383; x_wconf 32' lang='lat' dir='ltr'><strong>Fuldens,‘</strong></span> <span class='ocrx_word' id='word_1_747' title='bbox 2478 5298 2540 5383; x_wconf 66' lang='lat' dir='ltr'><strong>F.</strong></span> <span class='ocrx_word' id='word_1_748' title='bbox 2903 5302 3091 5383; x_wconf 84' lang='lat' dir='ltr'><strong>S_imul</strong></span> <span class='ocrx_word' id='word_1_749' title='bbox 3120 5298 3323 5383; x_wconf 57' lang='lat' dir='ltr'><strong>civilia</strong></span> <span class='ocrx_word' id='word_1_750' title='bbox 3353 5298 3535 5383; x_wconf 45' lang='lat' dir='ltr'><strong>ng-</strong></span> 
     </span>
    </p>
   </div>
   <div class='ocr_carea' id='block_1_117' title="bbox 1880 5373 3536 5509">
    <p class='ocr_par' dir='ltr' id='par_1_117' title="bbox 1880 5373 3536 5509">
     <span class='ocr_line' id='line_1_118' title="bbox 1880 5373 3536 5508; baseline -0.005 -71"><span class='ocrx_word' id='word_1_751' title='bbox 1880 5380 2052 5508; x_wconf 63' lang='grc' dir='ltr'><strong>δεδιέἥέ</strong></span> <span class='ocrx_word' id='word_1_752' title='bbox 2103 5373 2461 5446; x_wconf 81' lang='lat' dir='ltr'><strong>Berengarii,</strong></span> <span class='ocrx_word' id='word_1_753' title='bbox 2490 5376 2551 5435; x_wconf 82' lang='lat' dir='ltr'><strong>et</strong></span> <span class='ocrx_word' id='word_1_754' title='bbox 2594 5373 2875 5433; x_wconf 75' lang='lat' dir='ltr'><strong>Ludovici</strong></span> <span class='ocrx_word' id='word_1_755' title='bbox 2914 5376 3169 5432; x_wconf 81' lang='lat' dir='ltr'><strong>Bosonis</strong></span> <span class='ocrx_word' id='word_1_756' title='bbox 3210 5374 3336 5442; x_wconf 79' lang='lat' dir='ltr'><strong>ﬁlii,</strong></span> <span class='ocrx_word' id='word_1_757' title='bbox 3376 5373 3536 5430; x_wconf 77' lang='lat' dir='ltr'><strong>bella</strong></span> 
     </span>
     <span class='ocr_line' id='line_1_119' title="bbox 1881 5467 2806 5509; baseline -0.006 0"><span class='ocrx_word' id='word_1_758' title='bbox 1881 5469 1962 5509; x_wconf 90' lang='lat' dir='ltr'><strong>no</strong></span> <span class='ocrx_word' id='word_1_759' title='bbox 1991 5467 2027 5508; x_wconf 91' lang='lat' dir='ltr'><strong>a</strong></span> <span class='ocrx_word' id='word_1_760' title='bbox 2074 5469 2087 5506; x_wconf 88' lang='lat'>:</span> <span class='ocrx_word' id='word_1_761' title='bbox 2803 5477 2806 5480; x_wconf 85' lang='lat'><strong><em>~</em></strong></span> 
     </span>
    </p>
   </div>
   <div class='ocr_carea' id='block_1_118' title="bbox 1978 5545 3442 5615">
    <p class='ocr_par' dir='ltr' id='par_1_118' title="bbox 1978 5545 3442 5615">
     <span class='ocr_line' id='line_1_120' title="bbox 1978 5545 3442 5615; baseline -0.003 -16"><span class='ocrx_word' id='word_1_762' title='bbox 1978 5546 2253 5601; x_wconf 77' lang='lat' dir='ltr'><strong>Intestina</strong></span> <span class='ocrx_word' id='word_1_763' title='bbox 2276 5545 2432 5607; x_wconf 81' lang='lat' dir='ltr'><strong>loqui</strong></span> <span class='ocrx_word' id='word_1_764' title='bbox 2461 5547 2799 5615; x_wconf 78' lang='lat' dir='ltr'><strong>populorum</strong></span> <span class='ocrx_word' id='word_1_765' title='bbox 2829 5546 3027 5610; x_wconf 70' lang='lat' dir='ltr'><strong>pratia</strong></span> <span class='ocrx_word' id='word_1_766' title='bbox 3058 5551 3303 5612; x_wconf 80' lang='lat' dir='ltr'><strong>possem,</strong></span> <span class='ocrx_word' id='word_1_767' title='bbox 3336 5546 3442 5596; x_wconf 77' lang='lat' dir='ltr'><strong>etc.</strong></span> 
     </span>
    </p>
   </div>
   <div class='ocr_carea' id='block_1_119' title="bbox 1888 5648 3539 5722">
    <p class='ocr_par' dir='ltr' id='par_1_119' title="bbox 1888 5648 3539 5722">
     <span class='ocr_line' id='line_1_121' title="bbox 1888 5648 3539 5722; baseline -0.003 -13"><span class='ocrx_word' id='word_1_768' title='bbox 1888 5656 2018 5709; x_wconf 67' lang='lat' dir='ltr'><strong>Haec</strong></span> <span class='ocrx_word' id='word_1_769' title='bbox 2049 5651 2256 5709; x_wconf 84' lang='lat' dir='ltr'><strong>omnia</strong></span> <span class='ocrx_word' id='word_1_770' title='bbox 2298 5651 2456 5709; x_wconf 69' lang='lat' dir='ltr'><strong>aetati</strong></span> <span class='ocrx_word' id='word_1_771' title='bbox 2488 5650 2847 5722; x_wconf 75' lang='lat' dir='ltr'><strong>Salomonis,</strong></span> <span class='ocrx_word' id='word_1_772' title='bbox 2870 5650 3023 5708; x_wconf 78' lang='lat' dir='ltr'><strong>tertii</strong></span> <span class='ocrx_word' id='word_1_773' title='bbox 3065 5650 3257 5722; x_wconf 75' lang='lat' dir='ltr'><strong>hujus</strong></span> <span class='ocrx_word' id='word_1_774' title='bbox 3277 5648 3539 5707; x_wconf 80' lang='lat' dir='ltr'><strong>nominis</strong></span> 
     </span>
    </p>
   </div>
   <div class='ocr_carea' id='block_1_120' title="bbox 1889 5721 3237 5796">
    <p class='ocr_par' dir='ltr' id='par_1_120' title="bbox 1889 5721 3237 5796">
     <span class='ocr_line' id='line_1_122' title="bbox 1889 5721 3237 5796; baseline -0.004 -14"><span class='ocrx_word' id='word_1_775' title='bbox 1889 5722 2355 5783; x_wconf 88' lang='lat' dir='ltr'><strong>Constantiensis</strong></span> <span class='ocrx_word' id='word_1_776' title='bbox 2379 5721 2676 5796; x_wconf 65' lang='lat' dir='ltr'><strong>episcOpi,</strong></span> <span class='ocrx_word' id='word_1_777' title='bbox 2698 5721 3067 5782; x_wconf 82' lang='lat' dir='ltr'><strong>convenient.</strong></span> <span class='ocrx_word' id='word_1_778' title='bbox 3102 5721 3237 5777; x_wconf 76' lang='lat' dir='ltr'><strong>CAN.</strong></span> 
     </span>
    </p>
   </div>
  </div>
