  <div class='ocr_page' id='page_1' title='image "/cluster/home/n/w/nwhite01/storage/ocr_20150623/132/hvd.32044054759931/289.png"; bbox 0 0 3940 6184; ppageno 0'>
   <div class='ocr_carea' id='block_1_1' title="bbox 355 196 3681 288">
    <p class='ocr_par' dir='ltr' id='par_1_1' title="bbox 355 196 3681 288">
     <span class='ocr_line' id='line_1_1' title="bbox 355 196 3681 288; baseline -0.013 0"><span class='ocrx_word' id='word_1_1' title='bbox 355 236 456 288; x_wconf 74' lang='lat'>567</span> <span class='ocrx_word' id='word_1_2' title='bbox 1356 211 1760 273; x_wconf 73' lang='lat' dir='ltr'>SALOMONIS</span> <span class='ocrx_word' id='word_1_3' title='bbox 1809 206 2390 267; x_wconf 78' lang='lat' dir='ltr'>CONSTANTIENSIS</span> <span class='ocrx_word' id='word_1_4' title='bbox 2431 200 2757 259; x_wconf 81' lang='lat' dir='ltr'>EPISCOPI.</span> <span class='ocrx_word' id='word_1_5' title='bbox 3603 196 3681 250; x_wconf 68' lang='lat'>568</span> 
     </span>
    </p>
   </div>
   <div class='ocr_carea' id='block_1_2' title="bbox 2040 314 3687 395">
    <p class='ocr_par' dir='ltr' id='par_1_2' title="bbox 2040 314 3687 395">
     <span class='ocr_line' id='line_1_2' title="bbox 2040 314 3687 395; baseline -0.007 -13"><span class='ocrx_word' id='word_1_6' title='bbox 2040 330 2087 382; x_wconf 78' lang='grc' dir='ltr'><strong>Α</strong></span> <span class='ocrx_word' id='word_1_7' title='bbox 2118 332 2231 382; x_wconf 80' lang='lat' dir='ltr'>Aut</span> <span class='ocrx_word' id='word_1_8' title='bbox 2261 342 2580 383; x_wconf 87' lang='lat' dir='ltr'>numerum</span> <span class='ocrx_word' id='word_1_9' title='bbox 2610 325 2809 395; x_wconf 90' lang='lat' dir='ltr'>lupus,</span> <span class='ocrx_word' id='word_1_10' title='bbox 2843 323 2946 375; x_wconf 91' lang='lat' dir='ltr'>aut</span> <span class='ocrx_word' id='word_1_11' title='bbox 2975 316 3249 374; x_wconf 71' lang='lat' dir='ltr'>torrentia</span> <span class='ocrx_word' id='word_1_12' title='bbox 3282 314 3523 370; x_wconf 72' lang='lat' dir='ltr'>‘ﬂumina</span> <span class='ocrx_word' id='word_1_13' title='bbox 3547 316 3687 387; x_wconf 85' lang='lat' dir='ltr'>ripas.</span> 
     </span>
    </p>
   </div>
   <div class='ocr_carea' id='block_1_3' title="bbox 2121 403 3657 488">
    <p class='ocr_par' dir='ltr' id='par_1_3' title="bbox 2121 403 3657 488">
     <span class='ocr_line' id='line_1_3' title="bbox 2121 403 3657 488; baseline -0.008 -17"><span class='ocrx_word' id='word_1_14' title='bbox 2121 420 2231 472; x_wconf 83' lang='lat' dir='ltr'>Nec</span> <span class='ocrx_word' id='word_1_15' title='bbox 2256 415 2397 488; x_wconf 87' lang='lat' dir='ltr'>petit</span> <span class='ocrx_word' id='word_1_16' title='bbox 2421 418 2757 485; x_wconf 82' lang='lat' dir='ltr'>argentum,</span> <span class='ocrx_word' id='word_1_17' title='bbox 2790 408 3043 483; x_wconf 78' lang='lat' dir='ltr'>pretium</span> <span class='ocrx_word' id='word_1_18' title='bbox 3074 423 3181 462; x_wconf 88' lang='lat' dir='ltr'>nec</span> <span class='ocrx_word' id='word_1_19' title='bbox 3210 404 3460 478; x_wconf 81' lang='lat' dir='ltr'>postulat</span> <span class='ocrx_word' id='word_1_20' title='bbox 3486 403 3657 459; x_wconf 81' lang='lat' dir='ltr'>ullum.</span> 
     </span>
    </p>
   </div>
   <div class='ocr_carea' id='block_1_4' title="bbox 2123 492 3693 575">
    <p class='ocr_par' dir='ltr' id='par_1_4' title="bbox 2123 492 3693 575">
     <span class='ocr_line' id='line_1_4' title="bbox 2123 492 3693 575; baseline -0.008 -16"><span class='ocrx_word' id='word_1_21' title='bbox 2123 504 2231 570; x_wconf 87' lang='lat' dir='ltr'>Qui</span> <span class='ocrx_word' id='word_1_22' title='bbox 2253 505 2393 561; x_wconf 89' lang='lat' dir='ltr'>dare</span> <span class='ocrx_word' id='word_1_23' title='bbox 2421 506 2633 575; x_wconf 90' lang='lat' dir='ltr'>sponte</span> <span class='ocrx_word' id='word_1_24' title='bbox 2659 500 2851 565; x_wconf 82' lang='lat' dir='ltr'>docet,</span> <span class='ocrx_word' id='word_1_25' title='bbox 2879 495 3056 567; x_wconf 77' lang='lat' dir='ltr'>gratis</span> <span class='ocrx_word' id='word_1_26' title='bbox 3084 494 3249 567; x_wconf 85' lang='lat' dir='ltr'>quod</span> <span class='ocrx_word' id='word_1_27' title='bbox 3276 492 3523 566; x_wconf 88' lang='lat' dir='ltr'>poccitur</span> <span class='ocrx_word' id='word_1_28' title='bbox 3547 492 3693 548; x_wconf 81' lang='lat' dir='ltr'>offert.</span> 
     </span>
    </p>
   </div>
   <div class='ocr_carea' id='block_1_5' title="bbox 2123 582 3591 667">
    <p class='ocr_par' dir='ltr' id='par_1_5' title="bbox 2123 582 3591 667">
     <span class='ocr_line' id='line_1_5' title="bbox 2123 582 3591 667; baseline -0.011 -17"><span class='ocrx_word' id='word_1_29' title='bbox 2123 598 2252 650; x_wconf 62' lang='lat' dir='ltr'>llaec</span> <span class='ocrx_word' id='word_1_30' title='bbox 2284 594 2384 667; x_wconf 86' lang='lat' dir='ltr'>pia</span> <span class='ocrx_word' id='word_1_31' title='bbox 2414 608 2585 648; x_wconf 87' lang='lat' dir='ltr'>mens</span> <span class='ocrx_word' id='word_1_32' title='bbox 2616 589 2793 647; x_wconf 75' lang='lat' dir='ltr'>tristis</span> <span class='ocrx_word' id='word_1_33' title='bbox 2822 588 3046 643; x_wconf 88' lang='lat' dir='ltr'>librans</span> <span class='ocrx_word' id='word_1_34' title='bbox 3075 582 3343 640; x_wconf 88' lang='lat' dir='ltr'>consulta</span> <span class='ocrx_word' id='word_1_35' title='bbox 3379 582 3591 650; x_wconf 77' lang='lat' dir='ltr'>sororis,</span> 
     </span>
    </p>
   </div>
   <div class='ocr_carea' id='block_1_6' title="bbox 2122 671 3698 756">
    <p class='ocr_par' dir='ltr' id='par_1_6' title="bbox 2122 671 3698 756">
     <span class='ocr_line' id='line_1_6' title="bbox 2122 671 3698 756; baseline -0.01 -17"><span class='ocrx_word' id='word_1_36' title='bbox 2122 683 2227 740; x_wconf 88' lang='lat' dir='ltr'>Mel</span> <span class='ocrx_word' id='word_1_37' title='bbox 2254 698 2435 756; x_wconf 86' lang='lat' dir='ltr'>super</span> <span class='ocrx_word' id='word_1_38' title='bbox 2460 685 2640 754; x_wconf 79' lang='lat' dir='ltr'>atque</span> <span class='ocrx_word' id='word_1_39' title='bbox 2667 681 2873 735; x_wconf 88' lang='lat' dir='ltr'>favum</span> <span class='ocrx_word' id='word_1_40' title='bbox 2905 677 3062 733; x_wconf 91' lang='lat' dir='ltr'>hunc</span> <span class='ocrx_word' id='word_1_41' title='bbox 3096 673 3272 731; x_wconf 85' lang='lat' dir='ltr'>talem</span> <span class='ocrx_word' id='word_1_42' title='bbox 3296 676 3445 727; x_wconf 89' lang='lat' dir='ltr'>retur</span> <span class='ocrx_word' id='word_1_43' title='bbox 3471 671 3698 739; x_wconf 84' lang='lat' dir='ltr'>amicum,</span> 
     </span>
    </p>
   </div>
   <div class='ocr_carea' id='block_1_7' title="bbox 2125 764 3535 845">
    <p class='ocr_par' dir='ltr' id='par_1_7' title="bbox 2125 764 3535 845">
     <span class='ocr_line' id='line_1_7' title="bbox 2125 764 3535 845; baseline -0.009 -20"><span class='ocrx_word' id='word_1_44' title='bbox 2125 774 2191 828; x_wconf 83' lang='lat' dir='ltr'>Et</span> <span class='ocrx_word' id='word_1_45' title='bbox 2219 771 2456 845; x_wconf 91' lang='lat' dir='ltr'>pulsare</span> <span class='ocrx_word' id='word_1_46' title='bbox 2481 769 2655 837; x_wconf 88' lang='lat' dir='ltr'>fores,</span> <span class='ocrx_word' id='word_1_47' title='bbox 2681 768 2876 825; x_wconf 84' lang='lat' dir='ltr'>aditus</span> <span class='ocrx_word' id='word_1_48' title='bbox 2892 767 3019 836; x_wconf 84' lang='lat' dir='ltr'>jam</span> <span class='ocrx_word' id='word_1_49' title='bbox 3048 777 3312 836; x_wconf 58' lang='lat' dir='ltr'>quierere</span> <span class='ocrx_word' id='word_1_50' title='bbox 3342 764 3535 828; x_wconf 82' lang='lat' dir='ltr'>servet,</span> 
     </span>
    </p>
   </div>
   <div class='ocr_carea' id='block_1_8' title="bbox 2126 850 3381 933">
    <p class='ocr_par' dir='ltr' id='par_1_8' title="bbox 2126 850 3381 933">
     <span class='ocr_line' id='line_1_8' title="bbox 2126 850 3381 933; baseline -0.011 -15"><span class='ocrx_word' id='word_1_51' title='bbox 2126 863 2263 933; x_wconf 90' lang='lat' dir='ltr'>Ejus</span> <span class='ocrx_word' id='word_1_52' title='bbox 2293 865 2349 917; x_wconf 89' lang='lat' dir='ltr'>et</span> <span class='ocrx_word' id='word_1_53' title='bbox 2377 859 2627 932; x_wconf 85' lang='lat' dir='ltr'>eloquiis</span> <span class='ocrx_word' id='word_1_54' title='bbox 2652 874 2827 915; x_wconf 81' lang='lat' dir='ltr'>aures</span> <span class='ocrx_word' id='word_1_55' title='bbox 2860 854 3089 929; x_wconf 89' lang='lat' dir='ltr'>aperire</span> <span class='ocrx_word' id='word_1_56' title='bbox 3120 850 3381 907; x_wconf 85' lang='lat' dir='ltr'>fruendis</span> 
     </span>
    </p>
   </div>
   <div class='ocr_carea' id='block_1_9' title="bbox 2127 937 3625 1021">
    <p class='ocr_par' dir='ltr' id='par_1_9' title="bbox 2127 937 3625 1021">
     <span class='ocr_line' id='line_1_9' title="bbox 2127 937 3625 1021; baseline -0.011 -13"><span class='ocrx_word' id='word_1_57' title='bbox 2127 951 2227 1007; x_wconf 88' lang='lat' dir='ltr'>Eia</span> <span class='ocrx_word' id='word_1_58' title='bbox 2257 966 2390 1020; x_wconf 88' lang='lat' dir='ltr'>age,</span> <span class='ocrx_word' id='word_1_59' title='bbox 2418 964 2633 1021; x_wconf 87' lang='lat' dir='ltr'>rumpe</span> <span class='ocrx_word' id='word_1_60' title='bbox 2662 963 2887 1011; x_wconf 87' lang='lat' dir='ltr'>moras,</span> <span class='ocrx_word' id='word_1_61' title='bbox 2919 943 3174 1000; x_wconf 83' lang='lat' dir='ltr'>delectat</span> <span class='ocrx_word' id='word_1_62' title='bbox 3211 954 3466 1013; x_wconf 80' lang='lat' dir='ltr'>pergere,</span> <span class='ocrx_word' id='word_1_63' title='bbox 3494 937 3625 1003; x_wconf 87' lang='lat' dir='ltr'>dicit,</span> 
     </span>
    </p>
   </div>
   <div class='ocr_carea' id='block_1_10' title="bbox 2131 1030 3602 1113">
    <p class='ocr_par' dir='ltr' id='par_1_10' title="bbox 2131 1030 3602 1113">
     <span class='ocr_line' id='line_1_10' title="bbox 2131 1030 3602 1113; baseline -0.01 -16"><span class='ocrx_word' id='word_1_64' title='bbox 2131 1041 2244 1099; x_wconf 86' lang='lat' dir='ltr'>Sed</span> <span class='ocrx_word' id='word_1_65' title='bbox 2268 1041 2410 1113; x_wconf 84' lang='lat' dir='ltr'>quia</span> <span class='ocrx_word' id='word_1_66' title='bbox 2438 1055 2560 1095; x_wconf 90' lang='lat' dir='ltr'>non</span> <span class='ocrx_word' id='word_1_67' title='bbox 2590 1037 2833 1111; x_wconf 90' lang='lat' dir='ltr'>proprio</span> <span class='ocrx_word' id='word_1_68' title='bbox 2866 1034 3005 1091; x_wconf 89' lang='lat' dir='ltr'>satis</span> <span class='ocrx_word' id='word_1_69' title='bbox 3033 1036 3125 1089; x_wconf 87' lang='lat' dir='ltr'>est</span> <span class='ocrx_word' id='word_1_70' title='bbox 3150 1030 3375 1087; x_wconf 87' lang='lat' dir='ltr'>conﬁsa</span> <span class='ocrx_word' id='word_1_71' title='bbox 3398 1032 3602 1101; x_wconf 87' lang='lat' dir='ltr'>paratu,</span> 
     </span>
    </p>
   </div>
   <div class='ocr_carea' id='block_1_11' title="bbox 2129 1119 3499 1199">
    <p class='ocr_par' dir='ltr' id='par_1_11' title="bbox 2129 1119 3499 1199">
     <span class='ocr_line' id='line_1_11' title="bbox 2129 1119 3499 1199; baseline -0.01 -14"><span class='ocrx_word' id='word_1_72' title='bbox 2129 1129 2346 1185; x_wconf 87' lang='lat' dir='ltr'>Astruit</span> <span class='ocrx_word' id='word_1_73' title='bbox 2376 1144 2512 1184; x_wconf 91' lang='lat' dir='ltr'>ecce</span> <span class='ocrx_word' id='word_1_74' title='bbox 2543 1126 2743 1199; x_wconf 86' lang='lat' dir='ltr'>palam</span> <span class='ocrx_word' id='word_1_75' title='bbox 2781 1139 2909 1180; x_wconf 90' lang='lat' dir='ltr'>sese</span> <span class='ocrx_word' id='word_1_76' title='bbox 2939 1119 3202 1177; x_wconf 88' lang='lat' dir='ltr'>ductoris</span> <span class='ocrx_word' id='word_1_77' title='bbox 3240 1131 3499 1186; x_wconf 85' lang='lat' dir='ltr'>egenam,</span> 
     </span>
    </p>
   </div>
   <div class='ocr_carea' id='block_1_12' title="bbox 2130 1204 3616 1288">
    <p class='ocr_par' dir='ltr' id='par_1_12' title="bbox 2130 1204 3616 1288">
     <span class='ocr_line' id='line_1_12' title="bbox 2130 1204 3616 1288; baseline -0.009 -14"><span class='ocrx_word' id='word_1_78' title='bbox 2130 1222 2374 1288; x_wconf 83' lang='lat' dir='ltr'>Pergere</span> <span class='ocrx_word' id='word_1_79' title='bbox 2402 1231 2512 1272; x_wconf 86' lang='lat' dir='ltr'>nec</span> <span class='ocrx_word' id='word_1_80' title='bbox 2537 1230 2850 1288; x_wconf 86' lang='lat' dir='ltr'>quoquam</span> <span class='ocrx_word' id='word_1_81' title='bbox 2876 1226 2986 1284; x_wconf 90' lang='lat' dir='ltr'>per</span> <span class='ocrx_word' id='word_1_82' title='bbox 3015 1212 3207 1265; x_wconf 87' lang='lat' dir='ltr'>semet</span> <span class='ocrx_word' id='word_1_83' title='bbox 3237 1221 3405 1279; x_wconf 88' lang='lat' dir='ltr'>posse</span> <span class='ocrx_word' id='word_1_84' title='bbox 3431 1204 3616 1261; x_wconf 84' lang='lat' dir='ltr'>fatetur</span> 
     </span>
    </p>
   </div>
   <div class='ocr_carea' id='block_1_13' title="bbox 2132 1296 3632 1379">
    <p class='ocr_par' dir='ltr' id='par_1_13' title="bbox 2132 1296 3632 1379">
     <span class='ocr_line' id='line_1_13' title="bbox 2132 1296 3632 1379; baseline -0.011 -14"><span class='ocrx_word' id='word_1_85' title='bbox 2132 1312 2284 1379; x_wconf 89' lang='lat' dir='ltr'>Ergo</span> <span class='ocrx_word' id='word_1_86' title='bbox 2312 1308 2422 1364; x_wconf 84' lang='lat' dir='ltr'>viae</span> <span class='ocrx_word' id='word_1_87' title='bbox 2451 1307 2726 1376; x_wconf 84' lang='lat' dir='ltr'>ignaram</span> <span class='ocrx_word' id='word_1_88' title='bbox 2758 1304 3041 1370; x_wconf 87' lang='lat' dir='ltr'>sustenta,</span> <span class='ocrx_word' id='word_1_89' title='bbox 3072 1297 3311 1372; x_wconf 75' lang='lat' dir='ltr'>praesul,</span> <span class='ocrx_word' id='word_1_90' title='bbox 3343 1296 3632 1360; x_wconf 84' lang='lat' dir='ltr'>alumnam,</span> 
     </span>
    </p>
   </div>
   <div class='ocr_carea' id='block_1_14' title="bbox 2136 1384 3646 1470">
    <p class='ocr_par' dir='ltr' id='par_1_14' title="bbox 2136 1384 3646 1470">
     <span class='ocr_line' id='line_1_14' title="bbox 2136 1384 3646 1470; baseline -0.011 -17"><span class='ocrx_word' id='word_1_91' title='bbox 2136 1394 2533 1470; x_wconf 88' lang='lat' dir='ltr'>Lapsantique</span> <span class='ocrx_word' id='word_1_92' title='bbox 2562 1408 2817 1449; x_wconf 89' lang='lat' dir='ltr'>manum</span> <span class='ocrx_word' id='word_1_93' title='bbox 2845 1388 3172 1446; x_wconf 88' lang='lat' dir='ltr'>ductricem</span> <span class='ocrx_word' id='word_1_94' title='bbox 3203 1384 3426 1460; x_wconf 86' lang='lat' dir='ltr'>porige,</span> <span class='ocrx_word' id='word_1_95' title='bbox 3454 1397 3646 1456; x_wconf 70' lang='lat' dir='ltr'>quaeso.</span> 
     </span>
    </p>
   </div>
   <div class='ocr_carea' id='block_1_15' title="bbox 2133 1471 3709 1558">
    <p class='ocr_par' dir='ltr' id='par_1_15' title="bbox 2133 1471 3709 1558">
     <span class='ocr_line' id='line_1_15' title="bbox 2133 1471 3709 1558; baseline -0.01 -16"><span class='ocrx_word' id='word_1_96' title='bbox 2133 1489 2317 1553; x_wconf 87' lang='lat' dir='ltr'>Teste,</span> <span class='ocrx_word' id='word_1_97' title='bbox 2333 1485 2565 1558; x_wconf 92' lang='lat' dir='ltr'>loquor,</span> <span class='ocrx_word' id='word_1_98' title='bbox 2582 1481 2855 1550; x_wconf 90' lang='lat' dir='ltr'>Domino,</span> <span class='ocrx_word' id='word_1_99' title='bbox 2869 1478 3023 1553; x_wconf 88' lang='lat' dir='ltr'>potis</span> <span class='ocrx_word' id='word_1_100' title='bbox 3049 1481 3142 1534; x_wconf 89' lang='lat' dir='ltr'>est</span> <span class='ocrx_word' id='word_1_101' title='bbox 3160 1490 3342 1548; x_wconf 83' lang='lat' dir='ltr'>quem</span> <span class='ocrx_word' id='word_1_102' title='bbox 3367 1471 3547 1529; x_wconf 86' lang='lat' dir='ltr'>fallere</span> <span class='ocrx_word' id='word_1_103' title='bbox 3560 1485 3709 1526; x_wconf 85' lang='lat' dir='ltr'>nemo.</span> 
     </span>
    </p>
   </div>
   <div class='ocr_carea' id='block_1_16' title="bbox 354 336 1755 425">
    <p class='ocr_par' dir='ltr' id='par_1_16' title="bbox 354 336 1755 425">
     <span class='ocr_line' id='line_1_16' title="bbox 354 336 1755 425; baseline -0.016 -15"><span class='ocrx_word' id='word_1_104' title='bbox 354 353 538 425; x_wconf 79' lang='lat' dir='ltr'>Cujus</span> <span class='ocrx_word' id='word_1_105' title='bbox 565 364 750 419; x_wconf 89' lang='lat' dir='ltr'>regna</span> <span class='ocrx_word' id='word_1_106' title='bbox 780 345 951 414; x_wconf 87' lang='lat' dir='ltr'>chao,</span> <span class='ocrx_word' id='word_1_107' title='bbox 984 339 1333 415; x_wconf 70' lang='lat' dir='ltr'>praecellunt</span> <span class='ocrx_word' id='word_1_108' title='bbox 1356 340 1495 409; x_wconf 88' lang='lat' dir='ltr'>jura</span> <span class='ocrx_word' id='word_1_109' title='bbox 1524 336 1755 393; x_wconf 88' lang='lat' dir='ltr'>diebus.</span> 
     </span>
    </p>
   </div>
   <div class='ocr_carea' id='block_1_17' title="bbox 358 424 1916 503">
    <p class='ocr_par' dir='ltr' id='par_1_17' title="bbox 358 424 1916 503">
     <span class='ocr_line' id='line_1_17' title="bbox 358 424 1916 503; baseline -0.015 -4"><span class='ocrx_word' id='word_1_110' title='bbox 358 443 417 500; x_wconf 89' lang='lat' dir='ltr'>Si</span> <span class='ocrx_word' id='word_1_111' title='bbox 441 455 565 497; x_wconf 90' lang='lat' dir='ltr'>non</span> <span class='ocrx_word' id='word_1_112' title='bbox 596 433 928 493; x_wconf 89' lang='lat' dir='ltr'>absurdum</span> <span class='ocrx_word' id='word_1_113' title='bbox 958 431 1263 503; x_wconf 81' lang='lat' dir='ltr'>cuiquam,</span> <span class='ocrx_word' id='word_1_114' title='bbox 1298 428 1386 483; x_wconf 77' lang='lat' dir='ltr'>vel</span> <span class='ocrx_word' id='word_1_115' title='bbox 1418 428 1563 482; x_wconf 82' lang='lat' dir='ltr'>forte</span> <span class='ocrx_word' id='word_1_116' title='bbox 1595 424 1916 480; x_wconf 77' lang='lat' dir='ltr'>molestum</span> 
     </span>
    </p>
   </div>
   <div class='ocr_carea' id='block_1_18' title="bbox 358 511 1829 593">
    <p class='ocr_par' dir='ltr' id='par_1_18' title="bbox 358 511 1829 593">
     <span class='ocr_line' id='line_1_18' title="bbox 358 511 1829 593; baseline -0.014 -7"><span class='ocrx_word' id='word_1_117' title='bbox 358 532 538 593; x_wconf 84' lang='lat' dir='ltr'>Esset,</span> <span class='ocrx_word' id='word_1_118' title='bbox 570 526 632 581; x_wconf 91' lang='lat' dir='ltr'>in</span> <span class='ocrx_word' id='word_1_119' title='bbox 659 525 775 579; x_wconf 86' lang='lat' dir='ltr'>hoc</span> <span class='ocrx_word' id='word_1_120' title='bbox 805 519 1018 593; x_wconf 90' lang='lat' dir='ltr'>sapido</span> <span class='ocrx_word' id='word_1_121' title='bbox 1041 518 1256 574; x_wconf 83' lang='lat' dir='ltr'>vellem</span> <span class='ocrx_word' id='word_1_122' title='bbox 1285 532 1558 572; x_wconf 88' lang='lat' dir='ltr'>sermone</span> <span class='ocrx_word' id='word_1_123' title='bbox 1589 511 1829 579; x_wconf 87' lang='lat' dir='ltr'>morari,</span> 
     </span>
    </p>
   </div>
   <div class='ocr_carea' id='block_1_19' title="bbox 358 601 1866 682">
    <p class='ocr_par' dir='ltr' id='par_1_19' title="bbox 358 601 1866 682">
     <span class='ocr_line' id='line_1_19' title="bbox 358 601 1866 682; baseline -0.012 -8"><span class='ocrx_word' id='word_1_124' title='bbox 358 623 424 674; x_wconf 84' lang='lat' dir='ltr'>Et</span> <span class='ocrx_word' id='word_1_125' title='bbox 448 630 638 671; x_wconf 85' lang='lat' dir='ltr'>novus</span> <span class='ocrx_word' id='word_1_126' title='bbox 669 613 960 682; x_wconf 87' lang='lat' dir='ltr'>interpres</span> <span class='ocrx_word' id='word_1_127' title='bbox 987 608 1279 680; x_wconf 83' lang='lat' dir='ltr'>quiddam</span> <span class='ocrx_word' id='word_1_128' title='bbox 1308 620 1560 661; x_wconf 69' lang='lat' dir='ltr'>maerore</span> <span class='ocrx_word' id='word_1_129' title='bbox 1586 601 1866 669; x_wconf 86' lang='lat' dir='ltr'>levando,</span> 
     </span>
    </p>
   </div>
   <div class='ocr_carea' id='block_1_20' title="bbox 357 691 1797 773">
    <p class='ocr_par' dir='ltr' id='par_1_20' title="bbox 357 691 1797 773">
     <span class='ocr_line' id='line_1_20' title="bbox 357 691 1797 773; baseline -0.012 -11"><span class='ocrx_word' id='word_1_130' title='bbox 357 704 530 773; x_wconf 86' lang='lat' dir='ltr'>Quod</span> <span class='ocrx_word' id='word_1_131' title='bbox 562 716 869 766; x_wconf 84' lang='lat' dir='ltr'>nusquam</span> <span class='ocrx_word' id='word_1_132' title='bbox 896 697 1012 769; x_wconf 89' lang='lat' dir='ltr'>legi</span> <span class='ocrx_word' id='word_1_133' title='bbox 1038 697 1114 752; x_wconf 91' lang='lat' dir='ltr'>de</span> <span class='ocrx_word' id='word_1_134' title='bbox 1144 713 1240 752; x_wconf 89' lang='lat' dir='ltr'>me</span> <span class='ocrx_word' id='word_1_135' title='bbox 1270 696 1532 768; x_wconf 90' lang='lat' dir='ltr'>proferre</span> <span class='ocrx_word' id='word_1_136' title='bbox 1560 691 1797 761; x_wconf 78' lang='lat' dir='ltr'>legenti.</span> 
     </span>
    </p>
   </div>
   <div class='ocr_carea' id='block_1_21' title="bbox 356 782 1743 861">
    <p class='ocr_par' dir='ltr' id='par_1_21' title="bbox 356 782 1743 861">
     <span class='ocr_line' id='line_1_21' title="bbox 356 782 1743 861; baseline -0.012 -9"><span class='ocrx_word' id='word_1_137' title='bbox 356 793 564 853; x_wconf 88' lang='lat' dir='ltr'>Omnis</span> <span class='ocrx_word' id='word_1_138' title='bbox 593 791 654 846; x_wconf 91' lang='lat' dir='ltr'>in</span> <span class='ocrx_word' id='word_1_139' title='bbox 685 789 1004 861; x_wconf 88' lang='lat' dir='ltr'>antiquum</span> <span class='ocrx_word' id='word_1_140' title='bbox 1028 785 1134 859; x_wconf 89' lang='lat' dir='ltr'>qui</span> <span class='ocrx_word' id='word_1_141' title='bbox 1162 786 1458 841; x_wconf 86' lang='lat' dir='ltr'>crcdit.....</span> <span class='ocrx_word' id='word_1_142' title='bbox 1491 782 1743 837; x_wconf 84' lang='lat' dir='ltr'>dierum.</span> 
     </span>
    </p>
   </div>
   <div class='ocr_carea' id='block_1_22' title="bbox 360 870 1632 948">
    <p class='ocr_par' dir='ltr' id='par_1_22' title="bbox 360 870 1632 948">
     <span class='ocr_line' id='line_1_22' title="bbox 360 870 1632 948; baseline -0.011 -8"><span class='ocrx_word' id='word_1_143' title='bbox 360 880 647 940; x_wconf 81' lang='lat' dir='ltr'>Subditur</span> <span class='ocrx_word' id='word_1_144' title='bbox 666 878 832 934; x_wconf 89' lang='lat' dir='ltr'>haud</span> <span class='ocrx_word' id='word_1_145' title='bbox 855 876 1062 948; x_wconf 83' lang='lat' dir='ltr'>juveni</span> <span class='ocrx_word' id='word_1_146' title='bbox 1088 875 1219 931; x_wconf 89' lang='lat' dir='ltr'>talis</span> <span class='ocrx_word' id='word_1_147' title='bbox 1249 873 1481 929; x_wconf 81' lang='lat' dir='ltr'>devotio</span> <span class='ocrx_word' id='word_1_148' title='bbox 1509 870 1632 940; x_wconf 89' lang='lat' dir='ltr'>regi</span> 
     </span>
    </p>
   </div>
   <div class='ocr_carea' id='block_1_23' title="bbox 360 963 1693 1039">
    <p class='ocr_par' dir='ltr' id='par_1_23' title="bbox 360 963 1693 1039">
     <span class='ocr_line' id='line_1_23' title="bbox 360 963 1693 1039; baseline -0.011 -10"><span class='ocrx_word' id='word_1_149' title='bbox 360 978 431 1029; x_wconf 77' lang='lat' dir='ltr'>At</span> <span class='ocrx_word' id='word_1_150' title='bbox 458 987 602 1028; x_wconf 90' lang='lat' dir='ltr'>vero</span> <span class='ocrx_word' id='word_1_151' title='bbox 630 973 836 1039; x_wconf 82' lang='lat' dir='ltr'>gentes</span> <span class='ocrx_word' id='word_1_152' title='bbox 861 967 1034 1023; x_wconf 89' lang='lat' dir='ltr'>stulte</span> <span class='ocrx_word' id='word_1_153' title='bbox 1065 964 1385 1021; x_wconf 86' lang='lat' dir='ltr'>simulacra</span> <span class='ocrx_word' id='word_1_154' title='bbox 1415 963 1693 1025; x_wconf 88' lang='lat' dir='ltr'>colentes,</span> 
     </span>
    </p>
   </div>
   <div class='ocr_carea' id='block_1_24' title="bbox 367 1049 1837 1123">
    <p class='ocr_par' dir='ltr' id='par_1_24' title="bbox 367 1049 1837 1123">
     <span class='ocr_line' id='line_1_24' title="bbox 367 1049 1837 1123; baseline -0.012 -4"><span class='ocrx_word' id='word_1_155' title='bbox 367 1066 517 1119; x_wconf 83' lang='lat' dir='ltr'>Cum</span> <span class='ocrx_word' id='word_1_156' title='bbox 549 1058 662 1114; x_wconf 88' lang='lat' dir='ltr'>sibi</span> <span class='ocrx_word' id='word_1_157' title='bbox 692 1057 1059 1113; x_wconf 86' lang='lat' dir='ltr'>constituunt</span> <span class='ocrx_word' id='word_1_158' title='bbox 1088 1054 1338 1123; x_wconf 87' lang='lat' dir='ltr'>alicujus</span> <span class='ocrx_word' id='word_1_159' title='bbox 1378 1050 1654 1119; x_wconf 74' lang='lat' dir='ltr'>imaginis</span> <span class='ocrx_word' id='word_1_160' title='bbox 1686 1049 1837 1116; x_wconf 90' lang='lat' dir='ltr'>icon,</span> 
     </span>
    </p>
   </div>
   <div class='ocr_carea' id='block_1_25' title="bbox 366 1135 1781 1219">
    <p class='ocr_par' dir='ltr' id='par_1_25' title="bbox 366 1135 1781 1219">
     <span class='ocr_line' id='line_1_25' title="bbox 366 1135 1781 1219; baseline -0.011 -13"><span class='ocrx_word' id='word_1_161' title='bbox 366 1148 643 1219; x_wconf 85' lang='lat' dir='ltr'>Subdunt</span> <span class='ocrx_word' id='word_1_162' title='bbox 669 1162 731 1201; x_wconf 88' lang='lat' dir='ltr'>se</span> <span class='ocrx_word' id='word_1_163' title='bbox 756 1144 963 1215; x_wconf 85' lang='lat' dir='ltr'>juveni</span> <span class='ocrx_word' id='word_1_164' title='bbox 994 1160 1100 1215; x_wconf 88' lang='lat' dir='ltr'>per</span> <span class='ocrx_word' id='word_1_165' title='bbox 1128 1142 1330 1197; x_wconf 79' lang='lat' dir='ltr'>inania</span> <span class='ocrx_word' id='word_1_166' title='bbox 1366 1139 1613 1207; x_wconf 81' lang='lat' dir='ltr'>tigmina</span> <span class='ocrx_word' id='word_1_167' title='bbox 1639 1135 1781 1207; x_wconf 86' lang='lat' dir='ltr'>regi.</span> 
     </span>
    </p>
   </div>
   <div class='ocr_carea' id='block_1_26' title="bbox 368 1229 1469 1308">
    <p class='ocr_par' dir='ltr' id='par_1_26' title="bbox 368 1229 1469 1308">
     <span class='ocr_line' id='line_1_26' title="bbox 368 1229 1469 1308; baseline -0.01 -14"><span class='ocrx_word' id='word_1_168' title='bbox 368 1243 696 1308; x_wconf 74' lang='lat' dir='ltr'>Itegcm.....</span> <span class='ocrx_word' id='word_1_169' title='bbox 727 1233 955 1289; x_wconf 89' lang='lat' dir='ltr'>noviter</span> <span class='ocrx_word' id='word_1_170' title='bbox 980 1232 1063 1287; x_wconf 85' lang='lat' dir='ltr'>sic</span> <span class='ocrx_word' id='word_1_171' title='bbox 1093 1229 1469 1287; x_wconf 78' lang='lat' dir='ltr'>consliluenti</span> 
     </span>
    </p>
   </div>
   <div class='ocr_carea' id='block_1_27' title="bbox 366 1318 1841 1398">
    <p class='ocr_par' dir='ltr' id='par_1_27' title="bbox 366 1318 1841 1398">
     <span class='ocr_line' id='line_1_27' title="bbox 366 1318 1841 1398; baseline -0.009 -16"><span class='ocrx_word' id='word_1_172' title='bbox 366 1326 551 1382; x_wconf 89' lang='lat' dir='ltr'>Nobis</span> <span class='ocrx_word' id='word_1_173' title='bbox 582 1341 687 1398; x_wconf 92' lang='lat' dir='ltr'>per</span> <span class='ocrx_word' id='word_1_174' title='bbox 709 1323 993 1394; x_wconf 85' lang='lat' dir='ltr'>juvenem</span> <span class='ocrx_word' id='word_1_175' title='bbox 1027 1319 1226 1376; x_wconf 85' lang='lat' dir='ltr'>veniat</span> <span class='ocrx_word' id='word_1_176' title='bbox 1253 1318 1589 1376; x_wconf 74' lang='lat' dir='ltr'>benedictio</span> <span class='ocrx_word' id='word_1_177' title='bbox 1621 1332 1841 1385; x_wconf 75' lang='lat' dir='ltr'>regem.</span> 
     </span>
    </p>
   </div>
   <div class='ocr_carea' id='block_1_28' title="bbox 367 1405 1965 1483">
    <p class='ocr_par' dir='ltr' id='par_1_28' title="bbox 367 1405 1965 1483">
     <span class='ocr_line' id='line_1_28' title="bbox 367 1405 1965 1483; baseline -0.008 -12"><span class='ocrx_word' id='word_1_178' title='bbox 367 1419 501 1471; x_wconf 62' lang='lat' dir='ltr'>Hinc</span> <span class='ocrx_word' id='word_1_179' title='bbox 529 1430 641 1483; x_wconf 86' lang='lat' dir='ltr'>ego</span> <span class='ocrx_word' id='word_1_180' title='bbox 672 1415 1069 1476; x_wconf 87' lang='lat' dir='ltr'>commentus,</span> <span class='ocrx_word' id='word_1_181' title='bbox 1103 1409 1334 1481; x_wconf 84' lang='lat' dir='ltr'>scriptis</span> <span class='ocrx_word' id='word_1_182' title='bbox 1363 1424 1484 1464; x_wconf 90' lang='lat' dir='ltr'>non</span> <span class='ocrx_word' id='word_1_183' title='bbox 1512 1408 1735 1475; x_wconf 84' lang='lat' dir='ltr'>derogo</span> <span class='ocrx_word' id='word_1_184' title='bbox 1765 1405 1965 1461; x_wconf 88' lang='lat' dir='ltr'>sacris.</span> 
     </span>
    </p>
   </div>
   <div class='ocr_carea' id='block_1_29' title="bbox 368 1496 1881 1574">
    <p class='ocr_par' dir='ltr' id='par_1_29' title="bbox 368 1496 1881 1574">
     <span class='ocr_line' id='line_1_29' title="bbox 368 1496 1881 1574; baseline -0.007 -13"><span class='ocrx_word' id='word_1_185' title='bbox 368 1506 451 1561; x_wconf 88' lang='lat' dir='ltr'>Sit</span> <span class='ocrx_word' id='word_1_186' title='bbox 479 1508 626 1568; x_wconf 89' lang='lat' dir='ltr'>rata,</span> <span class='ocrx_word' id='word_1_187' title='bbox 658 1518 847 1574; x_wconf 90' lang='lat' dir='ltr'>quam</span> <span class='ocrx_word' id='word_1_188' title='bbox 880 1501 1121 1573; x_wconf 86' lang='lat' dir='ltr'>sapiens</span> <span class='ocrx_word' id='word_1_189' title='bbox 1152 1499 1349 1572; x_wconf 87' lang='lat' dir='ltr'>prodit</span> <span class='ocrx_word' id='word_1_190' title='bbox 1382 1497 1662 1565; x_wconf 89' lang='lat' dir='ltr'>narratio,</span> <span class='ocrx_word' id='word_1_191' title='bbox 1695 1496 1881 1553; x_wconf 82' lang='lat' dir='ltr'>codex</span> 
     </span>
    </p>
   </div>
   <div class='ocr_carea' id='block_1_30' title="bbox 374 1586 1811 1664">
    <p class='ocr_par' dir='ltr' id='par_1_30' title="bbox 374 1586 1811 1664">
     <span class='ocr_line' id='line_1_30' title="bbox 374 1586 1811 1664; baseline -0.006 -15"><span class='ocrx_word' id='word_1_192' title='bbox 374 1592 727 1664; x_wconf 80' lang='lat' dir='ltr'>Exemplum</span> <span class='ocrx_word' id='word_1_193' title='bbox 754 1589 952 1659; x_wconf 88' lang='lat' dir='ltr'>nobis,</span> <span class='ocrx_word' id='word_1_194' title='bbox 986 1588 1323 1644; x_wconf 86' lang='lat' dir='ltr'>authentica</span> <span class='ocrx_word' id='word_1_195' title='bbox 1354 1588 1592 1661; x_wconf 87' lang='lat' dir='ltr'>scriptio</span> <span class='ocrx_word' id='word_1_196' title='bbox 1623 1586 1811 1659; x_wconf 76' lang='lat' dir='ltr'>ponit,</span> 
     </span>
    </p>
   </div>
   <div class='ocr_carea' id='block_1_31' title="bbox 2137 1565 3475 1646">
    <p class='ocr_par' dir='ltr' id='par_1_31' title="bbox 2137 1565 3475 1646">
     <span class='ocr_line' id='line_1_31' title="bbox 2137 1565 3475 1646; baseline -0.011 -14"><span class='ocrx_word' id='word_1_197' title='bbox 2137 1574 2309 1641; x_wconf 86' lang='lat' dir='ltr'>Quod</span> <span class='ocrx_word' id='word_1_198' title='bbox 2331 1590 2455 1630; x_wconf 90' lang='lat' dir='ltr'>non</span> <span class='ocrx_word' id='word_1_199' title='bbox 2479 1571 2719 1646; x_wconf 90' lang='lat' dir='ltr'>pictoris</span> <span class='ocrx_word' id='word_1_200' title='bbox 2747 1569 2914 1638; x_wconf 92' lang='lat' dir='ltr'>ludo,</span> <span class='ocrx_word' id='word_1_201' title='bbox 2940 1583 3051 1623; x_wconf 91' lang='lat' dir='ltr'>nec</span> <span class='ocrx_word' id='word_1_202' title='bbox 3076 1579 3249 1621; x_wconf 92' lang='lat' dir='ltr'>more</span> <span class='ocrx_word' id='word_1_203' title='bbox 3278 1565 3475 1636; x_wconf 66' lang='lat' dir='ltr'>poetae,</span> 
     </span>
    </p>
   </div>
   <div class='ocr_carea' id='block_1_32' title="bbox 375 1651 3407 1745">
    <p class='ocr_par' dir='ltr' id='par_1_32' title="bbox 375 1651 3407 1745">
     <span class='ocr_line' id='line_1_32' title="bbox 375 1651 3407 1745; baseline -0.011 -6"><span class='ocrx_word' id='word_1_204' title='bbox 375 1684 706 1739; x_wconf 82' lang='lat' dir='ltr'>Monstrans</span> <span class='ocrx_word' id='word_1_205' title='bbox 738 1695 859 1733; x_wconf 88' lang='lat' dir='ltr'>non</span> <span class='ocrx_word' id='word_1_206' title='bbox 886 1676 1139 1732; x_wconf 88' lang='lat' dir='ltr'>nimium</span> <span class='ocrx_word' id='word_1_207' title='bbox 1166 1677 1408 1745; x_wconf 80' lang='lat' dir='ltr'>juvenili</span> <span class='ocrx_word' id='word_1_208' title='bbox 1441 1651 1990 1731; x_wconf 42' lang='lat' dir='ltr'>ratam-dolendum.</span> <span class='ocrx_word' id='word_1_209' title='bbox 2060 1681 2101 1734; x_wconf 80' lang='grc' dir='ltr'>Β</span> <span class='ocrx_word' id='word_1_210' title='bbox 2141 1667 2295 1721; x_wconf 86' lang='lat' dir='ltr'>Fuco</span> <span class='ocrx_word' id='word_1_211' title='bbox 2322 1661 2565 1718; x_wconf 91' lang='lat' dir='ltr'>fallendi</span> <span class='ocrx_word' id='word_1_212' title='bbox 2593 1675 2855 1733; x_wconf 90' lang='lat' dir='ltr'>quorum</span> <span class='ocrx_word' id='word_1_213' title='bbox 2884 1656 2980 1713; x_wconf 84' lang='lat' dir='ltr'>lex</span> <span class='ocrx_word' id='word_1_214' title='bbox 3010 1654 3263 1711; x_wconf 85' lang='lat' dir='ltr'>traditur</span> <span class='ocrx_word' id='word_1_215' title='bbox 3284 1651 3407 1706; x_wconf 89' lang='lat' dir='ltr'>nni.</span> 
     </span>
    </p>
   </div>
   <div class='ocr_carea' id='block_1_33' title="bbox 380 1766 2027 1836">
    <p class='ocr_par' dir='ltr' id='par_1_33' title="bbox 380 1766 2027 1836">
     <span class='ocr_line' id='line_1_33' title="bbox 380 1766 2027 1836; baseline -0.006 -8"><span class='ocrx_word' id='word_1_216' title='bbox 380 1775 663 1828; x_wconf 89' lang='lat' dir='ltr'>Strenuus</span> <span class='ocrx_word' id='word_1_217' title='bbox 706 1782 1004 1823; x_wconf 87' lang='lat' dir='ltr'>annorum</span> <span class='ocrx_word' id='word_1_218' title='bbox 1047 1766 1234 1822; x_wconf 87' lang='lat' dir='ltr'>Josias</span> <span class='ocrx_word' id='word_1_219' title='bbox 1287 1782 1385 1821; x_wconf 79' lang='lat' dir='ltr'>rex</span> <span class='ocrx_word' id='word_1_220' title='bbox 1439 1766 1546 1821; x_wconf 90' lang='lat' dir='ltr'>fuit</span> <span class='ocrx_word' id='word_1_221' title='bbox 1592 1769 1723 1820; x_wconf 87' lang='lat' dir='ltr'>octo</span> <span class='ocrx_word' id='word_1_222' title='bbox 1747 1766 1811 1836; x_wconf 67' lang='lat'>(1</span> <span class='ocrx_word' id='word_1_223' title='bbox 1823 1766 1868 1819; x_wconf 91' lang='lat' dir='ltr'><em>V</em></span> <span class='ocrx_word' id='word_1_224' title='bbox 1892 1767 2027 1833; x_wconf 81' lang='lat' dir='ltr'>Reg.</span> 
     </span>
    </p>
   </div>
   <div class='ocr_carea' id='block_1_34' title="bbox 1794 1870 1911 1909">
    <p class='ocr_par' dir='ltr' id='par_1_34' title="bbox 1794 1870 1911 1909">
     <span class='ocr_line' id='line_1_34' title="bbox 1794 1870 1911 1909; baseline -0.009 0"><span class='ocrx_word' id='word_1_225' title='bbox 1794 1870 1911 1909; x_wconf 77' lang='lat' dir='ltr'>XXII</span> 
     </span>
    </p>
   </div>
   <div class='ocr_carea' id='block_1_35' title="bbox 381 1856 1958 2003">
    <p class='ocr_par' dir='ltr' id='par_1_35' title="bbox 381 1856 1958 2003">
     <span class='ocr_line' id='line_1_35' title="bbox 1794 1870 1911 1909; baseline -0.009 0"><span class='ocrx_word' id='word_1_226' title='bbox 1794 1870 1911 1909; x_wconf 81' lang='lat' dir='ltr'>xxn</span> 
     </span>
     <span class='ocr_line' id='line_1_36' title="bbox 381 1856 1958 2003; baseline -0.006 -14"><span class='ocrx_word' id='word_1_227' title='bbox 381 1936 528 1989; x_wconf 82' lang='lat' dir='ltr'>Cum</span> <span class='ocrx_word' id='word_1_228' title='bbox 561 1929 825 2003; x_wconf 86' lang='lat' dir='ltr'>primum</span> <span class='ocrx_word' id='word_1_229' title='bbox 849 1944 1036 1997; x_wconf 87' lang='lat' dir='ltr'>regno</span> <span class='ocrx_word' id='word_1_230' title='bbox 1066 1928 1229 1995; x_wconf 76' lang='lat' dir='ltr'>fungi</span> <span class='ocrx_word' id='word_1_231' title='bbox 1261 1926 1539 1999; x_wconf 78' lang='lat' dir='ltr'>crrpisset</span> <span class='ocrx_word' id='word_1_232' title='bbox 1567 1856 1786 1982; x_wconf 75' lang='lat' dir='ltr'>avito:[</span> <span class='ocrx_word' id='word_1_233' title='bbox 1923 1856 1958 1925; x_wconf 65' lang='grc'>)’</span> 
     </span>
    </p>
   </div>
   <div class='ocr_carea' id='block_1_36' title="bbox 381 2017 1641 2090">
    <p class='ocr_par' dir='ltr' id='par_1_36' title="bbox 381 2017 1641 2090">
     <span class='ocr_line' id='line_1_37' title="bbox 381 2017 1641 2090; baseline -0.005 -13"><span class='ocrx_word' id='word_1_234' title='bbox 381 2022 677 2090; x_wconf 82' lang='lat' dir='ltr'>Firmatus</span> <span class='ocrx_word' id='word_1_235' title='bbox 705 2035 848 2074; x_wconf 89' lang='lat' dir='ltr'>vero</span> <span class='ocrx_word' id='word_1_236' title='bbox 873 2034 1057 2073; x_wconf 90' lang='lat' dir='ltr'>sensu</span> <span class='ocrx_word' id='word_1_237' title='bbox 1082 2017 1368 2072; x_wconf 81' lang='lat' dir='ltr'>solidatus</span> <span class='ocrx_word' id='word_1_238' title='bbox 1408 2021 1463 2071; x_wconf 83' lang='lat' dir='ltr'>et</span> <span class='ocrx_word' id='word_1_239' title='bbox 1493 2032 1641 2072; x_wconf 67' lang='lat' dir='ltr'>(evo.</span> 
     </span>
    </p>
   </div>
   <div class='ocr_carea' id='block_1_37' title="bbox 2140 1736 3612 1821">
    <p class='ocr_par' dir='ltr' id='par_1_37' title="bbox 2140 1736 3612 1821">
     <span class='ocr_line' id='line_1_38' title="bbox 2140 1736 3612 1821; baseline -0.012 -11"><span class='ocrx_word' id='word_1_240' title='bbox 2140 1754 2296 1810; x_wconf 76' lang='lat' dir='ltr'>Alter</span> <span class='ocrx_word' id='word_1_241' title='bbox 2324 1751 2506 1808; x_wconf 86' lang='lat' dir='ltr'>habet</span> <span class='ocrx_word' id='word_1_242' title='bbox 2532 1750 2682 1821; x_wconf 88' lang='lat' dir='ltr'>juris</span> <span class='ocrx_word' id='word_1_243' title='bbox 2711 1747 2943 1821; x_wconf 91' lang='lat' dir='ltr'>poesim</span> <span class='ocrx_word' id='word_1_244' title='bbox 2983 1756 3345 1817; x_wconf 86' lang='lat' dir='ltr'>componere</span> <span class='ocrx_word' id='word_1_245' title='bbox 3373 1736 3612 1796; x_wconf 86' lang='lat' dir='ltr'>mendis:</span> 
     </span>
    </p>
   </div>
   <div class='ocr_carea' id='block_1_38' title="bbox 2141 1826 3713 1913">
    <p class='ocr_par' dir='ltr' id='par_1_38' title="bbox 2141 1826 3713 1913">
     <span class='ocr_line' id='line_1_39' title="bbox 2141 1826 3713 1913; baseline -0.013 -14"><span class='ocrx_word' id='word_1_246' title='bbox 2141 1843 2255 1899; x_wconf 90' lang='lat' dir='ltr'>Sed</span> <span class='ocrx_word' id='word_1_247' title='bbox 2283 1840 2447 1913; x_wconf 89' lang='lat' dir='ltr'>quod</span> <span class='ocrx_word' id='word_1_248' title='bbox 2478 1838 2662 1895; x_wconf 87' lang='lat' dir='ltr'>verba</span> <span class='ocrx_word' id='word_1_249' title='bbox 2686 1840 2920 1905; x_wconf 90' lang='lat' dir='ltr'>notant,</span> <span class='ocrx_word' id='word_1_250' title='bbox 2952 1833 3098 1891; x_wconf 91' lang='lat' dir='ltr'>illud</span> <span class='ocrx_word' id='word_1_251' title='bbox 3133 1829 3457 1905; x_wconf 60' lang='lat' dir='ltr'>prmcordia</span> <span class='ocrx_word' id='word_1_252' title='bbox 3483 1826 3713 1891; x_wconf 85' lang='lat' dir='ltr'>clamant;</span> 
     </span>
    </p>
   </div>
   <div class='ocr_carea' id='block_1_39' title="bbox 2147 1914 3718 2002">
    <p class='ocr_par' dir='ltr' id='par_1_39' title="bbox 2147 1914 3718 2002">
     <span class='ocr_line' id='line_1_40' title="bbox 2147 1914 3718 2002; baseline -0.011 -14"><span class='ocrx_word' id='word_1_253' title='bbox 2147 1932 2354 1990; x_wconf 77' lang='lat' dir='ltr'>Scribit</span> <span class='ocrx_word' id='word_1_254' title='bbox 2400 1928 2686 2002; x_wconf 87' lang='lat' dir='ltr'>quodque</span> <span class='ocrx_word' id='word_1_255' title='bbox 2740 1942 2975 1994; x_wconf 90' lang='lat' dir='ltr'>manus,</span> <span class='ocrx_word' id='word_1_256' title='bbox 3024 1922 3313 1995; x_wconf 87' lang='lat' dir='ltr'>scriptum</span> <span class='ocrx_word' id='word_1_257' title='bbox 3359 1934 3514 1974; x_wconf 88' lang='lat' dir='ltr'>mens</span> <span class='ocrx_word' id='word_1_258' title='bbox 3552 1914 3718 1972; x_wconf 79' lang='lat' dir='ltr'>obtinet</span> 
     </span>
    </p>
   </div>
   <div class='ocr_carea' id='block_1_40' title="bbox 3510 2004 3705 2076">
    <p class='ocr_par' dir='ltr' id='par_1_40' title="bbox 3510 2004 3705 2076">
     <span class='ocr_line' id='line_1_41' title="bbox 3510 2004 3705 2076; baseline -0.021 -16"><span class='ocrx_word' id='word_1_259' title='bbox 3510 2004 3669 2076; x_wconf 72' lang='lat' dir='ltr'>[intus</span> <span class='ocrx_word' id='word_1_260' title='bbox 3702 2010 3705 2017; x_wconf 80' lang='lat'>‘</span> 
     </span>
    </p>
   </div>
   <div class='ocr_carea' id='block_1_41' title="bbox 381 2105 1782 2180">
    <p class='ocr_par' dir='ltr' id='par_1_41' title="bbox 381 2105 1782 2180">
     <span class='ocr_line' id='line_1_42' title="bbox 381 2105 1782 2180; baseline -0.005 -14"><span class='ocrx_word' id='word_1_261' title='bbox 381 2110 668 2180; x_wconf 81' lang='lat' dir='ltr'>Indeptus</span> <span class='ocrx_word' id='word_1_262' title='bbox 698 2106 891 2180; x_wconf 88' lang='lat' dir='ltr'>plenis</span> <span class='ocrx_word' id='word_1_263' title='bbox 922 2111 1225 2162; x_wconf 89' lang='lat' dir='ltr'>maturum</span> <span class='ocrx_word' id='word_1_264' title='bbox 1268 2106 1448 2161; x_wconf 88' lang='lat' dir='ltr'>robur</span> <span class='ocrx_word' id='word_1_265' title='bbox 1478 2106 1555 2161; x_wconf 85' lang='lat' dir='ltr'>ab</span> <span class='ocrx_word' id='word_1_266' title='bbox 1585 2105 1782 2169; x_wconf 88' lang='lat' dir='ltr'>annis,</span> 
     </span>
    </p>
   </div>
   <div class='ocr_carea' id='block_1_42' title="bbox 384 2195 1572 2262">
    <p class='ocr_par' dir='ltr' id='par_1_42' title="bbox 384 2195 1572 2262">
     <span class='ocr_line' id='line_1_43' title="bbox 384 2195 1572 2262; baseline -0.003 -7"><span class='ocrx_word' id='word_1_267' title='bbox 384 2198 515 2255; x_wconf 87' lang='lat' dir='ltr'>Zelo</span> <span class='ocrx_word' id='word_1_268' title='bbox 540 2196 789 2253; x_wconf 81' lang='lat' dir='ltr'>ferventi</span> <span class='ocrx_word' id='word_1_269' title='bbox 810 2195 1035 2251; x_wconf 85' lang='lat' dir='ltr'>studuit</span> <span class='ocrx_word' id='word_1_270' title='bbox 1058 2195 1276 2251; x_wconf 84' lang='lat' dir='ltr'>servire</span> <span class='ocrx_word' id='word_1_271' title='bbox 1306 2195 1572 2262; x_wconf 88' lang='lat' dir='ltr'>Tonanti,</span> 
     </span>
    </p>
   </div>
   <div class='ocr_carea' id='block_1_43' title="bbox 386 2284 1931 2358">
    <p class='ocr_par' dir='ltr' id='par_1_43' title="bbox 386 2284 1931 2358">
     <span class='ocr_line' id='line_1_44' title="bbox 386 2284 1931 2358; baseline -0.005 -13"><span class='ocrx_word' id='word_1_272' title='bbox 386 2290 683 2345; x_wconf 90' lang='lat' dir='ltr'>lnstaurat</span> <span class='ocrx_word' id='word_1_273' title='bbox 704 2284 1014 2358; x_wconf 89' lang='lat' dir='ltr'>templum,</span> <span class='ocrx_word' id='word_1_274' title='bbox 1042 2284 1342 2356; x_wconf 88' lang='lat' dir='ltr'>comitque</span> <span class='ocrx_word' id='word_1_275' title='bbox 1369 2284 1678 2340; x_wconf 83' lang='lat' dir='ltr'>ornatibus</span> <span class='ocrx_word' id='word_1_276' title='bbox 1710 2285 1931 2357; x_wconf 89' lang='lat' dir='ltr'>ipsum,</span> 
     </span>
    </p>
   </div>
   <div class='ocr_carea' id='block_1_44' title="bbox 387 2361 3718 2451">
    <p class='ocr_par' dir='ltr' id='par_1_44' title="bbox 387 2361 3718 2451">
     <span class='ocr_line' id='line_1_45' title="bbox 387 2361 3718 2451; baseline -0.007 -16"><span class='ocrx_word' id='word_1_277' title='bbox 387 2377 635 2436; x_wconf 90' lang='lat' dir='ltr'>Ordinat</span> <span class='ocrx_word' id='word_1_278' title='bbox 661 2373 947 2442; x_wconf 80' lang='lat' dir='ltr'>ofﬁcium,</span> <span class='ocrx_word' id='word_1_279' title='bbox 979 2373 1339 2429; x_wconf 78' lang='lat' dir='ltr'>divinatione</span> <span class='ocrx_word' id='word_1_280' title='bbox 1370 2375 1655 2445; x_wconf 85' lang='lat' dir='ltr'>dicatum,</span> <span class='ocrx_word' id='word_1_281' title='bbox 2152 2377 2470 2451; x_wconf 72' lang='lat' dir='ltr'>Utpondus</span> <span class='ocrx_word' id='word_1_282' title='bbox 2488 2375 2821 2449; x_wconf 61' lang='lat' dir='ltr'>proprium,</span> <span class='ocrx_word' id='word_1_283' title='bbox 2841 2387 3023 2445; x_wconf 80' lang='lat' dir='ltr'>quem</span> <span class='ocrx_word' id='word_1_284' title='bbox 3034 2369 3276 2426; x_wconf 76' lang='lat' dir='ltr'>lassans</span> <span class='ocrx_word' id='word_1_285' title='bbox 3288 2363 3549 2434; x_wconf 77' lang='lat' dir='ltr'>mergitin</span> <span class='ocrx_word' id='word_1_286' title='bbox 3564 2361 3718 2424; x_wconf 79' lang='lat' dir='ltr'>immn,</span> 
     </span>
    </p>
   </div>
   <div class='ocr_carea' id='block_1_45' title="bbox 389 2449 3720 2537">
    <p class='ocr_par' dir='ltr' id='par_1_45' title="bbox 389 2449 3720 2537">
     <span class='ocr_line' id='line_1_46' title="bbox 389 2449 3720 2537; baseline -0.005 -14"><span class='ocrx_word' id='word_1_287' title='bbox 389 2470 540 2537; x_wconf 82' lang='lat' dir='ltr'>Lege</span> <span class='ocrx_word' id='word_1_288' title='bbox 570 2467 775 2521; x_wconf 88' lang='lat' dir='ltr'>monet</span> <span class='ocrx_word' id='word_1_289' title='bbox 799 2462 1112 2536; x_wconf 90' lang='lat' dir='ltr'>populum,</span> <span class='ocrx_word' id='word_1_290' title='bbox 1145 2462 1386 2532; x_wconf 82' lang='lat' dir='ltr'>instigat</span> <span class='ocrx_word' id='word_1_291' title='bbox 1414 2463 1553 2519; x_wconf 76' lang='lat' dir='ltr'>ﬂere</span> <span class='ocrx_word' id='word_1_292' title='bbox 1585 2469 1838 2535; x_wconf 87' lang='lat' dir='ltr'>reatum,</span> <span class='ocrx_word' id='word_1_293' title='bbox 2153 2449 2424 2525; x_wconf 78' lang='lat' dir='ltr'>Erectum</span> <span class='ocrx_word' id='word_1_294' title='bbox 2450 2470 2673 2522; x_wconf 85' lang='lat' dir='ltr'>statuat</span> <span class='ocrx_word' id='word_1_295' title='bbox 2699 2466 2883 2536; x_wconf 85' lang='lat' dir='ltr'>(Rom.</span> <span class='ocrx_word' id='word_1_296' title='bbox 2908 2463 3046 2532; x_wconf 75' lang='lat' dir='ltr'>xw),</span> <span class='ocrx_word' id='word_1_297' title='bbox 3069 2459 3170 2516; x_wconf 90' lang='lat' dir='ltr'>cui</span> <span class='ocrx_word' id='word_1_298' title='bbox 3193 2457 3387 2515; x_wconf 86' lang='lat' dir='ltr'>standi</span> <span class='ocrx_word' id='word_1_299' title='bbox 3408 2454 3571 2511; x_wconf 90' lang='lat' dir='ltr'>robur</span> <span class='ocrx_word' id='word_1_300' title='bbox 3586 2449 3720 2508; x_wconf 78' lang='lat' dir='ltr'>abun-</span> 
     </span>
    </p>
   </div>
   <div class='ocr_carea' id='block_1_46' title="bbox 394 2541 3671 2623">
    <p class='ocr_par' dir='ltr' id='par_1_46' title="bbox 394 2541 3671 2623">
     <span class='ocr_line' id='line_1_47' title="bbox 394 2541 3671 2623; baseline -0.004 -10"><span class='ocrx_word' id='word_1_301' title='bbox 394 2554 689 2614; x_wconf 89' lang='lat' dir='ltr'>Scandala</span> <span class='ocrx_word' id='word_1_302' title='bbox 715 2552 986 2622; x_wconf 88' lang='lat' dir='ltr'>dimovit,</span> <span class='ocrx_word' id='word_1_303' title='bbox 1017 2552 1185 2608; x_wconf 87' lang='lat' dir='ltr'>lucos</span> <span class='ocrx_word' id='word_1_304' title='bbox 1224 2551 1533 2607; x_wconf 80' lang='lat' dir='ltr'>excindere</span> <span class='ocrx_word' id='word_1_305' title='bbox 1561 2554 1755 2623; x_wconf 87' lang='lat' dir='ltr'>jussit,</span> <span class='ocrx_word' id='word_1_306' title='bbox 3562 2541 3671 2613; x_wconf 64' lang='lat' dir='ltr'>[dat</span> 
     </span>
    </p>
   </div>
   <div class='ocr_carea' id='block_1_47' title="bbox 394 2636 3621 2720">
    <p class='ocr_par' dir='ltr' id='par_1_47' title="bbox 394 2636 3621 2720">
     <span class='ocr_line' id='line_1_48' title="bbox 394 2636 3621 2720; baseline -0.006 -18"><span class='ocrx_word' id='word_1_307' title='bbox 394 2644 579 2702; x_wconf 88' lang='lat' dir='ltr'>David</span> <span class='ocrx_word' id='word_1_308' title='bbox 607 2644 713 2699; x_wconf 86' lang='lat' dir='ltr'>iter</span> <span class='ocrx_word' id='word_1_309' title='bbox 740 2641 926 2710; x_wconf 90' lang='lat' dir='ltr'>vadit,</span> <span class='ocrx_word' id='word_1_310' title='bbox 960 2640 1212 2697; x_wconf 91' lang='lat' dir='ltr'>Domino</span> <span class='ocrx_word' id='word_1_311' title='bbox 1238 2646 1578 2697; x_wconf 87' lang='lat' dir='ltr'>constanter</span> <span class='ocrx_word' id='word_1_312' title='bbox 1607 2642 1875 2698; x_wconf 67' lang='lat' dir='ltr'>adhaesit.</span> <span class='ocrx_word' id='word_1_313' title='bbox 2154 2646 2435 2720; x_wconf 63' lang='lat' dir='ltr'>leipeta</span> <span class='ocrx_word' id='word_1_314' title='bbox 2463 2643 2728 2701; x_wconf 76' lang='lat' dir='ltr'>insonuit</span> <span class='ocrx_word' id='word_1_315' title='bbox 2756 2648 2964 2698; x_wconf 77' lang='lat' dir='ltr'>sancto</span> <span class='ocrx_word' id='word_1_316' title='bbox 2995 2640 3161 2713; x_wconf 81' lang='lat' dir='ltr'>quod</span> <span class='ocrx_word' id='word_1_317' title='bbox 3197 2636 3502 2712; x_wconf 78' lang='lat' dir='ltr'>Apostolus</span> <span class='ocrx_word' id='word_1_318' title='bbox 3525 2646 3621 2698; x_wconf 79' lang='lat' dir='ltr'>ore,</span> 
     </span>
    </p>
   </div>
   <div class='ocr_carea' id='block_1_48' title="bbox 397 2729 3427 2809">
    <p class='ocr_par' dir='ltr' id='par_1_48' title="bbox 397 2729 3427 2809">
     <span class='ocr_line' id='line_1_49' title="bbox 397 2729 3427 2809; baseline -0.003 -18"><span class='ocrx_word' id='word_1_319' title='bbox 397 2739 477 2791; x_wconf 86' lang='lat' dir='ltr'>En</span> <span class='ocrx_word' id='word_1_320' title='bbox 508 2750 630 2807; x_wconf 91' lang='lat' dir='ltr'>quo</span> <span class='ocrx_word' id='word_1_321' title='bbox 661 2730 909 2805; x_wconf 84' lang='lat' dir='ltr'>profecit</span> <span class='ocrx_word' id='word_1_322' title='bbox 939 2730 1043 2803; x_wconf 89' lang='lat' dir='ltr'>qui</span> <span class='ocrx_word' id='word_1_323' title='bbox 1068 2729 1238 2802; x_wconf 91' lang='lat' dir='ltr'>pusio</span> <span class='ocrx_word' id='word_1_324' title='bbox 1266 2746 1450 2799; x_wconf 81' lang='lat' dir='ltr'>regna</span> <span class='ocrx_word' id='word_1_325' title='bbox 1479 2731 1769 2803; x_wconf 84' lang='lat' dir='ltr'>capessit!</span> <span class='ocrx_word' id='word_1_326' title='bbox 2155 2740 2234 2794; x_wconf 85' lang='lat' dir='ltr'>De</span> <span class='ocrx_word' id='word_1_327' title='bbox 2265 2753 2359 2793; x_wconf 87' lang='lat' dir='ltr'>me</span> <span class='ocrx_word' id='word_1_328' title='bbox 2391 2735 2709 2809; x_wconf 82' lang='lat' dir='ltr'>profiteor:</span> <span class='ocrx_word' id='word_1_329' title='bbox 2745 2737 2965 2788; x_wconf 84' lang='lat' dir='ltr'>Revera</span> <span class='ocrx_word' id='word_1_330' title='bbox 2994 2731 3241 2787; x_wconf 90' lang='lat' dir='ltr'>nescius</span> <span class='ocrx_word' id='word_1_331' title='bbox 3271 2744 3427 2785; x_wconf 90' lang='lat' dir='ltr'>error</span> 
     </span>
    </p>
   </div>
   <div class='ocr_carea' id='block_1_49' title="bbox 393 2817 3593 2895">
    <p class='ocr_par' dir='ltr' id='par_1_49' title="bbox 393 2817 3593 2895">
     <span class='ocr_line' id='line_1_50' title="bbox 393 2817 3593 2895; baseline -0.005 -16"><span class='ocrx_word' id='word_1_332' title='bbox 393 2824 558 2895; x_wconf 86' lang='lat' dir='ltr'>Quis,</span> <span class='ocrx_word' id='word_1_333' title='bbox 588 2836 758 2891; x_wconf 88' lang='lat' dir='ltr'>rogo,</span> <span class='ocrx_word' id='word_1_334' title='bbox 790 2836 952 2875; x_wconf 90' lang='lat' dir='ltr'>nunc</span> <span class='ocrx_word' id='word_1_335' title='bbox 977 2819 1182 2890; x_wconf 88' lang='lat' dir='ltr'>juveni</span> <span class='ocrx_word' id='word_1_336' title='bbox 1211 2820 1385 2875; x_wconf 86' lang='lat' dir='ltr'>debet</span> <span class='ocrx_word' id='word_1_337' title='bbox 1416 2819 1684 2877; x_wconf 77' lang='lat' dir='ltr'>difﬁdere</span> <span class='ocrx_word' id='word_1_338' title='bbox 1714 2821 1885 2892; x_wconf 80' lang='lat' dir='ltr'>regi?</span> <span class='ocrx_word' id='word_1_339' title='bbox 2156 2824 2418 2884; x_wconf 78' lang='lat' dir='ltr'>Obnubit</span> <span class='ocrx_word' id='word_1_340' title='bbox 2446 2827 2728 2890; x_wconf 74' lang='lat' dir='ltr'>mentem,</span> <span class='ocrx_word' id='word_1_341' title='bbox 2764 2822 2971 2878; x_wconf 71' lang='lat' dir='ltr'>crebro</span> <span class='ocrx_word' id='word_1_342' title='bbox 3013 2819 3284 2893; x_wconf 70' lang='lat' dir='ltr'>fallitque</span> <span class='ocrx_word' id='word_1_343' title='bbox 3314 2817 3593 2873; x_wconf 82' lang='lat' dir='ltr'>videntem.</span> 
     </span>
    </p>
   </div>
   <div class='ocr_carea' id='block_1_50' title="bbox 394 2899 3664 2986">
    <p class='ocr_par' dir='ltr' id='par_1_50' title="bbox 394 2899 3664 2986">
     <span class='ocr_line' id='line_1_51' title="bbox 394 2899 3664 2986; baseline -0.005 -16"><span class='ocrx_word' id='word_1_344' title='bbox 394 2910 734 2969; x_wconf 88' lang='lat' dir='ltr'>Dummodo</span> <span class='ocrx_word' id='word_1_345' title='bbox 765 2914 980 2966; x_wconf 89' lang='lat' dir='ltr'>cuncta</span> <span class='ocrx_word' id='word_1_346' title='bbox 1006 2925 1219 2979; x_wconf 86' lang='lat' dir='ltr'>regens</span> <span class='ocrx_word' id='word_1_347' title='bbox 1251 2914 1367 2966; x_wconf 77' lang='lat' dir='ltr'>Rex</span> <span class='ocrx_word' id='word_1_348' title='bbox 1400 2926 1608 2981; x_wconf 88' lang='lat' dir='ltr'>regum</span> <span class='ocrx_word' id='word_1_349' title='bbox 1639 2910 1856 2983; x_wconf 85' lang='lat' dir='ltr'>dirigat</span> <span class='ocrx_word' id='word_1_350' title='bbox 1897 2912 2045 2986; x_wconf 89' lang='lat' dir='ltr'>ipse.</span> <span class='ocrx_word' id='word_1_351' title='bbox 2155 2918 2361 2970; x_wconf 86' lang='lat' dir='ltr'>Nonne</span> <span class='ocrx_word' id='word_1_352' title='bbox 2389 2911 2600 2968; x_wconf 86' lang='lat' dir='ltr'>videns</span> <span class='ocrx_word' id='word_1_353' title='bbox 2630 2910 2848 2968; x_wconf 83' lang='lat' dir='ltr'>fallor?</span> <span class='ocrx_word' id='word_1_354' title='bbox 2878 2925 3130 2965; x_wconf 88' lang='lat' dir='ltr'>cernens</span> <span class='ocrx_word' id='word_1_355' title='bbox 3160 2912 3222 2964; x_wconf 91' lang='lat' dir='ltr'>et</span> <span class='ocrx_word' id='word_1_356' title='bbox 3246 2905 3464 2963; x_wconf 88' lang='lat' dir='ltr'>visibus</span> <span class='ocrx_word' id='word_1_357' title='bbox 3485 2899 3664 2959; x_wconf 71' lang='lat' dir='ltr'>arbor!</span> 
     </span>
    </p>
   </div>
   <div class='ocr_carea' id='block_1_51' title="bbox 396 2991 3680 3089">
    <p class='ocr_par' dir='ltr' id='par_1_51' title="bbox 396 2991 3680 3089">
     <span class='ocr_line' id='line_1_52' title="bbox 396 2991 3680 3089; baseline -0.005 -29"><span class='ocrx_word' id='word_1_358' title='bbox 396 3004 670 3060; x_wconf 89' lang='lat' dir='ltr'>Sincerus</span> <span class='ocrx_word' id='word_1_359' title='bbox 689 3005 843 3057; x_wconf 89' lang='lat' dir='ltr'>certe</span> <span class='ocrx_word' id='word_1_360' title='bbox 873 2999 1109 3057; x_wconf 85' lang='lat' dir='ltr'>Samuel</span> <span class='ocrx_word' id='word_1_361' title='bbox 1143 3001 1202 3068; x_wconf 91' lang='lat' dir='ltr'>(I</span> <span class='ocrx_word' id='word_1_362' title='bbox 1226 3003 1366 3072; x_wconf 82' lang='lat' dir='ltr'>Reg.</span> <span class='ocrx_word' id='word_1_363' title='bbox 1388 3002 1489 3072; x_wconf 83' lang='grc' dir='ltr'>ιιι),</span> <span class='ocrx_word' id='word_1_364' title='bbox 1519 3001 1841 3074; x_wconf 89' lang='lat' dir='ltr'>Danielque</span> <span class='ocrx_word' id='word_1_365' title='bbox 1872 3004 2046 3071; x_wconf 85' lang='lat' dir='ltr'>(Dan.</span> <span class='ocrx_word' id='word_1_366' title='bbox 2076 3030 2118 3089; x_wconf 73' lang='grc' dir='ltr'>ο</span> <span class='ocrx_word' id='word_1_367' title='bbox 2160 3004 2320 3063; x_wconf 81' lang='lat' dir='ltr'>Pauli</span> <span class='ocrx_word' id='word_1_368' title='bbox 2343 3019 2489 3060; x_wconf 89' lang='lat' dir='ltr'>voce</span> <span class='ocrx_word' id='word_1_369' title='bbox 2518 3002 2754 3075; x_wconf 90' lang='lat' dir='ltr'>loquor,</span> <span class='ocrx_word' id='word_1_370' title='bbox 2783 3001 2928 3075; x_wconf 89' lang='lat' dir='ltr'>quid</span> <span class='ocrx_word' id='word_1_371' title='bbox 2957 3016 3141 3071; x_wconf 86' lang='lat' dir='ltr'>agam</span> <span class='ocrx_word' id='word_1_372' title='bbox 3170 3014 3301 3055; x_wconf 89' lang='lat' dir='ltr'>non</span> <span class='ocrx_word' id='word_1_373' title='bbox 3331 2995 3505 3052; x_wconf 86' lang='lat' dir='ltr'>sentio</span> <span class='ocrx_word' id='word_1_374' title='bbox 3524 2991 3680 3065; x_wconf 81' lang='lat' dir='ltr'>plane,</span> 
     </span>
    </p>
   </div>
   <div class='ocr_carea' id='block_1_52' title="bbox 1542 3080 3727 3166">
    <p class='ocr_par' dir='ltr' id='par_1_52' title="bbox 1542 3080 3727 3166">
     <span class='ocr_line' id='line_1_53' title="bbox 1542 3080 3727 3166; baseline -0.004 -20"><span class='ocrx_word' id='word_1_375' title='bbox 1542 3093 1689 3163; x_wconf 80' lang='lat' dir='ltr'>[xm)</span> <span class='ocrx_word' id='word_1_376' title='bbox 1720 3093 2047 3165; x_wconf 78' lang='lat' dir='ltr'>Prophetas,</span> <span class='ocrx_word' id='word_1_377' title='bbox 2081 3080 2118 3089; x_wconf 64' lang='grc'><strong><em>“</em></strong></span> <span class='ocrx_word' id='word_1_378' title='bbox 2157 3090 2862 3166; x_wconf 88' lang='lat' dir='ltr'>lgnoransoperor,quod</span> <span class='ocrx_word' id='word_1_379' title='bbox 2880 3105 3004 3146; x_wconf 89' lang='lat' dir='ltr'>non</span> <span class='ocrx_word' id='word_1_380' title='bbox 3020 3087 3293 3158; x_wconf 83' lang='lat' dir='ltr'>intelligo</span> <span class='ocrx_word' id='word_1_381' title='bbox 3308 3080 3727 3166; x_wconf 77' lang='lat' dir='ltr'>factor(Rom.vu)_-</span> 
     </span>
    </p>
   </div>
   <div class='ocr_carea' id='block_1_53' title="bbox 2156 3163 3730 3249">
    <p class='ocr_par' dir='ltr' id='par_1_53' title="bbox 2156 3163 3730 3249">
     <span class='ocr_line' id='line_1_54' title="bbox 2156 3163 3730 3249; baseline -0.013 -11"><span class='ocrx_word' id='word_1_382' title='bbox 2156 3163 2361 3238; x_wconf 72' lang='lat' dir='ltr'>Vel-scr</span> <span class='ocrx_word' id='word_1_383' title='bbox 2392 3185 2455 3236; x_wconf 89' lang='lat' dir='ltr'>ut</span> <span class='ocrx_word' id='word_1_384' title='bbox 2484 3163 2543 3236; x_wconf 86' lang='lat' dir='ltr'>in</span> <span class='ocrx_word' id='word_1_385' title='bbox 2576 3179 2806 3236; x_wconf 91' lang='lat' dir='ltr'>mundo</span> <span class='ocrx_word' id='word_1_386' title='bbox 2855 3178 3062 3249; x_wconf 87' lang='lat' dir='ltr'>fragile</span> <span class='ocrx_word' id='word_1_387' title='bbox 3092 3192 3265 3233; x_wconf 80' lang='lat' dir='ltr'>nunc</span> <span class='ocrx_word' id='word_1_388' title='bbox 3291 3174 3423 3231; x_wconf 88' lang='lat' dir='ltr'>utile</span> <span class='ocrx_word' id='word_1_389' title='bbox 3461 3172 3593 3228; x_wconf 88' lang='lat' dir='ltr'>duco</span> <span class='ocrx_word' id='word_1_390' title='bbox 3616 3163 3730 3231; x_wconf 71' lang='lat' dir='ltr'>(Phi-</span> 
     </span>
    </p>
   </div>
   <div class='ocr_carea' id='block_1_54' title="bbox 3503 3261 3682 3336">
    <p class='ocr_par' dir='ltr' id='par_1_54' title="bbox 3503 3261 3682 3336">
     <span class='ocr_line' id='line_1_55' title="bbox 3503 3261 3682 3336; baseline -0.045 -18"><span class='ocrx_word' id='word_1_391' title='bbox 3503 3263 3607 3336; x_wconf 79' lang='grc' dir='ltr'>[ιὶρ.</span> <span class='ocrx_word' id='word_1_392' title='bbox 3638 3261 3682 3321; x_wconf 85' lang='grc' dir='ltr'>ι).</span> 
     </span>
    </p>
   </div>
   <div class='ocr_carea' id='block_1_55' title="bbox 2160 3349 3728 3439">
    <p class='ocr_par' dir='ltr' id='par_1_55' title="bbox 2160 3349 3728 3439">
     <span class='ocr_line' id='line_1_56' title="bbox 2160 3349 3728 3439; baseline -0.01 -15"><span class='ocrx_word' id='word_1_393' title='bbox 2160 3369 2225 3424; x_wconf 91' lang='lat' dir='ltr'>Ut</span> <span class='ocrx_word' id='word_1_394' title='bbox 2254 3366 2503 3439; x_wconf 88' lang='lat' dir='ltr'>quidam</span> <span class='ocrx_word' id='word_1_395' title='bbox 2536 3366 2761 3435; x_wconf 87' lang='lat' dir='ltr'>sedem,</span> <span class='ocrx_word' id='word_1_396' title='bbox 2796 3364 2961 3437; x_wconf 89' lang='lat' dir='ltr'>quod</span> <span class='ocrx_word' id='word_1_397' title='bbox 3004 3362 3240 3419; x_wconf 86' lang='lat' dir='ltr'>fessum</span> <span class='ocrx_word' id='word_1_398' title='bbox 3284 3356 3524 3417; x_wconf 89' lang='lat' dir='ltr'>concutit</span> <span class='ocrx_word' id='word_1_399' title='bbox 3545 3349 3728 3409; x_wconf 71' lang='lat' dir='ltr'>orbem;</span> 
     </span>
    </p>
   </div>
   <div class='ocr_carea' id='block_1_56' title="bbox 2156 3447 3591 3525">
    <p class='ocr_par' dir='ltr' id='par_1_56' title="bbox 2156 3447 3591 3525">
     <span class='ocr_line' id='line_1_57' title="bbox 2156 3447 3591 3525; baseline -0.007 -16"><span class='ocrx_word' id='word_1_400' title='bbox 2156 3454 2323 3525; x_wconf 91' lang='lat' dir='ltr'>Cogit</span> <span class='ocrx_word' id='word_1_401' title='bbox 2350 3459 2407 3510; x_wconf 91' lang='lat' dir='ltr'>ct</span> <span class='ocrx_word' id='word_1_402' title='bbox 2434 3453 2699 3510; x_wconf 79' lang='lat' dir='ltr'>ofﬁcium</span> <span class='ocrx_word' id='word_1_403' title='bbox 2732 3469 2828 3508; x_wconf 89' lang='lat' dir='ltr'>me</span> <span class='ocrx_word' id='word_1_404' title='bbox 2853 3452 3026 3524; x_wconf 89' lang='lat' dir='ltr'>jungi</span> <span class='ocrx_word' id='word_1_405' title='bbox 3057 3450 3341 3525; x_wconf 85' lang='lat' dir='ltr'>plebibus</span> <span class='ocrx_word' id='word_1_406' title='bbox 3371 3447 3591 3510; x_wconf 87' lang='lat' dir='ltr'>almum,</span> 
     </span>
    </p>
   </div>
   <div class='ocr_carea' id='block_1_57' title="bbox 2157 3541 3631 3617">
    <p class='ocr_par' dir='ltr' id='par_1_57' title="bbox 2157 3541 3631 3617">
     <span class='ocr_line' id='line_1_58' title="bbox 2157 3541 3631 3617; baseline -0.008 -16"><span class='ocrx_word' id='word_1_407' title='bbox 2157 3548 2224 3601; x_wconf 88' lang='lat' dir='ltr'>Et</span> <span class='ocrx_word' id='word_1_408' title='bbox 2251 3544 2503 3601; x_wconf 87' lang='lat' dir='ltr'>fratrum</span> <span class='ocrx_word' id='word_1_409' title='bbox 2526 3542 2836 3617; x_wconf 89' lang='lat' dir='ltr'>propriam</span> <span class='ocrx_word' id='word_1_410' title='bbox 2861 3541 3019 3598; x_wconf 88' lang='lat' dir='ltr'>curis</span> <span class='ocrx_word' id='word_1_411' title='bbox 3047 3545 3411 3614; x_wconf 85' lang='lat' dir='ltr'>postponere</span> <span class='ocrx_word' id='word_1_412' title='bbox 3438 3544 3631 3599; x_wconf 87' lang='lat' dir='ltr'>curam,</span> 
     </span>
    </p>
   </div>
   <div class='ocr_carea' id='block_1_58' title="bbox 2156 3620 3560 3707">
    <p class='ocr_par' dir='ltr' id='par_1_58' title="bbox 2156 3620 3560 3707">
     <span class='ocr_line' id='line_1_59' title="bbox 2156 3620 3560 3707; baseline -0.01 -17"><span class='ocrx_word' id='word_1_413' title='bbox 2156 3637 2227 3690; x_wconf 84' lang='lat' dir='ltr'>At</span> <span class='ocrx_word' id='word_1_414' title='bbox 2251 3632 2605 3707; x_wconf 89' lang='lat' dir='ltr'>plerumque</span> <span class='ocrx_word' id='word_1_415' title='bbox 2638 3631 2819 3699; x_wconf 89' lang='lat' dir='ltr'>subit,</span> <span class='ocrx_word' id='word_1_416' title='bbox 2848 3646 2984 3704; x_wconf 65' lang='lat' dir='ltr'>quas</span> <span class='ocrx_word' id='word_1_417' title='bbox 3011 3629 3092 3685; x_wconf 90' lang='lat' dir='ltr'>sic</span> <span class='ocrx_word' id='word_1_418' title='bbox 3123 3627 3375 3685; x_wconf 85' lang='lat' dir='ltr'>intentio</span> <span class='ocrx_word' id='word_1_419' title='bbox 3404 3620 3560 3681; x_wconf 87' lang='lat' dir='ltr'>dicit:</span> 
     </span>
    </p>
   </div>
   <div class='ocr_carea' id='block_1_59' title="bbox 2156 3709 3688 3794">
    <p class='ocr_par' dir='ltr' id='par_1_59' title="bbox 2156 3709 3688 3794">
     <span class='ocr_line' id='line_1_60' title="bbox 2156 3709 3688 3794; baseline -0.008 -15"><span class='ocrx_word' id='word_1_420' title='bbox 2156 3721 2441 3779; x_wconf 84' lang='lat' dir='ltr'>Mundum</span> <span class='ocrx_word' id='word_1_421' title='bbox 2470 3719 2693 3794; x_wconf 86' lang='lat' dir='ltr'>linque,</span> <span class='ocrx_word' id='word_1_422' title='bbox 2728 3734 2877 3775; x_wconf 82' lang='lat' dir='ltr'>vaca</span> <span class='ocrx_word' id='word_1_423' title='bbox 2905 3720 3176 3787; x_wconf 88' lang='lat' dir='ltr'>Domino,</span> <span class='ocrx_word' id='word_1_424' title='bbox 3219 3721 3436 3774; x_wconf 87' lang='lat' dir='ltr'>sectare</span> <span class='ocrx_word' id='word_1_425' title='bbox 3463 3709 3688 3786; x_wconf 70' lang='lat' dir='ltr'>quietem.</span> 
     </span>
    </p>
   </div>
   <div class='ocr_carea' id='block_1_60' title="bbox 2156 3802 3556 3877">
    <p class='ocr_par' dir='ltr' id='par_1_60' title="bbox 2156 3802 3556 3877">
     <span class='ocr_line' id='line_1_61' title="bbox 2156 3802 3556 3877; baseline -0.004 -9"><span class='ocrx_word' id='word_1_426' title='bbox 2156 3816 2372 3869; x_wconf 89' lang='lat' dir='ltr'>Tecum</span> <span class='ocrx_word' id='word_1_427' title='bbox 2399 3811 2559 3867; x_wconf 87' lang='lat' dir='ltr'>disce</span> <span class='ocrx_word' id='word_1_428' title='bbox 2588 3809 2842 3877; x_wconf 88' lang='lat' dir='ltr'>habites,</span> <span class='ocrx_word' id='word_1_429' title='bbox 2875 3808 3147 3864; x_wconf 90' lang='lat' dir='ltr'>inimicas</span> <span class='ocrx_word' id='word_1_430' title='bbox 3178 3807 3389 3863; x_wconf 90' lang='lat' dir='ltr'>desere</span> <span class='ocrx_word' id='word_1_431' title='bbox 3410 3802 3556 3862; x_wconf 79' lang='lat' dir='ltr'>lites;</span> 
     </span>
    </p>
   </div>
   <div class='ocr_carea' id='block_1_61' title="bbox 2158 3887 3566 3965">
    <p class='ocr_par' dir='ltr' id='par_1_61' title="bbox 2158 3887 3566 3965">
     <span class='ocr_line' id='line_1_62' title="bbox 2158 3887 3566 3965; baseline -0.011 -7"><span class='ocrx_word' id='word_1_432' title='bbox 2158 3905 2332 3958; x_wconf 81' lang='lat' dir='ltr'>Nutat</span> <span class='ocrx_word' id='word_1_433' title='bbox 2360 3900 2520 3957; x_wconf 90' lang='lat' dir='ltr'>enim</span> <span class='ocrx_word' id='word_1_434' title='bbox 2549 3899 2834 3965; x_wconf 91' lang='lat' dir='ltr'>mundus,</span> <span class='ocrx_word' id='word_1_435' title='bbox 2870 3897 3049 3955; x_wconf 82' lang='lat' dir='ltr'>fallax</span> <span class='ocrx_word' id='word_1_436' title='bbox 3079 3901 3136 3953; x_wconf 90' lang='lat' dir='ltr'>et</span> <span class='ocrx_word' id='word_1_437' title='bbox 3158 3895 3382 3953; x_wconf 85' lang='lat' dir='ltr'>labitur</span> <span class='ocrx_word' id='word_1_438' title='bbox 3407 3887 3566 3949; x_wconf 84' lang='lat' dir='ltr'>orbis.</span> 
     </span>
    </p>
   </div>
   <div class='ocr_carea' id='block_1_62' title="bbox 2161 3986 3413 4052">
    <p class='ocr_par' dir='ltr' id='par_1_62' title="bbox 2161 3986 3413 4052">
     <span class='ocr_line' id='line_1_63' title="bbox 2161 3986 3413 4052; baseline -0.006 -4"><span class='ocrx_word' id='word_1_439' title='bbox 2161 3992 2218 4048; x_wconf 90' lang='lat' dir='ltr'>Si</span> <span class='ocrx_word' id='word_1_440' title='bbox 2246 3996 2307 4048; x_wconf 89' lang='lat' dir='ltr'>tu</span> <span class='ocrx_word' id='word_1_441' title='bbox 2335 3990 2677 4046; x_wconf 87' lang='lat' dir='ltr'>mundanas</span> <span class='ocrx_word' id='word_1_442' title='bbox 2706 3988 2793 4044; x_wconf 90' lang='lat' dir='ltr'>vis</span> <span class='ocrx_word' id='word_1_443' title='bbox 2824 3991 3154 4044; x_wconf 88' lang='lat' dir='ltr'>sustentare</span> <span class='ocrx_word' id='word_1_444' title='bbox 3184 3986 3413 4052; x_wconf 87' lang='lat' dir='ltr'>ruinas,</span> 
     </span>
    </p>
   </div>
   <div class='ocr_carea' id='block_1_63' title="bbox 2148 2095 3548 2176">
    <p class='ocr_par' dir='ltr' id='par_1_63' title="bbox 2148 2095 3548 2176">
     <span class='ocr_line' id='line_1_64' title="bbox 2148 2095 3548 2176; baseline -0.011 -10"><span class='ocrx_word' id='word_1_445' title='bbox 2148 2107 2462 2176; x_wconf 85' lang='lat' dir='ltr'>Questibus</span> <span class='ocrx_word' id='word_1_446' title='bbox 2492 2105 2739 2163; x_wconf 90' lang='lat' dir='ltr'>internis</span> <span class='ocrx_word' id='word_1_447' title='bbox 2772 2101 3062 2173; x_wconf 78' lang='lat' dir='ltr'>suffragia</span> <span class='ocrx_word' id='word_1_448' title='bbox 3091 2099 3342 2174; x_wconf 77' lang='lat' dir='ltr'>quaerito</span> <span class='ocrx_word' id='word_1_449' title='bbox 3368 2095 3548 2153; x_wconf 85' lang='lat' dir='ltr'>Patris.</span> 
     </span>
    </p>
   </div>
   <div class='ocr_carea' id='block_1_64' title="bbox 2146 2181 3718 2271">
    <p class='ocr_par' dir='ltr' id='par_1_64' title="bbox 2146 2181 3718 2271">
     <span class='ocr_line' id='line_1_65' title="bbox 2146 2181 3718 2271; baseline -0.011 -15"><span class='ocrx_word' id='word_1_450' title='bbox 2146 2199 2421 2256; x_wconf 89' lang='lat' dir='ltr'>Pandens</span> <span class='ocrx_word' id='word_1_451' title='bbox 2452 2201 2681 2271; x_wconf 88' lang='lat' dir='ltr'>quanta</span> <span class='ocrx_word' id='word_1_452' title='bbox 2710 2198 3010 2268; x_wconf 88' lang='lat' dir='ltr'>premunt,</span> <span class='ocrx_word' id='word_1_453' title='bbox 3040 2191 3429 2248; x_wconf 89' lang='lat' dir='ltr'>manifestans</span> <span class='ocrx_word' id='word_1_454' title='bbox 3454 2188 3640 2258; x_wconf 86' lang='lat' dir='ltr'>quanta</span> <span class='ocrx_word' id='word_1_455' title='bbox 3659 2181 3718 2237; x_wconf 75' lang='lat' dir='ltr'>la-</span> 
     </span>
    </p>
   </div>
   <div class='ocr_carea' id='block_1_65' title="bbox 3447 2275 3671 2347">
    <p class='ocr_par' dir='ltr' id='par_1_65' title="bbox 3447 2275 3671 2347">
     <span class='ocr_line' id='line_1_66' title="bbox 3447 2275 3671 2347; baseline -0.027 -15"><span class='ocrx_word' id='word_1_456' title='bbox 3447 2275 3671 2347; x_wconf 65' lang='lat' dir='ltr'>Lcessunt,</span> 
     </span>
    </p>
   </div>
   <div class='ocr_carea' id='block_1_66' title="bbox 394 3180 1666 3253">
    <p class='ocr_par' dir='ltr' id='par_1_66' title="bbox 394 3180 1666 3253">
     <span class='ocr_line' id='line_1_67' title="bbox 394 3180 1666 3253; baseline -0.001 -15"><span class='ocrx_word' id='word_1_457' title='bbox 394 3185 601 3238; x_wconf 89' lang='lat' dir='ltr'>Essent</span> <span class='ocrx_word' id='word_1_458' title='bbox 631 3181 819 3236; x_wconf 77' lang='lat' dir='ltr'>aetatis</span> <span class='ocrx_word' id='word_1_459' title='bbox 848 3180 1019 3253; x_wconf 89' lang='lat' dir='ltr'>pueri</span> <span class='ocrx_word' id='word_1_460' title='bbox 1052 3197 1190 3235; x_wconf 89' lang='lat' dir='ltr'>cum</span> <span class='ocrx_word' id='word_1_461' title='bbox 1220 3180 1367 3236; x_wconf 86' lang='lat' dir='ltr'>forte</span> <span class='ocrx_word' id='word_1_462' title='bbox 1397 3181 1666 3252; x_wconf 90' lang='lat' dir='ltr'>minoris,</span> 
     </span>
    </p>
   </div>
   <div class='ocr_carea' id='block_1_67' title="bbox 390 3269 2047 3346">
    <p class='ocr_par' dir='ltr' id='par_1_67' title="bbox 390 3269 2047 3346">
     <span class='ocr_line' id='line_1_68' title="bbox 390 3269 2047 3346; baseline 0.002 -18"><span class='ocrx_word' id='word_1_463' title='bbox 390 3270 689 3328; x_wconf 71' lang='lat' dir='ltr'>iudicium</span> <span class='ocrx_word' id='word_1_464' title='bbox 711 3269 957 3325; x_wconf 90' lang='lat' dir='ltr'>senibus</span> <span class='ocrx_word' id='word_1_465' title='bbox 991 3269 1342 3338; x_wconf 82' lang='lat' dir='ltr'>decernunt,</span> <span class='ocrx_word' id='word_1_466' title='bbox 1372 3271 1591 3343; x_wconf 87' lang='lat' dir='ltr'>jusque</span> <span class='ocrx_word' id='word_1_467' title='bbox 1621 3272 1913 3344; x_wconf 80' lang='lat' dir='ltr'>(Senibus)</span> <span class='ocrx_word' id='word_1_468' title='bbox 1947 3290 2047 3346; x_wconf 87' lang='lat' dir='ltr'>ge-</span> 
     </span>
    </p>
   </div>
   <div class='ocr_carea' id='block_1_68' title="bbox 1744 3364 1973 3434">
    <p class='ocr_par' dir='ltr' id='par_1_68' title="bbox 1744 3364 1973 3434">
     <span class='ocr_line' id='line_1_69' title="bbox 1744 3364 1973 3434; baseline -0.004 -16"><span class='ocrx_word' id='word_1_469' title='bbox 1744 3364 1973 3434; x_wconf 88' lang='lat' dir='ltr'>[rontis,</span> 
     </span>
    </p>
   </div>
   <div class='ocr_carea' id='block_1_69' title="bbox 392 3450 1964 3527">
    <p class='ocr_par' dir='ltr' id='par_1_69' title="bbox 392 3450 1964 3527">
     <span class='ocr_line' id='line_1_70' title="bbox 392 3450 1964 3527; baseline 0.003 -21"><span class='ocrx_word' id='word_1_470' title='bbox 392 3450 679 3516; x_wconf 77' lang='lat' dir='ltr'>Quaedam</span> <span class='ocrx_word' id='word_1_471' title='bbox 705 3450 892 3505; x_wconf 90' lang='lat' dir='ltr'>verba</span> <span class='ocrx_word' id='word_1_472' title='bbox 922 3454 1085 3506; x_wconf 89' lang='lat' dir='ltr'>metu</span> <span class='ocrx_word' id='word_1_473' title='bbox 1116 3451 1312 3522; x_wconf 87' lang='lat' dir='ltr'>posui,</span> <span class='ocrx_word' id='word_1_474' title='bbox 1343 3451 1634 3508; x_wconf 88' lang='lat' dir='ltr'>solamine</span> <span class='ocrx_word' id='word_1_475' title='bbox 1659 3451 1964 3527; x_wconf 64' lang='lat' dir='ltr'>quaedam,</span> 
     </span>
    </p>
   </div>
   <div class='ocr_carea' id='block_1_70' title="bbox 396 3537 1795 3612">
    <p class='ocr_par' dir='ltr' id='par_1_70' title="bbox 396 3537 1795 3612">
     <span class='ocr_line' id='line_1_71' title="bbox 396 3537 1795 3612; baseline 0.003 -17"><span class='ocrx_word' id='word_1_476' title='bbox 396 3542 464 3595; x_wconf 88' lang='lat' dir='ltr'>Ut</span> <span class='ocrx_word' id='word_1_477' title='bbox 495 3554 679 3611; x_wconf 89' lang='lat' dir='ltr'>quem</span> <span class='ocrx_word' id='word_1_478' title='bbox 708 3537 979 3594; x_wconf 89' lang='lat' dir='ltr'>sollicitet</span> <span class='ocrx_word' id='word_1_479' title='bbox 1007 3537 1283 3604; x_wconf 84' lang='lat' dir='ltr'>formido,</span> <span class='ocrx_word' id='word_1_480' title='bbox 1320 3555 1457 3612; x_wconf 88' lang='lat' dir='ltr'>spes</span> <span class='ocrx_word' id='word_1_481' title='bbox 1486 3541 1795 3600; x_wconf 83' lang='lat' dir='ltr'>animaret.</span> 
     </span>
    </p>
   </div>
   <div class='ocr_carea' id='block_1_71' title="bbox 392 3626 1866 3703">
    <p class='ocr_par' dir='ltr' id='par_1_71' title="bbox 392 3626 1866 3703">
     <span class='ocr_line' id='line_1_72' title="bbox 392 3626 1866 3703; baseline 0.001 -18"><span class='ocrx_word' id='word_1_482' title='bbox 392 3632 588 3685; x_wconf 70' lang='lat' dir='ltr'>Estus</span> <span class='ocrx_word' id='word_1_483' title='bbox 618 3626 679 3682; x_wconf 91' lang='lat' dir='ltr'>hi</span> <span class='ocrx_word' id='word_1_484' title='bbox 706 3626 871 3693; x_wconf 87' lang='lat' dir='ltr'>tales,</span> <span class='ocrx_word' id='word_1_485' title='bbox 903 3643 1054 3701; x_wconf 90' lang='lat' dir='ltr'>quos</span> <span class='ocrx_word' id='word_1_486' title='bbox 1086 3629 1309 3702; x_wconf 87' lang='lat' dir='ltr'>profert</span> <span class='ocrx_word' id='word_1_487' title='bbox 1335 3629 1558 3701; x_wconf 86' lang='lat' dir='ltr'>pagina</span> <span class='ocrx_word' id='word_1_488' title='bbox 1583 3646 1866 3703; x_wconf 75' lang='lat' dir='ltr'>praesens,</span> 
     </span>
    </p>
   </div>
   <div class='ocr_carea' id='block_1_72' title="bbox 390 3717 1938 3789">
    <p class='ocr_par' dir='ltr' id='par_1_72' title="bbox 390 3717 1938 3789">
     <span class='ocr_line' id='line_1_73' title="bbox 390 3717 1938 3789; baseline 0.003 -16"><span class='ocrx_word' id='word_1_489' title='bbox 390 3717 708 3789; x_wconf 87' lang='lat' dir='ltr'>Turboque</span> <span class='ocrx_word' id='word_1_490' title='bbox 733 3717 1133 3773; x_wconf 83' lang='lat' dir='ltr'>commiscens</span> <span class='ocrx_word' id='word_1_491' title='bbox 1164 3718 1412 3773; x_wconf 74' lang='lat' dir='ltr'>diversis</span> <span class='ocrx_word' id='word_1_492' title='bbox 1444 3719 1683 3776; x_wconf 87' lang='lat' dir='ltr'>casibus</span> <span class='ocrx_word' id='word_1_493' title='bbox 1708 3737 1938 3787; x_wconf 86' lang='lat' dir='ltr'>omnes,</span> 
     </span>
    </p>
   </div>
   <div class='ocr_carea' id='block_1_73' title="bbox 394 3805 2016 3873">
    <p class='ocr_par' dir='ltr' id='par_1_73' title="bbox 394 3805 2016 3873">
     <span class='ocr_line' id='line_1_74' title="bbox 394 3805 2016 3873; baseline 0.003 -10"><span class='ocrx_word' id='word_1_494' title='bbox 394 3807 544 3863; x_wconf 90' lang='lat' dir='ltr'>Ossa</span> <span class='ocrx_word' id='word_1_495' title='bbox 574 3806 722 3861; x_wconf 90' lang='lat' dir='ltr'>mini</span> <span class='ocrx_word' id='word_1_496' title='bbox 750 3805 993 3873; x_wconf 89' lang='lat' dir='ltr'>siccant,</span> <span class='ocrx_word' id='word_1_497' title='bbox 1022 3823 1265 3863; x_wconf 82' lang='lat' dir='ltr'>sensum</span> <span class='ocrx_word' id='word_1_498' title='bbox 1296 3809 1601 3864; x_wconf 65' lang='lat' dir='ltr'>maerentis</span> <span class='ocrx_word' id='word_1_499' title='bbox 1631 3808 2016 3868; x_wconf 87' lang='lat' dir='ltr'>obumbrant.</span> 
     </span>
    </p>
   </div>
   <div class='ocr_carea' id='block_1_74' title="bbox 392 3891 1836 3969">
    <p class='ocr_par' dir='ltr' id='par_1_74' title="bbox 392 3891 1836 3969">
     <span class='ocr_line' id='line_1_75' title="bbox 392 3891 1836 3969; baseline 0.004 -21"><span class='ocrx_word' id='word_1_500' title='bbox 392 3891 620 3949; x_wconf 82' lang='lat' dir='ltr'>Accidit</span> <span class='ocrx_word' id='word_1_501' title='bbox 645 3898 701 3948; x_wconf 89' lang='lat' dir='ltr'>et</span> <span class='ocrx_word' id='word_1_502' title='bbox 730 3894 959 3960; x_wconf 88' lang='lat' dir='ltr'>crebro,</span> <span class='ocrx_word' id='word_1_503' title='bbox 994 3895 1267 3966; x_wconf 89' lang='lat' dir='ltr'>stupidus</span> <span class='ocrx_word' id='word_1_504' title='bbox 1297 3911 1432 3951; x_wconf 90' lang='lat' dir='ltr'>cum</span> <span class='ocrx_word' id='word_1_505' title='bbox 1464 3896 1604 3952; x_wconf 90' lang='lat' dir='ltr'>talia</span> <span class='ocrx_word' id='word_1_506' title='bbox 1630 3900 1836 3969; x_wconf 91' lang='lat' dir='ltr'>tracto,</span> 
     </span>
    </p>
   </div>
   <div class='ocr_carea' id='block_1_75' title="bbox 397 3982 1821 4057">
    <p class='ocr_par' dir='ltr' id='par_1_75' title="bbox 397 3982 1821 4057">
     <span class='ocr_line' id='line_1_76' title="bbox 397 3982 1821 4057; baseline 0.005 -21"><span class='ocrx_word' id='word_1_507' title='bbox 397 3984 465 4036; x_wconf 91' lang='lat' dir='ltr'>Ut</span> <span class='ocrx_word' id='word_1_508' title='bbox 489 3982 639 4036; x_wconf 90' lang='lat' dir='ltr'>sicut</span> <span class='ocrx_word' id='word_1_509' title='bbox 669 3982 914 4037; x_wconf 85' lang='lat' dir='ltr'>Nonnus</span> <span class='ocrx_word' id='word_1_510' title='bbox 947 3982 1203 4055; x_wconf 87' lang='lat' dir='ltr'>scripsit,</span> <span class='ocrx_word' id='word_1_511' title='bbox 1236 3984 1490 4057; x_wconf 81' lang='lat' dir='ltr'>felixque</span> <span class='ocrx_word' id='word_1_512' title='bbox 1520 3986 1821 4055; x_wconf 87' lang='lat' dir='ltr'>sacerdos,</span> 
     </span>
    </p>
   </div>
   <div class='ocr_carea' id='block_1_76' title="bbox 394 4067 2049 4150">
    <p class='ocr_par' dir='ltr' id='par_1_76' title="bbox 394 4067 2049 4150">
     <span class='ocr_line' id='line_1_77' title="bbox 394 4067 2049 4150; baseline 0.009 -29"><span class='ocrx_word' id='word_1_513' title='bbox 394 4067 793 4140; x_wconf 86' lang='lat' dir='ltr'>Hieronymus</span> <span class='ocrx_word' id='word_1_514' title='bbox 824 4073 1044 4136; x_wconf 88' lang='lat' dir='ltr'>noster,</span> <span class='ocrx_word' id='word_1_515' title='bbox 1069 4075 1330 4137; x_wconf 88' lang='lat' dir='ltr'>sanctus,</span> <span class='ocrx_word' id='word_1_516' title='bbox 1357 4072 1719 4148; x_wconf 88' lang='lat' dir='ltr'>sapiensque</span> <span class='ocrx_word' id='word_1_517' title='bbox 1743 4074 2049 4150; x_wconf 87' lang='lat' dir='ltr'>magister,</span> 
     </span>
    </p>
   </div>
   <div class='ocr_carea' id='block_1_77' title="bbox 394 4155 2048 4239">
    <p class='ocr_par' dir='ltr' id='par_1_77' title="bbox 394 4155 2048 4239">
     <span class='ocr_line' id='line_1_78' title="bbox 394 4155 2048 4239; baseline 0.009 -28"><span class='ocrx_word' id='word_1_518' title='bbox 394 4155 699 4213; x_wconf 87' lang='lat' dir='ltr'>Interdum</span> <span class='ocrx_word' id='word_1_519' title='bbox 723 4158 1033 4231; x_wconf 91' lang='lat' dir='ltr'>proprium</span> <span class='ocrx_word' id='word_1_520' title='bbox 1054 4159 1159 4216; x_wconf 82' lang='lat' dir='ltr'>fiat</span> <span class='ocrx_word' id='word_1_521' title='bbox 1176 4160 1320 4217; x_wconf 90' lang='lat' dir='ltr'>mihi</span> <span class='ocrx_word' id='word_1_522' title='bbox 1343 4177 1566 4220; x_wconf 89' lang='lat' dir='ltr'>nomen</span> <span class='ocrx_word' id='word_1_523' title='bbox 1589 4164 1858 4224; x_wconf 90' lang='lat' dir='ltr'>oboltum</span> <span class='ocrx_word' id='word_1_524' title='bbox 1881 4168 2048 4239; x_wconf 91' lang='lat' dir='ltr'>(obli-</span> 
     </span>
    </p>
   </div>
   <div class='ocr_carea' id='block_1_78' title="bbox 396 4246 2047 4331">
    <p class='ocr_par' dir='ltr' id='par_1_78' title="bbox 396 4246 2047 4331">
     <span class='ocr_line' id='line_1_79' title="bbox 396 4246 2047 4331; baseline 0.008 -29"><span class='ocrx_word' id='word_1_525' title='bbox 396 4249 461 4302; x_wconf 86' lang='lat' dir='ltr'>Et</span> <span class='ocrx_word' id='word_1_526' title='bbox 482 4262 653 4303; x_wconf 89' lang='lat' dir='ltr'>mens</span> <span class='ocrx_word' id='word_1_527' title='bbox 676 4246 810 4303; x_wconf 86' lang='lat' dir='ltr'>fusa</span> <span class='ocrx_word' id='word_1_528' title='bbox 828 4248 1006 4315; x_wconf 90' lang='lat' dir='ltr'>foras,</span> <span class='ocrx_word' id='word_1_529' title='bbox 1030 4249 1234 4322; x_wconf 91' lang='lat' dir='ltr'>ipsum</span> <span class='ocrx_word' id='word_1_530' title='bbox 1257 4266 1353 4307; x_wconf 91' lang='lat' dir='ltr'>me</span> <span class='ocrx_word' id='word_1_531' title='bbox 1373 4252 1782 4312; x_wconf 87' lang='lat' dir='ltr'>deseratintus</span> <span class='ocrx_word' id='word_1_532' title='bbox 1807 4277 1818 4314; x_wconf 93' lang='lat'>:</span> <span class='ocrx_word' id='word_1_533' title='bbox 1854 4258 2047 4331; x_wconf 90' lang='lat' dir='ltr'>[tnm),</span> 
     </span>
    </p>
   </div>
   <div class='ocr_carea' id='block_1_79' title="bbox 393 4336 1694 4415">
    <p class='ocr_par' dir='ltr' id='par_1_79' title="bbox 393 4336 1694 4415">
     <span class='ocr_line' id='line_1_80' title="bbox 393 4336 1694 4415; baseline 0.006 -22"><span class='ocrx_word' id='word_1_534' title='bbox 393 4339 554 4393; x_wconf 89' lang='lat' dir='ltr'>Tunc</span> <span class='ocrx_word' id='word_1_535' title='bbox 581 4341 721 4409; x_wconf 90' lang='lat' dir='ltr'>post</span> <span class='ocrx_word' id='word_1_536' title='bbox 748 4336 978 4394; x_wconf 88' lang='lat' dir='ltr'>liminio</span> <span class='ocrx_word' id='word_1_537' title='bbox 1003 4338 1237 4397; x_wconf 88' lang='lat' dir='ltr'>deserta</span> <span class='ocrx_word' id='word_1_538' title='bbox 1266 4341 1485 4400; x_wconf 89' lang='lat' dir='ltr'>cubilia</span> <span class='ocrx_word' id='word_1_539' title='bbox 1512 4343 1694 4415; x_wconf 90' lang='lat' dir='ltr'>longo</span> 
     </span>
    </p>
   </div>
   <div class='ocr_carea' id='block_1_80' title="bbox 393 4424 1924 4511">
    <p class='ocr_par' dir='ltr' id='par_1_80' title="bbox 393 4424 1924 4511">
     <span class='ocr_line' id='line_1_81' title="bbox 393 4424 1924 4511; baseline 0.01 -32"><span class='ocrx_word' id='word_1_540' title='bbox 393 4424 891 4494; x_wconf 82' lang='lat' dir='ltr'>Regrediens......</span> <span class='ocrx_word' id='word_1_541' title='bbox 920 4428 1146 4502; x_wconf 88' lang='lat' dir='ltr'>proprii</span> <span class='ocrx_word' id='word_1_542' title='bbox 1172 4445 1328 4487; x_wconf 89' lang='lat' dir='ltr'>nova</span> <span class='ocrx_word' id='word_1_543' title='bbox 1356 4431 1656 4503; x_wconf 87' lang='lat' dir='ltr'>dogmatis</span> <span class='ocrx_word' id='word_1_544' title='bbox 1685 4435 1924 4511; x_wconf 83' lang='lat' dir='ltr'>hospes.</span> 
     </span>
    </p>
   </div>
   <div class='ocr_carea' id='block_1_81' title="bbox 393 4514 1916 4598">
    <p class='ocr_par' dir='ltr' id='par_1_81' title="bbox 393 4514 1916 4598">
     <span class='ocr_line' id='line_1_82' title="bbox 393 4514 1916 4598; baseline 0.009 -29"><span class='ocrx_word' id='word_1_545' title='bbox 393 4514 543 4579; x_wconf 89' lang='lat' dir='ltr'>Quid</span> <span class='ocrx_word' id='word_1_546' title='bbox 577 4518 637 4571; x_wconf 92' lang='lat' dir='ltr'>tu</span> <span class='ocrx_word' id='word_1_547' title='bbox 658 4515 685 4571; x_wconf 88' lang='lat'><strong>?</strong></span> <span class='ocrx_word' id='word_1_548' title='bbox 715 4516 887 4589; x_wconf 90' lang='lat' dir='ltr'>panis</span> <span class='ocrx_word' id='word_1_549' title='bbox 915 4517 1086 4575; x_wconf 89' lang='lat' dir='ltr'>abest</span> <span class='ocrx_word' id='word_1_550' title='bbox 1114 4536 1286 4594; x_wconf 79' lang='lat' dir='ltr'>aeque</span> <span class='ocrx_word' id='word_1_551' title='bbox 1312 4537 1422 4577; x_wconf 91' lang='lat' dir='ltr'>nec</span> <span class='ocrx_word' id='word_1_552' title='bbox 1450 4524 1669 4597; x_wconf 89' lang='lat' dir='ltr'>pocula</span> <span class='ocrx_word' id='word_1_553' title='bbox 1698 4531 1916 4598; x_wconf 57' lang='lat' dir='ltr'>praesto</span> 
     </span>
    </p>
   </div>
   <div class='ocr_carea' id='block_1_82' title="bbox 392 4603 1928 4688">
    <p class='ocr_par' dir='ltr' id='par_1_82' title="bbox 392 4603 1928 4688">
     <span class='ocr_line' id='line_1_83' title="bbox 392 4603 1928 4688; baseline 0.01 -29"><span class='ocrx_word' id='word_1_554' title='bbox 392 4603 508 4661; x_wconf 78' lang='lat' dir='ltr'>Nec</span> <span class='ocrx_word' id='word_1_555' title='bbox 538 4604 707 4661; x_wconf 92' lang='lat' dir='ltr'>focus</span> <span class='ocrx_word' id='word_1_556' title='bbox 736 4607 903 4665; x_wconf 91' lang='lat' dir='ltr'>ardet</span> <span class='ocrx_word' id='word_1_557' title='bbox 930 4608 1035 4677; x_wconf 88' lang='lat' dir='ltr'>ibi,</span> <span class='ocrx_word' id='word_1_558' title='bbox 1067 4625 1177 4666; x_wconf 90' lang='lat' dir='ltr'>nec</span> <span class='ocrx_word' id='word_1_559' title='bbox 1205 4610 1394 4670; x_wconf 87' lang='lat' dir='ltr'>lectus</span> <span class='ocrx_word' id='word_1_560' title='bbox 1426 4614 1705 4672; x_wconf 89' lang='lat' dir='ltr'>sternitur</span> <span class='ocrx_word' id='word_1_561' title='bbox 1733 4631 1928 4688; x_wconf 64' lang='lat' dir='ltr'>aegrae,</span> 
     </span>
    </p>
   </div>
   <div class='ocr_carea' id='block_1_83' title="bbox 393 4692 1814 4775">
    <p class='ocr_par' dir='ltr' id='par_1_83' title="bbox 393 4692 1814 4775">
     <span class='ocr_line' id='line_1_84' title="bbox 393 4692 1814 4775; baseline 0.01 -28"><span class='ocrx_word' id='word_1_562' title='bbox 393 4692 606 4761; x_wconf 89' lang='lat' dir='ltr'>Esurit,</span> <span class='ocrx_word' id='word_1_563' title='bbox 641 4699 821 4768; x_wconf 91' lang='lat' dir='ltr'>atque</span> <span class='ocrx_word' id='word_1_564' title='bbox 852 4694 989 4766; x_wconf 86' lang='lat' dir='ltr'>sitit,</span> <span class='ocrx_word' id='word_1_565' title='bbox 1022 4697 1227 4757; x_wconf 74' lang='lat' dir='ltr'>suffert</span> <span class='ocrx_word' id='word_1_566' title='bbox 1248 4704 1306 4757; x_wconf 89' lang='lat' dir='ltr'>et</span> <span class='ocrx_word' id='word_1_567' title='bbox 1333 4701 1563 4759; x_wconf 91' lang='lat' dir='ltr'>nudula</span> <span class='ocrx_word' id='word_1_568' title='bbox 1591 4703 1776 4775; x_wconf 91' lang='lat' dir='ltr'>frigus</span> <span class='ocrx_word' id='word_1_569' title='bbox 1802 4722 1814 4761; x_wconf 90' lang='lat'>:</span> 
     </span>
    </p>
   </div>
   <div class='ocr_carea' id='block_1_84' title="bbox 394 4782 2053 4865">
    <p class='ocr_par' dir='ltr' id='par_1_84' title="bbox 394 4782 2053 4865">
     <span class='ocr_line' id='line_1_85' title="bbox 394 4782 2053 4865; baseline 0.011 -29"><span class='ocrx_word' id='word_1_570' title='bbox 394 4782 548 4847; x_wconf 91' lang='lat' dir='ltr'>Quid</span> <span class='ocrx_word' id='word_1_571' title='bbox 576 4782 801 4842; x_wconf 84' lang='lat' dir='ltr'>faciat?</span> <span class='ocrx_word' id='word_1_572' title='bbox 820 4802 944 4858; x_wconf 92' lang='lat' dir='ltr'>quo</span> <span class='ocrx_word' id='word_1_573' title='bbox 977 4803 1041 4843; x_wconf 90' lang='lat' dir='ltr'>se</span> <span class='ocrx_word' id='word_1_574' title='bbox 1072 4792 1306 4846; x_wconf 85' lang='lat' dir='ltr'>vertat?</span> <span class='ocrx_word' id='word_1_575' title='bbox 1342 4791 1478 4863; x_wconf 88' lang='lat' dir='ltr'>quis</span> <span class='ocrx_word' id='word_1_576' title='bbox 1507 4797 1722 4865; x_wconf 89' lang='lat' dir='ltr'>panset</span> <span class='ocrx_word' id='word_1_577' title='bbox 1748 4809 2003 4864; x_wconf 86' lang='lat' dir='ltr'>egenam</span> <span class='ocrx_word' id='word_1_578' title='bbox 2024 4798 2053 4854; x_wconf 83' lang='lat'><strong>?</strong></span> 
     </span>
    </p>
   </div>
   <div class='ocr_carea' id='block_1_85' title="bbox 394 4870 2051 4951">
    <p class='ocr_par' dir='ltr' id='par_1_85' title="bbox 394 4870 2051 4951">
     <span class='ocr_line' id='line_1_86' title="bbox 394 4870 2051 4951; baseline 0.01 -25"><span class='ocrx_word' id='word_1_579' title='bbox 394 4870 531 4938; x_wconf 81' lang='lat' dir='ltr'>Flet,</span> <span class='ocrx_word' id='word_1_580' title='bbox 557 4873 760 4944; x_wconf 86' lang='lat' dir='ltr'>gemit,</span> <span class='ocrx_word' id='word_1_581' title='bbox 779 4878 836 4932; x_wconf 90' lang='lat' dir='ltr'>et</span> <span class='ocrx_word' id='word_1_582' title='bbox 857 4875 1172 4950; x_wconf 87' lang='lat' dir='ltr'>lacrymat,</span> <span class='ocrx_word' id='word_1_583' title='bbox 1192 4878 1476 4949; x_wconf 89' lang='lat' dir='ltr'>singultit,</span> <span class='ocrx_word' id='word_1_584' title='bbox 1501 4888 1755 4951; x_wconf 87' lang='lat' dir='ltr'>mussat,</span> <span class='ocrx_word' id='word_1_585' title='bbox 1773 4889 1830 4942; x_wconf 89' lang='lat' dir='ltr'>et</span> <span class='ocrx_word' id='word_1_586' title='bbox 1849 4885 2051 4943; x_wconf 76' lang='lat' dir='ltr'>haeret.</span> 
     </span>
    </p>
   </div>
   <div class='ocr_carea' id='block_1_86' title="bbox 396 4959 1731 5044">
    <p class='ocr_par' dir='ltr' id='par_1_86' title="bbox 396 4959 1731 5044">
     <span class='ocr_line' id='line_1_87' title="bbox 396 4959 1731 5044; baseline 0.01 -30"><span class='ocrx_word' id='word_1_587' title='bbox 396 4959 611 5016; x_wconf 89' lang='lat' dir='ltr'>Omnia</span> <span class='ocrx_word' id='word_1_588' title='bbox 640 4963 843 5020; x_wconf 90' lang='lat' dir='ltr'>tentati</span> <span class='ocrx_word' id='word_1_589' title='bbox 873 4966 1256 5038; x_wconf 89' lang='lat' dir='ltr'>compunctio</span> <span class='ocrx_word' id='word_1_590' title='bbox 1289 4967 1567 5026; x_wconf 87' lang='lat' dir='ltr'>subvenit</span> <span class='ocrx_word' id='word_1_591' title='bbox 1595 4971 1731 5044; x_wconf 89' lang='lat' dir='ltr'>ipsi,</span> 
     </span>
    </p>
   </div>
   <div class='ocr_carea' id='block_1_87' title="bbox 394 5046 1764 5128">
    <p class='ocr_par' dir='ltr' id='par_1_87' title="bbox 394 5046 1764 5128">
     <span class='ocr_line' id='line_1_88' title="bbox 394 5046 1764 5128; baseline 0.013 -27"><span class='ocrx_word' id='word_1_592' title='bbox 394 5046 517 5102; x_wconf 90' lang='lat' dir='ltr'>Tali</span> <span class='ocrx_word' id='word_1_593' title='bbox 541 5055 826 5120; x_wconf 86' lang='lat' dir='ltr'>suggestu</span> <span class='ocrx_word' id='word_1_594' title='bbox 848 5054 1219 5128; x_wconf 89' lang='lat' dir='ltr'>compellans</span> <span class='ocrx_word' id='word_1_595' title='bbox 1247 5073 1397 5115; x_wconf 88' lang='lat' dir='ltr'>sana</span> <span class='ocrx_word' id='word_1_596' title='bbox 1425 5057 1728 5118; x_wconf 90' lang='lat' dir='ltr'>dolentem</span> <span class='ocrx_word' id='word_1_597' title='bbox 1753 5082 1764 5119; x_wconf 94' lang='lat'>:</span> 
     </span>
    </p>
   </div>
   <div class='ocr_carea' id='block_1_88' title="bbox 394 5137 1837 5225">
    <p class='ocr_par' dir='ltr' id='par_1_88' title="bbox 394 5137 1837 5225">
     <span class='ocr_line' id='line_1_89' title="bbox 394 5137 1837 5225; baseline 0.015 -36"><span class='ocrx_word' id='word_1_598' title='bbox 394 5137 575 5225; x_wconf 88' lang='lat' dir='ltr'>Nocte</span> <span class='ocrx_word' id='word_1_599' title='bbox 607 5137 764 5195; x_wconf 88' lang='lat' dir='ltr'>fores</span> <span class='ocrx_word' id='word_1_600' title='bbox 792 5142 992 5200; x_wconf 90' lang='lat' dir='ltr'>media</span> <span class='ocrx_word' id='word_1_601' title='bbox 1022 5145 1265 5204; x_wconf 87' lang='lat' dir='ltr'>tandem</span> <span class='ocrx_word' id='word_1_602' title='bbox 1292 5147 1610 5223; x_wconf 86' lang='lat' dir='ltr'>pulsentur</span> <span class='ocrx_word' id='word_1_603' title='bbox 1637 5152 1837 5225; x_wconf 87' lang='lat' dir='ltr'>amici,</span> 
     </span>
    </p>
   </div>
   <div class='ocr_carea' id='block_1_89' title="bbox 398 5224 1765 5312">
    <p class='ocr_par' dir='ltr' id='par_1_89' title="bbox 398 5224 1765 5312">
     <span class='ocr_line' id='line_1_90' title="bbox 398 5224 1765 5312; baseline 0.016 -33"><span class='ocrx_word' id='word_1_604' title='bbox 398 5224 453 5281; x_wconf 88' lang='lat' dir='ltr'>Si</span> <span class='ocrx_word' id='word_1_605' title='bbox 481 5224 555 5280; x_wconf 91' lang='lat' dir='ltr'>sit</span> <span class='ocrx_word' id='word_1_606' title='bbox 582 5224 929 5303; x_wconf 90' lang='lat' dir='ltr'>dormitum,</span> <span class='ocrx_word' id='word_1_607' title='bbox 960 5249 1078 5290; x_wconf 91' lang='lat' dir='ltr'>vox</span> <span class='ocrx_word' id='word_1_608' title='bbox 1102 5236 1313 5309; x_wconf 83' lang='lat' dir='ltr'>pernix</span> <span class='ocrx_word' id='word_1_609' title='bbox 1343 5240 1554 5298; x_wconf 82' lang='lat' dir='ltr'>excitet</span> <span class='ocrx_word' id='word_1_610' title='bbox 1576 5241 1765 5312; x_wconf 90' lang='lat' dir='ltr'>illum,</span> 
     </span>
    </p>
   </div>
   <div class='ocr_carea' id='block_1_90' title="bbox 2161 4074 3457 4152">
    <p class='ocr_par' dir='ltr' id='par_1_90' title="bbox 2161 4074 3457 4152">
     <span class='ocr_line' id='line_1_91' title="bbox 2161 4074 3457 4152; baseline -0.008 -15"><span class='ocrx_word' id='word_1_611' title='bbox 2161 4079 2465 4137; x_wconf 87' lang='lat' dir='ltr'>lnvolvent</span> <span class='ocrx_word' id='word_1_612' title='bbox 2487 4079 2713 4152; x_wconf 87' lang='lat' dir='ltr'>rapidis</span> <span class='ocrx_word' id='word_1_613' title='bbox 2741 4079 2863 4134; x_wconf 90' lang='lat' dir='ltr'>fors</span> <span class='ocrx_word' id='word_1_614' title='bbox 2897 4081 2951 4134; x_wconf 89' lang='lat' dir='ltr'>te</span> <span class='ocrx_word' id='word_1_615' title='bbox 2984 4076 3233 4134; x_wconf 86' lang='lat' dir='ltr'>ruinosa</span> <span class='ocrx_word' id='word_1_616' title='bbox 3253 4074 3457 4131; x_wconf 90' lang='lat' dir='ltr'>ruinis.</span> 
     </span>
    </p>
   </div>
   <div class='ocr_carea' id='block_1_91' title="bbox 2158 4158 3642 4241">
    <p class='ocr_par' dir='ltr' id='par_1_91' title="bbox 2158 4158 3642 4241">
     <span class='ocr_line' id='line_1_92' title="bbox 2158 4158 3642 4241; baseline -0.013 -14"><span class='ocrx_word' id='word_1_617' title='bbox 2158 4171 2365 4228; x_wconf 83' lang='lat' dir='ltr'>Nititur</span> <span class='ocrx_word' id='word_1_618' title='bbox 2389 4170 2449 4225; x_wconf 91' lang='lat' dir='ltr'>in</span> <span class='ocrx_word' id='word_1_619' title='bbox 2474 4184 2734 4225; x_wconf 83' lang='lat' dir='ltr'>vacuum</span> <span class='ocrx_word' id='word_1_620' title='bbox 2766 4167 2869 4241; x_wconf 90' lang='lat' dir='ltr'>qui</span> <span class='ocrx_word' id='word_1_621' title='bbox 2895 4162 3091 4240; x_wconf 90' lang='lat' dir='ltr'>perdit</span> <span class='ocrx_word' id='word_1_622' title='bbox 3112 4165 3195 4221; x_wconf 90' lang='lat' dir='ltr'>ad</span> <span class='ocrx_word' id='word_1_623' title='bbox 3224 4164 3431 4221; x_wconf 87' lang='lat' dir='ltr'>ultima</span> <span class='ocrx_word' id='word_1_624' title='bbox 3458 4158 3642 4214; x_wconf 88' lang='lat' dir='ltr'>nisum.</span> 
     </span>
    </p>
   </div>
   <div class='ocr_carea' id='block_1_92' title="bbox 2157 4250 3520 4329">
    <p class='ocr_par' dir='ltr' id='par_1_92' title="bbox 2157 4250 3520 4329">
     <span class='ocr_line' id='line_1_93' title="bbox 2157 4250 3520 4329; baseline -0.008 -13"><span class='ocrx_word' id='word_1_625' title='bbox 2157 4260 2351 4316; x_wconf 81' lang='lat' dir='ltr'>Ambo</span> <span class='ocrx_word' id='word_1_626' title='bbox 2381 4258 2597 4315; x_wconf 88' lang='lat' dir='ltr'>salvari</span> <span class='ocrx_word' id='word_1_627' title='bbox 2626 4258 2674 4315; x_wconf 91' lang='lat' dir='ltr'>si</span> <span class='ocrx_word' id='word_1_628' title='bbox 2710 4263 2794 4328; x_wconf 89' lang='lat' dir='ltr'>tu,</span> <span class='ocrx_word' id='word_1_629' title='bbox 2828 4256 3218 4329; x_wconf 89' lang='lat' dir='ltr'>mundusque</span> <span class='ocrx_word' id='word_1_630' title='bbox 3252 4250 3520 4326; x_wconf 85' lang='lat' dir='ltr'>nequitis,</span> 
     </span>
    </p>
   </div>
   <div class='ocr_carea' id='block_1_93' title="bbox 2076 4338 3548 4449">
    <p class='ocr_par' dir='ltr' id='par_1_93' title="bbox 2076 4338 3548 4449">
     <span class='ocr_line' id='line_1_94' title="bbox 2076 4338 3548 4449; baseline -0.01 -44"><span class='ocrx_word' id='word_1_631' title='bbox 2076 4392 2122 4449; x_wconf 69' lang='grc' dir='ltr'>υ</span> <span class='ocrx_word' id='word_1_632' title='bbox 2162 4352 2309 4449; x_wconf 67' lang='lat' dir='ltr'>Erue</span> <span class='ocrx_word' id='word_1_633' title='bbox 2334 4347 2428 4404; x_wconf 92' lang='lat' dir='ltr'>vel</span> <span class='ocrx_word' id='word_1_634' title='bbox 2455 4351 2633 4447; x_wconf 80' lang='lat' dir='ltr'>temet</span> <span class='ocrx_word' id='word_1_635' title='bbox 2660 4364 2671 4402; x_wconf 93' lang='lat'>:</span> <span class='ocrx_word' id='word_1_636' title='bbox 2700 4363 2845 4403; x_wconf 89' lang='lat' dir='ltr'>nam</span> <span class='ocrx_word' id='word_1_637' title='bbox 2874 4346 3068 4401; x_wconf 90' lang='lat' dir='ltr'>solum</span> <span class='ocrx_word' id='word_1_638' title='bbox 3095 4343 3349 4400; x_wconf 87' lang='lat' dir='ltr'>evadere</span> <span class='ocrx_word' id='word_1_639' title='bbox 3374 4338 3548 4401; x_wconf 89' lang='lat' dir='ltr'>refert,</span> 
     </span>
    </p>
   </div>
   <div class='ocr_carea' id='block_1_94' title="bbox 2160 4433 3592 4511">
    <p class='ocr_par' dir='ltr' id='par_1_94' title="bbox 2160 4433 3592 4511">
     <span class='ocr_line' id='line_1_95' title="bbox 2160 4433 3592 4511; baseline -0.012 -15"><span class='ocrx_word' id='word_1_640' title='bbox 2160 4439 2349 4500; x_wconf 87' lang='lat' dir='ltr'>Quam</span> <span class='ocrx_word' id='word_1_641' title='bbox 2375 4436 2598 4511; x_wconf 91' lang='lat' dir='ltr'>perisse</span> <span class='ocrx_word' id='word_1_642' title='bbox 2628 4437 2782 4492; x_wconf 89' lang='lat' dir='ltr'>duos</span> <span class='ocrx_word' id='word_1_643' title='bbox 2812 4451 2979 4508; x_wconf 80' lang='lat' dir='ltr'>aeque</span> <span class='ocrx_word' id='word_1_644' title='bbox 3009 4433 3359 4490; x_wconf 83' lang='lat' dir='ltr'>discrimina</span> <span class='ocrx_word' id='word_1_645' title='bbox 3383 4440 3592 4502; x_wconf 88' lang='lat' dir='ltr'>passos.</span> 
     </span>
    </p>
   </div>
   <div class='ocr_carea' id='block_1_95' title="bbox 2160 4517 3531 4595">
    <p class='ocr_par' dir='ltr' id='par_1_95' title="bbox 2160 4517 3531 4595">
     <span class='ocr_line' id='line_1_96' title="bbox 2160 4517 3531 4595; baseline -0.009 -14"><span class='ocrx_word' id='word_1_646' title='bbox 2160 4528 2284 4583; x_wconf 89' lang='lat' dir='ltr'>Huc</span> <span class='ocrx_word' id='word_1_647' title='bbox 2315 4527 2480 4595; x_wconf 89' lang='lat' dir='ltr'>ades,</span> <span class='ocrx_word' id='word_1_648' title='bbox 2513 4526 2783 4594; x_wconf 90' lang='lat' dir='ltr'>antistes,</span> <span class='ocrx_word' id='word_1_649' title='bbox 2814 4525 2907 4583; x_wconf 86' lang='lat' dir='ltr'>his</span> <span class='ocrx_word' id='word_1_650' title='bbox 2936 4524 3315 4595; x_wconf 88' lang='lat' dir='ltr'>interponere</span> <span class='ocrx_word' id='word_1_651' title='bbox 3341 4517 3531 4591; x_wconf 84' lang='lat' dir='ltr'>judex.</span> 
     </span>
    </p>
   </div>
   <div class='ocr_carea' id='block_1_96' title="bbox 2162 4595 3736 4689">
    <p class='ocr_par' dir='ltr' id='par_1_96' title="bbox 2162 4595 3736 4689">
     <span class='ocr_line' id='line_1_97' title="bbox 2162 4595 3736 4689; baseline -0.012 -15"><span class='ocrx_word' id='word_1_652' title='bbox 2162 4621 2290 4674; x_wconf 81' lang='lat' dir='ltr'>Haec</span> <span class='ocrx_word' id='word_1_653' title='bbox 2303 4620 2389 4674; x_wconf 90' lang='lat' dir='ltr'>est</span> <span class='ocrx_word' id='word_1_654' title='bbox 2403 4631 2646 4683; x_wconf 87' lang='lat' dir='ltr'>summa</span> <span class='ocrx_word' id='word_1_655' title='bbox 2657 4611 3098 4689; x_wconf 90' lang='lat' dir='ltr'>quidem,quod</span> <span class='ocrx_word' id='word_1_656' title='bbox 3110 4608 3264 4684; x_wconf 68' lang='lat' dir='ltr'>coepi</span> <span class='ocrx_word' id='word_1_657' title='bbox 3284 4607 3526 4665; x_wconf 87' lang='lat' dir='ltr'>scribere</span> <span class='ocrx_word' id='word_1_658' title='bbox 3539 4595 3736 4689; x_wconf 57' lang='lat' dir='ltr'>pridem:</span> 
     </span>
    </p>
   </div>
   <div class='ocr_carea' id='block_1_97' title="bbox 2161 4688 3719 4778">
    <p class='ocr_par' dir='ltr' id='par_1_97' title="bbox 2161 4688 3719 4778">
     <span class='ocr_line' id='line_1_98' title="bbox 2161 4688 3719 4778; baseline -0.014 -15"><span class='ocrx_word' id='word_1_659' title='bbox 2161 4705 2491 4773; x_wconf 83' lang='lat' dir='ltr'>Pontiﬁces,</span> <span class='ocrx_word' id='word_1_660' title='bbox 2524 4688 2747 4778; x_wconf 89' lang='lat' dir='ltr'>regem,</span> <span class='ocrx_word' id='word_1_661' title='bbox 2771 4701 3051 4778; x_wconf 88' lang='lat' dir='ltr'>quamvis</span> <span class='ocrx_word' id='word_1_662' title='bbox 3081 4700 3458 4773; x_wconf 88' lang='lat' dir='ltr'>populosque</span> <span class='ocrx_word' id='word_1_663' title='bbox 3484 4688 3719 4778; x_wconf 29' lang='lat' dir='ltr'>dolet-emt.</span> 
     </span>
    </p>
   </div>
   <div class='ocr_carea' id='block_1_98' title="bbox 2160 4774 3670 4868">
    <p class='ocr_par' dir='ltr' id='par_1_98' title="bbox 2160 4774 3670 4868">
     <span class='ocr_line' id='line_1_99' title="bbox 2160 4774 3670 4868; baseline -0.012 -14"><span class='ocrx_word' id='word_1_664' title='bbox 2160 4797 2364 4854; x_wconf 81' lang='lat' dir='ltr'>Acrior</span> <span class='ocrx_word' id='word_1_665' title='bbox 2390 4795 2517 4852; x_wconf 82' lang='lat' dir='ltr'>haec</span> <span class='ocrx_word' id='word_1_666' title='bbox 2539 4774 2764 4851; x_wconf 74' lang='lat' dir='ltr'>memet</span> <span class='ocrx_word' id='word_1_667' title='bbox 2790 4774 3031 4865; x_wconf 77' lang='lat' dir='ltr'>semper</span> <span class='ocrx_word' id='word_1_668' title='bbox 3059 4805 3198 4847; x_wconf 91' lang='lat' dir='ltr'>mea</span> <span class='ocrx_word' id='word_1_669' title='bbox 3226 4803 3372 4845; x_wconf 88' lang='lat' dir='ltr'>cura</span> <span class='ocrx_word' id='word_1_670' title='bbox 3398 4774 3670 4868; x_wconf 63' lang='lat' dir='ltr'>remorde</span> 
     </span>
    </p>
   </div>
   <div class='ocr_carea' id='block_1_99' title="bbox 2162 4860 3741 4959">
    <p class='ocr_par' dir='ltr' id='par_1_99' title="bbox 2162 4860 3741 4959">
     <span class='ocr_line' id='line_1_100' title="bbox 2162 4860 3741 4959; baseline -0.016 -13"><span class='ocrx_word' id='word_1_671' title='bbox 2162 4890 2312 4947; x_wconf 86' lang='lat' dir='ltr'>Nam</span> <span class='ocrx_word' id='word_1_672' title='bbox 2341 4900 2437 4943; x_wconf 89' lang='lat' dir='ltr'>me</span> <span class='ocrx_word' id='word_1_673' title='bbox 2486 4885 2622 4959; x_wconf 88' lang='lat' dir='ltr'>plus</span> <span class='ocrx_word' id='word_1_674' title='bbox 2666 4860 2947 4957; x_wconf 56' lang='lat' dir='ltr'>aequum;</span> <span class='ocrx_word' id='word_1_675' title='bbox 2964 4895 3149 4953; x_wconf 90' lang='lat' dir='ltr'>quam</span> <span class='ocrx_word' id='word_1_676' title='bbox 3197 4872 3513 4951; x_wconf 88' lang='lat' dir='ltr'>quemlibet</span> <span class='ocrx_word' id='word_1_677' title='bbox 3550 4860 3741 4921; x_wconf 59' lang='lat' dir='ltr'>arbitr“</span> 
     </span>
    </p>
   </div>
   <div class='ocr_carea' id='block_1_100' title="bbox 2838 4960 3693 5029">
    <p class='ocr_par' dir='ltr' id='par_1_100' title="bbox 2838 4960 3693 5029">
     <span class='ocr_line' id='line_1_101' title="bbox 2838 4960 3693 5029; baseline -0.011 -10"><span class='ocrx_word' id='word_1_678' title='bbox 2838 4980 2849 4983; x_wconf 63' lang='grc'><strong>“</strong></span> <span class='ocrx_word' id='word_1_679' title='bbox 3469 4960 3693 5029; x_wconf 67' lang='lat' dir='ltr'>[aurum</span> 
     </span>
    </p>
   </div>
   <div class='ocr_carea' id='block_1_101' title="bbox 2161 5042 3693 5137">
    <p class='ocr_par' dir='ltr' id='par_1_101' title="bbox 2161 5042 3693 5137">
     <span class='ocr_line' id='line_1_102' title="bbox 2161 5042 3693 5137; baseline -0.014 -16"><span class='ocrx_word' id='word_1_680' title='bbox 2161 5064 2419 5121; x_wconf 83' lang='lat' dir='ltr'>Vulnera</span> <span class='ocrx_word' id='word_1_681' title='bbox 2449 5064 2624 5137; x_wconf 88' lang='lat' dir='ltr'>plura</span> <span class='ocrx_word' id='word_1_682' title='bbox 2655 5078 2892 5134; x_wconf 85' lang='lat' dir='ltr'>gerens,</span> <span class='ocrx_word' id='word_1_683' title='bbox 2923 5058 3251 5116; x_wconf 81' lang='lat' dir='ltr'>medicinas</span> <span class='ocrx_word' id='word_1_684' title='bbox 3280 5054 3485 5125; x_wconf 79' lang='lat' dir='ltr'>expeto</span> <span class='ocrx_word' id='word_1_685' title='bbox 3513 5042 3693 5137; x_wconf 60' lang='lat' dir='ltr'>plures»</span> 
     </span>
    </p>
   </div>
   <div class='ocr_carea' id='block_1_102' title="bbox 2165 5132 3597 5228">
    <p class='ocr_par' dir='ltr' id='par_1_102' title="bbox 2165 5132 3597 5228">
     <span class='ocr_line' id='line_1_103' title="bbox 2165 5132 3597 5228; baseline -0.01 -15"><span class='ocrx_word' id='word_1_686' title='bbox 2165 5156 2313 5226; x_wconf 90' lang='lat' dir='ltr'>Otia,</span> <span class='ocrx_word' id='word_1_687' title='bbox 2348 5132 2576 5224; x_wconf 78' lang='lat' dir='ltr'>sectari,</span> <span class='ocrx_word' id='word_1_688' title='bbox 2609 5132 3045 5228; x_wconf 80' lang='lat' dir='ltr'>strepitumque</span> <span class='ocrx_word' id='word_1_689' title='bbox 3069 5148 3361 5220; x_wconf 89' lang='lat' dir='ltr'>reliquere</span> <span class='ocrx_word' id='word_1_690' title='bbox 3390 5132 3597 5228; x_wconf 57' lang='lat' dir='ltr'>mundi,</span> 
     </span>
    </p>
   </div>
   <div class='ocr_carea' id='block_1_103' title="bbox 2164 5220 3694 5314">
    <p class='ocr_par' dir='ltr' id='par_1_103' title="bbox 2164 5220 3694 5314">
     <span class='ocr_line' id='line_1_104' title="bbox 2164 5220 3694 5314; baseline -0.017 -12"><span class='ocrx_word' id='word_1_691' title='bbox 2164 5248 2248 5302; x_wconf 87' lang='lat' dir='ltr'>Me</span> <span class='ocrx_word' id='word_1_692' title='bbox 2276 5220 2371 5301; x_wconf 82' lang='lat' dir='ltr'>lex</span> <span class='ocrx_word' id='word_1_693' title='bbox 2397 5244 2497 5302; x_wconf 90' lang='lat' dir='ltr'>illa</span> <span class='ocrx_word' id='word_1_694' title='bbox 2526 5220 3004 5314; x_wconf 61' lang='lat' dir='ltr'>monet,l.-1ribus</span> <span class='ocrx_word' id='word_1_695' title='bbox 3032 5253 3167 5311; x_wconf 75' lang='lat' dir='ltr'>quae</span> <span class='ocrx_word' id='word_1_696' title='bbox 3192 5234 3405 5291; x_wconf 87' lang='lat' dir='ltr'>mentis</span> <span class='ocrx_word' id='word_1_697' title='bbox 3433 5220 3645 5314; x_wconf 60' lang='lat' dir='ltr'>inheret</span> <span class='ocrx_word' id='word_1_698' title='bbox 3666 5226 3694 5306; x_wconf 27' lang='lat'>;.</span> 
     </span>
    </p>
   </div>
   <div class='ocr_carea' id='block_1_104' title="bbox 398 5304 1933 5414">
    <p class='ocr_par' dir='ltr' id='par_1_104' title="bbox 398 5304 1930 5414">
     <span class='ocr_line' id='line_1_105' title="bbox 398 5304 1930 5414; baseline 0.016 -44"><span class='ocrx_word' id='word_1_699' title='bbox 398 5316 467 5414; x_wconf 68' lang='lat' dir='ltr'>Ut</span> <span class='ocrx_word' id='word_1_700' title='bbox 489 5313 683 5414; x_wconf 75' lang='lat' dir='ltr'>lassus</span> <span class='ocrx_word' id='word_1_701' title='bbox 712 5321 881 5414; x_wconf 80' lang='lat' dir='ltr'>terno</span> <span class='ocrx_word' id='word_1_702' title='bbox 910 5304 1206 5382; x_wconf 74' lang='lat' dir='ltr'>recreetur</span> <span class='ocrx_word' id='word_1_703' title='bbox 1230 5344 1387 5399; x_wconf 87' lang='lat' dir='ltr'>pane</span> <span class='ocrx_word' id='word_1_704' title='bbox 1407 5330 1602 5389; x_wconf 88' lang='lat' dir='ltr'>viator</span> <span class='ocrx_word' id='word_1_705' title='bbox 1629 5304 1796 5405; x_wconf 71' lang='lat' dir='ltr'>(Luc.</span> <span class='ocrx_word' id='word_1_706' title='bbox 1829 5335 1930 5409; x_wconf 83' lang='lat' dir='ltr'>x1).</span> 
     </span>
    </p>
   </div>
   <div class='ocr_carea' id='block_1_105' title="bbox 2145 5304 3745 5414">
    <p class='ocr_par' dir='ltr' id='par_1_105' title="bbox 2167 5304 3745 5414">
     <span class='ocr_line' id='line_1_106' title="bbox 2167 5304 3745 5414; baseline -0.012 -24"><span class='ocrx_word' id='word_1_707' title='bbox 2167 5337 2327 5390; x_wconf 86' lang='lat' dir='ltr'>Hanc</span> <span class='ocrx_word' id='word_1_708' title='bbox 2359 5339 2572 5392; x_wconf 88' lang='lat' dir='ltr'>contra</span> <span class='ocrx_word' id='word_1_709' title='bbox 2609 5304 2847 5407; x_wconf 72' lang='lat' dir='ltr'>pugnat</span> <span class='ocrx_word' id='word_1_710' title='bbox 2878 5304 3071 5397; x_wconf 58' lang='lat' dir='ltr'>(Rom:</span> <span class='ocrx_word' id='word_1_711' title='bbox 3100 5342 3220 5391; x_wconf 62' lang='lat' dir='ltr'>vus,</span> <span class='ocrx_word' id='word_1_712' title='bbox 3250 5340 3381 5414; x_wconf 68' lang='lat' dir='ltr'>quas</span> <span class='ocrx_word' id='word_1_713' title='bbox 3419 5304 3745 5414; x_wconf 43' lang='grc' dir='ltr'>ωεωὺξίειδη·</span> 
     </span>
    </p>
   </div>
   <div class='ocr_carea' id='block_1_106' title="bbox 396 5391 3694 5497">
    <p class='ocr_par' dir='ltr' id='par_1_106' title="bbox 396 5391 3694 5497">
     <span class='ocr_line' id='line_1_107' title="bbox 396 5391 3694 5497; baseline -0.005 -39"><span class='ocrx_word' id='word_1_714' title='bbox 396 5404 509 5497; x_wconf 61' lang='lat' dir='ltr'>l‘lec</span> <span class='ocrx_word' id='word_1_715' title='bbox 540 5402 665 5472; x_wconf 88' lang='lat' dir='ltr'>tibi,</span> <span class='ocrx_word' id='word_1_716' title='bbox 698 5406 892 5497; x_wconf 75' lang='lat' dir='ltr'>crede,</span> <span class='ocrx_word' id='word_1_717' title='bbox 927 5417 1125 5482; x_wconf 85' lang='lat' dir='ltr'>negat,</span> <span class='ocrx_word' id='word_1_718' title='bbox 1161 5391 1392 5474; x_wconf 79' lang='lat' dir='ltr'>tantum</span> <span class='ocrx_word' id='word_1_719' title='bbox 1431 5435 1576 5492; x_wconf 83' lang='lat' dir='ltr'>prex</span> <span class='ocrx_word' id='word_1_720' title='bbox 1607 5391 1816 5481; x_wconf 77' lang='lat' dir='ltr'>sedula</span> <span class='ocrx_word' id='word_1_721' title='bbox 1844 5391 2054 5497; x_wconf 46' lang='lat' dir='ltr'>pascat</span> <span class='ocrx_word' id='word_1_722' title='bbox 2489 5391 2493 5392; x_wconf 49' lang='grc' dir='ltr'>ί</span> <span class='ocrx_word' id='word_1_723' title='bbox 2564 5391 2568 5392; x_wconf 56' lang='grc'><strong><em>⁷</em></strong></span> <span class='ocrx_word' id='word_1_724' title='bbox 2611 5391 2630 5407; x_wconf 76' lang='grc' dir='ltr'>ι</span> <span class='ocrx_word' id='word_1_725' title='bbox 2700 5391 2733 5403; x_wconf 75' lang='grc' dir='ltr'><em>υ</em></span> <span class='ocrx_word' id='word_1_726' title='bbox 2886 5391 2895 5397; x_wconf 57' lang='grc' dir='ltr'><strong>π</strong></span> <span class='ocrx_word' id='word_1_727' title='bbox 3272 5391 3285 5395; x_wconf 74' lang='grc'><strong>’</strong></span> <span class='ocrx_word' id='word_1_728' title='bbox 3325 5408 3463 5481; x_wconf 72' lang='lat' dir='ltr'>[dita</span> <span class='ocrx_word' id='word_1_729' title='bbox 3489 5391 3694 5494; x_wconf 34' lang='lat' dir='ltr'>constat:</span> 
     </span>
    </p>
   </div>
   <div class='ocr_carea' id='block_1_107' title="bbox 397 5473 3747 5597">
    <p class='ocr_par' dir='ltr' id='par_1_107' title="bbox 397 5473 3747 5597">
     <span class='ocr_line' id='line_1_108' title="bbox 397 5473 3747 5597; baseline 0.001 -50"><span class='ocrx_word' id='word_1_730' title='bbox 397 5495 654 5597; x_wconf 41' lang='lat' dir='ltr'>Innsuper.</span> <span class='ocrx_word' id='word_1_731' title='bbox 672 5499 727 5551; x_wconf 90' lang='lat' dir='ltr'>et</span> <span class='ocrx_word' id='word_1_732' title='bbox 752 5495 1068 5597; x_wconf 77' lang='lat' dir='ltr'>lympham</span> <span class='ocrx_word' id='word_1_733' title='bbox 1097 5501 1301 5574; x_wconf 88' lang='lat' dir='ltr'>largus</span> <span class='ocrx_word' id='word_1_734' title='bbox 1330 5473 1712 5582; x_wconf 50' lang='lat' dir='ltr'>tibi‘porrigi—t</span> <span class='ocrx_word' id='word_1_735' title='bbox 1721 5473 2026 5582; x_wconf 33' lang='lat' dir='ltr'>“ul—trib,&quot;—</span> <span class='ocrx_word' id='word_1_736' title='bbox 2166 5516 2290 5569; x_wconf 87' lang='lat' dir='ltr'>Heu</span> <span class='ocrx_word' id='word_1_737' title='bbox 2309 5514 2458 5571; x_wconf 89' lang='lat' dir='ltr'>mihi</span> <span class='ocrx_word' id='word_1_738' title='bbox 2479 5515 2490 5569; x_wconf 77' lang='grc' dir='ltr'><strong>Ξ</strong></span> <span class='ocrx_word' id='word_1_739' title='bbox 2517 5530 2705 5587; x_wconf 88' lang='lat' dir='ltr'>quam</span> <span class='ocrx_word' id='word_1_740' title='bbox 2725 5513 2883 5568; x_wconf 87' lang='lat' dir='ltr'>duro</span> <span class='ocrx_word' id='word_1_741' title='bbox 2902 5507 3056 5564; x_wconf 86' lang='lat' dir='ltr'>solet</span> <span class='ocrx_word' id='word_1_742' title='bbox 3073 5506 3205 5562; x_wconf 67' lang='lat' dir='ltr'>haec</span> <span class='ocrx_word' id='word_1_743' title='bbox 3225 5473 3492 5574; x_wconf 72' lang='lat' dir='ltr'>superare</span> <span class='ocrx_word' id='word_1_744' title='bbox 3510 5473 3747 5550; x_wconf 73' lang='lat' dir='ltr'>triuum</span> 
     </span>
    </p>
   </div>
   <div class='ocr_carea' id='block_1_108' title="bbox 396 5584 3527 5675">
    <p class='ocr_par' dir='ltr' id='par_1_108' title="bbox 396 5584 3527 5675">
     <span class='ocr_line' id='line_1_109' title="bbox 396 5584 3527 5675; baseline -0.004 -26"><span class='ocrx_word' id='word_1_745' title='bbox 396 5584 689 5675; x_wconf 12' lang='lat' dir='ltr'>Qnaiquis</span> <span class='ocrx_word' id='word_1_746' title='bbox 717 5592 924 5662; x_wconf 88' lang='lat' dir='ltr'>potata</span> <span class='ocrx_word' id='word_1_747' title='bbox 955 5590 1156 5650; x_wconf 89' lang='lat' dir='ltr'>sitiens</span> <span class='ocrx_word' id='word_1_748' title='bbox 1185 5611 1305 5652; x_wconf 88' lang='lat' dir='ltr'>non</span> <span class='ocrx_word' id='word_1_749' title='bbox 1349 5598 1501 5655; x_wconf 90' lang='lat' dir='ltr'>sitiet</span> <span class='ocrx_word' id='word_1_750' title='bbox 1528 5601 1682 5659; x_wconf 88' lang='lat' dir='ltr'>ultra</span> <span class='ocrx_word' id='word_1_751' title='bbox 1717 5605 2053 5675; x_wconf 31' lang='lat' dir='ltr'>(Joanuiv).</span> <span class='ocrx_word' id='word_1_752' title='bbox 2167 5602 2487 5675; x_wconf 88' lang='lat' dir='ltr'>Captivans</span> <span class='ocrx_word' id='word_1_753' title='bbox 2518 5584 2807 5659; x_wconf 80' lang='lat' dir='ltr'>miserum</span> <span class='ocrx_word' id='word_1_754' title='bbox 2852 5596 3080 5671; x_wconf 85' lang='lat' dir='ltr'>peccati</span> <span class='ocrx_word' id='word_1_755' title='bbox 3113 5595 3242 5664; x_wconf 85' lang='lat' dir='ltr'>lege</span> <span class='ocrx_word' id='word_1_756' title='bbox 3270 5591 3527 5659; x_wconf 79' lang='lat' dir='ltr'>ligatum.</span> 
     </span>
    </p>
   </div>
   <div class='ocr_carea' id='block_1_109' title="bbox 397 5672 3337 5769">
    <p class='ocr_par' dir='ltr' id='par_1_109' title="bbox 397 5672 3337 5769">
     <span class='ocr_line' id='line_1_110' title="bbox 397 5672 3337 5769; baseline 0.01 -40"><span class='ocrx_word' id='word_1_757' title='bbox 397 5672 498 5729; x_wconf 85' lang='lat' dir='ltr'>Hic</span> <span class='ocrx_word' id='word_1_758' title='bbox 530 5674 693 5747; x_wconf 86' lang='lat' dir='ltr'>facis,</span> <span class='ocrx_word' id='word_1_759' title='bbox 728 5681 790 5737; x_wconf 90' lang='lat' dir='ltr'>ut</span> <span class='ocrx_word' id='word_1_760' title='bbox 814 5682 1043 5739; x_wconf 90' lang='lat' dir='ltr'>tantum</span> <span class='ocrx_word' id='word_1_761' title='bbox 1075 5682 1359 5743; x_wconf 89' lang='lat' dir='ltr'>formides</span> <span class='ocrx_word' id='word_1_762' title='bbox 1381 5688 1600 5761; x_wconf 86' lang='lat' dir='ltr'>frigora</span> <span class='ocrx_word' id='word_1_763' title='bbox 1628 5672 1937 5765; x_wconf 83' lang='lat' dir='ltr'>quantum</span> <span class='ocrx_word' id='word_1_764' title='bbox 2018 5672 2023 5674; x_wconf 27' lang='grc'>⁷</span> <span class='ocrx_word' id='word_1_765' title='bbox 2165 5672 2448 5755; x_wconf 68' lang='lat' dir='ltr'>Invalida:</span> <span class='ocrx_word' id='word_1_766' title='bbox 2477 5691 2595 5764; x_wconf 84' lang='lat' dir='ltr'>legi</span> <span class='ocrx_word' id='word_1_767' title='bbox 2622 5691 2728 5769; x_wconf 57' lang='lat' dir='ltr'>SES,</span> <span class='ocrx_word' id='word_1_768' title='bbox 2756 5707 2799 5747; x_wconf 79' lang='grc' dir='ltr'>ο</span> <span class='ocrx_word' id='word_1_769' title='bbox 2826 5692 3101 5763; x_wconf 61' lang='lat' dir='ltr'>patrone:</span> <span class='ocrx_word' id='word_1_770' title='bbox 3131 5679 3337 5741; x_wconf 64' lang='grc' dir='ltr'>τατοτί-</span> 
     </span>
    </p>
   </div>
  </div>
