3940 6184
171 284 258 337 509
1247 276 1530 336 VERSUS
1567 276 1660 333 AD
1698 274 2031 337 DADONEI
2071 277 2473 342 EPISCOPUM.
3470 284 3575 341 570

173 408 263 461 Per
284 406 337 457 te
366 399 641 457 devincat
668 417 775 473 per
806 418 867 458 se
892 419 1028 476 quae
1060 404 1216 461 victa
1241 404 1493 460 laborat.

178 498 233 550 Et
253 490 419 555 simul
449 490 807 560 ambiguum
837 492 911 548 de
932 493 1090 549 binis
1117 494 1282 550 eﬁice
1310 497 1557 559 certum,

177 580 478 639 Consilium
509 585 575 635 ut
602 581 843 652 sapiens
867 582 1150 640 dubitans
1191 586 1466 641 Susanna
1491 597 1809 655 capessens

177 671 381 729 Evadat
410 674 662 726 mortem
683 672 809 741 jam
832 670 1018 730 libera
1038 689 1144 746 per
1168 671 1804 745 Danielem(Dan.xm).

176 764 272 829 Vis,
296 764 485 834 potes,
518 764 575 816 et
603 761 759 816 nosti
790 763 1089 819 conservis
1115 762 1386 819 auxiliari
1420 780 1432 830 ;

1838 405 1885 456 A
1990 408 2053 463 Et
2079 406 2453 466 diversorum
2484 426 2581 465 me
2606 413 2745 483 peto
2773 408 2933 465 fasce
2957 407 3167 482 premi.

1916 495 2069 550 Dum
2099 495 2279 554 frater
2305 498 2468 566 vixit,
2501 497 2799 571 quidquid
2829 513 2926 554 me
2956 496 3164 554 durius
3196 497 3357 564 ursit,

1990 584 2303 643 lnsinuans
2332 587 2414 643 illi
2434 588 2549 644 hoc
2578 586 2768 644 levius
2796 587 3004 643 habui.
3054 583 3061 593 '

1916 672 2021 729 Hic
2049 673 2196 730 mihi
2225 680 2434 748 portus
2459 679 2604 745 erat,
2635 691 2808 733 mene
2836 676 2956 733 huc
2986 691 3122 733 mea
3153 691 3216 733 se
3243 675 3571 733 referebat:

1987 762 2136 820 Cum
2166 778 2331 821 mare
2354 765 2625 836 jactaret,
2657 770 2874 838 meque
2904 765 3100 822 salum
3129 768 3417 838 quateret.

175 851 265 910 Cui
290 853 455 923 pater
480 849 577 905 ille
618 850 835 907 domus
876 867 1122 923 peregre
1166 851 1465 907 frumenta
1512 850 1809 923 profectus
1916 853 2016 909 Hic
2066 852 2320 910 baculus
2363 853 2545 925 lasso,
2592 853 2700 911 fuit
2740 854 2838 910 hic
2882 853 3261 911 medicamen
3299 858 3358 911 et
3392 869 3573 925 (egro.

174 939 566 1014 Dispensanda
590 940 768 1007 dedit,
803 957 911 996 nec
939 957 1115 1010 gazas
1141 942 1395 997 condere
1429 941 1628 1013 jussit,

174 1029 415 1087 Ubertim
456 1027 611 1084 binis
658 1045 809 1100 quas
860 1030 1107 1086 contulit
1144 1030 1271 1094 ipse
1303 1030 1535 1087 talentis
1566 1030 1805 1103 (Matth.

1600 1117 1807 1193 [xvm).

174 1208 330 1266 Dicite
356 1208 533 1280 queis
566 1207 848 1279 lacrymis
875 1208 1127 1264 dolitum
1150 1209 1226 1265 sit
1254 1209 1434 1265 funus
1466 1209 1683 1278 Abelis,

169 1295 374 1364 Divide,
406 1294 709 1367 dispensa,
736 1296 953 1367 profer,
984 1297 1197 1367 largire
1238 1298 1525 1369 ministra,

170 1383 322 1449 Quod
348 1383 455 1438 tibi
479 1383 678 1440 divina
704 1385 932 1440 corban
961 1385 1269 1442 descendit
1296 1386 1373 1441 ab
1405 1386 1561 1442 aula.

170 1476 277 1530 Hoc
298 1472 475 1527 heros
503 1472 774 1540 mandat,
797 1472 941 1528 data
964 1473 1118 1528 dans
1155 1472 1300 1529 dare
1327 1473 1575 1545 dapsilis
1600 1478 1766 1546 optat
1796 1492 1809 1529 :

168 1566 383 1631 Quanto
420 1560 557 1633 plus
586 1560 820 1617 dederis
851 1566 1013 1618 tanto
1046 1562 1183 1634 plus
1215 1563 1420 1619 danda
1448 1562 1710 1619 mereris.

164 1653 300 1706 Area
328 1650 477 1707 cluit
494 1651 718 1723 dando,
750 1658 1041 1710 vacuatur
1070 1657 1126 1709 et
1153 1654 1285 1727 ipsa
1316 1653 1615 1723 negando,

164 1741 299 1805 Quia
324 1756 437 1796 sua
467 1741 696 1798 derivat
727 1743 835 1798 soli
858 1744 968 1799 sibi
1000 1743 1251 1799 ﬂumina
1281 1748 1489 1799 servat.

168 1832 289 1885 [Ich
316 1830 709 1893 exhortando,
744 1847 867 1887 non
900 1836 954 1888 te
981 1838 1120 1888 sunt
1147 1832 1305 1888 dicta
1326 1832 1619 1888 docendo.

163 1919 380 1991 Quippe
410 1919 727 1976 theoretice
752 1938 934 1994 quem
970 1922 1218 1995 Spiritus
1249 1922 1463 1977 imbuit
1491 1927 1633 1977 arte.

161 2015 371 2064 Arvum
396 2011 528 2080 jam
558 2010 783 2081 sitiens,
817 2012 891 2067 de
920 2016 973 2068 te
1005 2013 1306 2069 desiderat
1334 2012 1576 2083 imbres,

165 2098 377 2170 Eloquii
410 2099 619 2171 pluvia
644 2100 981 2173 squalentia
1005 2102 1283 2174 complue
1313 2118 1473 2158 rura.

165 2188 473 2261 Disciplina
502 2189 685 2261 patris
714 2191 859 2246 mihi
893 2190 993 2260 sis,
1027 2191 1367 2263 compassio
1390 2191 1614 2247 matris.

159 2366 399 2422 Mathitse
426 2366 552 2422 ﬁdo
580 2383 845 2440 praesens
877 2367 1221 2424 didascalus
1254 2372 1398 2432 esto,

155 2459 389 2511 Annuat
419 2455 831 2527 Omnipotens,
865 2456 967 2528 qui
1001 2456 1133 2511 coeli
1163 2456 1413 2511 sustinet
1445 2471 1609 2526 axes,

153 2547 335 2615 atque
370 2558 625 2613 gravem
652 2550 825 2600 vasta
856 2548 1075 2599 terram
1110 2548 1396 2600 sustentat
1425 2544 1674 2615 abysso,

154 2632 275 2705 Ipse
306 2636 415 2687 tua
443 2636 510 2687 ut
538 2648 765 2705 suppar
792 2633 1003 2688 virtute
1026 2633 1249 2689 diutius
1276 2638 1424 2698 utar,

154 2721 349 2777 Vivere
382 2720 580 2792 sitque
610 2738 833 2789 meum,
867 2722 1033 2794 quod
1056 2727 1109 2778 te
1140 2723 1262 2777 scio
1287 2722 1477 2777 vivere
1508 2737 1743 2777 sanum.

157 2810 349 2864 Funde
376 2825 592 2882 preces
622 2810 875 2866 Domino
906 2827 1017 2883 pro
1046 2827 1163 2879 me,
1194 2813 1275 2866 mi
1304 2812 1500 2880 frater,
1532 2811 1594 2880 id
1623 2827 1729 2866 oro

156 2902 213 2953 Et
238 2898 404 2971 plebi
440 2902 579 2953 totae
606 2899 678 2953 sit
702 2914 848 2971 prex
875 2903 976 2954 tua
1001 2898 1169 2954 fultio
1197 2899 1351 2955 vitae.

156 2989 298 3042 Dum
327 2987 503 3043 fruor
532 2987 646 3043 hac
678 2988 816 3056 vita,
846 2987 1008 3043 vitali
1037 3004 1247 3043 vescor
1275 2992 1330 3043 et
1359 3003 1528 3054 aura,

1989 942 2120 999 Istic
2148 943 2296 999 dum
2324 943 2530 1014 viguif,
2562 943 2645 1000 nil
2668 943 2815 1000 mihi
2844 943 3004 1000 triste
3033 943 3160 1000 fuit.

1918 1036 2075 1100 Esto,
2099 1034 2229 1104 jam
2256 1033 2462 1101 fuerit;
2497 1033 2605 1091 sed
2634 1050 2773 1091 cum
2799 1033 2908 1091 fuit
2932 1032 3049 1102 ille,
3081 1032 3316 1103 subegit
3346 1051 3359 1088 :

1990 1125 2139 1180 Cum
2167 1138 2487 1196 perpessus
2515 1139 2701 1191 eram,
2733 1122 2817 1179 nil
2840 1122 3072 1195 patiens
3101 1121 3351 1179 fueram.

1922 1213 2063 1279 Quis
2088 1212 2192 1269 dat
2215 1229 2438 1287 aquam
2478 1214 2677 1287 capiti,
2711 1214 2804 1270 cui
2826 1216 3030 1287 presto
3050 1216 3139 1269 est
3165 1227 3350 1269 causa
3378 1210 3580 1268 dolen-

1993 1303 2096 1359 Cui
2125 1303 2359 1376 plorare
2386 1304 2656 1377 quidem,
2680 1303 2987 1377 multaque
3017 1302 3158 1359 ﬂere
3185 1299 3329 1358 libet
3470 1298 3574 1371 [di,

1922 1392 2101 1449 Dicite
2130 1393 2302 1465 queis
2332 1392 2614 1466 lacrymjs
2643 1393 2897 1450 dolitum
2927 1392 3000 1448 sit
3030 1390 3210 1447 funus
3239 1389 3458 1460 Abelis,

1991 1483 2140 1537 Cum
2168 1481 2517 1554 protoplasti
2546 1482 2707 1538 hunc
2734 1496 3013 1552 gemuere
3038 1480 3210 1537 mori.

1920 1573 2079 1636 Quos
2106 1570 2321 1641 luctus,
2347 1570 2560 1638 Adam,
2595 1570 2689 1626 vel
2712 1586 2902 1643 quam
2922 1570 3052 1637 das,
3076 1572 3217 1640 Eva,
3248 1565 3577 1641 querelam,

1994 1661 2141 1715 Cum
2172 1659 2273 1732 qui
2305 1658 2441 1731 plus
2468 1659 2693 1732 placuit
2712 1659 2888 1715 fratre
2912 1661 3159 1714 necatus
3186 1655 3360 1713 obit?

1854 1757 1893 1809 Β
1922 1749 2193 1821 Amplius
2212 1748 2342 1822 ipse
2370 1748 2619 1820 quidem
2637 1747 2985 1804 defunctum
3014 1746 3191 1815 lugeo
3219 1744 3463 1801 fratrem
3492 1760 3506 1798 :

1994 1842 2141 1894 Nam
2170 1838 2298 1894 vice
2325 1837 2624 1910 suscipitis
2652 1836 3001 1911 progeniem
3032 1835 3273 1891 sobolis.

1925 1930 2060 1987 Seth
2072 1928 2245 1984 vobis
2268 1927 2514 1984 veniens
2536 1927 2707 1983 ﬂetus
2727 1927 3049 1982 deterserat
3067 1940 3280 1981 omnes
3298 1923 3578 1997 (Genu);

1995 2021 2069 2074 At
2098 2017 2282 2073 semel
2313 2017 2576 2073 amissus
2600 2032 2722 2072 non
2750 2016 2913 2072 venit
2936 2015 3031 2071 ille
3060 2031 3251 2071 meus.

1923 2110 2054 2181 Ipse
2082 2107 2265 2164 Iacob
2292 2106 2441 2162 luxit
2469 2108 2635 2177 (Gen.
2668 2122 2891 2172 xxxvn,
2918 2104 3085 2177 quod
3121 2103 3340 2176 Ioseph
3384 2102 3582 2157 obisse

1983 2195 2319 2263 Quamlibet
2347 2194 2588 2251 undena
2620 2193 2799 2267 stirpe
2825 2193 2986 2249 cluat
3016 2192 3247 2262 genitor
3309 2188 3580 2263 [putavit,

1924 2291 2027 2341 Ast
2053 2284 2202 2339 mihi
2229 2282 2397 2355 queis
2425 2282 2707 2354 lacrymis
2738 2286 2826 2337 est
2853 2280 3054 2337 ﬂenda
3082 2277 3307 2351 ereptio
3332 2275 3546 2344 fratris,

1998 2371 2307 2443 Benjamin
2333 2370 2532 2426 nullus
2562 2370 2660 2425 cui
2687 2373 2961 2441 superest
2989 2367 3139 2424 alius
3157 2367 3187 2423 ?

1928 2459 2143 2516 Rachel
2173 2460 2412 2527 (Jerem.
2439 2474 2580 2513 xxxx
2610 2476 2623 2525 ;
2664 2458 2881 2514 Matth.
2915 2458 3037 2528 xxi)
3067 2455 3244 2511 docta
3272 2453 3421 2509 doce
3450 2466 3587 2508 mea

2950 2547 3067 2617 [me
3096 2542 3395 2601 contraria
3421 2540 3584 2609 ﬂere,

1999 2639 2138 2701 Quae
2169 2636 2549 2693 consolantes
2579 2650 2856 2708 spernere
2886 2638 3104 2690 masta
3134 2632 3309 2688 soles.

1929 2727 2092 2798 Eligo
2121 2727 2250 2798 lege
2282 2732 2383 2783 tua
2412 2725 2707 2782 solamina
2732 2740 2968 2780 sumere
2987 2722 3152 2779 nulla
3180 2740 3194 2778 :

2000 2822 2118 2873 Hoc
2146 2817 2377 2873 ululatu
2402 2832 2648 2872 omnem
2674 2815 3022 2871 continuare
3046 2812 3228 2869 diem.

1930 2912 2048 2965 Rex
2080 2907 2263 2964 David
2291 2906 2538 2979 planxit,
2571 2903 2821 2978 pulcher
2865 2903 3009 2976 quia
3044 2906 3224 2958 natus
3268 2899 3456 2977 obivit
3502 2897 3596 2970 (II

3212 2991 3377 3061 [Reg].
3408 2978 3533 3058 x'tx)
3570 3004 3585 3056 ;

154 3080 298 3132 Dum
324 3093 547 3132 sensus
578 3077 836 3149 sapiunt,
866 3078 1014 3133 dum
1042 3078 1313 3147 linguam
1339 3122 1351 3134 .
1385 3122 1397 3133 .
1427 3122 1439 3133 .
1465 3077 1815 3146 manebunt,
1846 3105 1887 3159 ο
2000 3088 2191 3159 Seque
2220 3085 2609 3140 insectantem
2629 3082 2730 3138 ﬂet
2758 3080 2988 3151 genitor
3019 3078 3312 3136 sobolem.

152 3169 221 3223 Te
248 3167 516 3224 meditor
544 3183 800 3240 semper,
835 3173 889 3224 te
918 3168 1159 3223 rumino
1184 3184 1330 3224 voce
1350 3168 1708 3240 frequenter,

150 3256 393 3325 Jugibus
426 3261 487 3312 et
516 3255 695 3325 votis,
729 3257 1003 3314 habitare
1030 3257 1258 3331 palatia
1281 3258 1431 3313 lucis

153 3346 239 3411 Te,
274 3344 376 3400 tibi
403 3361 508 3401 me
534 3345 767 3415 juncto,
795 3347 1001 3401 Jesum
1033 3361 1245 3418 precor
1270 3361 1420 3401 esse.
1450 3346 1674 3402 Valeto.

153 3433 244 3489 Hic
272 3434 331 3489 in
364 3434 536 3490 calce
564 3450 712 3502 rogo
734 3434 1023 3491 claudens
1054 3435 1167 3490 hoc
1198 3476 1210 3487 .
1243 3479 1255 3491 .
1289 3474 1302 3487 .
1337 3434 1550 3505 sigillo,

154 3523 217 3576 Ut
242 3521 439 3577 vinclo
468 3521 638 3589 ﬁdei,
671 3538 794 3594 quo
817 3538 926 3578 vos
955 3538 1052 3578 me
1084 3522 1372 3593 stringere
1392 3522 1551 3591 novi,

152 3612 421 3666 Nostrum
457 3611 819 3677 Hathonem,
852 3616 1241 3695 vestrumque
1270 3612 1459 3681 ligetis
1489 3612 1723 3677 eodem,

151 3699 212 3752 Et
233 3700 481 3771 qualem
516 3699 699 3755 vobis
733 3717 827 3755 me
854 3701 1032 3756 eorde
1064 3701 1259 3756 valere
1286 3700 1511 3767 velitis;

150 3788 293 3845 Talis
324 3791 379 3845 ei
407 3790 540 3846 sitis
578 3794 636 3845 et
662 3790 818 3862 plus,
849 3790 991 3863 quia
1012 3790 1189 3863 plura
1210 3789 1421 3845 valetis
1446 3808 1458 3858 ;

150 3878 299 3939 Quos
319 3879 504 3935 vobis
537 3878 722 3948 ﬁbos,
755 3883 810 3935 et
840 3896 993 3951 quos
1024 3878 1299 3935 habeatis
1328 3878 1573 3935 amicos.

149 3966 232 4022 Ad
255 3974 532 4024 nostram
557 3983 673 4023 oro
693 3968 879 4024 ﬁdem
904 3984 1011 4041 per
1032 3984 1139 4023 vos
1164 3968 1462 4024 ducantur
1482 3967 1681 4023 iidem.

147 4054 258 4111 Nos
286 4058 462 4114 vobis
489 4056 792 4131 equidem
817 4057 933 4112 ritu
964 4057 1252 4113 faciemus
1278 4056 1492 4112 eodem

146 4146 314 4201 Nobis
342 4145 716 4216 cencor'des,
749 4146 829 4201 ad
858 4161 967 4202 vos
1001 4145 1406 4202 convertimur
1432 4161 1668 4213 omnes,

149 4235 455 4292 Servantes
484 4236 697 4306 legem
722 4235 861 4291 fidei
887 4234 1277 4291 nihilominus
1302 4235 1433 4308 ipsi.

153 4324 320 4413 (itii)
357 4329 716 4395 Carmina
744 4325 1130 4393 Salomonis
1157 4325 1465 4415 episcopi
1492 4328 1587 4391 ad
1619 4324 1833 4391 Dario-

700 4435 851 4479 nem
889 4414 1306 4503 episcopum.

158 4520 372 4578 Eximie
397 4522 687 4591 antistes,
722 4522 833 4576 hac
866 4521 1091 4593 accipe,
1122 4520 1308 4590 Dado,
1337 4518 1575 4587 salutes,

222 4609 618 4683 Conscriptas
654 4608 797 4664 tristi
829 4625 864 4664 a
894 4609 1213 4665 Salomone
1241 4608 1364 4665 tibi.

158 4695 310 4753 Sicut
331 4698 627 4755 laetorum
661 4698 859 4754 fueras
889 4713 1030 4770 pars
1060 4701 1196 4753 ante
1221 4713 1517 4768 meorum,

224 4788 315 4844 Sic
344 4805 515 4845 nunc
542 4787 798 4845 tristitiae
829 4804 991 4860 pars,
1018 4791 1202 4855 Pater,
1231 4792 1357 4843 esto
1382 4802 1554 4843 mea).

161 4875 443 4934 Gaudenti
482 4877 898 4946 congaudere,
932 4881 987 4933 et
1018 4893 1156 4931 cum
1204 4878 1377 4931 ﬂente
1421 4874 1622 4931 dolere
1654 4875 1838 4946 (Rom.

224 4966 481 5041 Scriptio
517 4982 718 5040 quam
748 4966 950 5034 dictat,
979 4966 1301 5036 Tarsigena
1332 4964 1630 5037 imperitat
1694 4964 1839 5035 [xu),

161 5054 444 5129 Tempore
474 5060 791 5114 transacto
817 5056 1113 5111 damnum
1144 5055 1417 5126 generale
1444 5053 1752 5126 querendo

224 5144 521 5205 Quaedam
554 5144 911 5217 conscripsi,
947 5144 1167 5216 praesul
1197 5144 1478 5211 amande,
1515 5143 1638 5199 tibi.

164 5231 413 5307 Obliqua
445 5234 627 5292 dolui
658 5233 958 5290 mundum
987 5233 1271 5302 vertigine
1302 5233 1456 5298 ferri,

225 5324 445 5381 Mistim
470 5324 732 5381 diversa
763 5322 1141 5395 explicuique
1171 5322 1349 5378 mala.

165 5409 415 5469 Poscens
448 5410 786 5469 consilium
818 5410 893 5465 de
918 5414 994 5476 te,
1029 5410 1109 5465 mi
1141 5410 1338 5478 chare,
1366 5410 1690 5476 malorum,

229 5501 481 5572 Singula
511 5499 799 5566 disserui,
829 5515 965 5571 quae
991 5500 1226 5555 fuerant
1253 5500 1439 5556 oneri.

160 5588 345 5647 Casus
376 5591 726 5648 multorum
759 5589 863 5644 sed
889 5605 986 5645 me
1011 5605 1171 5645 nunc
1200 5589 1439 5647 obsidet
1463 5605 1676 5653 unum,

230 5767 376 5839 (451)
418 5773 485 5827 In
516 5784 644 5823 ms.
681 5765 884 5823 codice
915 5765 1081 5822 deest
1106 5766 1325 5824 titulus.

1932 3176 2030 3232 Hic
2058 3175 2172 3231 nisi
2197 3173 2365 3246 quod
2392 3172 2565 3229 libuit
2588 3187 2902 3243 nunquam
2939 3169 3087 3225 mihi
3114 3168 3386 3224 funditus
3412 3165 3551 3237 egit,

2001 3267 2083 3332 Et,
2110 3262 2386 3337 quamvis
2414 3261 2559 3327 bini,
2590 3261 2927 3316 mansimus
2954 3274 3113 3314 unus
3142 3258 3348 3313 homo.

1928 3356 2068 3419 Quae
2092 3352 2274 3418 volui,
2308 3350 2532 3419 voluit;
2564 3365 2700 3422 quae
2729 3364 2875 3417 non,
2896 3349 3026 3405 haec
3055 3347 3182 3420 ipse
3202 3343 3423 3416 rejecit.

2001 3444 2131 3508 Quo
2157 3440 2304 3496 mihi
2329 3439 2466 3495 huic
2493 3437 2701 3494 similis
2731 3435 3125 3492 inveniendus
3157 3432 3308 3489 erit?

1932 3531 1989 3588 Si
2019 3533 2185 3602 pater
2207 3528 2369 3583 hunc
2397 3525 2571 3597 ﬂesti,
2601 3524 2707 3596 qui
2736 3528 3038 3595 sceptrum
3062 3520 3265 3577 tollere
3293 3518 3484 3589 regni,

2002 3619 2151 3673 Cum
2174 3616 2298 3672 vita
2328 3614 2556 3670 tibimet
2585 3627 2745 3684 saepe
2775 3611 2940 3667 ferox
2968 3608 3152 3682 cupiit
3176 3626 3189 3674 ;

1936 3712 2119 3764 Istum
2148 3721 2271 3779 quo
2301 3704 2610 3777 planctum
2651 3699 2831 3769 digne
2859 3714 2983 3772 quo
3006 3700 3316 3770 perstrepo
3342 3694 3593 3760 luctum,

2006 3795 2118 3862 Qui
2145 3794 2324 3867 plane
2349 3806 2529 3847 omne
2555 3805 2734 3846 suum
2766 3786 2977 3844 maluit
3005 3799 3137 3842 esse
3167 3782 3419 3840 meum?

1934 3889 2048 3942 Pro
2078 3901 2174 3941 me
2206 3886 2420 3957 sponte
2450 3896 2625 3937 suam
2649 3877 2752 3952 qui
2778 3876 2952 3933 vellet
2977 3890 3203 3949 ponere
3231 3873 3439 3942 vitam,

2010 3978 2079 4033 Se
2110 3972 2286 4029 morti
2315 3971 2580 4038 tradens,
2616 3984 2711 4025 me
2741 3981 3052 4040 superesse
3082 3962 3309 4020 volens.

1939 4069 2007 4122 Ut
2030 4064 2244 4134 legitur
2265 4060 2501 4133 (Ezech.
2537 4060 2578 4130 ι)
2601 4056 2826 4114 Litteris
2854 4053 3216 4112 animalibus
3232 4067 3364 4108 esse
3385 4047 3598 4118 beatis,

2012 4153 2069 4210 Si
2095 4154 2319 4208 starent
2347 4147 2504 4205 oculi
2532 4151 2689 4214 ante,
2717 4149 2995 4217 retroque
3023 4142 3167 4199 mihi
3192 4159 3205 4198 :

1939 4245 2044 4298 Tot
2069 4257 2193 4297 non
2220 4237 2578 4307 sufﬁcerent,
2606 4238 2896 4308 quantum
2928 4231 3075 4289 mihi
3096 4232 3235 4287 ﬂere
3265 4229 3491 4294 liberet,

2013 4328 2351 4397 Quamlibet
2378 4328 2532 4384 intra
2559 4341 2653 4381 me
2682 4325 2908 4380 ﬂumen
2938 4327 2996 4378 et
3022 4325 3181 4377 esset
3208 4334 3403 4392 aquae.

1870 4459 1914 4513 ο
1944 4419 2247 4478 Hieremias
2278 4417 2467 4474 sancti
2494 4433 2598 4513 me
2612 4412 2944 4513 deploratio

2018 4508 2204 4566 Corde
2235 4511 2407 4563 tenus
2436 4504 2646 4575 tangit,
2673 4506 2857 4573 utque
2877 4497 3172 4571 propheta
3195 4494 3397 4564 gemit.

1948 4602 2093 4655 Ecce
2121 4594 2447 4670 querelosis
2469 4593 2544 4648 sit
2565 4592 2655 4647 fas
2684 4588 2830 4645 mihi
2860 4586 3056 4642 dicere
3085 4582 3304 4650 verbis,

2017 4686 2168 4743 Dixit
2196 4689 2262 4743 ut
2290 4688 2571 4751 arctatus,
2595 4679 2839 4746 Christe,
2867 4674 3138 4749 sophista
3166 4675 3328 4729 tuus.

1948 4781 2028 4834 De
2060 4792 2157 4833 me
2182 4774 2539 4845 magniﬁcos
2572 4770 2817 4841 (Thren.
2850 4782 2888 4833 ι,
2919 4764 3003 4835 15)
3046 4761 3269 4818 tuleras
3301 4755 3608 4815 sanctissi-

2020 4871 2087 4923 Et
2112 4865 2250 4922 teris
2276 4862 2494 4919 electos
2526 4875 2666 4916 cum
2685 4855 2907 4913 ditione
2930 4867 3117 4908 meos.
3194 4850 3315 4923 [me
3336 4848 3608 4913 cunctos,

1951 4962 2082 5031 Ipse
2111 4955 2248 5011 ideo
2273 4952 2519 5026 plorans
2547 4948 2955 5019 lacrymarum
2984 4940 3213 5031 duxero
3232 4935 3535 5011 lymphas,

2022 5044 2252 5102 Solator
2282 5042 2459 5109 longe
2485 5036 2652 5110 quod
2676 5033 2824 5090 milii
2844 5032 3036 5088 factus
3061 5029 3252 5085 abest.

1952 5139 2095 5192 Sum
2122 5134 2214 5189 vir
2241 5128 2352 5201 ego
2384 5132 2557 5193 certe,
2588 5124 2691 5198 qui
2716 5124 2845 5194 jam
2876 5117 3250 5191 contemplor
3274 5113 3538 5184 abunde,

2020 5229 2280 5283 Cernens
2309 5231 2646 5274 aerumnam
2671 5210 3143 5287 pauperiemque
3172 5220 3393 5263 meam.

1951 5316 2051 5371 Hic
2080 5313 2241 5379 volo,
2269 5323 2453 5381 quem
2484 5303 2704 5371 scribit,
2755 5314 3059 5374 quemque
3106 5296 3237 5370 ipse
3278 5292 3614 5381 Theologus

2025 5403 2114 5457 Ad
2146 5415 2243 5456 me
2277 5379 2597 5453 solandum
2628 5408 2851 5467 ponere
2872 5387 3255 5446 versiculum.
3404 5379 3613 5455 [addit,

1955 5497 1999 5551 Ο
2033 5497 2134 5548 tua
2172 5492 2380 5545 sancta
2402 5484 2563 5551 satis,
2597 5482 2863 5549 Domine,
2897 5482 2986 5536 est
3011 5473 3317 5533 miseratio
3349 5467 3612 5543 grandis,

2028 5579 2199 5650 Quod
2224 5592 2347 5635 non
2377 5572 2718 5645 consumpti
2747 5571 2896 5627 falce
2937 5569 3147 5641 (Apoc.
3192 5563 3311 5633 xiv)
3359 5559 3616 5720 Enetente

3385 5658 3612 5707 sumus.

3385 5658 3612 5707 sumus.
