3940 6184
137 235 245 289 573-
1101 238 1651 308 wumuuus,
1682 268 1752 279 -
1796 237 2075 296 ΝοτιτιΑ
2115 241 2520 302 mererum.
2712 200 2723 205 ⁷
3416 252 3520 307 su

134 354 309 422 Isaias,
336 351 566 422 Daniel,
599 355 839 415 Samuel
866 362 1172 435 Jonasque
1200 363 1433 433 beatus,
1783 363 1832 416 Λ
1873 363 2138 436 Spondet
2160 368 2361 425 adhuc
2382 368 2582 435 etiam,
2600 368 2803 425 nullus
2822 369 2921 425 cui
2933 369 3521 442 detrahatunquam:

192 445 383 501 Vivens
411 444 527 500 sub
555 445 792 518 pelago,
826 452 961 519 stat,
994 452 1181 509 modo
1207 469 1449 526 pressus
1472 452 1680 513 humo.
1939 455 2077 520 Quae
2102 455 2226 514 duo
2254 458 2608 531 deposcant,
2639 462 2704 513 ut
2731 457 2843 514 sibi
2873 458 3078 516 danda
3105 458 3312 516 sciant.
3386 476 3393 479 ν

132 533 376 607 Princeps
392 531 558 589 clave
580 536 1046 609 Petrus,primus
1058 557 1299 614 quoque
1316 541 1598 611 dogmate
1611 542 1759 597 Paus-
1868 542 1925 599 Si
1949 544 2072 601 duo
2097 546 2173 603 de
2202 547 2376 604 vobis
2404 547 2646 619 (Matth.
2691 552 2857 615 xvui)
2906 549 3057 613 votis
3103 547 3521 617 concordibus,

192 622 456 693 Quamvis
477 621 648 677 celsae
667 624 904 697 animae,
920 644 1174 702 corpora
1189 635 1344 697 terra
1357 629 1514 701 tegit,
1550 629 1681 701 μηδ,
2078 676 2081 679 γ
3238 637 3449 709 [aiens,

133 710 336 767 Semina
360 710 441 767 ab
469 711 742 769 humano
766 716 862 771 cui
886 717 1086 774 nullus
1117 720 1313 791 major
1336 720 1592 776 habetur
1934 722 2264 795 lmplorant
2290 724 2539 797 aliquid,
2565 724 2681 781 hoc
2712 727 2880 781 Pater
2904 725 3033 797 ipse
3062 725 3247 781 dabit.

191 799 272 857 Vir
292 799 559 872 Baptista
577 807 811 876 potens,
838 805 966 878 ipse
983 810 1242 871 Joannes
1267 810 1409 873 obit.
1864 810 1922 873 Si
1947 812 2184 886 possint
2206 814 2323 875 rari
2354 814 2606 875 Domino
2632 818 2954 888 praestante
2984 814 3221 881 mereri,

130 889 321 977 Enoch,
356 888 629 963 Eliasque
657 892 771 949 hoc
802 894 998 952 adhuc
1029 902 1256 970 spectat
1284 904 1552 972 uterque,
1935 902 2076 967 Quae
2104 903 2384 975 precibus
2415 909 2673 977 poscunt
2699 923 2712 973 ;
2745 902 2892 977 quid
2922 919 3244 960 numerosa
3272 908 3519 975 queunt.

189 976 283 1043 Qui
313 982 477 1034 satus
502 994 574 1034 ex
603 981 845 1038 homine
876 990 982 1053 est,
1015 990 1071 1042 et
1099 990 1424 1044 moriturus
1455 988 1581 1044 erit.
1698 1006 1705 1011 ’
1861 990 2059 1047 Turba
2089 976 2491 1065 sacerdotum,
2520 976 2955 1049 monachorum
3008 1008 3227 1066 corpus
3273 993 3520 1061 inerme,

128 1071 238 1139 Ipse
259 1068 489 1131 Greater
502 1084 694 1129 ovans
716 1071 831 1131 cito
847 1088 1099 1143 surgens
1122 1076 1391 1143 Christus
1407 1076 1754 1147 abumbris;
1935 1082 2159 1141 Nonne
2184 1098 2323 1147 eum
2366 1082 2582 1151 viduis,
2611 1098 2863 1156 pauper,
2908 1081 3205 1155 inopsque
3233 1081 3519 1156 phalanx,

186 1155 275 1211 Hic
306 1156 450 1228 quia
479 1162 655 1215 natus
680 1160 862 1218 homo
906 1169 1012 1231 est,
1042 1182 1219 1222 carne
1248 1166 1518 1240 sepultus
1544 1167 1753 1235 humo,
1864 1166 2069 1224 Clarus
2098 1184 2239 1226 eum
2266 1170 2469 1241 vulgo,
2497 1155 2625 1227 vilis
2654 1187 2792 1226 cum
2819 1170 2997 1227 divite
3027 1155 3288 1241 summo,

128 1246 245 1311 Quis
266 1261 414 1315 rogo
444 1263 569 1312 non
599 1249 871 1319 moritur.
919 1258 1175 1320 mortem
1214 1259 1491 1327 gustante
1516 1255 1705 1319 salute
1729 1257 1758 1315 ?
1938 1258 2085 1323 Cum
2110 1260 2340 1331 majore
2370 1261 2587 1329 minor,
2618 1276 2758 1325 cum
2785 1275 2974 1334 puero
3003 1259 3247 1325 senior?

183 1338 319 1391 Dum
346 1351 461 1407 pro
490 1352 589 1393 me
613 1338 800 1395 voluit
829 1340 934 1412 sic,
966 1359 1102 1400 mea
1132 1345 1273 1416 vita,
1298 1345 1468 1401 mori.
1866 1347 2302 1404 Commendant
2332 1348 2601 1405 animam
2630 1351 2768 1405 Jesu
2797 1365 2938 1405 cum
2985 1349 3296 1422 questibus
3324 1348 3523 1421 ipsam

122 1424 255 1493 Ergo
280 1423 425 1495 quid
450 1424 588 1481 hinc
611 1426 884 1499 facimus,
907 1432 1074 1503 quod
1088 1432 1386 1490 declinare
1407 1432 1750 1506 nequimus,
1937 1437 2154 1491 Fratris
2185 1437 2484 1507 Germani,
2520 1438 2769 1494 Domine
2798 1438 2991 1506 beate,
3022 1437 3128 1494 tui.

120 1514 314 1656 “cum
341 1513 492 1569 mml
519 1516 721 1615 “3‘11”
752 1533 1080 1591 possumus
1109 1538 1237 1578 esse
1266 1522 1352 1578 rei
1370 1523 1398 1578 ?
1866 1541 2209 1619 Dialia/ton
2232 1544 2637 1625 Salomonis,
2676 1566 2808 1632 quo
2827 1567 3103 1633 sequens
3125 1564 3403 1615 carmen
3433 1544 3528 1610 ad

175 1616 426 1656 oramus.
462 1619 780 1656 tremimus-
810 1609 911 1656 sed
931 1625 1041 1656 nec
1069 1612 1360 1656 ηνηίῖριςρ
1388 1613 1659 1656 valnmnu
2393 1636 2434 1656 η
2459 1655 2480 1656 η
2505 1631 2558 1656 ,1,
2580 1654 2609 1656 η
2643 1655 2650 1656 ,
2799 1655 2805 1656 ,
2859 1634 2922 1656 ·.ι
2942 1634 2977 1656 ο,

175 1616 426 1700 oramus,
461 1609 781 1700 gemimus,
810 1609 915 1665 sed
930 1625 1041 1666 nec
1069 1612 1361 1684 prodesse
1388 1613 1679 1683 valemus,
1876 1609 1889 1619 ”
2040 1609 2056 1612 ’
2103 1609 2142 1619 Ὗ
2251 1609 2264 1611 ν

176 1692 375 1746 Luctus
407 1691 581 1750 adest
609 1694 818 1766 oculis,
850 1702 941 1754 est
970 1714 1167 1772 neque
1196 1701 1424 1757 fructus
1455 1702 1607 1774 opis.

115 1778 328 1835 Viscera
355 1784 727 1854 torquentur,
754 1785 1092 1847 lacerantur
1120 1789 1304 1847 corda
1335 1791 1590 1851 tumultu
1614 1808 1627 1846 :

174 1870 312 1924 Sunt
340 1870 469 1926 cari
499 1873 790 1942 exstincti,
822 1874 1024 1933 ﬂendo
1055 1878 1274 1934 cadant
1296 1879 1473 1935 oculi.

1786 1723 1826 1775 Β
1864 1752 2115 1822 Rursus,
2148 1758 2350 1811 sancte
2374 1758 2563 1827 Pater,
2595 1760 2697 1812 tua
2726 1772 2821 1812 me
2852 1756 3087 1812 dilectio
3117 1756 3273 1824 cogit

1937 1843 2202 1901 Scribere
2232 1843 2558 1918 doctiloqui
2586 1845 2767 1903 verba
2787 1846 2976 1919 perita
3006 1846 3132 1901 viri.

113 1958 239 2012 Ecce
265 1964 515 2016 vocatur
539 1976 730 2029 amor,
765 1979 874 2020 nec
898 1965 1026 2035 jam
1056 1972 1369 2023 revocatur
1398 1972 1650 2034 amator,
1924 1953 2152 2017 Versus
2199 1953 2328 2016 Wa

1924 1953 2152 2017 Versus
2199 1950 2653 2018 Waldrammi
2674 1953 2852 2041 (456)
2878 1951 2992 2041 ad
3015 1952 3468 2031 Salomonem,

170 2048 275 2101 Nos
304 2064 507 2121 neque
532 2050 661 2121 jam
691 2053 917 2125 repetit,
950 2070 1133 2127 quem
1159 2060 1329 2128 petra
1362 2073 1564 2115 mersa
1586 2056 1746 2126 tegit.
2066 2060 2231 2128 quos
2257 2042 2582 2108 Salomon
2611 2040 2707 2107 ad
2729 2040 3073 2108 Dadonem
3106 2042 3314 2108 misit.

110 2133 314 2190 Ibimus
346 2154 494 2208 ergo
525 2156 739 2196 omnes
770 2142 887 2198 alia
915 2145 1158 2214 regione
1186 2145 1447 2213 locandi,
1865 2148 1998 2205 Esto
2025 2145 2184 2203 virile
2213 2146 2424 2217 decus,
2448 2147 2738 2220 patienter
2756 2147 2927 2203 vince
2952 2147 3208 2214 dolores,

168 2222 395 2302 ibimus.
419 2227 501 2282 ad
528 2230 804 2300 patriam,
836 2248 991 2304 quos
1021 2234 1336 2306 peregrina
1366 2238 1583 2291 tenent.
1934 2235 2103 2300 Quod
2135 2250 2258 2289 non
2288 2236 2524 2303 vitatur,
2552 2236 2647 2291 vel
2674 2236 2953 2291 toleretur
2977 2251 3150 2291 onus.

105 2314 191 2381 Ne,
219 2316 551 2373 reverende
585 2320 767 2385 Pater,
802 2336 875 2376 ne
908 2338 1122 2379 casu...
1151 2327 1368 2389 esto,...
1860 2323 2014 2379 Talis
2035 2322 2144 2378 erit
2168 2323 2451 2395 populus,
2484 2324 2726 2397 qualem
2753 2330 2809 2380 te
2836 2324 3042 2380 viderit
3071 2340 3224 2391 esse,

160 2401 280 2456 Non
310 2402 483 2463 hunc
509 2405 651 2465 ﬂere
678 2406 867 2477 decet,
893 2424 1079 2481 quem
1103 2410 1422 2481 paradisus
1449 2410 1652 2469 habet.
1934 2415 2135 2484 Deque
2163 2416 2268 2469 tua
2292 2411 2440 2468 facie
2465 2412 2637 2487 plebs
2665 2430 2777 2471 sua
2806 2417 2947 2471 vota
2976 2413 3161 2479 metit.

103 2488 251 2551 Quod
286 2491 473 2562 jubet
506 2494 909 2567 omnipotens,
954 2513 1080 2553 non
1121 2514 1447 2577 possumus
1489 2515 1621 2555 esse
1662 2515 1754 2556 re—
1865 2501 2128 2573 Denique
2154 2501 2265 2558 Job
2285 2506 2459 2558 natos
2488 2507 2718 2575 septem
2748 2519 2871 2559 uno
2901 2503 3062 2559 triste
3093 2503 3207 2560 sub
3235 2504 3355 2560 ictu

1455 2586 1681 2661 [belles,
1933 2589 2242 2657 Amittens,
2272 2589 2485 2646 laudes
2516 2591 2737 2648 rettth
2759 2607 2861 2647 ore
2893 2594 3031 2647 Deo.

157 2669 316 2727 Forte
347 2670 548 2729 Deum
577 2677 784 2739 contra
813 2678 902 2737 est
926 2674 1083 2732 illius
1113 2681 1244 2733 acta
1270 2676 1502 2735 dolens.
1867 2677 2105 2735 Femina
2134 2678 2228 2734 bis
2260 2676 2397 2735 felix
2422 2679 2525 2752 pia
2554 2684 2745 2737 mater
2772 2679 3271 2753 Machabaaorum,

101 2754 236 2811 Illius
263 2773 413 2815 ecce
441 2776 654 2820 sumus
682 2762 1062 2834 ﬁgmentum,
1102 2770 1160 2822 et
1184 2766 1424 2838 spiritus
1452 2766 1593 2823 inde
1623 2772 1709 2825 est
1738 2785 1750 2822 :
1864 2770 2043 2823 Natos
2069 2770 2300 2839 septem
2332 2784 2453 2824 uno
2484 2768 2689 2837 funere
2717 2766 2855 2827 laeta
2885 2768 3029 2827 tulit.

155 2850 296 2903 Cum
320 2848 506 2921 jubet
532 2850 674 2908 hinc
698 2853 855 2909 imus
882 2854 988 2927 qui
1018 2871 1228 2911 sumus
1253 2857 1383 2926 ejus
1414 2871 1588 2928 opus.
1865 2855 2051 2911 David
2066 2855 2552 2929 Psalmigraphus
2582 2874 2721 2913 cum
2750 2862 2962 2914 natum
3001 2858 3203 2914 amisit
3229 2863 3521 2929 amatum,

97 2937 398 3009 Accepisse
426 2939 705 3021 solamen
737 2943 936 3014 (Joan.
964 2945 1082 3016 τινι)
1110 2945 1275 3018 quod
1306 2944 1420 3000 scis
1455 2944 1753 3018 spondere
1932 2947 2061 3001 Mox
2094 2944 2323 3001 tumulo
2348 2947 2568 3021 posuit,
2596 2946 2855 3020 prandia
2885 2946 3037 3002 festa
3060 2945 3241 3001 dedit.

424 3020 431 3027 ’
474 3115 486 3126 _
636 3118 674 3127 ῃ
1308 3034 1631 3106 [creantem
1665 3054 1677 3093 :
1784 3072 1824 3127 Ο
1864 3033 1997 3089 Hac
2025 3032 2213 3105 girata
2239 3020 2448 3103 manu,
2480 3050 2717 3093 necnon
2745 3034 3079 3108 percensita
3108 3050 3315 3105 censu,

156 3116 213 3168 In
242 3130 341 3172 me
374 3115 490 3188 qui
516 3118 703 3176 credit
724 3134 847 3179 non
880 3120 1164 3183 morietur
1188 3124 1384 3190 (Joan.
1420 3124 1558 3194 vui),
1577 3123 1678 3180 ait.
1787 3115 1824 3127 ”
1937 3125 2074 3179 Fors
2104 3139 2360 3181 maerore
2382 3128 2574 3194 tuum,
2596 3125 2842 3196 domne,
2874 3124 3079 3185 levant
3102 3124 3395 3187 animum.

152 3277 294 3353 (23.36)
328 3275 627 3355 Suspicor
656 3276 1045 3357 Valtrannum
1079 3295 1207 3335 esse
1251 3282 1357 3357 qui
1405 3285 1757 3357 A_r_gentora-
1866 3282 1997 3339 Scio
2021 3298 2210 3357 quam
2233 3284 2296 3340 in
2327 3285 2442 3357 hoc
2470 3300 2699 3357 genere
2730 3286 3087 3357 conjecturae
3131 3285 3522 3357 blandiantur

91 3344 252 3398 tensis
282 3344 640 3428 episcbpus,
672 3364 855 3473 quem
888 3351 1110 3421 chino
1155 3344 1358 3407 scribit
1400 3344 1599 3407 obisse
1652 3369 1750 3409 an.
1863 3359 1920 3409 et
1947 3344 2134 3435 quam
2164 3354 2385 3411 blande
2416 3344 2658 3473 quoque
2682 3344 2921 3424 fallant;
2944 3344 3131 3413 'velim
3162 3356 3247 3412 nil
3272 3357 3384 3412 nisi
3401 3373 3523 3412 cer-

91 3416 196 3469 905.
226 3418 563 3473 Bruschlus
592 3420 686 3473 Ba
716 3421 993 3473 dramum
1024 3426 1233 3473 vocat:
1267 3439 1471 3473 verum
1497 3424 1621 3473 haec
1652 3425 1755 3473 ha:
1862 3425 2160 3473 tissimnm
2193 3425 2512 3473 afﬁrmare-
2574 3432 2628 3473 in
2660 3427 2903 3473 nadrmp.
2932 3427 3075 3473 nihil
3108 3428 3306 3473 adhuc
3350 3442 3514 3473 mum-

87 3416 196 3490 θοᾷ.
226 3416 563 3490 Bruschiiis
592 3416 998 3477 Baldramuni
1024 3426 1233 3490 vocat;
1267 3439 1472 3478 verum
1497 3424 1621 3478 haec
1652 3425 1755 3481 ha‘-
1862 3416 2165 3481 tissimum
2193 3416 2513 3482 afﬁrmare.
2551 3416 2628 3482 De
2660 3416 3079 3483 Dadone'nihil
3108 3428 3306 3483 adhuc
3350 3442 3515 3483 eruo.

87 3484 304 3543 riolatio
335 3488 647 3546 afﬁrmari
667 3506 789 3547 non
815 3492 1032 3562 debet;
1064 3484 1261 3566 neque
1310 3499 1511 3555 tamen
1537 3496 1751 3559 omitti.
1865 3498 1999 3561 CAN.

1362 3828 1551 3876 ANNO
1603 3828 1849 3876 DOMINI
1902 3827 2251 3878 MCCCCXX.

936 3980 2670 4168 WALDRAMMUS

1305 4238 1864 4299 ARGENTINENSIS
1922 4238 2306 4299 EPISCOPUS

654 4489 1094 4578 NOTITIA
1192 4491 1782 4581 HISTORICA
1881 4494 1990 4580 ΙΝ
2088 4492 2946 4582 WALDRAMMUM.

1255 4670 1425 4741 (Gali.
1468 4670 1676 4726 Christ.
1720 4675 1864 4727 tom.
1908 4674 1969 4739 V,
2011 4688 2153 4746 pag.
2196 4675 2348 4745 787.)

137 5000 161 5025 α
190 4981 283 5038 Vir
306 4982 679 5053 magniﬁcae
706 4979 1054 5051 sanctitatis,
1080 5002 1107 5030 ››
1158 4984 1221 5036 ut
1256 4978 1522 5052 loquitur
1556 4982 1751 5051 Wym-
1780 4983 1823 5037 D
1860 4981 2065 5055 quenti
2093 4980 2418 5039 inconsilio
2442 4980 2822 5050 'l‘riburiensi,
2849 4995 2919 5035 ac
2940 4983 3077 5057 post
3095 4978 3305 5039 decem
3326 4993 3521 5039 annos

74 5066 400 5142 phelingus,
454 5069 737 5129 obtinuit
782 5069 861 5126 ab
904 5070 1263 5142 imperatore
1308 5068 1574 5137 Arnulfo,
1624 5069 1751 5127 sive
1860 5070 2176 5131 defunctus
2203 5076 2313 5143 est,
2355 5088 2431 5129 ex
2461 5070 2753 5129 Chronico
2778 5070 3054 5139 Regionis
3086 5068 3169 5125 ad
3190 5085 3291 5126 an.
3325 5073 3426 5126 905
3458 5069 3520 5126 in

72 5156 412 5219 Noricorum
466 5160 664 5232 duce,
699 5164 766 5231 ut
806 5158 950 5215 alibi
978 5163 1245 5223 vocatur,
1296 5159 1751 5216 Novientensem
1859 5160 1985 5216 haec
2003 5160 2191 5217 verba
2214 5177 2228 5215 :
2253 5182 2281 5208 «
2310 5162 2412 5214 Per
2427 5159 2486 5214 id
2510 5165 2748 5232 tempus
2767 5158 3188 5214 Waltrammus
3212 5158 3519 5215 Strasbur-

71 5244 387 5323 abbatiam,
415 5268 450 5309 e
473 5267 616 5327 qua
666 5263 808 5307 mox
836 5249 1065 5326 depulit
1102 5249 1542 5309 Hartmannum
1569 5249 1754 5306 abba-
1859 5246 2056 5319 gensis
2089 5248 2382 5315 Ecclesiae,
2430 5252 2487 5305 et
2535 5246 2877 5304 Luidelmus
2920 5246 3213 5307 Tullensis
3246 5248 3521 5306 Ecclesiae

72 5336 194 5406 tem,
234 5340 415 5414 eique
452 5353 885 5397 successorem
934 5336 1098 5394 dedit
1132 5336 1492 5394 Helmerium
1536 5352 1751 5395 mena?
1859 5336 2167 5410 praesules,
2192 5338 2603 5408 migraverunt
2629 5353 2667 5403 a
2695 5336 2937 5409 saeculo,
2968 5337 3191 5412 quibus
3221 5353 3523 5401 successe-

70 5423 549 5502 eMimincujus
573 5427 841 5499 gratiam
860 5426 1118 5483 habetur
1140 5426 1203 5482 in
1240 5426 1538 5483 chartario
1570 5426 1751 5497 hujus
1858 5430 1998 5482 runt
2023 5424 2086 5481 in
2124 5424 2453 5497 pontiﬁcali
2501 5426 2786 5483 cathedra
2824 5425 3074 5484 Obertus
3100 5428 3164 5483 in
3213 5426 3520 5484 Strasbur~

69 5515 1100 5592 monasteriipmeceptumejusdem
1116 5513 1576 5587 Arnolﬁ,datum
1590 5529 1751 5570 anno
1859 5515 2028 5586 gensi
2087 5513 2341 5582 civitate,
2395 5519 2453 5570 et
2514 5516 2712 5585 Drogo
2764 5516 2828 5571 in
2870 5515 3145 5572 Tullensi.
3191 5539 3218 5565 »
3287 5518 3353 5570 Et
3404 5514 3521 5570 hoc

68 5590 216 5676 regni
237 5608 372 5682 ejus
393 5590 701 5683 septimo,
724 5604 838 5662 hoc
862 5608 950 5661 est
970 5619 1130 5661 anno
1153 5603 1379 5661 circiter
1398 5607 1523 5677 894,
1547 5604 1607 5661 in
1629 5620 1751 5679 quo
1858 5603 2107 5680 quidem
2134 5619 2314 5673 anno,
2352 5609 2413 5661 ut
2455 5603 2616 5662 idem
2661 5605 2885 5676 Regino
2924 5604 3145 5677 scribit,
3174 5619 3278 5661 rex
3306 5601 3520 5669 urbem

68 5691 525 5755 Waldrammus
559 5698 781 5752 noster
812 5698 1205 5771 memoratur.
1249 5691 1411 5750 Sedit
1450 5710 1612 5752 anno
1657 5710 1750 5751 se-
1861 5693 2389 5765 Strasburgensem
2443 5694 2611 5766 adiit,
2662 5698 2720 5753 et
2762 5696 3115 5770 episcopum
3167 5708 3238 5753 ac
3278 5689 3519 5764 plebem
