4034 6190
218 98 319 150 δεί
1223 91 1310 145 DE
1350 89 1746 152 TRANSLAT.
1775 99 1829 154 S.
1852 99 2266 158 SEBASTIANI
2300 105 2387 160 ET
2416 107 2473 161 S.
2510 107 2718 163 GREG.
3605 130 3710 184 532

216 217 466 283 rustice,
502 231 693 288 quam
729 214 885 271 falsa
909 214 1127 271 diserte
1157 212 1446 286 proferre.
1486 238 1512 264 »
1546 219 1664 276 Sed
1709 222 1912 278 mirari
1957 229 2005 279 Α
2036 230 2264 282 sanctae
2299 227 2462 284 sedis
2485 229 2832 302 apostolicae
2867 235 3007 288 tunc
3033 239 3312 312 praesule,
3339 261 3479 303 ossa
3500 247 3721 306 beatis-

215 323 345 362 non
384 304 618 371 desino,
651 303 972 376 quomodo
1025 307 1108 358 tot
1160 302 1460 358 immensa
1513 305 1735 375 sidera,
1795 315 1918 366 tam
2033 313 2170 368 simi
2221 317 2510 386 martyris
2570 317 2780 374 Christi
2836 320 3172 382 Sebastiani
3228 302 3474 404 accepit,
3535 341 3594 392 et
3649 355 3720 395 ea

214 394 489 467 ingentia
511 400 568 450 et
588 393 825 449 cunctis
853 392 1086 448 saeculis
1119 391 1483 448 admiranda
1515 394 1803 454 virtutum
1837 400 1924 455 in-
2035 401 2206 475 apud
2235 404 2733 464 Suessionensem
2769 408 3071 467 civitatem
3096 413 3158 472 in
3187 391 3501 479 basilicam
3525 407 3717 482 sancti

216 485 438 554 signia,
496 500 633 556 quae
687 499 797 556 per
835 483 998 538 hunc
1030 481 1274 555 speciali
1331 481 1646 554 privilegio
1676 503 1925 559 semper
2036 488 2302 569 Melardi
2325 492 2661 561 collocavit,
2689 496 2791 551 ubi
2822 498 2972 554 dum
3004 501 3322 564 inhumata
3346 507 3408 566 in
3432 510 3635 570 loculo
3656 513 3717 572 in

215 572 676 638 honorandum,
711 571 1114 627 excolendum
1144 585 1214 625 ac
1238 571 1658 628 venerandum
1686 581 1925 647 marty-
2037 595 2160 650 quo
2188 579 2372 638 allata
2402 581 2663 656 fuerant,
2686 586 2860 657 juxta
2884 591 3186 650 tumulum
3235 601 3425 656 sancti
3455 571 3719 660 Medendi

217 679 352 720 rem
382 677 564 717 suum
597 659 867 717 Christus
898 659 1135 731 operari
1161 658 1442 728 dignatus
1474 664 1582 730 est,
1615 661 1676 716 in
1704 662 1928 720 lauda-
2032 667 2324 741 jacerent,
2349 675 2513 728 tanta
2539 673 2851 742 signorum
2875 694 2946 732 ac
2966 682 3378 753 prodigiorum
3395 690 3716 750 multitudo

219 752 331 808 bili
363 750 599 807 silentio
628 751 776 820 (458)
813 765 1005 821 usque
1037 747 1116 802 ad
1142 748 1297 804 hanc
1352 748 1646 843 supprimi
1701 751 1928 822 quive-
2039 756 2274 831 claruit,
2319 764 2488 817 tanta
2509 762 2792 819 virtutum
2827 767 2917 820 vis
2944 747 3001 823 iii
3036 747 3202 828 omni
3229 789 3443 843 genere
3501 747 3718 840 sanita-

218 842 344 896 rint
369 845 611 896 aetatem
647 856 659 893 :
694 836 960 894 maxime
992 853 1130 892 cum
1174 841 1386 892 notum
1419 835 1488 890 sit
1547 835 1727 890 istius
1791 838 1924 908 (aL,
2040 849 2166 901 tum
2189 862 2297 918 per
2325 847 2597 905 divinam
2629 853 2885 922 gratiam
2914 855 2973 912 in
3000 859 3244 918 nomine
3267 864 3540 935 ejusdem
3569 869 3715 928 bea-

220 930 439 1001 hujus]
469 933 688 984 sanctae
720 924 1202 996 congregationis
1235 923 1514 980 alumnos
1573 922 1783 978 animi
1834 944 1928 1017 sa-
2042 932 2252 990 tissimi
2272 938 2557 1008 martyris
2588 940 2818 1012 enituit,
2852 948 2917 999 ut
2947 961 2983 1000 a
3013 948 3179 1006 nullo
3228 922 3570 1014 mortalium
3617 976 3715 1017 eo-

220 1017 455 1094 pientia
486 1020 544 1072 et
565 1017 759 1072 faceta
793 1013 1129 1070 urbanitate
1170 1030 1406 1086 semper
1462 1013 1644 1068 fuisse
1704 1015 1925 1083 profu-
2040 1023 2322 1080 rumdem
2359 1027 2788 1086 miraculorum
2820 1038 3234 1095 autnumcrus
3259 1047 3714 1119 comprehendi,

224 1125 330 1164 sos
362 1126 375 1175 ;
411 1105 524 1162 nisi
556 1105 704 1160 forte
730 1104 790 1159 id
822 1103 1204 1174 recipiamus,
1237 1102 1402 1174 quod
1424 1107 1485 1156 et
1512 1101 1593 1157 ita
1652 1116 1802 1157 esse
1836 1120 1926 1160 ra-
2041 1116 2146 1168 aut
2172 1112 2434 1172 varietas
2465 1115 2661 1172 verbis
2697 1119 2891 1179 valeat
2920 1125 3226 1197 explicari.
3261 1101 3526 1196 Quorum
3556 1101 3719 1212 quae:

227 1198 260 1212 .-
529 1211 534 1212 ,
622 1210 630 1212 _
690 1209 826 1212 ,,-___
857 1193 904 1212 1n
963 1191 1267 1212 Ax_::-11-__.
1355 1190 1550 1212 J:--I-....
1615 1188 1770 1212 -..ζ-,4-
1797 1193 1908 1212 ___1,,
2060 1197 2074 1212 ι
2211 1205 2220 1212 .
2319 1203 2349 1212 ..
2427 1209 2433 1212 .
2603 1207 2612 1212 -

225 1198 389 1254 tione
425 1211 547 1252 non
575 1193 917 1268 spernenda
955 1191 1285 1262 conjicitur,
1347 1190 1559 1246 divina
1613 1188 1924 1249 miracula
2040 1197 2184 1255 dam
2209 1203 2354 1259 tanti
2387 1207 2648 1278 stuporis
2679 1225 2810 1266 esse
2838 1221 3178 1289 narrantur,
3207 1226 3270 1276 ut
3293 1188 3718 1286 humanw‘im_

223 1304 298 1345 ex
333 1284 682 1343 assiduitate
705 1282 962 1338 viluisse.
998 1283 1065 1336 Et
1093 1280 1241 1336 dum
1272 1281 1384 1335 hoc
1440 1279 1506 1334 in
1552 1279 1690 1334 loco
1726 1282 1924 1337 conti-
2040 1285 2581 1351 becillitatistidem
2609 1300 2985 1373 excederent,
3015 1305 3129 1361 nisi
3160 1279 3389 1368 certum
3428 1321 3580 1374 esset
3603 1321 3716 1375 Do-

221 1394 356 1434 nua
385 1376 697 1448 signorum
728 1369 1060 1445 frequentia
1090 1369 1282 1439 magis
1299 1369 1632 1440 magisque
1656 1368 1929 1426 frueren-
2042 1377 2280 1434 minum
2311 1387 2584 1438 nostrum
2616 1389 2819 1444 Jesum
2853 1393 3172 1466 Christum,
3224 1415 3335 1472 pro
3375 1418 3497 1476 quo
3550 1405 3713 1465 idem

228 1472 349 1534 tur,
383 1473 440 1522 et
464 1464 633 1522 miris
667 1478 902 1536 semper
940 1460 1219 1517 miranda
1247 1458 1672 1521 succederent,
1706 1476 1926 1516 recen-
2043 1464 2428 1525 beatissimus
2451 1479 2679 1546 martyr
2698 1493 2916 1551 passus
2946 1489 3056 1553 est,
3091 1458 3464 1556 dign‘oscitiir
3506 1496 3715 1554 omnia

227 1558 382 1614 tium
401 1555 575 1630 copia
600 1552 892 1619 delectati,
925 1551 1239 1647 praeterita,
1289 1565 1421 1646 quae
1463 1552 1540 1654 ‘et
1593 1565 1930 1654 numerunm
1973 1574 2014 1626 Β
2043 1571 2182 1654 quae
2214 1559 2357 1654 vult,
2389 1560 2580 1654 facere
2631 1582 2809 1636 posse
2869 1586 2973 1642 per
3024 1573 3292 1632 divinam
3341 1582 3715 1654 omnipoten-

228 1649 441 1719 ipsum
471 1642 810 1712 transgredi
831 1640 1131 1705 dicebant,
1161 1637 1360 1694 litteris
1412 1634 1680 1732 alligare
1723 1639 1923 1732 inoffi-
2040 1644 2209 1713 tiam,
2236 1647 2296 1702 in
2323 1665 2447 1720 qua
2477 1652 2557 1706 illi
2580 1655 2778 1710 omnis
2806 1666 3079 1719 creatura
3109 1665 3167 1720 in
3203 1667 3358 1723 coelo
3391 1675 3445 1726 et
3465 1634 3539 1726 inr
3556 1677 3713 1732 terra

229 1735 473 1791 ciosum
505 1736 562 1788 et
587 1731 790 1787 minus
813 1729 953 1785 utile
992 1727 1328 1801 opinantes,
1393 1727 1672 1797 torpenti
1726 1727 1932 1784 studio

230 1824 559 1880 obmisere.
595 1820 709 1880 Sed
739 1817 1118 1889 Agenardus,
1139 1819 1546 1884 cognomento
1570 1816 1931 1889 Sapiens,ea

231 1914 342 1987 qui
375 1915 732 1984 tempestate
754 1909 1096 1964 habebatur
1125 1903 1394 1974 insignis,
1426 1904 1618 1974 hujus
1650 1923 1929 1963 reveren-

234 2002 453 2063 tissimi
488 1999 774 2058 caelicolae
805 1996 1178 2053 mentionem
1207 1993 1265 2048 in
1283 1993 1463 2063 gestis
1495 1993 1798 2050 Caesarum
1819 1999 1926 2053 Ca-

229 2061 349 2149 rin
371 2091 563 2160 Magni
593 2094 650 2146 et
671 2089 773 2144 ﬁlii
791 2087 985 2160 ipsius
1015 2061 1308 2143 Ludovici
1324 2081 1552 2138 faciens
1575 2086 1793 2153 (Eema.
1857 2089 1923 2142 in

232 2182 523 2247 Annal.),
568 2180 721 2234 inter
749 2177 866 2233 alia
897 2192 1034 2249 quae
1059 2172 1346 2229 annotivo
1403 2188 1584 2227 cursu
1631 2173 1919 2245 dictabat,

234 2286 363 2326 non
388 2271 783 2341 inoperosum
811 2266 982 2321 duxit
1011 2261 1287 2319 mortalia
1303 2265 1435 2316 acta
1458 2260 1755 2319 inmortali
1782 2266 1923 2320 asti-

232 2359 550 2434 pulatione
583 2357 896 2419 roborare,
930 2356 1010 2412 ita
1035 2353 1279 2408 dicens:
1316 2373 1342 2399 ‹‹
1371 2353 1522 2405 Dum
1573 2352 1700 2407 haec
1731 2368 1920 2423 agun-

239 2456 357 2518 tur,
389 2447 704 2503 Hilduinus
738 2445 933 2501 abbas
1005 2439 1354 2498 monasterii
1407 2439 1593 2495 sancti
1650 2441 1918 2514 Dionysii

238 2542 499 2594 Romam
525 2536 788 2601 mittens,
816 2535 1120 2589 annuente
1150 2529 1430 2602 precibus
1477 2529 1604 2599 ejus
1649 2531 1914 2602 Eugenio

314 2654 467 2722 (458)
501 2645 1484 2749 Ῑὲςξεὲῗῗξιώέὲιέἓξῗῖἠὶἒιρῗὲ
1666 2645 1746 2704 ait
1769 2662 2086 2719 superesse
2104 2651 2167 2709 in
2200 2670 2311 2711 suo
2341 2661 2794 2733 cartophylacio
2819 2665 3170 2724 schedulam
3201 2671 3480 2747 Rodoini,
3504 2677 3687 2749 pluri-

237 2718 346 2782 ma
371 2718 562 2780 sancti
585 2722 855 2795 Martyris
887 2718 1180 2778 miracula
1211 2718 1632 2773 continentem.

2045 1733 2321 1828 subjecta
2352 1743 2457 1793 est.
2498 1764 2524 1788 »
2556 1744 2632 1797 De
2662 1743 2755 1799 his
2784 1751 3136 1816 Agenardus
3168 1754 3248 1810 ita
3283 1772 3294 1810 :
3338 1757 3500 1828 Hinc,
3543 1762 3710 1820 Pater

2041 1824 2411 1896 aequissime,
2433 1833 2536 1884 tua
2557 1829 2972 1893 benedictione
2996 1839 3275 1910 donatus,
3309 1824 3538 1919 tuisque
3561 1849 3705 1908 bea-

2039 1911 2291 1970 tissimis
2318 1918 2542 1973 meritis
2557 1925 2975 1997 praemunitus,
3003 1936 3302 2003 quantum
3330 1933 3463 2007 ipso
3486 1940 3704 1997 eximio

2035 2007 2306 2075 martyre
2331 2007 2582 2076 juvante
2607 2010 2811 2069 divina
2833 2015 3043 2074 faverit
3089 2020 3421 2093 clementia,
3481 2043 3708 2099 praece-

2034 2091 2230 2162 ptioni
2253 2099 2462 2150 vestrae
2503 2097 2748 2156 humilis
2770 2110 3081 2160 exsecutor
3109 2123 3319 2180 parere
3349 2091 3578 2168 curabo
3610 2121 3708 2182 ;et

2033 2180 2182 2251 quia
2239 2198 2365 2237 non
2417 2184 2663 2244 obedire
2721 2190 3026 2262 culpabile
3071 2195 3394 2266 judicatur,
3449 2180 3700 2274 et

2031 2284 2158 2324 non
2189 2276 2278 2325 est
2305 2288 2504 2343 posse,
2531 2275 2677 2332 velle
2703 2295 3069 2350 praesumere
3098 2290 3564 2361 prmsumptibile
3607 2292 3697 2348 di-

2030 2357 2186 2412 citur
2216 2377 2228 2424 ;
2262 2361 2424 2416 malo
2454 2363 2530 2417 de
2561 2363 2861 2438 imperitia
2884 2371 3085 2442 potius
3116 2392 3299 2446 quam
3330 2357 3405 2433 de
3435 2385 3695 2437 contem-

2028 2451 2138 2517 ptu
2170 2448 2347 2504 edicti
2375 2453 2672 2520 regularis
2703 2473 2740 2512 a
2777 2473 3085 2533 quoquam
3116 2466 3441 2537 suggillari.

275 2876 618 2889 .,.-..--...-.---

2798 2888 3078 2900 -ιιο--η

3203 2895 3591 2910 .._———-c—.

327 2968 624 3029 RELATIO
671 2981 1154 3034 MEMORABILIS,
1213 2959 1590 3038 cunctisque
1633 2959 1979 3022 Galliarum
2029 2967 2283 3043 populis
2335 2972 2603 3032 solemni
2655 2994 2796 3035 eam
2847 2979 3192 3042 devotione
3253 2989 3684 3051 medentibus

236 3065 614 3146 perenniter
670 3061 1046 3142 profec-tiva,
1100 3058 1372 3138 qualiter
1423 3057 1781 3118 beatissimi
1843 3056 2210 3122 Sebastiani
2267 3070 2632 3129 venerabile
2692 3091 2923 3151 corpus
2985 3096 3021 3136 a
3069 3078 3394 3143 Ludovico
3428 3084 3684 3146 Caasare

237 3163 634 3240 imperatore
668 3165 732 3219 et
764 3160 844 3219 ab
881 3157 1166 3236 Eugenio
1201 3159 1436 3216 sanctae
1473 3156 1779 3218 Romanae
1812 3155 1986 3215 sedis
2018 3159 2318 3236 pontifice
2378 3181 2784 3241 concessum,
2819 3171 2883 3230 in
2915 3173 3136 3235 Galliis
3172 3177 3448 3258 denique
3480 3187 3686 3243 trans-

235 3262 444 3319 latum
479 3264 542 3318 et
573 3258 743 3337 apud
780 3257 1173 3318 Suessorum
1205 3253 1529 3315 civitatem
1561 3254 1900 3332 perlatum,
1935 3254 2283 3319 honoriﬁce
2316 3268 2688 3342 susceptum
2729 3275 2918 3346 atque
2974 3253 3476 3352 depositum—est
3506 3279 3610 3339 die
3639 3300 3684 3341 v

232 3358 475 3419 Iduum
507 3356 991 3418 Decembrium.

798 3507 1024 3561 CAPUT
1062 3504 1347 3560 PRIMUM.

1939 3505 1980 3559 C
2008 3503 2118 3559 bas
2143 3506 2295 3596 inter
2331 3509 2591 3580 plurima
2648 3530 2786 3585 quea
2843 3518 2895 3571 ei
2951 3523 3253 3589 augustali
3311 3524 3680 3596 benignitate

316 3601 489 3654 Anno
515 3595 814 3652 incarnati
847 3595 1016 3650 Verbi
1046 3593 1538 3663 octingentesimo
1569 3596 1782 3665 quarto
1813 3591 1909 3645 de-

241 3687 425 3756 cimo,
461 3686 615 3742 divae
647 3685 958 3740 memorize
982 3683 1318 3740 Ludovicus
1350 3685 1545 3738 Caesar
1586 3682 1908 3753 imperator

239 3779 570 3845 Augustus,
617 3773 810 3830 Caroli
859 3773 1050 3842 Magni
1105 3771 1286 3840 ﬁlius,
1333 3775 1469 3843 post
1513 3769 1906 3842 lacrymanda

242 3863 478 3920 saeculis
509 3863 796 3920 omnibus
826 3861 1008 3934 patris
1045 3862 1166 3918 fata
1194 3875 1493 3932 suprema,
1553 3859 1729 3914 totius
1779 3873 1905 3913 mo-

238 3954 506 4011 narchia:
539 3952 945 4026 principatum
974 3954 1337 4008 Francorum
1361 3947 1709 4024 prae-judicio
1763 3947 1902 4003 ade-

240 4049 403 4117 ptus,
436 4042 603 4099 nullo
635 4042 959 4097 adversum
989 4058 1052 4096 se
1091 4038 1369 4136 opposito
1419 4035 1710 4135 compecti
1737 4036 1901 4136 regni

235 4131 492 4204 sceptris
535 4131 749 4186 lruitus
809 4146 878 4184 ac
939 4133 1250 4184 stemmate
1299 4127 1577 4196 donatus,
1613 4127 1901 4181 universis

237 4235 737 4293 quaquaversum
777 4216 1286 4291 applaudentibus
1310 4221 1558 4290 paterno
1616 4217 1706 4270 est
1753 4213 1900 4270 solio

239 4308 591 4366 collocatus.
623 4307 734 4374 Qui
765 4323 898 4362 cum
929 4322 1036 4379 per
1090 4306 1398 4361 immensa:
1448 4302 1748 4376 dignitatis
1780 4303 1900 4372 glo-

235 4397 394 4454 riam
425 4396 658 4452 facibus
682 4394 1096 4468 imperialibus
1145 4393 1536 4467 praepolleret,
1582 4393 1898 4449 beatarum

235 4486 528 4543 virtutum
556 4485 778 4558 quibus
807 4500 1122 4557 nunquam
1154 4483 1289 4539 exui
1320 4483 1623 4556 praevalet,
1657 4481 1896 4538 immor-

236 4575 462 4632 talibus
486 4575 689 4631 infulis
722 4591 782 4631 se
811 4573 1291 4645 magnificentius
1308 4588 1596 4628 exornare
1619 4587 1899 4644 procura-

236 4664 324 4720 vit
357 4683 370 4720 :
403 4663 704 4738 praecipue
734 4662 1090 4719 memoriam
1121 4679 1189 4718 ac
1230 4661 1578 4734 patientiam
1631 4661 1693 4715 in
1731 4662 1897 4717 omni

239 4753 474 4811 actione
505 4769 615 4809 sua
647 4751 1104 4826 circumplexus,
1141 4751 1244 4806 sed
1277 4755 1332 4807 et
1360 4751 1698 4807 futurorum
1747 4767 1895 4806 non-

2018 3595 2339 3652 commissa
2374 3597 2610 3654 fuerant
2641 3606 3022 3674 monasteria,
3085 3609 3353 3666 habebat
3403 3595 3476 3667 in
3513 3631 3681 3685 pros-

2014 3686 2192 3754 pectu
2248 3683 2409 3738 urbis
2451 3687 2810 3744 Suessorum
2868 3693 3218 3751 cmnobium
3256 3699 3478 3769 nobile,
3511 3683 3677 3773 quod

2015 3769 2302 3825 Clotarius
2328 3773 2641 3843 quondam
2671 3792 2776 3832 rex
2803 3779 3170 3838 Francorum
3201 3783 3483 3860 ﬁliusque
3529 3769 3674 3860 ejus

2015 3857 2353 3926 Sigebertus
2377 3861 2437 3916 in
2468 3863 2697 3921 honore
2719 3866 3053 3924 beatissimi
3083 3873 3343 3930 Medardi
3370 3857 3675 3935 cenfesso-

2010 3947 2090 4002 ris
2121 3949 2334 4007 Christi
2359 3956 2597 4025 magnis
2654 3963 3116 4018 construxerant
3171 3967 3556 4039 sumptib’us;
3613 3970 3676 4025 in

2009 4053 2132 4110 quo
2171 4044 2229 4095 et
2257 4041 2387 4112 ejus
2419 4046 2828 4104 sacratissima
2882 4051 3160 4109 membra
3212 4057 3670 4116 tumulaverant.

2010 4129 2195 4200 Hujus
2226 4146 2368 4201 ergo
2398 4132 2510 4190 loci
2541 4135 2752 4194 fratres
2784 4141 2952 4195 Pater
2981 4141 3298 4200 Hilduinus
3321 4147 3526 4203 videns
3549 4166 3675 4207 mo-

2007 4218 2250 4275 nasticae
2281 4220 2568 4292 religione
2601 4225 2848 4298 pollere,
2910 4233 2966 4284 et
3003 4231 3420 4291 ecclesiasticis
3475 4239 3671 4294 erudi-

2006 4307 2270 4365 tionibus
2294 4325 2636 4370 assuescere
2650 4332 2761 4372 con
2770 4317 3097 4386 gratulans,
3113 4337 3322 4379 eorum
3341 4324 3671 4396 plurimum

2005 4398 2416 4456 delectabatur
2439 4406 2848 4476 provectibus,
2890 4411 2967 4476 et,
2996 4413 3061 4464 ut
3099 4412 3297 4482 magis
3352 4417 3669 4488 magisque

2005 4487 2084 4544 ad
2113 4488 2490 4560 perfectionis
2519 4492 2760 4550 culmen
2778 4494 3109 4568 tenderent,
3145 4500 3386 4556 monitis
3446 4487 3668 4559 saluta-

2002 4576 2169 4633 ribus
2195 4578 2403 4634 sedulo
2435 4579 2807 4638 hortabatur.
2857 4584 3122 4656 Denique
3166 4591 3332 4643 tanto
3361 4604 3568 4647 amore
3596 4609 3666 4648 ac

2003 4667 2308 4739 diligentia
2336 4667 2538 4724 locum
2562 4669 2765 4742 ipsum
2789 4671 3068 4740 excoluit,
3099 4676 3306 4733 extulit
3321 4678 3665 4754 opibusque

2003 4758 2229 4827 ditavit,
2271 4761 2336 4813 ut
2381 4757 2528 4812 nulli
2581 4758 2736 4815 intra
2785 4759 3001 4817 Gallias
3051 4763 3357 4835 religione,
3418 4769 3664 4829 scientia

238 4845 557 4918 nunquam
587 4845 888 4918 praescius.
921 4845 1025 4898 Hic
1048 4843 1200 4898 inter
1228 4845 1474 4898 cunctos
1524 4841 1755 4914 imperii
1803 4843 1894 4898 sui
1932 4862 1975 4916 ι)
2007 4863 2314 4920 opumque
2345 4847 2519 4919 copia
2564 4847 2886 4906 haberetur
2931 4852 3255 4910 secundus.
3306 4857 3492 4928 Hujus
3521 4863 3662 4918 tunc

233 4932 545 5006 primates,
576 4949 730 5006 quos
753 4931 998 4988 consilio
1020 4947 1130 4986 suo
1172 4930 1480 4997 asciverat,
1543 4929 1885 4986 Hilduinum

238 5022 528 5080 abbatem
557 5021 1126 5091 reverentissimum,
1181 5020 1376 5075 virum
1429 5035 1673 5092 quoque
1724 5021 1891 5076 omni

235 5111 552 5186 probitatis
582 5127 796 5182 genere
822 5109 1271 5184 permodestum
1330 5109 1616 5182 omnique
1668 5110 1894 5180 sagaci-

237 5205 358 5258 tate
387 5205 444 5258 et
473 5200 767 5257 industria
804 5199 1137 5273 praeditum,
1183 5196 1414 5269 justitia
1471 5198 1890 5272 conspicuum,

221 5283 549 5348 sanctitate
577 5289 951 5362 praeclarum,
979 5288 1038 5343 in
1070 5291 1301 5344 tantum
1328 5287 1554 5343 amavit
1581 5291 1637 5343 et
1667 5287 1889 5359 extulit,

234 5383 304 5436 ut
317 5380 372 5436 ei
388 5379 708 5452 specialius
720 5377 1014 5452 quidquid
1031 5376 1309 5432 secretius
1335 5377 1718 5432 tractandum
1741 5381 1894 5433 esset

235 5469 654 5539 committeret,
689 5483 946 5541 eumque
963 5466 1578 5540 archicapellanumin
1600 5467 1766 5523 omni
1788 5466 1893 5523 im-

235 5559 406 5634 perio
439 5575 548 5617 suo
579 5558 974 5616 constitueret.
1007 5557 1109 5610 Hic
1138 5556 1339 5630 itaque
1387 5556 1741 5614 venerabilis
1791 5556 1894 5614 ab-

1999 4941 2220 4995 sanctse
2243 4937 2723 5007 congregationis
2753 4939 3111 5012 praepositus
3143 4943 3447 5001 Hodoinus
3470 4947 3660 5007 habe-

1997 5028 2194 5098 batur,
2226 5025 2317 5082 vir
2338 5041 2548 5095 sagax,
2583 5027 2753 5097 cujus
2785 5028 3017 5084 astutiae
3065 5035 3121 5085 et
3171 5030 3414 5106 ingenio
3467 5041 3658 5096 nemi-

1998 5132 2138 5173 nem
2155 5114 2345 5170 nostri
2370 5113 2654 5186 temporis
2679 5115 3046 5187 aequandum
3067 5121 3231 5191 puto.
3254 5121 3357 5178 Hic
3380 5123 3458 5180 ob
3490 5129 3662 5185 meri-

2000 5208 2127 5262 tum
2182 5219 2303 5259 suae
2344 5201 2663 5272 fidelitatis,
2697 5202 2925 5261 collatae
2965 5204 3075 5262 sibi
3129 5207 3408 5269 divinitus
3455 5213 3660 5273 indus-

2001 5294 2123 5351 triae
2153 5296 2382 5349 tantam
2412 5291 2825 5350 familiaritatis
2865 5295 3120 5366 gratiam
3152 5298 3230 5355 ab
3261 5303 3472 5359 eodem
3492 5308 3656 5364 Patre

2000 5380 2375 5439 sanctissimo
2403 5379 2682 5438 Hilduino
2710 5387 2797 5440 est
2828 5391 3204 5457 consecutus,
3256 5397 3320 5449 ut
3346 5409 3484 5449 eum
3533 5412 3658 5451 om-

1999 5469 2177 5528 nibus
2196 5469 2701 5528 monasteriorum
2725 5473 3085 5552 praepositis,
3111 5477 3215 5551 qui
3268 5498 3393 5538 suae
3444 5481 3652 5540 ditioni

2001 5554 2725 5635 subjacebant,pra3ferret
2751 5563 3092 5634 Hinc,fama
3112 5567 3652 5644 vulgante,celebre
