4034 6190
400 88 503 144 583

1335 85 1662 142 ODILONIS
1698 64 2119 141 MO‘NACHI
2155 58 2487 137 MEDARDI‘
2516 38 2872 141 SUESSION.

3727 82 3851 142 5“:

400 223 622 266 nomen
650 209 782 282 ejus
820 206 881 266 in
911 208 1050 265 aula
1087 206 1242 278 regis
1286 205 1640 263 habebatur.
1676 210 1879 279 Itaque
1929 206 2050 259 Deo
2084 207 2129 258 Α
2165 207 2318 269 rant,
2361 208 2417 260 et
2436 204 2536 275 jus
2562 205 2870 287 imperiale
2888 204 3303 271 servaverit;et
3318 205 3664 277 apostolicis
3688 198 3851 262 san-7

400 296 677 354 amabilis
705 296 1054 370 imperator,
1082 299 1391 366 comperta
1420 294 1530 350 viri
1550 295 1720 364 istius
1737 291 2050 358 industria,
2084 346 2095 353 ,

400 385 678 458 privatim
703 384 1061 458 publiceque
1092 398 1231 438 eum
1257 382 1554 439 honorare
1584 382 1781 455 coepit,
1802 380 2054 437 liberam

400 474 454 530 ei
482 474 816 531 concedens
846 470 1211 543 facultatem,
1243 476 1310 528 ut
1332 472 1630 546 quidquid
1658 471 1770 527 sibi
1798 475 1901 527 aut
1922 470 2055 527 loco

400 565 495 620 cui
524 567 773 637 praeerat
793 561 1056 618 utilitatis
1085 566 1189 619 aut
1218 562 1522 618 commodi
1548 562 1880 636 reperisset,
1913 559 2054 617 abs-

399 668 517 724 que
538 651 714 707 ullius
739 650 1017 707 consultu
1043 651 1121 707 ad
1134 652 1264 723 ejus
1294 651 1613 708 tribunalia
1638 651 1930 718 deferens,
1955 666 2054 705 ex-

399 740 622 815 templo
650 747 1085 798 consecuturus
1116 747 1290 798 esset.
1322 745 1435 798 Nec
1459 743 1649 798 multo
1676 746 1813 814 post
1835 756 1943 815 per
1971 740 2056 796 di-

396 830 606 888 vinam
637 830 1021 887 clementiam
1054 835 1283 888 tantam
1316 830 1393 887 ab
1415 830 1628 887 eodem
1660 830 1914 903 adeptus
1971 833 2060 886 est

399 919 678 991 gratiam,
710 925 774 977 ut
799 935 937 976 eum
967 924 1092 975 tam
1121 936 1231 992 pro
1261 919 1558 992 amorepii
1585 919 1770 976 Patris
1793 919 2054 974 Hilduini

399 1008 475 1065 in
518 1010 691 1081 cujus
744 1009 1039 1082 obsequio
1095 1009 1294 1065 aulam
1349 1009 1579 1079 regiam
1617 1008 2053 1081 frequentabat,

400 1113 588 1171 quam
618 1103 675 1154 et
729 1114 839 1171 pro
898 1099 1102 1167 sagaci
1152 1097 1445 1154 industria
1503 1114 1625 1170 qua
1677 1096 2057 1167 singulariter

400 1186 849 1259 praeminebat,
884 1187 931 1242 si
960 1187 1207 1259 quando
1234 1187 1309 1244 de
1334 1188 1503 1257 regni
1529 1180 1879 1243 utilitatibus
1904 1192 2055 1242 trac-

400 1276 652 1332 tandum
681 1281 855 1345 esset,
883 1292 1023 1332 eum
1053 1277 1205 1333 inter
1235 1293 1339 1333 eos
1371 1277 1477 1349 qui
1506 1293 1541 1332 a
1597 1277 1837 1333 secretis
1889 1280 2058 1331 erant

398 1362 649 1421 libenter
669 1365 1020 1422 admitteret.

1066 1475 1290 1529 CAPUT
1328 1476 1391 1529 Il.

472 1582 554 1635 Ea
604 1583 958 1652 tempestate
987 1579 1307 1653 praedictus
1339 1583 1504 1636 Pater
1560 1580 1870 1637 Hilduinus
1928 1579 2053 1652 api-

402 1684 556 1739 cem,
586 1668 737 1725 sicut
760 1669 889 1740 jam
919 1669 1203 1739 diximus,
1224 1670 1286 1724 in
1324 1669 1491 1725 omni
1538 1670 1789 1741 Augusti
1818 1686 2056 1724 monar-

400 1758 538 1814 chia
566 1773 746 1832 super
772 1774 982 1814 omnes
1008 1758 1101 1813 sui
1119 1758 1358 1815 habitus
1382 1759 1694 1815 retinebat.
1729 1758 1898 1825 Quod
1930 1758 2058 1832 qui-

401 1846 543 1902 dem
572 1846 838 1907 oﬁicium
866 1864 989 1903 suae
1019 1846 1378 1904 excellentia:
1399 1848 1675 1919 dignitati
1695 1865 2052 1920 congruum,

401 1937 554 1992 acris
589 1941 654 1992 ut
677 1941 803 1993 erat
829 1936 1073 2007 ingenii,
1102 1936 1350 1993 decente
1376 1938 1519 1994 satis
1548 1938 1823 1994 exercitio
1861 1938 2055 1993 admi-

399 2024 694 2082 nistravit.
730 2024 840 2092 Qui
870 2042 906 2081 a
935 2025 1209 2098 piissimo
1241 2029 1470 2083 Caesare
1520 2026 1597 2083 ad
1643 2027 2053 2100 quorumdam

399 2113 847 2187 improbitatem
878 2114 1383 2187 compescendam
1408 2131 1530 2188 qua
1555 2115 1846 2171 adversus
1897 2133 2057 2172 sum-

400 2220 569 2259 mum
616 2203 935 2260 antistitem
981 2203 1314 2275 Eugenium
1369 2203 1797 2273 intumuerant,
1853 2208 2054 2261 Romae

401 2292 731 2366 delegatus,
765 2293 847 2371 sic
870 2292 1165 2365 judicium
1199 2308 1379 2349 omne
1418 2293 1696 2367 prudenti
1752 2294 2057 2350 examina-

401 2382 559 2439 tione
590 2384 869 2450 exercuit,
903 2387 968 2439 ut
987 2388 1045 2440 et
1075 2382 1321 2441 Caesaris
1374 2383 1616 2455 jussum
1670 2383 1949 2457 expleret,
2000 2389 2055 2440 et

401 2471 668 2544 pontiﬁci
707 2472 1089 2540 satisfaceret,
1117 2478 1174 2529 et
1221 2489 1323 2529 eos
1375 2472 1476 2545 qui
1508 2477 1717 2529 contra
1740 2474 1901 2529 hunc
1956 2490 2052 2527 su-

400 2561 585 2633 perbe
612 2562 1037 2631 intumuerant,
1054 2562 1263 2619 sedata
1288 2578 1499 2642 eorum
1522 2562 1919 2626 contumacia,
1952 2579 2053 2636 pa-

401 2656 566 2708 catos
587 2652 860 2709 redderet
888 2658 946 2709 et
975 2652 1228 2725 quietos.
1264 2653 1364 2708 His
1392 2653 1498 2709 rite
1527 2652 1795 2726 patratis,
1828 2653 2056 2710 clamor

402 2741 571 2797 Urbis
593 2742 653 2797 in
684 2742 953 2798 favorem
987 2742 1135 2798 tanti
1172 2742 1356 2798 Patris
1386 2742 1689 2812 attollitur,
1720 2743 2055 2815 imperialia

394 2829 623 2901 judicia
647 2830 1083 2904 approbantur,
1114 2830 1427 2886 clementia
1455 2846 1563 2903 per
1589 2831 1782 2886 virum
1808 2836 2056 2904 operata

2163 291 2460 348 ctionibus
2477 295 2759 365 paruerit,
2775 299 2832 350 et
2858 295 3165 366 utriusque
3184 292 3369 366 partis
3390 295 3851 367 censortequisz‘r

2163 380 2352 435 simus
2390 382 2583 452 fuerit,
2627 399 2935 456 quamque
2970 384 3049 439 ab
3098 382 3383 438 omnibus
3420 385 3833 439 Romanorum

2162 469 2529 543 primoribus
2560 473 2711 528 bene
2742 489 2887 528 usus
2917 473 3006 540 sit,
3041 478 3098 528 et
3145 471 3546 528 amicabiliter
3594 466 3837 544 obliga:

2162 563 2279 615 tus.
2316 559 2579 633 Denique
2609 566 2666 617 et
2683 563 2799 617 hoc
2829 562 2991 634 quod
3008 566 3065 617 et
3081 561 3189 617 sibi
3212 561 3614 634 praecipuum,
3634 566 3696 616 et
3713 563 3835 617 suis

2163 654 2290 705 erat
2314 651 2742 723 gratissimum,
2763 669 2896 725 quae
2923 669 3059 707 cum
3084 652 3275 722 gratia
3317 652 3594 723 ejusdem
3614 652 3841 708 domui

2164 738 2466 795 Pontiﬁcis
2494 740 2675 796 etiam
2703 741 2943 814 speciali
2995 740 3387 796 contubernio
3438 742 3572 810 ejus
3624 740 3834 796 amici-

2164 826 2258 882 tiaa
2281 828 2563 901 copulam
2598 830 2821 886 habere
2853 830 3085 886 meruit.
3123 829 3386 902 Denique
3415 829 3729 902 quidquid
3768 830 3835 885 tl:

2162 916 2267 972 lud
2295 924 2401 985 est,
2432 920 2597 991 quod
2626 924 2729 976 aut
2757 936 3042 992 prospere
3075 919 3267 985 cessit,
3305 915 3408 974 aut
3437 925 3671 974 eventu
3713 919 3849 975 lor:

2164 1007 2313 1062 tuitu
2343 1008 2589 1064 moleste
2616 1009 2850 1078 accidit,
2898 1013 2996 1065 Dei
3054 1008 3381 1065 ineffabilia
3430 1009 3493 1065 in
3546 1009 3853 1064 omnibus

2165 1087 2279 1150 sibi
2307 1095 2681 1153 adseveravit
2707 1097 2968 1154 adfuisse
3007 1098 3307 1170 praesidia.
3332 1096 3712 1155 Sufficienter
3734 1099 3841 1154 ἤδη

2163 1200 2281 1257 que
2313 1185 2587 1242 Hilduino
2618 1185 2842 1242 itineris
2867 1182 2941 1243 ac’
2963 1186 3278 1256 legationis
3304 1203 3427 1242 suae
3460 1187 3852 1243 charissimi‘s.

2162 1271 2298 1327 ﬁliis
2328 1274 2614 1331 referente
2645 1275 3013 1345 discrimina,
3065 1275 3374 1331 Roduinus
3416 1276 3501 1331 ait
3532 1293 3546 1329 :
3606 1275 3837 1332 Grauis

2163 1362 2411 1434 quidem
2442 1365 2838 1437 omnipotenti
2870 1365 3145 1434 Domino,
3175 1367 3344 1420 Pater
3371 1364 3618 1436 inclyte,
3646 1365 3838 1420 habe-

2164 1469 2302 1510 mus
2331 1460 2387 1511 et
2410 1456 2668 1526 agimus,
2687 1457 2853 1528 quod
2876 1456 3167 1511 universis
3190 1455 3268 1511 ab
3286 1471 3357 1511 eo
3388 1455 3525 1511 latis
3547 1465 3837 1528 prospere

2088 1556 2128 1609 Β
2164 1545 2485 1612 concessis,
2519 1545 2751 1600 salvum
2783 1550 2835 1601 te
2863 1550 2919 1601 et
2968 1545 3313 1601 incolunem
3361 1544 3567 1600 videre
3620 1545 3838 1599 merui-

2164 1648 2321 1687 mus.
2349 1636 2569 1707 Nempe
2594 1639 2651 1689 et
2675 1634 2789 1689 hoc
2818 1637 3000 1689 noctu
3026 1633 3244 1705 dieque
3276 1632 3325 1687 si
3383 1648 3499 1688 nos
3547 1632 3837 1688 exaudire

2165 1718 2446 1789 dignatus
2476 1723 2568 1791 sit,
2603 1723 2727 1777 sine
2779 1722 3237 1794 interpolatione
3290 1720 3835 1794 expostulavii'nus,

2165 1809 2273 1865 etsi
2289 1824 2411 1865 non
2429 1816 2637 1867 nostro
2668 1812 2901 1879 merito,
2931 1811 3098 1883 quod
3125 1809 3357 1866 nullum
3404 1827 3537 1866 esse
3563 1804 3837 1866 decerni-

2167 1915 2323 1969 mus,
2351 1903 2466 1955 tua;
2489 1905 2689 1956 tamen
2712 1900 2851 1956 ﬁdei
2879 1900 3043 1956 bono
3068 1900 3303 1973 tuique
3346 1900 3533 1955 sacris
3587 1900 3836 1967 meritis,

2166 1990 2286 2044 Deo
2307 1990 2583 2045 amabilis
2615 1993 2804 2059 Pater,
2830 1990 2945 2046 hoc
2976 1990 3154 2045 nobis
3195 2006 3555 2045 concessum
3606 1990 3837 2045 caelitus

2160 2079 2588 2150 jocundamur.
2624 2082 2850 2137 Etenim
2882 2096 3004 2154 quo
3036 2082 3097 2135 in
3126 2081 3533 2136 remoratione
3562 2087 3665 2136 tua
3702 2079 3837 2135 lon-

2167 2171 2387 2239 gaevior
2415 2171 2526 2226 fuit
2552 2171 2844 2238 molestia,
2877 2185 2947 2227 eo
2984 2171 3128 2242 quia
3156 2185 3407 2242 prosper
3442 2170 3553 2225 fuit
3597 2185 3837 2225 succea-

2169 2275 2293 2327 sus,
2326 2259 2385 2314 in
2415 2260 2500 2315 rei
2526 2259 2891 2315 exhibitione
2921 2258 3167 2315 hilarior
3196 2263 3387 2314 exstat
3441 2257 3666 2325 laetitia,
3713 2274 3844 2330 qua

2166 2348 2398 2404 utinam
2425 2353 2479 2404 te
2506 2348 2739 2404 valente
2770 2354 3027 2421 patrono
3058 2364 3173 2403 nos
3224 2348 3537 2419 contingat
3588 2347 3839 2419 perfrui,

2164 2453 2483 2511 quousque
2513 2437 2709 2494 vitalis
2726 2438 2906 2494 ﬂatus
2933 2438 3046 2493 hos
3072 2438 3287 2493 rexerit
3315 2442 3501 2494 artus.
3564 2436 3667 2491 His
3697 2436 3839 2508 pius

2164 2530 2334 2583 Pater
2362 2527 2672 2584 Hilduinus
2702 2527 2982 2600 alloquiis
3008 2526 3238 2583 illectus
3265 2543 3335 2582 ac
3362 2526 3699 2600 plurimum
3743 2526 3839 2597 jo-

2165 2617 2481 2685 cundatus,
2515 2618 2694 2691 coepit
2717 2632 2909 2673 serere
2931 2633 3274 2673 sermonem
3290 2618 3365 2673 de
3386 2616 3847 2688 dignitateapo-

2167 2706 2377 2763 stolica
2405 2723 2477 2763 ac
2500 2707 2785 2777 religione
2815 2706 3249 2775 ecclesiastica,
3270 2705 3443 2761 et'de-
3461 2706 3627 2761 cultu
3684 2706 3839 2762 San-

2166 2800 2421 2867 ctorum,
2445 2784 2706 2870 quorum
2727 2795 2960 2852 inﬁnita
2986 2795 3373 2851 multitudine
3392 2794 3540 2850 urbs
3558 2797 3847 2851 Romana

399 2881 1034 2990 laudaturfxpontiﬁcis
1065 2881 1237 2975 amor
1265 2935 1335 2975 ac
1365 2881 1603 2975 devotio
1634 2935 1776 2988 erga
1806 2881 2053 2978 venera-
2086 2910 2130 2967 (ἶ
2166 2885 2451 2990 pou‘ibm’
2480 2881 3233 2990 ricel‘sénsquf’m'fifiam
3259 2884 3840 2990 Ψ

398 3004 582 3061 bilem
616 3006 869 3062 ubertim
906 3006 1223 3063 succrescit
1248 3010 1498 3074 Patrem,
1530 3012 1587 3063 et
1642 3013 1703 3064 ut
1753 3008 1814 3063 in
1870 3010 2053 3081 hujus

399 3093 704 3164 dignitatis
733 3096 961 3152 honore
988 3095 1172 3166 longo
1203 3097 1366 3153 vivat
1383 3101 1651 3170 tempore
1670 3102 1909 3155 senatus
1931 3117 2056 3157 om-

398 3182 493 3237 nis
516 3183 788 3240 Ecclesiae
816 3201 1056 3241 summa
1084 3184 1365 3257 implorat
1393 3185 1729 3253 devotione.
1778 3189 2051 3259 Jungun-

399 3264 494 3328 tur
520 3273 800 3346 precibus
823 3273 1151 3344 multigena
1179 3291 1453 3344 munera,
1483 3291 1619 3348 quae
1640 3268 1807 3333 tanta
1828 3293 1897 3333 ac
1912 3278 2053 3335 talia

398 3375 436 3417 a
463 3362 832 3436 quibusdam
856 3362 1195 3436 percepisse
1222 3368 1519 3436 narratur,
1552 3368 1617 3421 ut
1644 3365 1902 3440 pretium
1955 3385 2052 3424 ex-

397 3451 606 3508 cedere
635 3452 996 3510 viderentur.
1033 3453 1445 3510 Benedictione
1501 3455 1703 3528 itaque
1756 3456 1938 3528 petita
1996 3462 2055 3514 et

396 3539 661 3607 obtenta,
715 3541 1128 3616 apostolorum
1175 3542 1508 3616 principem
1540 3543 1654 3600 sibi
1700 3545 2050 3603 adfuturum

395 3635 654 3710 orantes,
688 3634 1012 3687 consecuta
1040 3630 1373 3704 repedandi
1399 3631 1637 3689 licentia
1655 3633 1764 3689 iter
1789 3634 2053 3708 arripue-

393 3734 455 3775 re
483 3721 603 3776 Deo
624 3718 869 3799 favente
900 3719 979 3776 ad
1006 3719 1273 3793 propria.
1310 3723 1539 3777 Interea
1556 3721 1620 3777 hi
1644 3721 1749 3795 qui
1771 3738 1911 3779 eum
1964 3723 2051 3781 fa-

391 3807 683 3864 miliarius
705 3808 884 3865 unico
924 3804 1266 3879 diligebant
1299 3823 1526 3879 amore,
1573 3825 1729 3881 aegre
1782 3810 2054 3868 ferebant

393 3897 524 3968 ejus
550 3896 908 3964 absentiam,
940 3896 1211 3953 videntes
1245 3900 1413 3953 extra
1468 3896 1753 3970 placitum
1786 3915 2049 3972 quorum

396 3985 725 4058 sperabant
754 3984 982 4042 tardius
1010 3986 1265 4056 regredi.
1299 3988 1413 4059 Spe
1461 3985 1687 4043 incerta
1734 3987 1901 4044 dubii
1954 4006 2049 4046 re-

392 4078 569 4147 pente
597 4074 852 4131 audiunt
874 4090 999 4130 non
1030 4074 1155 4130 sine
1184 4090 1408 4146 magno
1431 4075 1653 4144 gaudio
1677 4080 1880 4149 partes
1909 4094 2047 4135 eum

388 4164 517 4235 jam
549 4163 850 4222 Galiarum
877 4163 1093 4221 adisse.
1124 4164 1432 4220 Roduinus
1462 4163 1687 4222 interea
1713 4169 1770 4221 et
1799 4167 1910 4238 sui,
1942 4171 2048 4224 Pa-

2168 2974 2379 3030 merita
2403 2988 2646 3046 quoque
2676 2978 2732 3029 et
2757 2973 3026 3028 nomina.
3054 2973 3150 3027 His
3176 2988 3319 3041 ergo
3331 2972 3617 3043 jocuudis
3644 2986 3847 3027 recor-

2167 3062 2512 3120 dationibus
2558 3062 2671 3118 sibi
2723 3061 3043 3119 blandiens
3096 3060 3455 3118 venerabilis
3504 3060 3723 3116 Abbas
3784 3061 3849 3116 in

2162 3152 2415 3224 longum
2440 3153 2610 3209 duxit
2638 3168 2999 3208 sermonem.

2819 3244 3042 3298 CAPUT
3082 3242 3168 3296 IV.
3752 3268 3779 3286 ι-
3834 3270 3851 3296 ν.

2238 3338 2465 3390 Interea
2515 3332 2841 3393 Rodoinus.
2888 3330 3123 3400 sagacis
3180 3330 3325 3402 quia
3349 3336 3477 3386 erat
3502 3328 3727 3399 animi,
3785 3332 3845 3387 ut

2163 3439 2317 3491 reor,
2351 3422 2581 3477 caelitus
2610 3421 2934 3486 animatus,
2959 3418 3198 3475 oculata
3240 3420 3523 3493 cupidine
3570 3418 3843 3475 lococui

2164 3516 2419 3585 praeerat
2446 3510 2507 3565 in
2538 3510 2804 3565 futurum
2838 3508 3351 3581 prospiciens,‘ait
3383 3526 3396 3563 :
3431 3508 3620 3565 Paulo
3675 3514 3860 3574 ante,-

2165 3601 2251 3657 mi
2282 3602 2445 3656 Pater
2466 3604 2522 3655 et
2549 3598 2818 3665 Domine,
2862 3598 3299 3653 sermocinante
3326 3602 3379 3652 te
3418 3598 3648 3653 dixisse
3686 3614 3844 3670 prae-

2164 3688 2342 3765 ripui,
2375 3687 2669 3761 quidquid
2725 3687 2829 3741 tibi
2882 3686 3259 3742 conducibile
3312 3686 3635 3759 aliquoties
3680 3691 3845 3742 esset

2165 3784 2268 3837 aut
2298 3779 2605 3852 placitum,
2637 3793 2673 3832 a
2704 3792 2946 3831 summo
2979 3791 3142 3849 papa
3175 3776 3335 3832 sedis
3361 3776 3727 3848 apostolicae
3758 3777 3851 3833 inv

2168 3867 2429 3926 violabili
2461 3866 2879 3938 astipulatione
2908 3866 3201 3938 perpetim
3253 3881 3382 3921 esse
3442 3882 3837 3923 concessum.

2164 3956 2602 4031 Experiendum
2625 3954 2801 4011 nobis
2831 3959 2917 4010 est
2946 3961 3290 4011 utrumnam
3322 3955 3552 4012 habeat
3610 3956 3837 4014 etfeeﬁa

2162 4064 2303 4104 vam
2333 4048 2463 4117 ejus
2492 4044 2836 4117 pollicitatio
2884 4044 3237 4100 clausulam.
3300 4048 3488 4114 Certe,
3548 4051 3631 4102 ut
3680 4063 3839 4111 reor,

2162 4136 2401 4193 evenire
2432 4134 2646 4207 poterit
2670 4139 2733 4190 ut
2762 4134 3022 4207 aliquem
3056 4135 3254 4189 eximii
3294 4134 3491 4190 meriti
3523 4152 3605 4190 ex
3636 4136 3737 4192 his
3763 4135 3837 4191 de

394 4253 465 4311 tri
488 4258 554 4311 ut
581 4260 709 4311 erat
729 4254 1079 4326 ﬁdissimus,
1106 4254 1251 4328 quia
1284 4270 1381 4309 res
1438 4253 1492 4309 ei
1540 4224 1914 4327 singulariter
1966 4258 2051 4313 in—
2072 4266 2124 4327 Ι)
2160 4226 2383 4328 qualus
2412 4225 2597 4281 mOdO
2628 4240 2832 4328 Sermo,
2854 4224 3095 4328 hfb’tﬁls
3125 4230 3232 4324 θεῖ’
3265 4225 3610 4328 (δίθυθῳλω

392 4343 735 4413 cumbebat,
768 4344 1053 4401 universa
1083 4360 1222 4399 cum
1254 4347 1551 4416 apparatu
1570 4345 2047 4403 honoriﬁcentis-

393 4435 548 4492 simo
574 4434 885 4492 inobviam
917 4433 1010 4489 sui
1039 4432 1453 4489 desiderabilis
1489 4434 1890 4507 proﬁciscitur
1942 4452 2047 4509 pa-

392 4526 564 4593 troni,
600 4525 965 4597 tandemque
988 4526 1222 4595 reperto
1247 4527 1305 4579 et
1338 4522 1559 4592 reviso,
1620 4541 1878 4581 maerore
1921 4542 2046 4598 quo

390 4614 762 4673 afﬁciebatur
790 4614 1046 4687 abjecto,
1076 4612 1342 4686 paternis
1374 4611 1452 4669 ab
1484 4613 1697 4671 eodem
1751 4615 2045 4687 amplexi-

387 4704 504 4761 bus
523 4703 773 4778 excepti,
806 4701 1031 4774 ingenti
1052 4701 1388 4765 admodum
1403 4701 1796 4759 exsultatione
1821 4719 2047 4760 recrea-

390 4795 449 4863 ti,
481 4794 588 4852 diu
616 4793 835 4868 optatis
862 4791 1251 4866 perfruuntur
1280 4790 1535 4863 gaudiis.

1044 4920 1267 4976 CAPUT
1305 4920 1393 4973 Ill.

460 5030 594 5084 Post
622 5032 903 5101 paternos
924 5024 1239 5099 amplexus
1270 5028 1327 5081 et
1364 5023 1572 5080 oscula
1590 5025 1937 5097 praedulcia,
1969 5026 2044 5083 de

386 5117 625 5189 hisque:
651 5117 765 5173 sibi
788 5116 1143 5174 accidissent
1163 5113 1339 5171 avide
1363 5115 1891 5187 percunctantibus
1911 5132 2047 5188 pro-

384 5207 576 5264 lixum
603 5206 818 5263 habuit
845 5206 1203 5263 narrationis
1229 5220 1594 5276 sermonem,
1617 5205 1870 5278 qualiter
1898 5222 2046 5278 quo-

387 5313 460 5354 ve
498 5297 727 5352 honore
757 5312 794 5352 a
814 5296 1042 5351 domno
1072 5294 1403 5368 apostolico
1433 5299 1487 5351 et
1519 5311 1555 5351 a
1585 5299 1794 5351 senatu
1820 5300 2042 5351 sanctae

385 5389 669 5443 Romanae
699 5382 966 5439 Ecclesiae
995 5382 1166 5438 fuerit
1191 5387 1475 5456 exceptus
1508 5400 1667 5457 ;qua
1695 5384 2041 5440 auctoritate

383 5481 442 5536 et
470 5490 726 5533 censura
745 5473 1154 5547 quorumdam
1182 5474 1521 5545 garrulitate
1568 5491 1864 5549 repressa,
1919 5490 2044 5546 qua

381 5565 674 5627 adversus
734 5578 972 5621 sacrum
1023 5562 1347 5623 antistitem
1390 5568 1777 5623 contumaces
1806 5563 2045 5621 exstite-

2161 4315 2429 4372 conferre
2460 4329 2581 4370 non
2613 4313 2856 4369 abnuat.
2886 4314 3060 4379 Quod
3090 4314 3139 4369 si
3168 4315 3504 4387 contigerit,
3524 4315 3843 4388 qualem

2160 4404 2255 4461 bis
2286 4402 2585 4461 salubrius
2602 4417 2826 4457 munus
2848 4402 3150 4474 impertire
3180 4402 3421 4471 valebit,
3474 4419 3679 4476 quam
3734 4419 3841 4476 op-

2160 4497 2488 4567 portunum
2521 4491 2701 4548 etiam
2729 4491 3021 4559 existeret,
3045 4498 3120 4548 ~ut
3161 4497 3358 4549 vestro
3414 4492 3475 4548 in
3540 4493 3842 4550 omnibus

2160 4581 2479 4656 protectori
2508 4584 2714 4638 sancto
2744 4579 3022 4638 Medardo
3054 4581 3281 4652 collega
3314 4587 3517 4638 vestra
3542 4598 3845 4656 procura.

2164 4672 2321 4729 tione
2349 4671 2592 4727 daretur
2616 4670 2644 4726 ?
2672 4674 2806 4744 Ipso
2835 4670 2996 4726 enim
3038 4687 3159 4727 uno
3212 4671 3513 4728 duntaxat
3570 4677 3845 4745 patrono

2160 4762 2433 4818 fruimur.
2467 4759 2584 4815 Erit
2614 4764 2815 4816 autem
2830 4759 2945 4816 hoc
2975 4765 3169 4817 vestra
3201 4759 3373 4816 saluti
3404 4759 3715 4818 idoneum
3768 4762 3853 4818 ne

2158 4848 2507 4908 memoriale
2538 4849 2663 4905 sine
2690 4849 2808 4906 ﬁne
2838 4865 3216 4918 mansurum,
3253 4850 3566 4923 totiusque
3618 4852 3849 4924 patria-

2157 4940 2497 5015 perenniter
2518 4938 2934 5012 profectivum.
2958 4943 3203 4996 Summa
3223 4939 3575 4996 reverentiae
3601 4940 3851 4998 Hildimi-v

2156 5048 2275 5086 nus
2307 5029 2498 5087 abbas
2538 5028 3016 5097 gratulabundus
3066 5029 3332 5085 Rodoino
3362 5030 3444 5086 ait
3478 5047 3492 5084 :
3555 5027 3717 5086 Tuae
3758 5046 3850 5086 πω

2155 5119 2395 5190 ligionis
2448 5119 2671 5188 locum,
2731 5122 3029 5191 quantum
3072 5119 3249 5176 datur
3273 5118 3685 5191 intelliginos
3744 5136 3850 5189 su.

2155 5205 2390 5276 brigere
2420 5210 2477 5262 et
2504 5204 2780 5262 extollere
2797 5205 3127 5279 plurimum
3160 5207 3531 5281 persuadere

2157 5310 2268 5349 nec
2297 5293 2575 5366 improbo
2630 5299 2835 5350 votum
2901 5300 3090 5364 tuum,
3140 5310 3335 5368 neque
3381 5300 3499 5352 tuae
3555 5297 3851 5370 petitioni

2158 5382 2463 5449 dissentio,
2492 5384 2682 5438 immo
2714 5388 2905 5440 totum
2935 5385 3264 5455 ingenium,
3305 5391 3618 5457 quantum
3678 5391 3855 5455 Dent.

2157 5473 2454 5542 annuerit,
2474 5473 2763 5545 spondeo,
2780 5476 3066 5548 tequehuj
3078 5493 3146 5530 us
3167 5474 3387 5545 negotii
3403 5482 3843 5552 exsecutorem

2160 5578 2293 5620 esse
2319 5563 2596 5619 decerno.
2630 5563 2929 5621 iudicium
2957 5570 3157 5623 tamen
3185 5565 3360 5622 nobis
3379 5582 3455 5621 ex
3489 5567 3859 5642 hoc-impos
