4034 6190
168 112 284 166 585

1170 109 1258 162 DE
1286 105 1666 163 TRANSLAT.
1698 105 1752 162 S.
1788 106 2191 167 SEBASTIANI
2235 117 2322 174 ΕΤ
2353 122 2408 178 8.
2439 124 2638 179 GREG.

3522 140 3628 192 586

165 223 762 302 ridhexpetendum
796 231 926 283 est:
962 229 1058 285 cui
1088 230 1134 286 si
1171 230 1340 288 fuerit
1374 229 1696 319 laudabile,
1730 235 1868 288 tunc
1905 235 1952 288 A
1980 231 2278 297 tissimum
2309 246 2534 316 Papam
2560 246 2900 317 Eugenium
2931 248 3188 319 rogabat
3217 255 3484 314 Rodoino
3514 275 3658 315 cum

166 319 628 392 consequenter
657 315 774 372 erit
796 316 1196 375 immutabile.
1217 321 1318 376 Cui
1337 318 1680 377 Rodoinus:
1715 321 1871 395 Opti-

165 426 371 480 mum,
400 405 620 480 inquit,
658 404 862 472 Pater,
897 410 1016 462 tuae
1047 409 1370 466 sanctitatis
1413 408 1738 467 decretum.
1774 410 1867 467 Di-

163 500 350 560 rectis
369 499 580 555 denuo
608 495 891 567 procula
924 497 1158 552 Caesare
1189 497 1628 568 gloriosissimo
1657 500 1734 557 ad
1764 501 1868 557 de-

163 589 528 649 ducendum
573 583 1003 640 venerabilem
1046 585 1329 643 abbatem
1391 588 1707 646 comitibus
1765 590 1872 648 iter

163 677 429 739 aocclari
482 674 774 741 suadent,
810 678 1236 731 asseverantes
1279 692 1505 747 magno
1551 677 1868 752 imperato-

164 785 300 827 rem
348 765 583 823 visendi
625 779 772 819 cum
824 761 1134 818 desiderio
1163 763 1340 822 afﬁci.
1378 765 1520 823 Hinc
1568 772 1869 838 gratanter

163 861 279 917 iter
305 858 625 930 carpentes
661 853 744 909 ad
791 857 1002 925 Aquas
1042 868 1237 926 usque
1267 854 1443 912 Grani
1482 856 1628 929 (459)
1659 873 1865 932 perve-

163 954 314 1004 nere
357 943 588 1019 palatii.
620 946 789 998 Tunc
839 939 1200 996 catervatim
1252 941 1389 999 hinc
1427 943 1566 1002 inde
1605 946 1866 1003 universi

163 1051 312 1094 eum
330 1033 749 1106 constipantes
783 1035 970 1102 atque
1002 1044 1194 1102 supra
1224 1031 1477 1088 modum
1509 1034 1863 1103 exultantes,

165 1124 248 1181 ad
279 1120 614 1198 penetralia
653 1119 947 1176 induxere
977 1121 1419 1184 Augustorum.
1442 1123 1572 1188 Quo
1599 1126 1662 1179 ut
1693 1122 1867 1178 solito

167 1213 437 1284 gratiose
495 1214 831 1282 susceptus,
877 1221 1127 1263 omnem
1177 1209 1513 1278 perfuncta:
1549 1211 1864 1282 legationis

165 1302 391 1358 seriem
421 1299 652 1376 pandit.
689 1300 820 1364 Qua
844 1295 1125 1354 absoluta
1157 1297 1502 1366 gratulatur
1529 1300 1866 1358 admodum

166 1407 284 1464 pro
302 1392 461 1447 bene
481 1386 662 1459 gestis
685 1391 1010 1456 Augustus,
1036 1384 1222 1442 refert
1254 1389 1504 1459 gratias,
1529 1389 1781 1461 largitur
1809 1396 1868 1448 et

166 1496 453 1538 munera.
503 1477 781 1550 Deposito
811 1474 1044 1547 imperii
1088 1476 1424 1547 supercilio
1464 1479 1736 1550 Augusta
1763 1482 1864 1536 Ju-

163 1566 593 1641 dith,celebris
615 1570 672 1622 et
688 1565 944 1634 famosa,
967 1562 1248 1668 procedit
1269 1581 1345 1664 ex
1368 1565 1868 1668 triclinio,‘solito-
1907 1577 1946 1633 Β
1974 1562 2172 1644 dim-ni
2202 1562 2426 1648 δοιοί-ξε
2456 1562 2732 1668 ευερίέοίε,

163 1675 288 1734 que
319 1654 708 1714 aﬂ‘ectuosius
769 1650 1175 1709 venerabilem
1207 1653 1525 1726 excipiens
1555 1655 1864 1726 abbatem,

163 1749 241 1804 de
275 1745 412 1818 ejus
442 1742 772 1818 plurimum
801 1740 1136 1797 exhilarata
1165 1755 1468 1814 prospero
1498 1743 1870 1814 jocundatur

161 1835 364 1894 reditu
389 1853 402 1901 ;
437 1832 655 1888 cohors
687 1845 933 1903 quoque
961 1829 1166 1885 omnis
1197 1828 1262 1885 in
1293 1831 1426 1902 ejus
1455 1833 1633 1905 quasi
1663 1833 1726 1889 in
1757 1849 1866 1907 pa-

167 1927 272 1982 tris
305 1919 537 1996 proprii
566 1920 800 1975 ltetatur
825 1933 1136 1988 regressu.

849 2027 1081 2082 CAPUT
1114 2028 1178 2081 V.

239 2125 567 2193 Postquam
598 2115 822 2172 affatim
872 2115 1102 2186 gaudio
1166 2121 1310 2173 sunt
1339 2119 1685 2189 exhilarati,
1743 2138 1865 2178 non

166 2212 494 2268 immemor
522 2207 696 2262 bonae
730 2203 1033 2260 memoriae
1068 2204 1392 2262 Hilduinus
1445 2209 1591 2279 (hoc
1620 2209 1781 2265 enim
1813 2210 1866 2266 ei

169 2301 480 2374 epitheton
547 2296 756 2365 inerat)
804 2292 968 2367 quod
1019 2310 1057 2349 a
1111 2310 1223 2350 suo
1266 2295 1432 2352 tideli
1482 2298 1754 2356 Rodoino
1810 2300 1900 2373 ei.

170 2394 526 2462 suggestum
576 2386 786 2449 fuerat,
830 2387 1070 2456 captata
1123 2386 1588 2456 opportunitate
1617 2388 1732 2445 hoc
1779 2389 1865 2462 ip-

170 2497 310 2538 sum
362 2476 610 2547 Augusti
645 2471 886 2528 auribus
916 2472 1195 2527 intimare
1241 2474 1505 2530 curavit.
1540 2476 1645 2532 Cui
1704 2477 1863 2534 beni-

174 2568 504 2641 gnissimus
533 2569 598 2620 ut
625 2567 750 2618 erat
777 2561 1138 2634 imperator:
1191 2563 1316 2616 Non
1348 2562 1466 2619 tibi
1494 2564 1865 2639 improbabi-

173 2660 227 2716 le
255 2673 389 2715 esse
418 2653 618 2724 debet,
647 2649 817 2724 quod
847 2665 882 2706 a
911 2654 1012 2704 tuo
1040 2653 1369 2720 nostroque
1418 2650 1590 2709 ﬁdeli
1618 2670 1863 2728 promp-

178 2755 236 2805 ta
260 2743 580 2803 devotione
610 2737 948 2810 suggeritur
973 2753 987 2792 :
1018 2737 1128 2792 erit
1156 2737 1316 2793 enim
1358 2738 1506 2810 hoc,
1538 2741 1587 2798 si
1638 2758 1733 2800 res
1779 2744 1860 2800 ef-

176 2839 403 2894 fectum
457 2829 756 2896 habuerit,
809 2841 929 2882 non
988 2825 1169 2881 nobis
1226 2825 1450 2896 solum,
1510 2831 1616 2887 sed
1673 2833 1856 2889 totius

1979 323 2101 379 suis
2122 327 2326 418 Romae
2352 333 2706 393 deferendas
2727 337 3117 411 contradidit,
3139 347 3197 399 et
3219 347 3283 400 ut
3305 361 3416 418 pro
3435 346 3655 404 virium

1978 414 2310 484 capacitate
2337 419 2558 478 laboris
2579 427 2638 480 et
2659 424 2890 495 ingenii
2943 427 3209 486 studium
3241 414 3325 487 ad
3349 432 3464 488 hoc
3493 447 3658 489 exse-

1976 501 2293 571 quendum
2324 507 2764 583 impenderent,
2794 513 3082 571 attentius
3110 519 3580 577 commendavit.

2635 620 2866 675 CAPUT
2897 622 2984 675 Vl.

2048 697 2095 748 A
2125 699 2357 759 Ctesare
2408 703 2502 759 his
2539 703 2620 762 ita
2677 706 2990 777 eleganter
3037 709 3358 781 informati,
3387 718 3446 771 et
3492 714 3652 772 ultra

1975 800 2164 876 quam
2194 787 2269 845 de
2299 795 2462 848 tanta
2488 791 2773 864 dignitate
2795 795 3097 856 aestimare
3111 805 3369 873 poteras,
3391 803 3651 876 praedul-

1975 873 2146 965 cibus
2173 878 2393 936 osculis
2418 885 2476 937 et
2517 882 2699 939 sacris
2729 885 3116 958 amplexibus
3159 888 3376 946 viritim
3392 873 3650 965 vample-

1973 963 2096 1019 xati
2124 963 2406 1036 brachiis,
2441 970 2696 1041 gratiose
2742 972 3087 1044 dimissimi,
3118 976 3227 1033 iter
3255 977 3478 1036 frustra
3505 963 3650 1036 arri-

1974 1053 2146 1127 piunt
2165 1055 2352 1114 inscii.
2370 1059 2810 1132 Lingonensem
2831 1081 3028 1139 usque
3049 1066 3129 1124 ad
3150 1068 3361 1124 urbem
3387 1070 3647 1144 denique

1974 1145 2371 1214 pertendunt:
2403 1147 2464 1204 in
2498 1165 2620 1222 qua
2651 1150 3088 1226 aliquantisper
3115 1156 3424 1213 recreandi
3465 1157 3646 1225 vires,

1974 1231 2354 1303 aptissimum
2407 1235 2679 1295 locavere
2738 1241 3084 1298 tentorium.
3140 1243 3240 1300 Hic
3299 1250 3435 1301 ante
3489 1245 3647 1303 fores

1973 1320 2181 1376 matris
2233 1322 2495 1380 ecclesiae
2560 1327 2808 1400 quidem
2881 1330 3212 1402 praevalida
3294 1333 3644 1404 aegritudine

1974 1411 2228 1480 graviter
2269 1421 2600 1488 praereptus
2651 1419 3002 1476 decubabat
3047 1421 3367 1479 invalidus.
3418 1423 3644 1480 Eadem

1972 1498 2106 1570 ipsa
2153 1507 2328 1559 nocte
2363 1520 2487 1577 qua
2539 1505 2763 1564 ibidem
2793 1509 3236 1582 applicuerunt,
3281 1516 3418 1586 post
3459 1512 3645 1584 longa

2769 1613 2909 1654 cum
2942 1598 3104 1656 fessa
3132 1601 3410 1658 membra
3438 1600 3644 1674 inepto

1973 1675 2152 1732 nimis
2193 1694 2407 1752 sopore
2454 1683 2812 1753 resolvisset,
2866 1703 2929 1743 se
2980 1704 3186 1745 coram
3229 1689 3645 1746 inenarrabilis

1976 1764 2311 1838 splendoris
2368 1774 2546 1843 atque
2596 1772 2844 1844 fulgoris
2899 1776 3072 1834 nimii
3114 1794 3438 1852 personam
3495 1784 3649 1836 asta-

1975 1868 2037 1908 re
2067 1855 2392 1929 conscipit:
2425 1864 2860 1935 aspectumque
2909 1865 3041 1936 ejus
3065 1881 3188 1922 non
3220 1867 3436 1936 ferens,
3466 1872 3649 1941 caput
3721 1891 3726 1897 ’

1976 1942 2409 2015 circumagens,
2434 1963 2543 2006 nec
2575 1951 2812 2008 mortali
2842 1951 3073 2012 lumine
3103 1957 3483 2016 reverberata
3507 1974 3648 2015 ocu-

1975 2031 2172 2088 lorum
2194 2034 2319 2091 acie
2347 2044 2701 2108 praesentem
2734 2043 3046 2100 intendere
3076 2045 3302 2115 valens,
3323 2047 3402 2103 ab
3432 2047 3647 2104 eadem

1976 2120 2215 2178 blandis
2246 2124 2499 2183 nimium
2533 2127 2814 2185 affatibus
2845 2132 3143 2204 quidnam
3169 2134 3252 2190 ibi
3282 2140 3504 2206 ageret,
3522 2152 3646 2210 quo

1974 2217 2190 2270 eventu
2220 2213 2557 2273 molestiam
2582 2219 2777 2290 ipsam
2820 2219 3170 2279 incurrisset
3199 2229 3646 2297 percunctatur.

1975 2301 2229 2356 Causam
2259 2303 2452 2368 reddit
2482 2304 2873 2374 incommodi,
2921 2313 3160 2382 tempus
3213 2313 3513 2385 exprimit.
3547 2314 3646 2371 llle

1971 2401 2232 2459 rursum,
2261 2406 2338 2445 an
2382 2392 2644 2464 pristina:
2672 2393 2914 2451 sanitati
2945 2397 3122 2454 vellet
3148 2400 3378 2456 restitui
3410 2403 3650 2478 perqui-

1971 2475 2061 2530 rit.
2106 2477 2214 2544 Oui
2271 2483 2326 2534 et
2356 2479 2467 2536 sibi
2499 2497 2679 2555 super
2707 2482 2820 2539 hoc
2851 2483 3068 2555 ingens
3094 2503 3228 2544 esse
3257 2475 3644 2562 desiderium,

1971 2563 2019 2621 si
2079 2565 2281 2638 aliquo
2335 2569 2519 2625 modo
2585 2570 2645 2626 id
2707 2587 2951 2644 sperare
3024 2582 3248 2648 posset,
3309 2581 3638 2654 respondit.

1971 2653 2076 2711 Cui
2101 2659 2159 2711 et
2208 2655 2302 2712 ille
2332 2657 2502 2728 virga
2539 2675 2728 2732 quam
2771 2677 2964 2718 manu
2995 2665 3273 2733 gestabat
3301 2653 3486 2728 aurea
3513 2671 3642 2746 pla-

1969 2759 2110 2814 gam
2138 2743 2461 2819 locumque
2491 2746 2731 2822 hospitii
2756 2749 3108 2822 designans,
3140 2757 3302 2813 Vade
3333 2743 3546 2832 inquit,
3576 2761 3640 2818 in

1969 2832 2328 2890 suburbium
2357 2835 2536 2907 istud,
2567 2843 2624 2893 et
2651 2837 3007 2913 hujusmodi
3044 2845 3333 2915 quaesitos
3372 2851 3638 2922 reperies

174 2923 348 2997 regni
379 2914 803 2993 gubernaculis
831 2913 1236 3012 profuturum.
1271 2915 1655 3012 QuemAergo
1698 2919 1855 2976 dele-
1897 2929 1938 2986 (ζ
1967 2922 2125 3012 viros
2147 2925 2399 2979 Romam
2429 2940 2676 2998 pergere
2705 2913 3095 3000 disponentes
3119 2949 3133 2987 :
3167 2949 3420 2993 causam
3439 2913 3636 3012 quam

176 3013 314 3086 gisti
352 3009 533 3068 nobis
566 3003 1012 3075 congruentius
1043 3003 1453 3076 expetendum
1473 3008 1502 3064 ?
1556 3010 1854 3067 Evocatur

175 3100 489 3160 Bodoinus
540 3095 823 3167 regisque
870 3091 1172 3148 exhibita
1217 3095 1571 3166 prtesentiss,
1610 3097 1686 3154 de
1735 3098 1854 3156 hoc

177 3192 310 3264 ipso
340 3187 422 3245 ab
475 3183 690 3242 eodem
737 3184 1072 3237 conventus
1114 3179 1496 3254 imperatore,
1529 3189 1724 3242 ratam
1768 3187 1851 3244 ci-

179 3284 428 3351 tamque
482 3270 750 3330 reddidit
795 3267 1154 3325 sententiam
1211 3267 1438 3342 dicens,
1501 3272 1852 3333 Silvestrum

177 3364 496 3442 quondam
521 3361 977 3417 sacrosanctum
1002 3355 1347 3427 antistitem,
1368 3359 1419 3414 si
1446 3366 1653 3420 vestras
1674 3364 1855 3422 subli.

179 3457 379 3512 missae
424 3451 570 3507 libet
619 3444 940 3518 majestati,
972 3443 1231 3500 arbitror
1272 3447 1698 3519 expetendum.
1738 3456 1850 3509 Ac-

177 3547 353 3617 cepto
379 3540 492 3597 fert
517 3539 822 3607 Augustus
843 3533 976 3605 ejus
1001 3531 1316 3589 deﬁnitum
1347 3550 1712 3610 sermonem,
1745 3538 1853 3599 ita.

178 3649 254 3690 ne
281 3628 571 3688 omnibus
608 3623 987 3697 complaceat
1028 3621 1442 3680 assistentibus
1488 3626 1844 3686 sciscitatur.

179 3723 265 3780 Fit
288 3735 448 3777 unus
476 3714 748 3774 omnium
778 3713 842 3768 in
871 3711 988 3769 hac
1013 3727 1076 3767 re
1128 3725 1481 3785 consensus,
1513 3719 1570 3772 et
1614 3719 1678 3774 ut
1718 3717 1847 3774 feli-

174 3827 309 3868 cem
338 3807 608 3865 obtineat
629 3803 857 3861 exitum
885 3800 1042 3857 votis
1070 3799 1481 3874 imprecantur
1504 3804 1844 3865 unanimes.

172 3897 400 3958 Annuit
426 3895 754 3968 imperator
780 3889 996 3959 libens,
1029 3893 1086 3945 et
1114 3889 1193 3946 ad
1221 3888 1338 3946 hoc
1366 3893 1844 3967 exsequendum,

171 3991 478 4065 quantum
504 3983 709 4041 divina
731 3979 943 4038 faverit
971 3979 1181 4049 gratia,
1199 3978 1447 4052 plenum
1469 3981 1728 4054 spondet
1741 3984 1845 4041 ob.

172 4078 460 4152 sequium
492 4093 509 4144 ;
538 4072 756 4130 dehinc
784 4069 1070 4126 dilectum
1100 4067 1212 4124 sibi
1243 4067 1526 4127 abbatem
1558 4085 1695 4128 cum
1729 4075 1842 4131 Ro-

170 4168 360 4225 doino
377 4165 456 4221 de
475 4160 853 4236 expeditione
873 4156 1024 4216 tanti
1043 4156 1266 4214 itineris
1286 4157 1558 4216 hortatur
1575 4175 1646 4217 ac
1672 4177 1841 4220 com-

1965 3011 2294 3068 moliuntur
2322 3013 2536 3070 divinis
2566 3031 2688 3072 non
2729 3033 2859 3072 esse
2898 3020 3467 3098 praedestinationis,
3499 3046 3638 3090 mea

1963 3115 2035 3155 ex
2051 3104 2220 3173 parte
2246 3100 2606 3159 innotesces.
2637 3103 2727 3158 Ad
2755 3119 2943 3177 quem
2968 3106 3065 3164 ille
3109 3112 3548 3175 tremebundus
3581 3125 3638 3178 et

1961 3190 2212 3246 anxius:
2246 3191 2518 3262 Domine,
2549 3208 2673 3266 quo
2699 3196 2751 3249 te
2776 3193 2956 3265 jubes
2987 3198 3236 3259 nomine
3266 3209 3636 3268 monstrari?

1963 3281 2028 3335 Et
2072 3278 2206 3335 ille:
2267 3281 2388 3352 Ego
2442 3298 2600 3372 sum,
2638 3281 2871 3372 inquit,
2935 3287 3325 3350 Sebastianus
3380 3302 3630 3372 martyr,

1958 3367 2064 3440 qui
2119 3371 2319 3424 Romae
2362 3386 2476 3444 pro
2515 3371 2731 3428 Christi
2785 3374 2886 3430 Dei
2942 3377 3320 3440 confessione
3373 3367 3631 3446 fustibus

1959 3472 2148 3513 caesus
2177 3457 2457 3547 accubui,
2484 3477 2608 3534 qua
2649 3465 2706 3517 et
2736 3477 2986 3536 corpore
3036 3467 3331 3527 hactenus
3361 3475 3628 3547 sepultus

1952 3544 2135 3617 jacui.
2173 3547 2296 3602 Mea
2325 3546 2440 3604 illis
2469 3549 2742 3605 humana
2772 3566 2808 3606 a
2856 3553 3110 3611 Domino
3140 3573 3271 3616 esse
3318 3544 3626 3634 concessa,

1955 3649 2078 3690 non
2103 3633 2234 3704 ejus
2265 3649 2377 3707 pro
2407 3652 2532 3710 quo
2572 3637 2820 3708 vadunt,
2852 3641 3148 3699 noverint.
3180 3647 3269 3702 Ad
3308 3647 3437 3704 haec
3484 3633 3621 3705 illei

1955 3722 2355 3795 Praeceptioni,
2390 3725 2606 3799 inquit,
2637 3729 2748 3783 tuae
2795 3729 3217 3791 serenitudinis
3243 3751 3451 3810 parere
3498 3755 3622 3796 non

1953 3827 2234 3882 renuens,
2257 3828 2450 3886 quam
2476 3814 2728 3871 libenter
2745 3817 2825 3873 ad
2850 3834 2952 3875 eos
2972 3835 3108 3892 quae
3139 3840 3176 3881 a
3205 3829 3260 3881 te
3287 3826 3436 3884 mihi
3448 3828 3622 3900 jussa

1954 3903 2093 3957 sunt
2133 3899 2395 3974 perferre
2447 3906 2739 3976 satagam.
2774 3905 2859 3963 Illi
2899 3906 3155 3968 forsitan
3184 3930 3280 3970 me
3329 3931 3431 3972 eos
3454 3899 3618 3976 velle

1951 3988 2254 4059 deludere,
2306 3991 2612 4066 suspicata
2657 3992 2865 4051 fraude
2913 3995 3465 4062 calumniabuntur.
3511 4008 3619 4064 Ex-

1951 4079 2354 4151 perimentum
2398 4081 2580 4154 hujus
2609 4082 2714 4151 rei,
2745 4084 2856 4141 sia
2887 4101 2984 4142 me
3031 4089 3267 4161 exigere
3307 4080 3615 4168 cdaperint,

1953 4166 2130 4257 quale
2153 4167 2332 4257 jubes
2357 4169 2503 4226 dare
2527 4186 2886 4244 responsum
2903 4175 2931 4230 ?
2951 4191 3148 4250 neque
3169 4180 3349 4251 enim,
3377 4166 3442 4242 ut
3459 4201 3614 4257 reor,

171 4259 400 4324 monet,
438 4249 709 4310 Bodoino
748 4244 1075 4321 arripiendi
1101 4245 1324 4337 itineris
1375 4251 1536 4337 certa
1583 4250 1842 4328 praeﬁgit
1877 4279 1925 4337 υ
1954 4255 2123 4313 aliter
2173 4256 2256 4312 eis
2321 4257 2670 4330 persuaderi
2721 4262 2954 4336 poterit.
3010 4244 3173 4324 Tunc
3229 4244 3614 4334 beatissima;

171 4345 389 4420 spatia,
426 4339 649 4415 quibus
679 4335 966 4408 excursis,
999 4338 1064 4392 ut
1091 4334 1170 4391 ad
1199 4335 1328 4407 ejus
1351 4336 1557 4394 redeat
1573 4352 1838 4412 praesen-

169 4435 317 4492 tiam
346 4432 623 4504 imperat.
655 4426 754 4484 Ille
778 4425 1037 4500 patriam
1068 4423 1390 4497 locumque
1413 4425 1624 4500 repetit
1642 4427 1839 4487 alum-

167 4540 346 4589 num,
376 4535 502 4577 non
532 4517 792 4590 segniter
843 4515 1179 4572 intercessu
1225 4513 1526 4572 dilationis
1570 4519 1839 4592 tempore

171 4619 370 4670 utens.
397 4607 660 4682 Denique
687 4607 750 4663 in
774 4602 1174 4681 procurandis
1219 4606 1385 4661 tanto
1409 4603 1603 4661 itineri
1630 4621 1839 4666 neces-

172 4701 368 4769 sariis,
399 4696 700 4772 quidquid
756 4694 905 4753 illud
943 4698 1032 4751 est
1084 4692 1234 4766 quid
1279 4693 1605 4751 Galliarum
1635 4695 1839 4755 fertilis

172 4793 400 4850 humus
427 4787 693 4862 proferre
737 4783 1058 4843 amabilius
1099 4783 1426 4852 consuevit,
1461 4783 1603 4844 satis
1649 4785 1839 4845 abun-

173 4883 371 4955 deque
399 4880 759 4951 apparatum
792 4890 972 4932 suum
1000 4872 1288 4929 instruere
1314 4876 1618 4944 satagens,
1649 4875 1838 4932 maxi-

171 4987 340 5028 mam
391 4966 662 5042 pecuniae
693 4979 1000 5021 summam
1057 4977 1384 5034 aggregare
1425 4962 1669 5021 studuit.
1700 4967 1838 5022 Post

170 5063 302 5118 hrec
330 5057 548 5115 diebus
574 5055 818 5113 indultae
869 5051 1172 5110 dilationis
1197 5051 1461 5126 expletis,
1496 5052 1576 5109 ad
1605 5057 1837 5124 Augus-

171 5151 214 5207 ti
242 5146 629 5223 prtesentiam
658 5144 826 5202 redit.
861 5144 990 5210 Quo
1016 5157 1160 5198 mox
1183 5141 1614 5212 benignissime
1635 5158 1837 5216 recep-

169 5245 232 5297 to
261 5237 547 5312 epistolas
574 5235 818 5292 nomine
848 5237 906 5290 et
951 5231 1154 5290 annuli
1206 5231 1300 5287 sui
1342 5231 1734 5304 impressione
1765 5233 1837 5288 si-

1953 4351 2203 4421 martyr,
2253 4353 2486 4406 exserto
2532 4355 2741 4409 contra
2785 4370 2926 4411 eum
2971 4353 3242 4426 brachio,
3273 4378 3462 4422 manu
3506 4383 3615 4439 po-

1952 4434 2096 4492 tenti
2125 4433 2323 4491 statim
2369 4441 2433 4492 ut
2459 4451 2599 4494 eum
2645 4440 2851 4512 attigit,
2885 4444 3123 4502 sanitati
3169 4451 3487 4522 reparavit.
3506 4433 3614 4510 λι-

1949 4540 2068 4597 que
2113 4523 2196 4580 ita
2241 4531 2630 4596 prosecutus:
2679 4531 2872 4587 Sanus
2924 4536 3073 4604 esto,
3108 4534 3320 4609 inquit.
3366 4541 3609 4614 Hocque

1949 4612 2054 4670 tibi
2085 4612 2158 4669 sit
2186 4611 2427 4684 signum
2453 4632 2490 4673 a
2518 4633 2615 4673 me
2645 4617 2951 4690 collatum,
2972 4623 3141 4694 quod
3165 4625 3331 4683 nulla
3359 4611 3608 4700 prorsus

1948 4699 2338 4772 ambiguitate
2367 4703 2476 4761 erit
2521 4706 2860 4776 rejectibile.
2897 4709 3121 4768 Somno
3163 4699 3380 4772 laetitia,
3411 4722 3605 4776 metu-

1945 4805 2065 4862 que
2112 4789 2319 4861 fugato
2363 4793 2646 4866 sospitate
2693 4794 3094 4868 integerrima,
3125 4800 3439 4863 verissima
3476 4823 3606 4866 esse

1945 4879 2152 4935 omnia
2197 4895 2334 4952 quae
2363 4881 2632 4940 audierat
2673 4885 3050 4958 approbavit.
3088 4893 3172 4947 lta
3201 4907 3465 4968 namque
3494 4914 3603 4973 ap-

1943 4967 2197 5040 parebat
2227 4970 2599 5041 sanissimus,
2631 4988 2702 5029 ac
2737 4973 2785 5028 si
2814 4974 3035 5032 nullius
3088 4978 3416 5052 aliquando
3444 4967 3605 5045 infir-

1943 5055 2166 5112 mitatis
2195 5062 2343 5116 aestu
2363 5059 2572 5117 fuisset
2598 5059 2867 5118 infectus.
2899 5066 3060 5121 Tunc
3088 5067 3182 5124 ille
3201 5077 3452 5131 ovanter
3474 5079 3602 5135 uni~

1942 5160 2181 5202 versam
2219 5148 2591 5220 perlustrans
2644 5149 2857 5206 urbem
2892 5157 2949 5209 et
2995 5155 3368 5232 suburbana,
3394 5164 3602 5236 jussos

1943 5235 2122 5307 ccepit
2163 5251 2428 5308 quaerere
2458 5237 2637 5306 viros,
2670 5243 2849 5312 atque
2879 5241 2940 5297 in
2969 5260 3099 5302 sese
3119 5246 3334 5308 deiﬁca
3362 5235 3472 5327 per
3504 5274 3600 5315 sa-

170 5333 408 5401 gnatas,
461 5327 536 5383 de
614 5321 1020 5398 adipiscendis
1088 5325 1433 5378 sanctorum
1475 5321 1606 5392 jam
1661 5319 1834 5377 dictis
1940 5323 2347 5381 cratissimum
2377 5329 2700 5399 martyrem
2723 5337 2972 5404 operata
2989 5334 3296 5406 publicare
3313 5319 3593 5404 remedia.

169 5417 527 5494 pignoribus
555 5413 874 5473 omnifaria
915 5427 1090 5487 prece
1134 5411 1400 5479 refertas,
1433 5409 1655 5483 quibus
1696 5411 1835 5467 bea-

1944 5411 2006 5467 Hi
2031 5410 2137 5484 qui
2166 5427 2306 5468 eum
2332 5413 2410 5470 ab
2438 5414 2562 5470 heri
2584 5420 2641 5472 et
2663 5419 3090 5481 nudiustertius
3110 5425 3191 5484 ad
3215 5427 3424 5491 limina
3453 5451 3601 5508 prae-

245 5527 389 5610 (452)
423 5523 515 5581 Sic
550 5521 777 5610 passim
806 5524 1034 5578 veteres
1061 5517 1443 5592 Aquasgrani
1474 5519 1694 5574 vocant
1713 5515 1916 5574 villam
1943 5517 2170 5587 regiam
2197 5516 2260 5574 in
2288 5534 2447 5592 pago
2473 5521 2910 5598 Ripuariorum,
2937 5547 3123 5604 quam
3150 5537 3596 5610 Aquisgranum

172 5592 481 5671 appellant
507 5592 881 5650 recentiores.

533 5703 776 5758 PATROL.
820 5699 1058 5756 CXXXII.

3235 5713 3298 5770 l9
