4034 6190
338 37 345 44 .
403 47 504 118 δεῖ

1374 26 1704 82 ΟῡιιιοΝιδ
1735 21 2057 83 MONACHI
2079 22 2150 88 ,8.
2183 23 2499 80 MEDABDI
2527 23 2886 83 SUESSION.

3734 17 3854 78 588

395 165 577 236 dictae
604 157 866 234 basilicae
897 154 1258 229 seminecem
1281 150 1480 220 jacere
1506 147 1800 213 viderant,
1823 143 1962 200 hinc
1987 142 2074 200 in-
2101 149 2151 202 Α
2183 145 2390 202 annuo
2425 163 2440 212 ;
2469 144 2688 212 dehinc
2717 143 2862 216 quid
2896 148 3018 202 tam
3047 139 3497 214 impr-secognite
3540 144 3600 194 et
3645 138 3854 194 insus-

404 255 480 310 de
509 253 676 310 fama
701 247 837 306 facti
861 245 1282 304 concurrentes
1317 243 1558 310 stupore
1587 235 1808 308 ignotae
1839 239 2068 292 restau-

405 341 655 402 rationis
679 334 930 404 attoniti,
963 335 1082 387 Deo
1123 329 1240 387 late
1286 325 1638 398 vulgaribus
1678 321 2068 382 concentibus

405 430 628 505 gratias
657 421 1084 503 personabant.
1109 416 1381 505 _'l'audem
1411 415 1538 488 ipse
1583 413 1896 505 diligenter
1942 425 2072 483 per-

405 499 899 594 quisitos-reperit
925 508 1086 566 viros
1106 499 1126 564 Ξ
1158 523 1314 584 quos
1336 505 1535 564 statim
1556 501 1882 571 designatis
1911 517 2070 556 reco-

406 589 638 681 gnoscit
664 600 920 671 indiciis,
949 605 1005 655 et
1048 614 1184 672 quae
1232 595 1344 653 sibi
1375 593 1668 667 imperata
1710 591 1946 647 fuerant
1987 589 2072 644 in-

407 679 673 769 trepidus
695 691 950 759 enarrat,
975 702 1158 760 seque
1181 684 1240 741 in
1263 681 1749 756 astipulationein
1773 679 2069 736 dictorum

405 783 872 852 antesignanum
904 773 1108 850 palam
1140 773 1383 848 praebet.
1442 774 1510 826 At
1539 769 1596 826 lii
1631 787 1766 826 cum
1828 783 2072 823 summa

404 869 733 934 reverentia
765 863 1063 938 susceptis
1090 881 1224 938 qua:
1247 879 1284 919 a
1305 860 1653 917 beatissimo
1681 863 1942 929 martyre
1969 856 2070 911 da-

405 961 626 1022 bantur
682 955 980 1016 mandatis
1029 951 1088 1009 in
1131 953 1492 1008 immensum
1557 947 1886 1013 exhilarati,
1936 949 2070 1000 vota

408 1051 736 1125 gratiarum
759 1042 1152 1116 omnipotenti
1190 1045 1304 1096 Deo
1334 1037 1688 1114 persolvere,
1713 1042 1768 1092 et
1794 1039 2070 1092 sanctum

405 1121 518 1214 pro
542 1131 832 1193 beneﬁcio
859 1131 973 1188 sibi
997 1131 1258 1206 praestito
1290 1131 1565 1185 conserta
1592 1123 1766 1182 laude
1798 1121 2071 1194 magniﬁ-

409 1209 544 1284 care
574 1241 698 1282 non
729 1221 982 1279 cessant.
1017 1217 1240 1276 Exinde
1266 1212 1626 1288 retrogradis
1651 1212 1932 1288 passibus
1978 1209 2068 1268 iti-

408 1331 552 1372 nera
576 1315 1004 1380 convertentes,
1034 1309 1327 1384 paulatim
1350 1305 1647 1362 reﬂectere
1671 1307 1966 1360 conantur
1993 1301 2068 1358 ad

409 1401 652 1478 propria
685 1421 698 1470 ;
731 1405 1159 1471 auctoremque
1186 1396 1370 1468 hujus
1402 1393 1620 1462 negotii
1672 1387 2071 1448 venerabilem

2183 239 2349 308 pecte
2381 233 2766 292 devenissent
2807 237 3245 306 percunctatur.
3283 231 3366 286 illi
3395 231 3475 286 ad
3519 245 3736 286 aurem
3768 231 3853 284 fa-

2180 324 2474 384 miliarius
2499 323 2750 393 admoti,
2781 329 3071 380 secretum
3107 320 3394 378 universis
3437 319 3520 376 rei
3563 317 3859 376 ﬁduciali-

2181 416 2268 468 ter
2297 411 2592 486 pandunt.
2623 412 2795 478 Quod
2823 409 3236 484 aequanimiter
3265 407 3514 480 accepit,
3548 411 3609 464 et
3658 423 3766 461 cos
3798 405 3856 461 in

2181 496 2490 567 agendum
2535 495 2945 569 desperatione
2995 493 3196 550 ablata
3235 491 3670 562 benignissime
3704 505 3854 545 con-

2180 585 2434 644 fortatus
2462 591 2586 644 est:
2619 584 2879 657 denique
2913 583 3078 660 quod
3107 582 3404 656 pollicitus
3432 587 3522 638 est
3560 596 3666 638 ore
3695 579 3862 634 inde-

2179 674 2346 732 fessa
2375 675 2992 750 explevitintentione.
3026 676 3175 730 Nam
3210 688 3312 743 per
3337 670 3508 726 illum
3541 670 3640 726 via
3674 673 3858 742 atque

2179 760 2378 820 omnis
2407 767 2544 820 ante
2573 763 2870 820 domuum
2917 759 3314 834 apostolicum
3359 757 3474 814 illis
3505 757 3707 830 patuit
3735 756 3862 824 adi-

2183 853 2298 910 tus.
2331 845 2478 908 Tum
2507 850 2756 908 demum
2784 851 2940 905 viros
2968 847 3427 906 honestissimos
3454 845 3781 922 Quirinum
3807 851 3860 900 et

2179 939 2692 1012 Tlieophylactum
2731 943 3092 1010 expetentes,
3125 937 3342 992 missas
3364 933 3617 992 tradunt
3638 933 3861 1005 episto-

2178 1025 2291 1092 las,
2323 1031 2503 1100 atque
2523 1044 2633 1101 pro
2663 1027 2756 1084 his
2775 1044 2906 1100 quae
2933 1026 3312 1082 habebantur
3337 1024 3564 1080 inserta
3589 1021 3865 1094 gemina-

2180 1115 2330 1174 bant
2367 1133 2573 1190 preces
2603 1122 2660 1174 et
2687 1131 2960 1174 munera.
2996 1119 3196 1188 itaque
3229 1113 3306 1169 illi
3343 1115 3594 1170 nomine
3627 1117 3862 1184 marty-

2179 1205 2260 1262 ris
2292 1211 2590 1282 praacepto
2611 1205 2889 1282 perculsi,
2913 1203 3118 1261 animo
3148 1202 3438 1275 vul’uque
3469 1200 3708 1276 pallore
3741 1199 3865 1255 suf-

2181 1293 2338 1364 fuso,
2370 1295 2782 1370 apostolorum
2826 1293 2975 1352 Petri
3005 1299 3062 1350 et
3087 1291 3248 1349 Pauli
3291 1291 3498 1348 tertius
3533 1289 3584 1345 si
3614 1289 3862 1348 daretur

2179 1390 2494 1460 patronus,
2528 1384 2840 1458 quomodo
2863 1383 3077 1456 expelli
3109 1383 3231 1438 sine
3265 1375 3616 1438 tumultuali
3641 1379 3861 1454 praeju-

406 1469 636 1549 l’atrem
679 1469 1024 1545 Hilduinum
1062 1469 1431 1557 expetentes,
1464 1498 1592 1537 rem
1621 1479 1903 1535 divinitus
1939 1495 2070 1550 ges-
2107 1498 2146 1559 Β
2182 1474 2337 1532 dicio
2360 1472 3198 1547 posset,humaniliocingenii
3219 1469 3713 1546 protestabantur
3733 1484 3862 1559 non

408 1586 532 1638 tam
563 1595 668 1653 per
696 1575 970 1634 ordinem
999 1571 1294 1647 pandunt,
1323 1577 1378 1627 ct
1428 1576 1488 1626 ut
1525 1587 1630 1644 per
1679 1568 1947 1642 seipsum
1995 1567 2074 1623 ad

410 1665 656 1740 Augusti
701 1663 973 1722 notitiam
1006 1663 1084 1719 ad
1132 1661 1335 1734 ipsum
1382 1659 1640 1734 perferre
1701 1656 2070 1728 dignaretur,

411 1758 586 1816 anxie
631 1755 969 1832 precantur.
1007 1749 1344 1824 Diplomata
1395 1763 1637 1824 quoque
1687 1763 1821 1821 quae
1867 1745 2072 1817 magni

415 1845 673 1907 Silvestri
702 1841 974 1919 praesulis
1011 1840 1309 1912 rogabant
1359 1840 1634 1913 pignora,
1668 1835 1962 1892 demutari
2011 1835 2072 1890 in

412 1931 853 2010 expeditionem
901 1929 1104 2004 inclyti
1144 1929 1422 2001 martyris
1472 1925 1802 1985 Sebastiani
1856 1921 2074 1980 obnixe

411 2025 768 2098 deposcunt,
801 2025 858 2078 et
885 2037 959 2078 ne
992 2019 1142 2092 quid
1191 2017 1365 2091 coepti
1412 2016 1634 2074 itineris
1682 2014 2073 2070 infortunium

409 2113 739 2179 incurrant,
773 2107 1064 2165 maturari
1113 2123 1364 2162 causam
1411 2103 1770 2169 (uiantocius
1817 2118 1938 2175 qua
1967 2117 2073 2156 au-

411 2203 554 2262 dent
580 2198 1024 2274 importunitate
1049 2197 1344 2254 insistunt.
1378 2194 1592 2250 Perfert
1623 2193 1707 2250 vir
1733 2190 2074 2266 spectabilis

411 2289 726 2348 Hilduinus
745 2283 823 2346 ad
838 2285 1111 2344 notitiam
1127 2285 1210 2360 pii
1226 2283 1512 2358 principis
1537 2279 2076 2351 divinaelegationis

411 2396 724 2447 arcanum,
749 2376 963 2452 pandit
1005 2375 1309 2432 salubrem
1353 2373 1426 2428 de
1479 2369 1880 2445 adipiscendis
1931 2369 2077 2425 tanti

413 2467 694 2544 martyris
724 2465 1079 2540 pignoribus
1111 2463 1556 2530 revelationem.
1576 2461 1749 2516 Jubet
1774 2461 2078 2530 Augustus

410 2560 738 2618 litterarum
789 2556 1098 2614 schemata
1149 2553 1261 2612 sub
1310 2553 1557 2610 obtentu
1605 2549 1830 2608 emeriti
1876 2547 2074 2606 militis

411 2644 724 2720 multiplici
753 2641 966 2704 referta
989 2659 1166 2718 prece
1192 2641 1544 2698 instaurare.
1577 2638 1796 2694 Dehinc
1821 2641 1884 2694 ut
1909 2635 2073 2709 prius

411 2735 657 2794 nomine
704 2737 761 2790 et
808 2729 1016 2790 annuli
1060 2730 1151 2786 sui
1199 2728 1594 2810 impressione
1643 2725 1932 2799 signatas,
1966 2721 2072 2780 Ro-

2181 1581 2346 1622 esse:
2394 1581 2534 1620 cum
2575 1564 2954 1638 imperatoris
2997 1563 3238 1634 jussum
3289 1566 3346 1616 et
3394 1559 3580 1616 amici
3625 1557 3862 1632 petitio-

2181 1670 2320 1710 nem
2352 1671 2538 1728 quam
2590 1653 2984 1710 libentissime
3024 1651 3238 1708 vellent
3277 1649 3567 1706 stabilire.
3603 1651 3862 1704 Econtra

2181 1744 2487 1802 Rodoiuus
2513 1749 2570 1802 et
2601 1741 2692 1798 sui
2715 1759 3104 1816 nequaquam
3131 1743 3246 1798 hoc
3284 1736 3602 1822 obstaculo
3661 1737 3860 1810 repul-

2183 1833 2251 1901 si,
2284 1832 2684 1907 importunius
2711 1833 3084 1904 insistebant,
3112 1828 3490 1902 imperatoris
3539 1828 3859 1883 inevitabi-

2181 1922 2234 1978 le
2264 1928 2493 1992 votum,
2521 1928 2578 1978 et
2603 1922 2788 1978 Patris
2809 1937 2983 1994 aquo
3007 1919 3279 1977 destinati
3302 1918 3544 1974 fuerant
3564 1916 3860 1972 ﬁduciam

2182 2028 2369 2086 quam
2417 2013 2478 2067 in
2537 2028 2748 2068 eorum
2803 2003 3155 2067 celsitudine
3208 2006 3630 2075 collocaverat,
3683 2006 3860 2078 repli-

2183 2107 2404 2157 cantes.
2437 2097 2678 2157 Talibus
2706 2099 2903 2172 illecti,
2941 2098 2989 2154 si
3015 2096 3330 2172 permissio
3379 2095 3711 2152 voluntatis
3758 2095 3861 2150 Dei

2183 2205 2252 2246 ac
2284 2187 2561 2270 martyris
2610 2189 2780 2259 foret,
2811 2188 3009 2244 favere
3049 2203 3111 2243 se
3159 2203 3226 2242 ex
3270 2185 3476 2242 animo
3536 2183 3854 2249 indicant;

2183 2284 2238 2334 et
2263 2278 2518 2353 qualiter
2547 2279 2974 2350 congruentius
3019 2275 3310 2333 ordiretur
3358 2274 3690 2348 prudenter
3715 2273 3861 2328 insi—

2184 2374 2393 2426 nuanL
2925 2424 2934 2434 ,

2816 2455 3041 2511 CAPUT
3073 2453 3205 2508 Vlll.

2256 2543 2518 2620 Denique
2548 2547 2608 2604 iu
2651 2543 3081 2620 patriarcbium
3114 2547 3248 2599 ante
3277 2541 3576 2598 domuum
3609 2545 3859 2614 aposto-

2179 2635 2364 2692 licum
2415 2633 2655 2692 deducti
2705 2634 2969 2701 veniunt,
3027 2631 3330 2688 solotenus
3375 2646 3576 2702 genua
3622 2631 3859 2686 curvati

2180 2739 2374 2798 prona
2404 2724 2587 2780 sacris
2616 2721 2843 2779 haerent
2882 2720 3137 2790 vestigiis
3187 2719 3412 2777 oscula.
3457 2719 3602 2774 Inde
3656 2719 3857 2792 profe-

410 2825 594 2882 doino
647 2840 787 2880 cum
853 2821 974 2877 suis
1029 2797 1408 2890 reconsignat
1447 2797 1768 2891 epistolas.
1830 2811 1909 2870 Illi
1965 2829 2142 2904 perC
2178 2797 2392 2868 runtur
2443 2811 2798 2888 diplomata,
2829 2809 3048 2868 dantur
3092 2805 3572 2904 et‘transmissa.
3625 2797 3861 2864 Verbo-

409 2912 682 2970 divinam
749 2907 1176 2967 revelationem
1241 2903 1540 2962 salubrius
1597 2919 1745 2960 aura
1808 2901 2068 2976 spirante

409 3005 714 3074 gratanter
739 2995 898 3055 viam
939 2996 1286 3067 relegentes,
1316 2993 1581 3070 nihilque
1613 2993 1684 3048 de
1735 2987 2067 3066 expletione

408 3089 633 3162 negotii
655 3083 906 3146 ulturius
926 3085 1288 3158 haesitantes,
1323 3101 1564 3139 auream
1599 3081 1863 3140 certatim
1893 3097 2066 3154 expe-

410 3181 541 3236 tunt
567 3180 841 3234 Romam.
1815 3167 1823 3174 ’

1053 3263 1279 3318 CAPUT
1315 3260 1420 3316 Vll.

479 3357 650 3410 Anno
678 3347 972 3409 incarnati
994 3346 1163 3406 Verbi
1193 3352 1316 3415 826,
1350 3345 1579 3420 imperii
1615 3363 1752 3402 vero
1783 3339 2066 3400 Ludovici

407 3441 652 3500 Caesaris
697 3459 817 3510 xui,
849 3439 1156 3498 Rodoinus
1199 3455 1334 3494 cum
1368 3437 1589 3506 ingenti
1634 3433 1963 3508 frequentia
2012 3439 2067 3490 et

407 3531 652 3606 copioso
699 3532 997 3604 apparatu
1051 3529 1302 3584 Romam
1359 3525 1556 3595 intrat,
1607 3523 1901 3597 impositae
1953 3521 2065 3578 sibi

403 3619 716 3696 legationis
777 3616 1226 3675 sacramentum
1274 3612 1485 3671 artifici
1540 3611 1834 3669 industria
1879 3610 2064 3668 infor-

403 3713 637 3767 matum
690 3707 1018 3784 prudenter
1078 3703 1316 3772 exolvit,
1369 3702 1652 3778 martyris
1731 3699 2064 3760 Sebastiani

400 3815 764 3870 magnarum
792 3797 1077 3852 virtutum
1099 3799 1156 3850 et
1185 3793 1506 3850 sanitatum
1539 3789 1802 3848 viviticos
1833 3787 2060 3847 cineres

401 3887 684 3963 implorat
721 3889 778 3942 et
821 3882 1119 3958 impetrat.
1151 3882 1266 3940 Sed
1311 3886 1638 3955 antequam
1681 3880 2060 3952 majestatem

400 3970 791 4051 apostolicam
828 3972 1025 4042 adeat,
1059 3970 1361 4046 quosdam
1405 3967 1828 4044 episeoporum
1857 3971 1914 4025 et
1951 3969 2058 4025 ab-

400 4068 530 4122 tum
581 4079 690 4120 seu
726 4057 1069 4134 reipublicae
1114 4059 1428 4134 primores,
1460 4073 1615 4132 quos
1663 4055 1779 4112 illic
1810 4073 2054 4114 venera-

398 4151 534 4210 bilis
554 4155 733 4210 Pater
776 4147 1089 4210 Hilduinus
1135 4147 1460 4204 ﬁdissimos
1492 4162 1554 4202 se
1582 4145 1808 4202 habere
1859 4161 2059 4204 mons-

397 4245 672 4312 traverat,
703 4235 958 4314 exquirit
995 4243 1053 4295 et
1101 4237 1336 4312 reperit.
1383 4238 1562 4292 Erant
1604 4252 1725 4308 prae
1774 4235 2056 4292 omnibus

396 4325 470 4392 ex
510 4330 603 4390 his
630 4327 1030 4406 promptiores
1064 4327 1120 4385 et
1149 4324 1420 4399 dignitati
1464 4321 1808 4398 apostolicae
1847 4324 2054 4382 sedulo

393 4415 756 4480 assistentes.
785 4417 1066 4488 Quirinus
1101 4433 1280 4492 super
1295 4413 1920 4490 ista,Theophylactus
1944 4417 2055 4472 Nu-

391 4507 784 4574 menculator,
812 4511 868 4564 et
893 4505 1215 4577 lngoaldus
1265 4504 1457 4561 abbas
1512 4503 2048 4583 reverentissimus,

389 4603 494 4676 qui
547 4605 678 4656 tum
721 4592 962 4653 fortuitu
1013 4595 1238 4652 aberat.
1282 4591 1586 4668 Siquidem
1631 4610 1700 4649 ex
1753 4598 2051 4667 praecepto

385 4686 764 4766 imperatoris
793 4688 898 4743 iter
927 4681 1004 4742 ad
1039 4687 1486 4742 Beneventanos
1517 4683 1848 4756 arripuerat
1891 4683 2047 4755 epis-

386 4780 630 4854 copium
687 4773 1018 4833 Albocuriae
1067 4771 1490 4848 descripturus.
1525 4772 1640 4829 Sed
1687 4771 1918 4828 concito
1964 4771 2046 4828 in-

385 4873 630 4926 secutus
681 4865 1013 4934 veredario,
1048 4863 1243 4928 amica
1291 4861 1636 4932 evocatione
1686 4858 2048 4935 interceptus

379 4955 615 5012 reﬂexit
643 4953 720 5027 al
752 4953 988 5010 Urbem.
1026 4955 1272 5023 Legatos
1302 4951 1474 5008 hilari
1507 4953 1750 5024 aspectu
1795 4949 2044 5023 excepit,

374 5045 648 5101 humane
679 5045 834 5115 egit:
885 5047 941 5098 et
971 5042 1017 5097 si
1050 5040 1326 5097 secundis
1377 5035 1598 5096 valeret
1647 5039 2044 5106 suceessibus,

365 5132 500 5205 jam
536 5133 728 5188 dictus
756 5129 926 5188 Pater
957 5129 1265 5187 Hilduinns
1291 5135 1427 5186 ante
1457 5127 1662 5184 omnia
1689 5120 2039 5184 sciscitatur.

367 5225 660 5296 Prospera
698 5221 971 5295 denique
1012 5218 1352 5276 valetudine
1398 5219 1561 5275 hunc
1607 5215 1818 5274 haberi
1860 5219 2047 5291 perci-

361 5312 554 5386 piens,
606 5313 740 5366 Deo
789 5325 900 5382 pro
955 5309 1070 5363 hoc
1131 5307 1350 5378 gratias
1405 5306 1544 5380 egit,
1575 5311 1633 5362 et
1689 5311 1754 5361 ut
1807 5323 2048 5379 provec-

366 5385 619 5458 lioribus
651 5415 754 5472 per
800 5396 986 5452 multa
1021 5401 1292 5468 tempora
1339 5385 1716 5453 incrementis
1757 5394 1868 5451 sibi
1932 5397 2046 5472 boc

359 5493 448 5552 vel
465 5507 550 5566 qu
615 5489 812 5548 videre
825 5485 1129 5560 uequebat
1144 5485 1336 5544 audiri
1352 5487 1591 5544 daretur
1607 5487 1686 5543 im
1693 5491 2044 5560 precaturex

2175 2918 2310 2958 rum
2339 2901 2524 2976 copiis
2561 2900 2730 2976 pium
2762 2897 2943 2956 Patris
2986 2892 3329 2956 demulcent
3371 2897 3672 2959 animum,
3705 2913 3860 2970 qua-

2174 2992 2349 3045 tenus
2381 2989 2465 3045 sic
2498 2989 2624 3045 sibi
2654 2987 2802 3045 forte
2833 2984 3187 3044 inclinarent
3215 2983 3293 3042 ad
3335 2990 3561 3042 votum.
3598 2984 3859 3056 Augusti

2177 3079 2452 3149 pandunt
2477 3077 2910 3148 auctoritatem,
2939 3073 3233 3132 nominati
3275 3081 3332 3132 et
3379 3075 3710 3150 conscripti
3754 3075 3859 3132 Pa-

2175 3167 2280 3222 tris
2313 3165 2614 3242 explicant
2645 3167 3006 3224 ﬁdelitatem.
3041 3165 3098 3223 Si
3143 3163 3291 3240 quid
3341 3164 3542 3222 minus
3573 3165 3858 3222 litteralia

2175 3253 2486 3330 schemata
2540 3249 3004 3330 protendissent,
3053 3272 3166 3330 pro
3215 3259 3396 3330 captu
3447 3251 3676 3328 ingenii
3739 3252 3857 3311 ela-

2171 3344 2474 3402 borabant
2550 3347 2668 3402 Hac
2743 3341 3132 3400 collocatione
3202 3359 3382 3398 nemo
3467 3339 3853 3416 privatorum

2172 3432 2453 3490 intererat
2505 3437 2722 3508 printer
2787 3431 3099 3500 Quirinum
3175 3437 3228 3488 et
3297 3429 3847 3506 Theophylactum.

2175 3521 2439 3578 Graviter
2480 3521 2639 3578 enim
2690 3527 2832 3578 tunc
2877 3519 3318 3588 inﬁrmabatur,
3365 3519 3448 3576 ita
3499 3527 3568 3576 ut
3618 3521 3853 3576 semivi—

2172 3628 2286 3668 vus
2333 3617 2693 3686 appareret:
2744 3628 2854 3668 nec
2909 3610 3078 3668 aliter
3128 3625 3317 3684 quam
3383 3607 3538 3666 lecto
3601 3627 3851 3668 accum-

2171 3699 2324 3757 bens
2355 3718 2564 3758 eorum
2589 3699 2951 3772 legationem
2981 3699 3188 3758 audire
3215 3700 3467 3774 poterat.
3503 3699 3658 3757 Cum
3706 3717 3851 3771 ergo

2170 3785 2509 3861 legerentur
2553 3789 2836 3864 epistolae,
2887 3795 2944 3847 et
2990 3789 3086 3846 ille
3137 3787 3506 3846 vocabulum
3562 3791 3850 3863 martyris

2176 3879 2465 3937 audisset.

2246 3968 2564 4043 Obstupuit
2593 3967 2756 4026 vocis
2787 3967 3056 4026 confudit
3085 3973 3142 4026 et
3170 3984 3400 4039 organa
3431 3968 3637 4025 tristis.

2183 4131 2188 4138 ,
2241 4064 2422 4128 Mens,
2455 4059 2645 4118 sancti
2681 4077 2804 4118 non
2836 4061 2986 4118 ferre
3017 4061 3224 4118 valens
3269 4059 3630 4118 discrimina
3682 4060 3843 4117 tanti.

2243 4151 2475 4224 Quippe
2505 4166 2684 4224 quem
2708 4155 2847 4228 post
2873 4151 3202 4224 apostolos,
3223 4150 3402 4224 quasi
3433 4151 3704 4221 tertium,
3727 4169 3845 4206 ma-

2167 4238 2402 4310 gniﬁcis
2429 4241 2699 4294 Romana
2731 4237 2901 4312 plebs
2932 4237 3351 4312 frequentabat
3381 4237 3748 4294 muneribus
3779 4255 3843 4295 ac

2163 4325 2466 4384 laudibus.
2477 4327 2519 4393 Ο
2530 4323 2629 4382 uid
2643 4325 2882 4384 animus
2898 4325 3458 4401 volveretpallentis
3477 4326 3674 4383 facies
3699 4322 3845 4400 prae-

2161 4415 2464 4474 tendebat.
2493 4419 2572 4473 Eo
2595 4415 2699 4474 diu
2712 4417 2914 4474 silente
2937 4417 3250 4490 suspensis
3262 4415 3486 4474 animis
3505 4415 3775 4474 stabant:
3791 4419 3846 4472 et

2161 4523 2302 4563 cum
2329 4507 2571 4564 tandem
2588 4512 2904 4580 resumpto
2925 4508 3136 4581 spiritu
3159 4505 3627 4580 responsionem
3647 4507 3844 4562 dedis-

2161 4602 2267 4666 set,
2289 4596 2437 4652 inea
2473 4613 2643 4672 spem
2668 4611 2912 4652 omnem
2943 4595 3187 4667 ademit,
3229 4601 3286 4652 et
3316 4611 3505 4668 supra
3546 4613 3614 4655 se
3658 4613 3842 4667 nego-

2163 4685 2314 4742 tium
2329 4701 2458 4742 esse
2474 4686 2744 4742 asseruit.
2771 4687 2993 4742 Verum
3013 4685 3092 4744 illi
3113 4691 3341 4760 quanta
3364 4683 3686 4743 audebant
3707 4703 3842 4760 sup-

2159 4773 2830 4848 plicationeimpurtuue
2861 4775 3236 4841 insistebant,
3251 4787 3576 4846 genuaque
3600 4775 3737 4844 ejus
3771 4791 3839 4831 ae

2157 4861 2396 4936 plantas
2408 4862 2666 4935 profusis
2683 4861 2968 4936 lacrymis
2979 4863 3695 4920 exosculabantur.Unde
3708 4879 3840 4936 spa-

2157 4951 2306 5008 tium
2329 4967 2450 5025 quo
2472 4949 2601 5006 haec
2640 4945 3045 5020 meditaretur,
3075 4957 3131 5008 et
3151 4951 3468 5008 consilium
3511 4967 3660 5007 cum
3703 4966 3839 5024 pru-

2155 5041 2316 5096 denti
2332 5044 2601 5096 Homano
2615 5047 2826 5098 senatu
2837 5041 3193 5116 exquireret,
3207 5041 3332 5098 sine
3349 5041 3527 5111 cujus
3550 5041 3834 5097 consultu

2157 5127 2296 5186 talia
2315 5127 2510 5186 moliri
2533 5147 2654 5188 non
2681 5146 2809 5187 esse
2829 5131 3062 5187 bonum
3093 5129 3306 5198 aiebat,
3332 5127 3680 5204 prrestolari
3705 5131 3831 5201 jus-

2155 5221 2249 5278 sit.
2275 5224 2417 5277 Rem
2439 5219 2744 5278 sollicitius
2773 5219 3080 5278 Rodoiuus
3103 5221 3494 5279 considerans
3532 5237 3666 5296 prae
3707 5222 3830 5277 suis

2153 5325 2335 5382 quem
2359 5326 2504 5366 cura
2526 5307 2850 5383 instigabat
2871 5311 3152 5385 amplius.
3180 5326 3300 5366 non
3329 5309 3486 5366 illico
3518 5311 3790 5368 abcessit
3816 5327 3827 5369 :

2156 5399 2260 5454 sed
2296 5395 2517 5470 angulo
2545 5397 2807 5456 domatis
2837 5405 3199 5456 memoratos
3227 5401 3382 5456 viros
3415 5399 3741 5466 Quirinum
3772 5396 3850 5453 et'

2156 5481 2665 5561 Theophylactum
2691 5489 3042 5560 segregavit,
3062 5493 3120 5546 et
3143 5505 3244 5546 eos
3279 5488 3340 5546 in
3377 5490 3680 5546 sententia
3705 5503 3823 5545 ma~
