3940 6184
149 62 233 144 839

1054 89 1139 176 DE
1177 88 1569 145 TRANSLAT.
1612 88 1669 143 S.
1712 85 2123 143 SEBASTIANI
2165 92 2249 145 ET
2287 94 2343 147 S.
2384 95 2590 150 GREG.

3425 107 3531 161 590

148 226 261 270 nere
305 206 525 264 obnixe
569 210 926 282 precabatur
970 212 1217 268 dicens:
1270 213 1461 269 Nostri
1509 208 1774 268 misereri
1806 209 1854 264 Α
1884 226 2155 281 manum,
2189 231 2300 272 nec
2343 232 2455 274 nos
2503 234 2608 275 vos
2639 218 2941 277 crudelem
2994 235 3330 279 censemur.
3375 227 3551 284 Sum-

149 295 472 372 dignamini,
533 298 639 370 qui
674 315 843 371 spem
886 304 1074 356 totam
1132 306 1334 357 vestrae
1364 301 1775 358 commisimus

151 386 483 454 celsitudini;
512 390 573 461 et.
616 388 890 447 amicitiae
934 389 1088 446 illius
1130 391 1305 447 vestri
1355 389 1772 456 recordamini,

153 493 251 553 qua
270 479 318 531 et
347 474 405 530 in
425 476 709 548 praesenti
738 477 1102 549 optimarum
1130 479 1481 535 deliciarum
1510 483 1776 551 quaestus

152 561 387 638 adipisci,
417 565 475 619 et
500 563 702 632 gratiae
733 566 834 621 Dei
879 566 939 620 in
989 567 1332 623 cmlestibus
1382 583 1521 624 cum
1565 570 1774 623 sancto

152 653 357 711 valeatis
385 652 753 726 participari:
787 655 842 711 Si
872 656 1031 712 enim
1060 672 1271 713 verum
1310 662 1400 713 est
1442 658 1609 731 quod
1650 656 1777 712 vul—

149 746 226 801 tus
296 738 535 811 indicat,
624 746 886 800 mentem
959 749 1231 817 patenter
1295 746 1470 802 nobis
1548 761 1773 816 cogno-

149 846 286 889 scere
308 828 511 886 datum
545 831 800 904 estquia
843 832 1106 889 domnus
1151 848 1313 907 papa
1359 834 1775 908 aequanimiter

144 922 320 978 nostra
350 934 471 975 non
522 916 632 976 fert
685 921 1010 979 miscatica.
1060 925 1436 998 Quapropter
1476 923 1775 996 quidquid

144 1006 267 1066 illud
307 1010 412 1077 est,
470 1008 636 1081 quod
696 1013 853 1066 certe
915 1011 1268 1081 investigare
1320 1011 1590 1085 potestis,
1645 1028 1775 1086 pre-

141 1110 324 1155 camur
349 1100 415 1153 ut
442 1097 651 1153 vestris
696 1097 975 1155 ﬁdelibus
1022 1100 1252 1174 absque
1299 1102 1775 1159 dissimulatione

141 1185 465 1260 priusquam
517 1185 919 1243 abscedamus
966 1189 1355 1245 manifestetis
1401 1195 1456 1246 et
1504 1190 1775 1263 insuspe-

138 1278 244 1330 ctos
268 1271 546 1329 reddatis.
581 1275 648 1329 At
677 1273 759 1329 illi
787 1279 853 1331 ut
879 1276 1045 1347 prius
1074 1277 1258 1334 ﬁdem
1290 1278 1438 1334 dant
1466 1279 1526 1334 in
1553 1294 1689 1351 ope,
1723 1279 1775 1334 si

141 1368 313 1419 tamen
342 1362 442 1417 Dei
474 1361 753 1435 martyris
791 1378 921 1420 esse
965 1372 1168 1438 posset
1191 1368 1491 1437 voluntas,
1523 1368 1774 1441 patriar-

136 1450 251 1507 chio
277 1450 474 1507 educti
502 1451 761 1524 hospitio
786 1467 921 1508 sese
948 1453 1324 1523 recolligunt.

765 1560 989 1617 CAPUT
1026 1561 1125 1618 IX.

190 1647 293 1704 Sed
321 1646 471 1721 quia
500 1646 705 1720 biceps
730 1664 874 1705 cura
906 1666 1145 1706 sacrum
1188 1651 1570 1709 excruciabat
1598 1652 1775 1709 antis-

131 1737 292 1803 titem,
323 1736 517 1792 sancti
539 1736 788 1810 quidem
820 1738 1110 1802 absentia.
1145 1746 1201 1797 et
1248 1742 1775 1813 prtecellentissimi

128 1825 342 1882 abbatis
372 1825 656 1893 amicitia,
689 1827 784 1883 cui
838 1826 1167 1901 aliquando
1205 1846 1463 1904 quaeque
1511 1831 1602 1886 sui
1623 1831 1775 1903 juris

124 1921 306 1971 essent
334 1929 627 1971 concessa
657 1915 889 1973 fuerant
916 1932 928 1983 ;
957 1918 1179 1974 indicto
1211 1925 1509 1976 conventu
1540 1921 1774 1992 privato

125 2003 490 2059 sacerdotum
522 2009 577 2059 et
605 2020 815 2060 eorum
843 2005 949 2078 qui
976 2021 1011 2061 a
1041 2007 1279 2063 secretis
1310 2012 1498 2073 erant,
1530 2008 1774 2079 legatio-

121 2108 246 2148 nem
273 2091 573 2165 exposuit,
607 2093 778 2165 cujus
808 2093 1246 2152 absolutionem
1273 2101 1337 2153 ut
1363 2112 1511 2154 sano
1534 2102 1773 2171 pectore

121 2178 421 2237 delinirent
472 2181 773 2255 praecepit.
832 2183 993 2239 Tunc
1046 2182 1126 2238 illi
1180 2186 1401 2257 pariter
1453 2186 1672 2242 turbati
1718 2190 1776 2242 et

118 2268 256 2326 ultra
284 2287 479 2343 quam
510 2269 670 2327 credi
698 2274 895 2343 potest
936 2272 1156 2342 mirati,
1202 2273 1384 2329 talem
1429 2273 1774 2347 petitionem

118 2362 211 2414 aut
245 2358 524 2427 furentis,
582 2364 685 2416 aut
725 2358 911 2415 sancti
956 2359 1237 2417 meritum
1281 2362 1597 2418 nescientis
1646 2378 1774 2420 esse

116 2447 520 2512 reddiderunt.
552 2454 735 2521 utque
765 2463 859 2504 res
887 2449 946 2503 in
979 2462 1335 2523 prosperum
1366 2465 1487 2506 non
1520 2452 1773 2523 cederet,

116 2535 435 2594 feliciorem
508 2537 998 2610 imprecabantur
1060 2537 1384 2595 fortunam.
1449 2544 1560 2597 Nec
1614 2556 1777 2597 vere-

110 2624 316 2681 bantur
345 2629 603 2699 propter
630 2642 808 2700 papae
839 2622 1240 2700 praesentiam,
1275 2629 1321 2683 si
1347 2626 1459 2684 illis
1498 2634 1773 2686 sanctum

110 2731 312 2787 corpus
345 2714 621 2781 daretur,
654 2715 850 2773 dicere
876 2732 1016 2773 eum
1041 2716 1507 2790 praecedentium
1536 2722 1773 2776 Patrum

107 2805 327 2860 actibus
379 2804 493 2878 qui
539 2804 929 2862 sacramentis
976 2806 1393 2863 ecclesiasticis
1440 2810 1774 2865 Romanam

1883 317 2020 358 mus
2049 303 2191 361 olim
2221 306 2489 377 pontifex
2540 306 2805 366 domnus
2854 308 3154 367 Adrianus
3201 326 3324 383 quo
3362 315 3550 372 nesci-

1884 406 2020 445 mus
2049 392 2276 450 intentu
2301 396 2482 467 hujus
2513 398 2798 471 martyris
2848 413 3174 470 aggressus
3223 401 3545 474 tumulum,

1884 485 1988 537 aut
2008 480 2176 540 illum
2208 484 2362 542 intra
2400 485 2566 542 urbis
2611 488 2840 545 mmnia
2888 488 3230 561 transferre,
3273 492 3395 548 aut"
3418 493 3549 568 qui-

1883 569 2118 645 busque
2147 589 2221 629 ex
2247 575 2378 645 ejus
2406 591 2658 649 corpore
2684 576 2970 650 reliquias
3002 580 3419 651 expetentibus
3442 600 3545 641 vo-

1882 658 2010 715 lens
2037 662 2314 730 tribuere,
2346 664 2405 720 in
2455 665 2652 737 primo
2683 666 3003 724 conamine
3034 668 3276 725 terribili
3300 671 3545 730 horrore

1882 756 2190 823 correptus
2242 758 2422 825 atque
2472 754 2772 827 repulsus,
2820 756 3239 827 imperfectum
3284 760 3547 834 reliquit,

1882 839 2141 914 denique
2160 843 2327 915 quod
2352 860 2537 900 sanus
2567 845 2778 913 evasit,
2806 845 3135 905 clementiae
3163 848 3276 907 sibi
3303 864 3552 921 parcen-

1884 929 1956 984 tis
2013 931 2201 987 sancti
2251 932 2596 1003 resignavit.
2643 935 2996 993 Praesidente
3048 951 3295 1009 quoque
3354 937 3548 995 beata;

1883 1020 2188 1075 memoriae
2220 1037 2381 1095 papa
2414 1024 2603 1079 Leone
2633 1023 2748 1080 hoc
2790 1024 2992 1098 ipsum
3032 1040 3107 1081 ex
3154 1026 3286 1095 ejus
3328 1042 3549 1099 praece-

1883 1108 2084 1179 ptione
2114 1115 2467 1167 attentatum
2495 1112 2673 1169 fuisse
2703 1113 3069 1185 audivimus,
3121 1114 3221 1171 ubi
3271 1130 3410 1172 cum
3460 1132 3550 1175 re-

1883 1198 2128 1269 pentina
2153 1201 2564 1257 coruscatione
2612 1205 2937 1276 tempestas
2979 1208 3207 1267 exorta,
3255 1204 3548 1277 templum

1883 1302 2062 1342 omne
2079 1287 2442 1345 fundotenus
2473 1290 2798 1361 submovit,
2825 1293 2909 1349 ita
2938 1296 3003 1349 ut
3031 1293 3414 1364 superﬁciem
3446 1310 3547 1351 su-

1883 1390 1991 1447 per
2019 1392 2081 1432 se
2112 1378 2326 1435 cadere
2370 1378 2564 1435 clerus
2610 1396 2837 1453 pavens
2883 1381 3284 1441 melodiarum
3328 1383 3549 1441 oblitus

1883 1466 2263 1538 acclamaret,
2294 1469 2454 1524 unde
2481 1485 2661 1527 nemo
2686 1487 2751 1526 se
2776 1472 2979 1528 vivum
3006 1472 3333 1530 abscedere
3362 1489 3548 1546 posse

1801 1561 1847 1614 Β
1884 1555 2133 1628 putavit.
2168 1560 2449 1613 Narratur
2469 1564 2525 1614 et
2547 1559 2662 1615 sub
2683 1559 2910 1615 domno
2931 1560 3200 1617 Paschali
3228 1561 3391 1618 idem
3416 1562 3548 1633 jam

1884 1643 2117 1716 pridem
2146 1644 2463 1717 initiatum,
2495 1646 2605 1703 sed
2625 1646 2803 1704 simili
2850 1647 3296 1720 perturbatione
3325 1648 3546 1704 direm-

1882 1738 2076 1807 ptum.
2111 1736 2352 1790 Constat
2380 1751 2522 1805 ergo
2554 1735 2724 1807 toties
2754 1736 3164 1793 demonstrato
3214 1752 3548 1794 sacramen-

1884 1826 1963 1887 to,
1996 1822 2335 1879 nullatenus
2365 1823 2531 1880 illum
2558 1825 2697 1881 hinc
2726 1825 2984 1896 migrare
3016 1824 3290 1882 voluisse.
3321 1825 3467 1883 Hinc
3491 1831 3549 1884 et

1882 1928 1996 1968 nos
2025 1912 2310 1969 ﬁduciam
2350 1919 2665 1987 captamus
2708 1913 3008 1973 tribuendi
3053 1930 3163 1970 nec
3213 1914 3543 1973 amittendi.

1883 2001 2054 2067 Quod
2084 2002 2132 2057 si
2164 2001 2245 2057 ita
2270 2008 2577 2069 annuente
2610 2005 2727 2059 Deo
2757 2004 3033 2072 evenerit,
3058 2019 3095 2059 a
3119 2010 3331 2060 neutro
3352 2009 3549 2061 vestra

1882 2089 2171 2146 celsitudo
2194 2090 2493 2161 jacturam
2521 2090 2779 2148 videbit:
2830 2090 2944 2148 illis
2974 2091 3153 2164 plena
3198 2091 3545 2161 satisfactio,

1884 2179 2062 2235 nobis
2092 2178 2296 2235 ablata
2319 2180 2635 2251 querelosa
2664 2180 2992 2250 derogatio.
3046 2179 3115 2236 Hi
3161 2197 3349 2254 quam
3405 2196 3548 2250 erga

1883 2273 2149 2323 vestram
2179 2267 2594 2325 celsitudinem
2626 2286 2687 2325 se
2718 2268 2941 2325 habere
2961 2268 3188 2339 dicunt,
3222 2268 3549 2326 servabunt

1883 2356 2286 2425 devotionem,
2319 2374 2431 2413 nos
2462 2362 2653 2430 pactae
2684 2357 2825 2414 fidei
2856 2363 3141 2415 tenorem.
3173 2361 3272 2415 Est
3301 2363 3358 2416 et
3383 2358 3547 2415 aliud

1885 2446 2051 2519 quod
2080 2446 2360 2502 novimus
2399 2447 2819 2516 certissimum,
2868 2447 3103 2504 nullum
3150 2446 3398 2504 inveniri
3442 2452 3549 2504 Ro-

1885 2552 2160 2603 manum,
2210 2536 2313 2610 qui
2346 2535 2405 2592 in
2434 2537 2566 2607 ejus
2619 2536 2938 2605 tumulum,
2985 2536 3374 2610 quantumvis
3415 2554 3548 2595 coa-

1885 2629 2039 2695 ctus,
2079 2625 2300 2682 audeat
2340 2626 2567 2682 mittere
2609 2643 2883 2683 manum.
2938 2629 3263 2700 Utrumque
3311 2627 3436 2693 erit,
3491 2632 3549 2683 et

1884 2713 2011 2769 dari
2051 2714 2265 2787 poterit
2294 2719 2350 2771 et
2394 2713 2625 2772 haberi.
2683 2718 2816 2772 Haec
2863 2715 3126 2772 domnus
3180 2714 3545 2788 apostolicus

1883 2802 2138 2860 audiens
2172 2803 2491 2876 tranquillo
2522 2808 2758 2877 pectore
2783 2803 2949 2877 favit,
2981 2808 3038 2861 et
3063 2803 3337 2860 accersiri
3365 2807 3544 2860 Joan-

106 2896 388 2947 auxerant
458 2891 834 2963 dignitatem,
892 2890 1132 2965 longius
1187 2892 1405 2957 distare
1454 2894 1768 2967 imparem.
1802 2907 1842 2960 η
1883 2908 2023 2948 nem
2050 2892 2453 2949 venerabilem
2492 2892 2845 2967 episcopum
2883 2892 3079 2964 jussit.
3132 2892 3241 2958 Qui
3281 2896 3346 2948 ut
3374 2893 3548 2949 adve-

108 2979 243 3044 Quid
269 2979 596 3054 amplius?
624 2992 734 3035 nec
765 2981 879 3036 hoc
909 2980 1037 3036 ﬁeri
1067 2979 1308 3052 debere,
1357 2994 1569 3054 nequae
1611 2984 1772 3054 juste

104 3068 215 3123 ﬁeri
269 3084 466 3142 posse
522 3068 985 3141 praestabantur.
1051 3071 1302 3127 Econtra
1353 3070 1608 3128 illustres
1662 3071 1774 3128 viri

106 3156 375 3221 Quirinus
409 3162 470 3214 et
497 3157 978 3231 Theophylactus
1009 3159 1134 3216 ﬁeri
1159 3158 1380 3216 debere
1410 3165 1465 3216 et
1485 3177 1663 3233 posse
1689 3161 1775 3217 di-

102 3245 322 3303 cebant.
361 3249 432 3302 Et
467 3262 611 3302 cum
642 3245 724 3302 illi
761 3251 1005 3320 propter
1034 3247 1414 3304 indiscretam
1460 3253 1516 3305 et
1564 3249 1772 3305 taedio-

100 3349 217 3391 sam
246 3335 490 3392 sonitus
521 3333 960 3404 confusionem,
990 3351 1125 3408 quae
1167 3351 1405 3392 sacrum
1458 3336 1774 3394 videbatur

97 3421 333 3492 fatigare
363 3423 728 3490 antistitem,
767 3422 1131 3494 secederent,
1164 3429 1219 3481 et
1248 3425 1350 3498 qui
1384 3441 1419 3482 a
1449 3426 1772 3483 secretiori-

98 3509 201 3566 bus
226 3519 401 3570 erant
425 3516 855 3582 remanerent;
890 3529 1220 3583 congruam
1245 3532 1381 3571 cum
1410 3516 1521 3571 illis
1553 3532 1774 3572 sermo-

94 3600 456 3661 cinationem
507 3601 592 3660 de
627 3604 840 3659 eadem
869 3619 932 3660 re
954 3604 1132 3677 cmpit
1151 3620 1365 3675 serere,
1406 3610 1463 3661 et
1512 3596 1802 3661 melioris

96 3694 393 3750 sententiae
436 3692 717 3752 consiliis
769 3695 909 3761 Deo,
954 3698 1019 3750 ut
1067 3693 1392 3764 credimus,
1444 3693 1771 3768 inspirante

89 3783 616 3856 superintendere,
650 3789 707 3841 et
735 3784 1100 3840 voluntatem
1137 3800 1311 3840 suam
1338 3783 1771 3858 promptiorem

88 3873 390 3931 manifeste
424 3874 882 3931 demonstrare.
912 3872 996 3929 llli
1028 3877 1230 3930 autem
1262 3873 1362 3946 qui
1395 3873 1475 3930 ob
1529 3872 1776 3943 garruli-

83 3961 205 4018 tatis
227 3982 353 4022 suaa
384 3979 709 4023 nauseam
735 3963 893 4020 foras
924 3968 1313 4034 secesserant,
1328 3963 1535 4019 invida
1556 3962 1770 4019 sollici-

81 4052 272 4110 tudine
300 4054 649 4128 explorare
676 4069 799 4110 non
827 4051 1409 4120 verecundabantur,
1436 4052 1584 4126 quid
1600 4052 1772 4110 dom-

78 4158 182 4199 nus
209 4143 614 4219 apostolicus
638 4160 777 4200 cum
815 4141 1057 4209 Quirino
1102 4147 1159 4199 et
1202 4141 1646 4215 Theophylacto
1690 4143 1765 4199 de

1884 2980 1989 3050 nit,
2021 2981 2303 3043 secretius
2329 2998 2470 3038 cum
2494 2998 2564 3037 eo
2612 2982 2698 3038 rei
2745 2981 3271 3055 competentiorem
3319 2981 3543 3037 exitum

1883 3069 2181 3143 quaesivit,
2208 3075 2264 3127 et
2291 3070 2455 3144 quod
2480 3070 2579 3127 Dei
2592 3070 2875 3127 instinctu
2897 3069 3163 3128 futurum
3186 3069 3391 3126 sanius
3417 3073 3544 3126 erat

1880 3156 2071 3216 libera
2097 3159 2445 3216 auctoritate
2475 3159 2690 3217 sanxit.
2727 3156 2841 3216 Sed
2872 3157 3021 3216 illud
3049 3174 3173 3216 non
3201 3162 3339 3215 tunc
3360 3157 3541 3233 pluri-

1883 3245 1998 3302 bus
2026 3246 2234 3320 patuit.

2542 3337 2765 3393 CAPUT
2803 3333 2880 3389 X.

1956 3426 2105 3478 Dum
2168 3423 2295 3478 haec
2347 3423 2747 3490 volverentur,
2800 3421 2890 3477 vir
2915 3421 3159 3478 illustris
3192 3422 3540 3491 lngobertus

1883 3512 2033 3584 (460)
2060 3527 2262 3567 comes
2286 3510 2646 3582 supervenit,
2680 3525 2864 3582 quem
2913 3508 3027 3564 sibi
3066 3509 3369 3565 sinistrum
3416 3510 3540 3565 fore

1884 3599 2070 3656 nostri
2098 3598 2519 3667 autumabant,
2552 3596 2719 3670 quod
2754 3596 2943 3652 inscio
2993 3612 3064 3651 eo
3103 3612 3350 3652 causam
3381 3602 3539 3652 cote-

1883 3704 1999 3744 nus
2027 3688 2459 3762 produxerunt.
2485 3685 2717 3744 Etenim
2746 3689 2872 3742 erat
2894 3689 3229 3759 praepotens
3259 3685 3387 3740 etin
3416 3701 3540 3740 om-

1881 3778 2061 3835 nibus
2087 3776 2251 3850 apud
2279 3792 2588 3833 summum
2619 3773 2948 3832 Antistitem
2982 3773 3208 3845 valens,
3240 3772 3410 3847 isque
3440 3791 3537 3830 ve-

1882 3866 2133 3923 nerabili
2185 3864 2459 3922 Hilduino
2513 3863 2717 3921 abbati
2796 3861 3196 3920 amicissimus
3243 3861 3533 3919 existens.

1882 3958 2123 4029 Propter
2144 3954 2310 4028 quod
2338 3970 2479 4010 eum
2507 3952 2807 4024 indignari
2855 3950 3337 4024 suspicabantur,
3392 3955 3538 4025 quia

1879 4045 1955 4101 de
1983 4044 2366 4101 hisnotitiam
2389 4043 2579 4100 facere
2610 4042 2661 4099 ei
2705 4040 3123 4113 neglexissent.
3178 4039 3341 4097 Unde
3396 4056 3535 4097 con-

1880 4134 1994 4191 cito
2023 4149 2232 4205 gressu
2252 4132 2328 4189 ad
2360 4148 2498 4188 eum
2524 4135 2835 4201 venerunt,
2862 4135 2918 4187 et
2938 4146 3012 4186 ex
3043 4129 3285 4186 nomine
3313 4146 3383 4186 ac
3408 4131 3534 4203 jus-

80 4229 186 4287 hoc
209 4216 348 4307 ipso
379 4236 771 4299 retractaret,
799 4236 856 4289 et
884 4231 1028 4306 quia
1058 4247 1161 4288 eos
1186 4231 1248 4287 in
1269 4230 1524 4302 gratiam
1547 4232 1637 4288 sui
1658 4231 1765 4289 do-
1791 4255 1841 4310 υ
1880 4223 2044 4280 sione
2073 4221 2229 4279 illius
2249 4216 2377 4278 haec
2404 4221 2457 4277 ei
2481 4219 2921 4310 intimaverunt,
2946 4219 3290 4276 adserentes
3324 4236 3392 4310 se
3421 4236 3531 4310 pro

82 4320 217 4378 mini
246 4339 310 4379 se
344 4320 726 4397 supergredi
756 4320 1086 4393 saepissima
1134 4319 1499 4393 experientia
1544 4320 1764 4377 didice-

83 4414 224 4478 rant,
272 4411 591 4484 quoniam
636 4408 884 4481 quidem
932 4413 1101 4465 erant
1148 4408 1352 4466 arbitri
1392 4407 1763 4466 diﬁinitionis

82 4497 389 4568 universae,
424 4516 510 4556 ne
566 4496 655 4554 ob
709 4496 823 4553 hoc
875 4495 999 4553 sine
1061 4513 1172 4553 suo
1221 4495 1471 4553 concilio
1523 4496 1761 4555 illorum

79 4587 351 4644 consultu
382 4604 488 4644 res
520 4587 590 4643 in
623 4600 982 4660 prosperum
1012 4585 1264 4652 cederet,
1309 4585 1543 4658 ipsique
1586 4583 1760 4657 quasi

77 4673 477 4753 despicabiles
509 4676 908 4745 haberentur,
949 4691 1073 4732 non
1098 4676 1289 4732 vocati
1329 4676 1558 4731 curiam
1594 4690 1763 4747 repe-

80 4770 210 4823 tunt.
267 4773 349 4826 De
409 4767 516 4825 his
569 4764 803 4840 quibus
850 4764 1193 4836 interrogati
1244 4763 1482 4821 fuerant
1528 4763 1757 4820 aditum

74 4863 476 4927 reposcentes,
515 4872 659 4913 rem
700 4858 930 4925 gratam
959 4852 1364 4927 pronuntiant.
1416 4851 1759 4907 Reminisci—

75 4956 215 5009 mur,
246 4945 577 5018 inquiunt,
603 4942 832 5016 optime
862 4946 1067 5015 pastor
1093 4944 1150 4996 et
1177 4938 1420 4995 domine
1450 4939 1757 4996 venerabi-

70 5026 150 5099 lis,
181 5032 284 5091 ﬁlii
313 5035 513 5092 vestri
544 5031 813 5090 Hilduini
838 5045 981 5099 erga
1031 5030 1373 5101 majetatem
1416 5029 1574 5085 sedis
1613 5046 1756 5102 apo-

69 5120 269 5177 stolicae
326 5123 732 5180 uberrimam
787 5118 1200 5183 affectionem;
1234 5116 1339 5172 sed
1388 5132 1496 5173 nec
1539 5133 1752 5174 sumus

68 5204 245 5278 ignari
276 5208 768 5287 supplicationis
800 5212 1077 5279 Augustae
1122 5207 1182 5263 in
1228 5208 1344 5263 hoc
1392 5208 1527 5281 ipso
1573 5207 1752 5264 nobis

65 5301 443 5359 manifestato
476 5296 758 5370 negotio.
790 5299 1115 5371 Utrumque
1144 5296 1306 5353 enim
1343 5312 1450 5369 per
1480 5296 1749 5353 divinam

65 5384 511 5458 providentiam
588 5387 929 5461 prudentia:
996 5391 1202 5442 vestrae
1258 5384 1748 5459 incomparabilis

66 5474 363 5538 beatitudo
415 5482 509 5537 ita
556 5477 869 5548 disponet.
902 5478 965 5532 ut
1002 5493 1111 5531 nec
1154 5474 1247 5531 ille
1298 5480 1528 5531 vosmet
1569 5476 1744 5530 inhu-

1878 4330 2001 4386 quo
2031 4312 2198 4368 missi
2226 4316 2413 4380 erant,
2436 4310 2515 4367 illi
2548 4309 2925 4382 singulariter
2954 4325 3082 4365 esse
3114 4306 3527 4365 commissum:

1877 4403 1974 4459 Ille
2003 4418 2248 4476 quoque
2278 4401 2536 4474 antiquae
2560 4416 2683 4457 non
2704 4399 3025 4456 immemor
3039 4397 3333 4463 amicitiae,
3362 4398 3530 4454 omni

1872 4492 2113 4565 ingenio
2150 4508 2221 4548 ac
2260 4490 2457 4547 studio
2504 4488 2844 4560 sagacitatis
2902 4486 2962 4543 in
3018 4487 3132 4542 hoc
3177 4503 3238 4541 se
3296 4489 3523 4541 tantum

1869 4582 2121 4639 hilarem
2150 4580 2434 4643 exhibuit,
2468 4583 2768 4653 quantum
2790 4579 2944 4632 Deus
2966 4574 3121 4631 vires
3140 4573 3447 4639 concessit,
3471 4579 3528 4631 et

1868 4671 1931 4727 in
1986 4670 2291 4743 agendum
2340 4685 2475 4741 quae
2520 4668 2681 4723 fuere
2731 4663 3069 4721 necessaria
3144 4662 3522 4749 ex‘propriis

1868 4760 2207 4834 sumptibus
2236 4757 2611 4814 ministravit.
2642 4760 2889 4827 Insuper
2919 4770 3057 4809 cum
3085 4751 3313 4807 domno
3354 4750 3519 4805 locu-

1868 4856 1961 4907 tus
1990 4855 2079 4908 est
2100 4846 2453 4921 apostolico,
2475 4851 2775 4919 quatenus
2797 4860 3006 4901 eorum
3026 4840 3228 4915 petitio
3255 4840 3331 4896 ad
3354 4841 3521 4895 etl'ec-

1867 4944 1993 4995 tum
2024 4938 2253 5010 absque
2270 4935 2491 4991 aemula
2512 4932 2898 5006 impeditione
2925 4930 3364 5005 perduceretur,
3401 4930 3516 4984 Hoc

1861 5029 1944 5086 ita
1973 5026 2304 5099 composito
2329 5040 2569 5079 rursum
2599 5025 2931 5091 revocatur,
2962 5024 3140 5091 atque
3180 5023 3315 5074 ante
3341 5017 3512 5074 dom-

1862 5134 2012 5175 num
2034 5114 2430 5189 apostolicum
2457 5110 2844 5166 reducuntur.
2880 5112 2945 5164 Et
2972 5124 3110 5163 cum
3168 5124 3203 5163 a
3260 5107 3513 5163 circum-

1862 5206 2156 5263 stantibus
2187 5219 2298 5276 pro
2317 5199 2619 5274 petitionis
2639 5214 2847 5254 eorum
2870 5196 3116 5254 obtentu
3169 5196 3513 5270 deprecare-

1860 5300 1974 5363 tur,
2020 5294 2224 5365 illique
2270 5289 2481 5363 procul
2527 5287 2787 5344 vultibus
2839 5287 2900 5343 in
2958 5290 3174 5341 terram
3232 5285 3511 5341 demissis

1859 5380 2343 5458 procumberent.
2403 5377 2643 5432 tandem
2699 5374 3107 5433 misericordia
3180 5374 3392 5439 ﬂexus,
3446 5374 3510 5428 1i-

1858 5479 1950 5530 cet
1988 5487 2214 5544 pavens
2261 5486 2332 5525 ac
2364 5466 2647 5540 trupidus,
2680 5467 2867 5522 sancti
2896 5466 3106 5523 annuit
3134 5464 3345 5520 donari
3379 5479 3506 5518 cor-

132 5625 276 5698 (460)
301 5621 641 5697 lngoborti
672 5619 855 5691 hujus
883 5618 1130 5676 celebris
1159 5621 1381 5677 mentio
1411 5620 1474 5699 in
1506 5620 1689 5677 Gestis
1723 5618 1914 5677 Caroli
1942 5623 2000 5673 et
2027 5615 2326 5672 Ludovici.
