4034 6190
175 271 289 327 593

690 240 721 262 ⁵
1154 258 1248 314 DE
1282 250 1669 312 TRANSLAT.
1712 246 1768 303 S.
1813 246 2231 305 SEBASTIA‘NI
2271 252 2358 308 ET
2400 254 2458 310 S.
2501 255 2709 313 GREG.

3538 260 3653 321 594,

178 389 415 464 gratiae,
446 400 579 458 quae
599 396 839 454 semper
857 381 919 437 in
940 375 1300 450 beatissimo
1329 375 1862 464 ﬂagraverat,gra-
1889 375 1935 427 A
1962 371 2206 464 plurimi
2266 376 2677 435 Romanorum
2727 377 2956 435 malitia
2978 383 3058 453 get
3107 376 3336 434 invidia
3365 376 3645 433 concitati

177 461 489 539 tissimam
516 470 921 529 diffusionem.
960 469 1091 524 Hoc
1122 483 1273 538 ergo
1300 467 1377 524 de
1408 467 1616 522 sancto
1643 461 1866 518 diutius

176 566 328 622 loco
347 560 614 634 spirante
626 570 852 627 vapore
876 559 995 612 tota
1014 549 1458 609 oblectabiliter
1472 547 1570 609 illa
1592 560 1867 621 respersa

181 656 275 710 est
302 650 559 709 domus,
589 660 726 718 quae
755 643 821 700 in
848 640 1091 700 introitu
1123 641 1221 697 sui
1264 640 1583 712 cujusdam
1611 635 1869 693 cadaver

181 754 391 816 prope
412 736 802 794 inhumatum
852 738 984 789 ante
1040 726 1261 787 decem
1306 729 1434 785 dies
1461 724 1760 816 servabat,
1793 739 1868 779 ex

181 811 367 901 cujus
390 822 755 882 scaturiente
775 821 943 878 sanie
964 819 1118 875 fetor
1146 815 1529 874 exsecrabilis
1551 813 1627 871 eh
1635 811 1864 901 ulliens,

180 917 568 975 inuocantes
644 908 966 967 inﬁciebat.
1013 905 1133 962 Sed
1180 905 1282 963 illo
1333 900 1867 977 superabundante

179 1005 415 1063 noxius
447 1002 512 1057 in
541 997 795 1056 nihilum
826 998 1139 1061 vacuatus,
1163 994 1358 1051 donec
1384 991 1592 1049 omnia
1620 990 1696 1046 de
1726 1003 1865 1071 san:

181 1100 279 1152 ato
302 1090 540 1149 festiva
585 1086 924 1145 celebritate
977 1084 1564 1152 consummarentur,
1590 1076 1866 1135 subsidit.

180 1180 583 1256 Apparuerat
605 1174 970 1249 jampridem
1015 1170 1401 1229 beatissimus
1429 1173 1658 1241 martyr
1685 1166 1747 1224 in
1774 1181 1867 1256 re-

180 1253 513 1328 veiationis
559 1279 784 1321 arcano
834 1261 1075 1319 cuidam
1104 1257 1648 1332 archipresbytero,
1680 1253 1870 1311 mani-

185 1360 529 1416 festans'se
551 1353 634 1410 ab
660 1352 763 1409 illo
793 1350 939 1409 velle
969 1347 1229 1418 migrare
1255 1345 1497 1420 templo,
1532 1348 1597 1401 ut
1620 1359 1777 1408 reor,
1807 1341 1872 1398 il-

180 1448 309 1505 lius
336 1440 751 1515 corruptibilis
787 1455 850 1495 se
902 1436 1210 1496 cadaveris
1256 1440 1532 1508 putorem
1566 1432 1714 1489 ferre
1745 1448 1869 1501 non

189 1535 431 1594 valens.
466 1531 794 1591 Videbatur
821 1528 978 1584 enim
1018 1526 1071 1582 ei
1101 1525 1181 1582 ab
1211 1523 1427 1582 absida
1450 1522 1620 1579 vultu
1658 1536 1870 1577 averso

187 1620 553 1699 procedere,
581 1624 640 1675 et
667 1617 826 1674 foras
857 1615 1049 1672 veluti.
1072 1614 1395 1683 indignans
1420 1612 1621 1668 abire:
1646 1609 1872 1681 illoque

1973 459 2278 517 domuum
2344 465 2746 537 apostolicum
2800 465 3190 539 impetebant,
3247 464 3646 521 crudeliorem

1974 565 2119 607 cum
2142 551 2434 609 omnibus
2476 554 3022 627 prtedecessoribus
3045 555 3369 612 inclamare
3398 568 3524 611 non
3548 567 3651 608 ves

1973 638 2089 706 riti,
2121 639 2226 711 qui
2255 641 2435 700 talem
2478 660 2549 699 ac
2598 647 2833 701 tantum
2861 648 3182 716 patronum
3216 643 3339 700 suis
3367 659 3398 700 e
3423 632 3648 699 ﬁnibus

1975 726 2191 801 expelli
2220 732 2604 802 permitteret,
2623 733 2791 805 quod
2817 749 3133 806 nunquam
3158 733 3311 789 alius
3326 730 3642 789 concessit.

1976 816 2149 873 Unde
2189 819 2547 890 suadebant,
2581 826 2643 877 ut
2681 821 2882 878 solum
2931 821 3247 879 brachium
3289 820 3374 877 eis
3403 820 3647 877 daretur

1975 910 2036 963 et
2060 905 2367 980 reliquum
2393 908 2670 966 decenter
2698 909 2848 966 inihi
2885 909 3021 966 loco
3049 908 3470 965 reconderetur
3499 923 3643 963 con-

1974 995 2182 1066 digno.
2217 1000 2352 1054 Haec
2383 997 2548 1054 fraus
2579 998 2937 1069 lngoaldum
2982 996 3512 1054 archimandritem
3562 996 3646 1051 la-

1976 1092 2097 1144 tere
2123 1100 2248 1142 non
2276 1087 2504 1160 potuit:
2542 1087 2647 1159 qui
2674 1087 2876 1145 statim
2927 1087 3147 1143 nostris
3177 1086 3444 1157 idipsum
3491 1084 3649 1141 dete-

1974 1174 2088 1240 xit;
2138 1176 2499 1248 cautiusque
2561 1175 2742 1232 simul
2796 1192 2927 1232 rem
2975 1178 3342 1242 exercentes,
3397 1171 3647 1229 consilio

1974 1262 2183 1320 habito
2215 1263 2313 1319 die
2342 1263 2444 1320 illa
2482 1263 2785 1319 siluerent.

2618 1369 2854 1427 CAPUT
2893 1372 3006 1427 XV.

2050 1480 2339 1534 Praeterea
2371 1476 2699 1540 Rodoinus,
2731 1492 2919 1549 quem
2948 1477 3042 1533 vis
3085 1476 3311 1532 amoris
3342 1477 3400 1529 et
3421 1472 3651 1529 deside-

1975 1569 2129 1625 rium
2178 1567 2498 1639 impatiens
2548 1584 2656 1640 pro
2708 1566 3118 1641 adipiscendis
3173 1568 3519 1620 sanctorum
3564 1563 3649 1637 pi-

1980 1655 2269 1727 gnoribus
2300 1652 2513 1710 affectu
2554 1654 2668 1727 piae
2701 1653 3042 1712 devotionis
3074 1654 3389 1719 animarat,
3423 1651 3650 1709 obaera-

186 1714 457 1772 abeunte
481 1707 739 1777 vestigia
752 1707 882 1776 ejus
902 1704 1188 1777 puerulus
1219 1700 1713 1775 prosequebatur,
1732 1714 1868 1753 sco-
1898 1727 1943 1780 Β
1980 1700 2269 1803 ῗζ⁵⁵ῗ’””“.“
2300 1700 2537 1755 “MT”.
2558 1700 2667 1772 f'”
2702 1700 3042 1712 ““"'"”‘“"
3074 1700 3650 1753 ““""“'“"..'"""'.

410 1814 415 1815 ί
735 1808 935 1815 MM“
994 1791 1317 1815 “unum
1369 1794 1506 1815 MA,
1547 1778 1704 1815 nam;
1744 1802 1851 1815 mm
2006 1764 2053 1803 IS
2083 1744 2307 1801 affatim
2342 1743 2595 1806 reditum,
2630 1758 2901 1815 quorum
2934 1749 3075 1799 tunc
3104 1744 3229 1797 erat
3257 1738 3433 1795 offieu
3464 1744 3654 1796 sancti

184 1816 334 1876 pum
384 1796 685 1854 manibus
724 1808 957 1863 gerens.
991 1791 1321 1863 sordesque
1369 1794 1509 1862 post
1547 1793 1712 1859 terga
1744 1802 1872 1842 ver-

186 1906 348 1955 rens,
376 1900 716 1961 quousque
744 1883 880 1939 inde
925 1881 1262 1937 discessum
1307 1884 1413 1935 est.
1445 1876 1873 1934 Estimabatur

188 1983 393 2036 autem
447 1974 597 2047 ipsa
636 1971 880 2028 basilica
906 1969 1239 2043 quantitate
1269 1967 1360 2023 sui
1385 1965 1645 2023 basilicae
1677 1966 1869 2022 sancti

190 2063 465 2138 Dionysii
500 2060 790 2134 mqualis:
838 2059 895 2114 in
928 2074 1053 2131 qua
1080 2057 1228 2113 olim
1257 2055 1582 2113 beatissimi
1610 2054 1871 2127 apostoli

188 2160 395 2212 Petrus
421 2157 486 2208 et
520 2148 743 2205 Paulus
773 2146 1040 2205 tumulati
1069 2147 1325 2211 fuerant,
1352 2144 1457 2200 ubi
1479 2149 1536 2200 et
1558 2158 1743 2216 penes
1773 2158 1872 2199 eo-

191 2260 328 2300 rum
355 2238 631 2308 vestigia
665 2236 821 2293 idem
870 2241 1097 2309 martyr
1125 2233 1509 2292 venerandus
1539 2248 1603 2287 se
1634 2232 1870 2305 sepeliri

186 2334 478 2405 jusserat.
517 2326 684 2384 Unde
713 2330 946 2381 constat
990 2322 1359 2394 dignissimis
1406 2320 1631 2377 meritis
1680 2319 1871 2376 sancti

191 2436 328 2477 eam
358 2418 556 2474 fuisse
595 2413 903 2482 indignam
954 2418 1013 2468 et
1038 2410 1393 2484 requietioni
1440 2408 1629 2480 ipsius
1657 2408 1867 2464 incon-

193 2523 437 2579 gruam.
477 2504 664 2574 lgitur
714 2502 965 2558 ministri
994 2506 1051 2557 et
1077 2498 1433 2556 oﬁicionarii
1462 2497 1513 2568 ej
1526 2514 1613 2568 us,
1644 2496 1868 2569 quibus

192 2595 464 2669 exempli
513 2592 723 2664 gratia
751 2592 865 2648 ista
907 2589 1305 2654 reddidimus,
1345 2586 1501 2658 agite
1554 2590 1622 2641 ut
1668 2584 1867 2641 nitidis

192 2684 514 2758 obsequiis
563 2681 615 2737 ei
653 2680 870 2752 jugiter
898 2677 1292 2743 famulertini.
1328 2678 1562 2742 Quanta
1592 2690 1699 2748 per
1726 2690 1867 2730 eum

190 2775 251 2829 in
279 2778 569 2844 tempore
599 2768 897 2825 consecuti
922 2767 1067 2836 estis.
1090 2764 1459 2839 perpendite,
1483 2767 1711 2837 quanta
1741 2762 1866 2818 sine

172 2862 309 2918 .fine
357 2858 659 2931 temporis
702 2872 941 2930 sperare
980 2854 1221 2929 possitis
1264 2852 1523 2909 recolite.
1556 2852 1719 2908 Certe
1760 2851 1867 2924 qui

190 2950 285 3008 hic
316 2949 456 3006 suis
485 2961 598 3002 nos
627 2944 922 3019 exsequiis
949 2944 1084 3000 licet
1130 2941 1411 3012 indignos
1441 2941 1527 2996 sic
1555 2939 1866 2997 admittere

192 3037 457 3103 censuit,
488 3035 617 3108 ipse
660 3033 705 3090 si
753 3033 933 3103 digne
972 3030 1413 3096 contendimus,
1445 3029 1642 3086 audeo
1672 3027 1867 3084 dicere

191 3127 337 3200 quia
369 3139 559 3198 quos
605 3123 700 3178 hic
746 3119 1027 3188 famulos,
1072 3120 1188 3176 illic
1233 3136 1357 3176 sum
1413 3116 1864 3176 interventionis

193 3213 507 3286 adiutorio
526 3217 845 3286 perpetuos
864 3210 1179 3266 habiturus
1202 3214 1294 3264 est
1321 3210 1535 3279 socios,
1558 3206 1866 3273 Neminem

192 3309 480 3362 nostrum
508 3303 706 3375 pigeat
749 3300 1064 3357 laboriosae
1109 3298 1404 3355 servitutis
1435 3298 1493 3353 in
1526 3296 1765 3352 modico
1795 3296 1866 3350 ti-

192 3393 364 3451 nitivi
396 3388 707 3464 tempdris,
728 3405 914 3462 quem
939 3388 1104 3445 nulla
1156 3387 1434 3444 dubietas
1475 3387 1748 3457 frangere
1769 3384 1870 3440 de-

192 3482 292 3541 bet
314 3483 398 3539 de
428 3480 675 3553 praemio
704 3484 939 3535 aeternae
967 3476 1388 3534 retributionis.
1440 3470 1443 3477 ’

833 3567 1067 3623 CAPUT
1105 3565 1235 3621 XIV.

262 3644 576 3706 Immenso
627 3639 828 3711 itaque
879 3637 1103 3709 gaudio
1132 3642 1189 3692 et
1217 3636 1444 3692 lionOre
1497 3650 1637 3689 cum
1667 3633 1868 3687 inven-

198 3735 323 3788 tum
354 3745 583 3802 corpus
627 3727 815 3782 divini
843 3725 1045 3783 odoris
1084 3721 1353 3798 plenum,
1376 3724 1569 3796 ’bysso
1598 3721 1865 3795 primum

197 3836 265 3875 ac
295 3819 554 3875 demum
585 3816 855 3889 operosis
884 3813 1079 3888 palliis
1105 3816 1554 3887 componerent,
1584 3810 1864 3867 clericum

190 3905 534 3983 quemdam
563 3910 712 3961 aestu
737 3904 993 3960 febrium
1024 3902 1315 3959 lethaliter
1333 3901 1732 3957 decubantem
1758 3898 1867 3954 mi-

196 4012 263 4069 ra
294 3994 609 4053 velocitate
659 3992 903 4048 curavit.
950 3995 1190 4048 lnvento
1235 3992 1434 4062 itaque
1482 3987 1864 4045 sacratissimi

200 4084 484 4159 martyris
533 4099 784 4155 corpore
839 4081 1060 4138 caelesti
1114 4080 1296 4137 odore
1349 4078 1599 4143 affatim,
1656 4082 1721 4133 ut
1773 4077 1863 4133 di-

190 4174 425 4268 ximus,
458 4172 766 4268 iiragranti,
797 4169 953 4227 illico
1003 4169 1080 4226 ad
1111 4168 1423 4236 Quirinum
1465 4172 1522 4223 et
1550 4166 1863 4268 'l‘heophy~
1901 4214 1943 4268 η

198 4264 428 4339 laetum
483 4255 741 4321 missum
788 4265 895 4330 est,
927 4264 1223 4333 quatenus
1278 4262 1721 4332 peropportune
1749 4255 1865 4313 hoc

198 4353 433 4409 domno
483 4350 817 4424 apostolico
867 4348 1266 4406 condicerent.
1313 4346 1482 4414 Quod
1533 4351 1590 4402 et
1639 4345 1859 4403 factum

197 4458 336 4499 cum
364 4444 617 4514 propter
648 4438 1201 4495 incommoditateui
1233 4437 1323 4491 sui
1353 4436 1489 4491 illuc
1510 4435 1711 4492 venire
1740 4450 1865 4493 non
1902 4454 1909 4465 ’

196 4534 425 4603 posset,
467 4528 789 4585 venerabili
845 4527 1132 4600 episcopo
1177 4525 1391 4582 Joanni
1441 4523 1771 4595 mandavit,
1802 4530 1868 4581 ut

200 4610 327 4699 ipse
363 4618 450 4699 eis
482 4617 629 4674 illud
659 4615 1052 4673 contraderet.
1095 4612 1264 4681 Quod
1305 4620 1425 4671 tota
1467 4613 1766 4670 alacritate
1810 4617 1868 4670 et

201 4698 583 4765 veneratione
613 4705 994 4779 excipientes,
1011 4722 1148 4760 cum
1180 4704 1310 4776 ipso
1333 4706 1560 4759 Joanne
1580 4703 1866 4776 episcopo

201 4801 258 4852 et
289 4790 605 4866 lngoaldo'
628 4793 1098 4853 archimandrita
1147 4792 1396 4866 aliisque
1443 4791 1719 4863 plurimis
1751 4794 1862 4848 Ro-

205 4901 403 4941 mana:
465 4883 732 4941 Ecclesiae
791 4883 1016 4940 clericis
1069 4886 1247 4955 atque
1291 4879 1540 4953 plebeiis
1595 4879 1860 4937 abibant.

205 4973 468 5028 Psallens
500 4977 767 5029 verenter
792 4972 1011 5027 chorus
1040 4969 1307 5025 dulcium
1347 4966 1743 5024 melodiarum
1776 4984 1867 5024 so-

203 5062 399 5116 nitum
454 5061 690 5132 longius
728 5059 1055 5134 praeeundo
1085 5058 1486 5130 respergebat.
1535 5056 1604 5111 Hi
1653 5056 1864 5113 laetitiae

204 5138 439 5219 cantus,
491 5150 589 5206 alii
636 5150 938 5223 profunda
986 5147 1245 5219 suspiria
1283 5150 1340 5201 et
1398 5163 1635 5203 amares
1675 5146 1868 5219 queri-

204 5239 441 5296 monias
470 5240 718 5296 dabant.
745 5238 954 5296 Taliter
975 5237 1053 5294 ad
1082 5236 1466 5310 praesentiam
1485 5252 1674 5310 usque
1690 5237 1864 5293 dom-

204 5326 266 5382 nl
293 5327 605 5403 apestolici
629 5327 776 5384 illud
803 5325 1358 5399 deportavere,ejus
1389 5329 1454 5382 ut
1476 5325 1702 5381 annulo
1728 5341 1867 5381 con-

166 5490 169 5493 »
206 5408 543 5487 signaretur
566 5433 642 5472 ex
668 5432 856 5473 more.
890 5416 1061 5480 Quod
1087 5414 1402 5483 diligenter
1430 5419 1755 5487 postquam
1785 5414 1866 5472 ab

179 5501 317 5560 illo
334 5504 667 5578 perfectum
696 5509 807 5571 est,
840 5506 899 5560 in
946 5502 1259 5559 ecclesiam
1288 5502 1447 5559 beati
1491 5503 1638 5559 Petri
1671 5502 1865 5577 perla-

205 5597 358 5662 tum,
391 5598 570 5667 atque
594 5594 817 5650 ibidem
845 5592 939 5649 die
969 5592 1182 5650 eodem
1210 5591 1553 5665 depositum
1578 5597 1684 5649 est.
1704 5593 1867 5653 Unde

1980 1835 2127 1891 Petri
2159 1847 2396 1888 servare
2422 1831 2763 1901 basilicam,
2797 1832 2914 1887 sub
2944 1834 3121 1887 nocte
3150 1829 3367 1885 eadem
3390 1828 3657 1885 beatissi-

1981 1922 2062 1979 mi
2096 1919 2357 1989 Gregorii
2388 1936 2561 1992 papze
2583 1912 3065 1977 sacratissimum
3085 1917 3524 1990 tumulum,qui
3551 1932 3657 1973 an-

1980 2015 2032 2067 te
2076 2008 2456 2065 secretarium
2509 2011 2655 2073 erat,
2699 2008 2996 2065 audacter
3040 2022 3383 2077 aggressus,
3436 2021 3656 2078 corpus

1978 2100 2107 2171 ejus
2137 2114 2276 2154 cum
2307 2112 2546 2152 summa
2576 2099 2918 2153 reverentia
2948 2095 3251 2152 sublatum
3276 2111 3346 2150 ac
3376 2093 3657 2150 decenter

1978 2186 2377 2260 compositum
2407 2200 2588 2257 super
2613 2183 3000 2240 altare‘beati
3029 2182 3176 2239 Petri
3198 2182 3493 2257 perlatum
3517 2182 3657 2253 jux-

1979 2281 2035 2332 ta
2061 2277 2188 2347 jam
2222 2274 2358 2330 dicti
2384 2273 2671 2345 martyris
2700 2272 3049 2331 venerabile
3074 2288 3291 2346 corpus
3311 2272 3654 2345 depositum

1977 2370 2083 2421 est.
2119 2363 2338 2419 Dehine
2376 2361 2496 2417 ﬁde
2525 2365 2788 2434 pactum
2819 2361 3125 2419 Rodoinus
3156 2377 3293 2418 cum
3325 2360 3449 2417 suis
3480 2374 3660 2432 roga-

1979 2459 2072 2511 tus
2089 2457 2390 2524 gratanter
2409 2450 2557 2517 tulit,
2585 2466 2901 2525 superque
2913 2451 3156 2508 eosdem
3178 2451 3455 2525 martyris
3474 2455 3658 2524 atque

1977 2541 2273 2617 pontiﬁcis
2320 2538 2770 2596 secretissimos
2823 2544 2989 2596 artus
3012 2540 3408 2613 jurisjurandi
3447 2555 3655 2598 sacra-

1977 2635 2248 2688 mentum
2276 2628 2529 2684 libenter
2557 2628 2843 2698 exsolvit,
2874 2629 3094 2686 scilicet
3120 2634 3178 2687 et
3208 2629 3351 2687 nulli
3381 2645 3658 2704 unquam

1977 2718 2318 2778 mortalium
2348 2717 2513 2791 quod
2547 2722 2793 2787 gestum
2823 2724 2949 2776 erat
2979 2719 3298 2792 proderent
3317 2725 3420 2777 aut
3447 2720 3650 2793 publi-

1977 2814 2197 2876 carent,
2255 2808 2363 2863 sed
2408 2807 2661 2879 perenni
2704 2806 2938 2864 silentio
2986 2809 3284 2883 sepultum
3338 2809 3651 2867 haberent.

1976 2899 2120 2957 Hinc
2178 2900 2470 2954 ucstrates
2515 2895 2624 2969 pia
2676 2895 2889 2953 fraude
2941 2897 3297 2966 laudabiles,
3343 2898 3652 2971 duplicato

1978 2985 2199 3058 gaudio
2232 2985 2406 3041 tacito
2430 2982 2547 3039 sub
2577 2988 2822 3056 pectore
2845 2987 3286 3057 magnanimos,
3314 2986 3533 3042 sanctis
3564 2985 3656 3042 in-

1897 3076 1937 3131 C
1977 3076 2052 3132 de
2098 3073 2349 3129 sublatis
2401 3072 2761 3144 corporibus
2790 3073 2957 3129 nullo
2997 3074 3309 3146 prmpediti
3334 3072 3650 3129 obstaculo

1977 3166 2054 3221 ad
2092 3161 2521 3220 monasterium
2549 3161 2823 3231 Ingoaldi
2858 3165 3002 3233 (462)
3030 3163 3477 3219 transtulerunt.

2609 3266 2839 3325 CAPUT
2876 3269 2989 3324 XVI

2050 3373 2467 3433 ln-crastinum
2496 3389 2636 3430 vero
2662 3374 2928 3430 domnus
2950 3373 3317 3447 apostolicus
3334 3372 3513 3445 jussit
3540 3389 3647 3429 eos

1975 3466 2088 3523 sibi
2132 3461 2498 3531 reexhiberi;
2546 3478 2743 3535 neque
2773 3463 2934 3519 enim
2988 3461 3189 3518 adhuc
3216 3460 3520 3518 licentiam
3550 3478 3645 3517 re-

1974 3551 2200 3611 deundi
2230 3549 2534 3606 consecuti
2566 3548 2819 3618 fuerant,
2851 3549 2956 3605 sed
2988 3553 3221 3605 tantum
3265 3549 3326 3604 in
3370 3564 3480 3604 sua
3510 3564 3647 3605 san-

1976 3646 2139 3698 ctum
2164 3640 2294 3711 jam
2332 3642 2700 3709 receperant.
2735 3640 2897 3703 Quos
2928 3653 3073 3693 mox
3119 3636 3463 3707 interrogat,
3495 3652 3644 3709 quo-

1973 3746 2119 3787 nam
2153 3730 2428 3784 sanctum
2460 3724 2752 3782 haberent
2780 3724 2861 3781 illi
2907 3741 2968 3780 se
3007 3724 3237 3780 nescire
3266 3722 3641 3795 proﬁtentur,

1974 3818 2092 3879 nisi
2121 3820 2355 3874 tantum
2380 3815 2547 3887 quod
2575 3815 2703 3886 jam
2730 3830 2871 3870 eum
2903 3829 3044 3869 suas
3074 3811 3135 3868 in
3167 3816 3366 3886 partes
3396 3810 3642 3867 direxis-

1975 3912 2127 3966 sent.
2159 3901 2462 3976 Quidquid
2516 3902 2663 3959 illud
2704 3907 2811 3971 est,
2858 3901 3072 3976 inquit,
3113 3905 3317 3959 utrum
3363 3899 3643 3957 nesciatis

1975 4016 2055 4059 an
2082 4011 2228 4067 non,
2255 3991 2684 4067 praesentaliter
2712 4009 2853 4048 eum
2879 3992 2997 4049 huc
3024 3991 3241 4048 referre
3268 3994 3469 4048 curate
3498 4007 3511 4046 :
3542 4005 3644 4046 ne-

1975 4103 2095 4163 que
2119 4086 2246 4140 haec
2284 4081 2591 4143 immutari
2619 4078 2912 4138 sententia
2940 4079 3176 4155 poterit,
3210 4084 3276 4136 ut
3303 4079 3443 4136 hinc
3470 4078 3642 4135 vobis

1973 4174 2228 4237 facultas
2278 4171 2570 4229 redeundi
2618 4172 2787 4229 aliter
2838 4170 3152 4227 tribuatur.
3189 4169 3275 4226 Illi
3311 4169 3641 4245 plurimum

1975 4261 2171 4323 timidi
2209 4275 2280 4316 ac
2309 4259 2508 4316 maesti
2539 4258 2935 4331 jurejurando
2975 4258 3240 4328 ﬁrmant,
3269 4256 3436 4331 quod
3465 4257 3544 4313 ita
3576 4271 3641 4312 se

1971 4369 2068 4410 res
2100 4348 2350 4407 haberet
2381 4351 2445 4404 ut
2472 4348 2764 4416 dixerant,
2793 4352 2851 4405 et
2878 4346 3249 4420 impossibile
3272 4346 3520 4403 omnino
3547 4358 3638 4401 es-

1974 4458 2038 4500 se
2067 4441 2183 4497 hoc
2212 4436 2379 4509 quod
2396 4437 2651 4508 juberet.
2668 4436 2841 4503 Quod
2863 4436 2959 4492 vix
2986 4437 3037 4492 ei
3058 4434 3408 4510 persuaderi
3425 4433 3639 4508 potuit,

1973 4529 2105 4600 sed,
2135 4531 2437 4586 annuente
2468 4526 2568 4582 Dei
2590 4525 2923 4594 clementia,
2957 4525 3109 4582 sicut
3137 4527 3401 4595 coeperat
3416 4522 3498 4577 ita
3512 4537 3642 4594 per-

1974 4614 2219 4677 mansit.
2238 4614 2326 4671 Ab
2356 4614 2469 4671 illis
2495 4630 2759 4688 namque
2787 4614 2893 4687 qui
2916 4614 3086 4688 prius
3116 4612 3210 4668 his
3239 4612 3528 4681 faverant,
3552 4613 3638 4667 ta-

1972 4708 2104 4766 liter
2131 4706 2518 4762 immutatum
2559 4708 2666 4760 est.
2686 4705 2847 4777 Cum
2877 4703 3005 4773 ejus
3037 4700 3453 4776 perturbatum
3501 4714 3639 4755 sen-

1976 4798 2191 4856 sissent
2222 4794 2517 4859 animum,
2544 4791 2876 4866 proximius
2915 4791 2997 4848 ad
3026 4806 3235 4848 aurem
3284 4788 3638 4846 accedentes

1973 4886 2272 4952 dixerunt,
2323 4888 2598 4955 oportere
2653 4897 2755 4936 eos
2834 4897 2972 4952 quae
3048 4880 3201 4935 ﬂecti
3262 4882 3320 4934 et
3376 4878 3641 4935 converti

1973 4970 2392 5048 nequiverant,
2444 4968 2795 5028 meliuscule
2850 4967 3109 5037 tractari,
3167 4958 3280 5023 nec
3332 4972 3456 5023 tam
3511 4983 3641 5023 suc-

1973 5077 2151 5121 cense
2177 5060 2508 5133 objurgari,
2530 5076 2605 5117 ne
2636 5062 2701 5114 ut
2729 5057 2949 5127 ingrati
2972 5049 3121 5114 forte
3146 5054 3554 5127 abscederent,
3587 5061 3646 5114 et

1973 5166 2198 5215 munus
2226 5149 2563 5209 maximum
2611 5145 2981 5203 inlaudabile
3028 5145 3329 5202 referrent.
3363 5147 3484 5202 Hoc
3512 5162 3641 5202 mo-

1972 5241 2054 5299 do
2108 5238 2343 5296 tametsi
2401 5233 2771 5293 difﬁcillime.
2807 5234 3067 5292 absoluti
3124 5238 3181 5305 et
3231 5234 3645 5292 benedictione

1973 5327 2203 5397 donati,
2263 5328 2389 5383 suis
2451 5323 2620 5391 haud
2665 5324 2879 5399 procul
2935 5324 3013 5383 ab
3068 5323 3216 5382 urbe
3256 5318 3471 5396 juncti,
3522 5341 3651 5382 ma-

1974 5417 2109 5490 gnto
2153 5414 2231 5472 de
2257 5430 2519 5485 .magno
2571 5413 2856 5481 thesauro
2898 5413 3375 5472 excressentibus
3415 5413 3653 5486 gaudiis

1975 5507 2165 5579 gratia
2197 5505 2381 5560 comit
2399 5509 2538 5561 ante
2563 5502 2768 5563 divina
2794 5519 2902 5579 per
2924 5519 3214 5578 prospera
3230 5503 3445 5563 itinera
3463 5518 3657 5560 rever-

1976 5599 2180 5657 tuntur
2210 5594 2289 5650 ad
2320 5593 2593 5668 propria.

283 5700 432 5772 (462)
449 5700 767 5767 Quodnam
811 5697 1147 5756 tueritistud
1161 5698 1584 5757 Monasterium
1622 5714 1748 5756 non
1787 5700 1957 5758 facile
1984 5703 2075 5757 est
2097 5699 2389 5772 divinare,
2409 5716 2488 5758 an
2514 5701 2937 5761 Monasterium
2960 5702 3018 5758 S.
3040 5699 3200 5757 Pauli
3210 5695 3602 5757 extraurbem
3622 5701 3651 5757 ?
