3940 6184
437 258 539 317 595
1384 252 1716 308 ODIl.ONIS
1757 248 2063 308 nomen!
2104 250 2161 305 s.
2203 251 2517 313 MEDARDI
2554 252 2916 309 suessvon.
3692 262 3763 314 εκ

1056 378 1280 434 CAPUT
1316 377 1473 433 XVII.
2127 376 2173 428 A
2210 376 2374 430 Mane
2403 390 2540 432 vero
2569 375 2877 431 illuscente
2924 378 3062 447 post
3106 374 3420 431 missarum
3460 390 3766 437 consumm-

507 472 732 528 Dehinc
764 469 841 525 ad
866 467 1074 522 urbem
1104 481 1296 538 usque
1326 465 1687 521 Placentiam
1713 462 2096 536 perveniunt:
2211 462 2433 519 tionem
2463 480 2602 520 cum
2633 464 3019 541 sacerdotum
3048 479 3235 519 manu
3264 467 3321 519 et
3345 462 3525 519 ofﬁcio
3564 473 3770 534 agentia

440 563 499 618 in
530 576 651 633 qua
685 572 822 613 cum
854 554 1188 611 beatissimi
1215 554 1474 627 maryris
1506 569 1727 624 corpus
1767 551 2100 619 inferretur,
2211 551 2271 607 in
2302 552 2481 616 viam,
2515 553 2610 609 ille
2639 551 3073 623 egredientium
3112 552 3425 609 tumultum
3452 553 3682 622 audiens,
3703 574 3769 614 oo.

439 652 511 707 ad
546 650 889 717 ingressum
917 646 1051 716 ejus
1100 643 1512 699 dtemoniacus
1558 642 1781 698 fortiter
1808 640 1951 695 loris
1980 639 2106 695 vin-
2214 642 2415 711 gnovit
2436 647 2712 699 sanctum
2731 643 2873 699 inde
2897 642 3100 698 levari.
3134 641 3290 698 Illico
3316 641 3376 697 in
3401 641 3655 699 incertum
3676 661 3770 717 pro-

438 743 565 793 ctus
608 734 946 792 adducitur.
977 733 1273 790 Turbatus
1323 732 1482 789 illico
1528 737 1710 805 atque
1764 729 2106 803 perterritus
2214 730 2467 786 tendens
2495 731 2811 787 brachium
2839 730 3050 787 feretro
3079 730 3301 801 injecit,
3318 730 3602 803 taetuipso
3625 731 3770 790 lumen

438 824 881 882 infelicissimus
905 823 1168 897 spiritus,
1197 823 1482 878 miserum
1530 837 1713 895 quem
1759 818 2106 875 miserabili-
2213 817 2453 891 recepit,
2485 823 2543 875 et
2566 818 3033 875 illuminatorem
3062 833 3243 874 suum
3279 818 3567 890 quomodo
3588 821 3769 878 treatie-

439 920 527 971 ter
565 916 931 987 pervaserat,
953 911 1098 984 quia
1123 911 1395 966 deserere
1426 913 1738 979 cogeretur
1759 908 2102 977 indignans,
2213 908 2456 965 rebatur
2483 909 2817 983 perspicuis
2862 907 3191 963 luminibus
3234 908 3472 980 aspexit,
3499 912 3552 964 et
3570 910 3770 979 ejuulem

443 1020 582 1060 eum
623 1003 948 1058 saevissime
994 1015 1213 1056 vexare
1259 1000 1478 1073 coepit:
1526 1003 1748 1054 etcum
1778 997 2101 1053 multorum
2214 998 2430 1070 palmae
2481 1014 2604 1053 suae
2635 999 2892 1054 formam
2924 997 3188 1070 primum
3235 998 3485 1066 agnovit.
3518 999 3771 1055 Sanctino-

442 1093 627 1149 teneri
676 1091 958 1147 manibus
1006 1088 1106 1144 vix
1151 1092 1375 1161 posset,
1416 1087 1730 1160 prosiliens
1788 1102 1859 1143 ac
1908 1084 2106 1141 vincla
2216 1102 2353 1142 men
2382 1086 2766 1144 inclamitans
2794 1086 3123 1157 gratiarum
3153 1084 3356 1142 debita
3380 1085 3649 1157 reddebat,
3672 1089 3771 1144 etin

444 1182 666 1255 quibus
697 1181 914 1251 ligatus
945 1180 1135 1234 fuerat
1164 1176 1851 1249 disrumpens,motibus
1874 1175 2102 1230 incom-
2217 1192 2346 1232 sese
2376 1177 2537 1233 unde
2565 1177 2665 1233 alii
2691 1177 2753 1232 in
2783 1177 2897 1232 hoc
2935 1176 3130 1249 ipsum
3161 1180 3615 1249 provocarentur,
3637 1183 3772 1234 osten-

442 1269 649 1342 positis
680 1270 832 1324 inter
861 1267 1092 1323 medias
1124 1266 1332 1322 turbas
1353 1281 1516 1321 nunc
1536 1282 1664 1321 sese
1688 1272 1932 1320 Sursum
1963 1262 2103 1318 eﬂ‘e-
2213 1265 2398 1321 tabat.
2435 1269 2659 1321 Lumen
2686 1265 2854 1339 quod
2883 1278 3197 1337 nunquam
3215 1269 3484 1337 expertus
3500 1263 3771 1336 fuerat”.

443 1375 599 1426 rens,
625 1374 786 1412 nunc
811 1372 1080 1429 prteceps
1114 1355 1241 1411 solo
1270 1370 1470 1422 ruens,
1496 1370 1773 1427 quosque
1806 1354 1864 1408 in
1895 1352 2104 1422 fugam
2213 1353 2585 1411 tulabundus
2610 1355 2877 1411 contueri
2907 1370 2969 1410 se
3000 1354 3219 1421 aiebat,
3233 1353 3590 1409 benedictum
3604 1354 3773 1410 inane!L

444 1447 717 1516 cogebat.
755 1446 867 1502 Sed
914 1449 1052 1501 ante
1107 1448 1384 1501 sanctum
1437 1449 1501 1500 ut
1544 1444 1721 1512 venit,
1752 1443 1947 1499 subito
1991 1446 2103 1500 tre-
2215 1459 2362 1501 num
2380 1445 2458 1501 ab
2486 1446 2649 1501 omni
2682 1446 2925 1502 homine
2955 1460 3094 1501 eum
3122 1442 3617 1518 pronuntians,qni
3633 1445 3773 1500 viven-

444 1553 616 1593 mcns
646 1536 884 1603 corruit,
915 1541 971 1591 et
1001 1534 1182 1592 veluti
1213 1534 1506 1591 exanimis
1535 1537 1866 1607 prostratus
1895 1532 2000 1588 diu
2020 1532 2108 1603 ja-
2216 1533 2275 1589 di
2305 1535 2803 1607 etfectum,quem
2824 1534 2961 1606 ipsa
2988 1533 3099 1589 sibi
3120 1538 3336 1589 natura
3358 1534 3769 1604 negaveth

445 1626 583 1682 cuit.
615 1628 777 1680 Tunc
805 1624 1002 1681 valido
1053 1622 1301 1680 brachio
1348 1622 1766 1696 iniquissimus
1792 1627 2104 1697 superatus
2215 1620 2382 1677 fablli
2424 1621 2723 1678 infusioue
2754 1622 2814 1677 in
2855 1620 3166 1678 momento
3205 1621 3317 1677 sibi
3344 1620 3669 1677 reddidisset
3695 1624 3770 1676 Hoc

446 1713 745 1780 diabolus,
776 1712 1056 1785 martyris
1103 1728 1228 1769 non
1254 1713 1553 1770 sustinens
1584 1713 1984 1785 praesentiam,
2010 1712 2107 1767 (le-
2138 1723 2180 1778 Β
2217 1715 2340 1779 tua,
2379 1711 2622 1767 nomine
2655 1714 2827 1777 Deus,
2857 1710 3255 1767 secretissima
3274 1710 3772 1782 dispensationem-

451 1802 636 1858 seruit
657 1801 985 1869 hominem,
1017 1806 1074 1857 et
1096 1804 1370 1874 potenter
1400 1801 1647 1871 ejectus,
1676 1806 1890 1857 terram
1919 1816 2106 1872 quam
2214 1807 2379 1857 ratus
2409 1807 2497 1856 est
2542 1802 2650 1857 iste
2704 1806 2842 1856 tuus
2896 1800 3120 1857 athleta
3162 1802 3459 1866 emeritus,
3486 1799 3627 1872 quod
3663 1801 3707 1855 in
3738 1803 3771 1854 te

445 1889 790 1947 merebatur
817 1888 968 1960 fugit
991 1890 1179 1945 victus
1210 1888 1269 1944 in
1304 1888 1608 1945 umbram.
1635 1892 1889 1945 Sensum
1922 1890 2104 1960 capti-
2219 1894 2582 1963 sempiterno
2629 1890 2858 1960 fulgore
2907 1891 3245 1963 splendeat,
3275 1891 3436 1962 quod
3476 1896 3526 1946 te
3551 1894 3773 1944 aeternos

445 1995 560 2035 vus
590 1993 773 2050 quem
816 1977 1098 2035 amiserat
1144 1977 1382 2050 penitus
1410 1979 1654 2050 recepit,
1686 1982 1743 2034 et
1772 1994 1881 2034 sua
1924 1978 2107 2033 domo
2215 1978 2626 2036 inaccessibile
2655 1979 2882 2034 lumine
2925 1980 3287 2052 perfruatur,
3318 1979 3475 2051 quod
3522 1978 3676 2050 teipse
3704 1977 3771 2049 qui

444 2084 579 2125 rore
608 2083 881 2140 supernas
924 2066 1152 2124 virtutis
1197 2067 1548 2134 emundata,
1581 2068 1661 2125 ad
1705 2068 1897 2124 sancti
1945 2084 2110 2123 exse-
2215 2084 2460 2125 omnem
2504 2068 2862 2124 rationalem
2915 2073 3256 2124 creaturam
3304 2067 3595 2133 illuminas,
3641 2066 3772 2131 magis

446 2157 620 2230 quias
651 2157 874 2214 multos
902 2156 1202 2226 excitavit,
1226 2160 1283 2213 et
1324 2157 1386 2213 in
1410 2156 1651 2213 laudem
1685 2156 2109 2231 omnipotentis
2218 2158 2530 2229 magisque
2552 2156 2958 2213 inﬂammetur
2983 2162 3166 2230 atque
3194 2155 3600 2213 inﬂammando
3615 2153 3772 2209 beatiﬁ-

448 2245 570 2315 Dei,
603 2246 778 2316 cujus
808 2249 934 2302 erat
978 2245 1124 2301 doni
1175 2245 1341 2319 quod
1389 2262 1496 2317 per
1525 2250 1855 2317 martyrem
1886 2246 2106 2301 factum
2216 2251 2399 2314 cetur,
2430 2246 2546 2303 tuis
2592 2246 2743 2302 scire
2782 2246 3064 2303 fidelibus
3094 2246 3256 2304 facit.
3291 2249 3395 2303 Per
3418 2260 3578 2319 quem
3603 2244 3680 2299 tibi
3696 2256 3770 2297 nos

445 2333 658 2402 fuerat,
687 2349 1182 2406 quaquaversum
1228 2334 1519 2391 accendit.
1555 2339 1616 2390 In
1663 2335 1876 2413 eadem
1904 2334 2107 2391 itinere
2216 2335 2439 2392 modici
2469 2335 2709 2404 servuli,
2743 2339 2807 2391 ut
2833 2335 2908 2391 de
2940 2339 3287 2395 nostrorum
3326 2333 3562 2391 tenebris
3584 2335 3773 2406 peccato

445 2421 615 2496 quod
639 2422 719 2480 ab
748 2421 901 2478 urbe
930 2421 1257 2494 interjacet,
1289 2422 1459 2478 multi
1490 2421 1914 2494 febricitantes,
1939 2423 2111 2481 multi
2216 2440 2352 2480 rum
2379 2425 2526 2495 erui,
2544 2429 2602 2480 et
2626 2424 2756 2481 luce
2773 2428 2890 2480 tuae
2916 2424 3202 2481 claritatis
3222 2438 3543 2481 mereamur
3556 2419 3771 2495 perfundi,

445 2509 691 2567 lunatici
717 2510 1020 2583 variisque
1048 2510 1443 2581 languoribus
1469 2510 1667 2567 afﬂicti
1703 2515 1910 2567 sancto
1947 2509 2108 2566 obvii
2216 2513 2336 2569 fide
2378 2513 2553 2570 ﬁrma
2577 2518 2635 2569 et
2671 2513 2884 2570 virtute
2905 2518 3026 2570 tota
3052 2517 3277 2569 nostrae
3304 2510 3604 2569 devotionis
3623 2512 3721 2564 vota
3737 2510 3774 2561 et

447 2613 555 2671 per
583 2598 714 2670 ejus
744 2598 1107 2656 venerabilia
1151 2598 1385 2665 merita,
1417 2598 1497 2655 ab
1540 2599 1848 2656 incentivis
1885 2598 2111 2671 passio-
2219 2607 2397 2659 castae
2414 2602 2611 2659 laudis
2633 2603 2924 2659 sacriﬁcia
2955 2604 3190 2659 mittere
3209 2603 3616 2674 gestimusquie
3630 2610 3774 2654 eome-

452 2687 632 2743 nibus
657 2687 827 2755 eruti,
858 2682 1142 2760 plenariae
1185 2688 1455 2744 sanitatis
1484 2692 1623 2744 sunt
1652 2687 1854 2757 vigore
1882 2687 2106 2744 donati.
2220 2693 2419 2749 diante
2448 2692 2553 2749 tibi
2583 2699 2749 2761 grata
2776 2692 3074 2767 nobisque
3106 2688 3371 2750 salubria
3389 2692 3521 2748 ﬁant
3545 2703 3744 2746 oramus.

1057 2785 1292 2841 CAPUT
1329 2785 1511 2842 XVIII.
2865 2782 3093 2839 CAPUT
3133 2785 3238 2839 XX.

523 2872 618 2930 Ad
646 2877 913 2930 montem
957 2872 1123 2929 Jovis
1155 2873 1298 2944 (463)
1332 2872 1579 2929 celebris
1610 2873 1774 2929 fama
1801 2872 2113 2930 virtutibus
2291 2869 2552 2928 Perlatus
2572 2887 2710 2927 cum
2736 2871 3070 2928 honoriﬁco
3090 2873 3336 2942 agmine
3355 2868 3598 2942 egregius
3615 2868 3774 2935 martyr

454 2959 742 3032 praeclara
784 2965 1136 3033 pervenerat
1182 2960 1483 3033 martyris.
1519 2960 1622 3015 Hic
1653 2959 1900 3018 clericus
1928 2961 2112 3017 nomi.
2222 2959 2456 3015 Domini
2486 2960 2548 3015 in
2578 2958 2792 3016 cellam
2820 2960 2965 3032 (465)
2999 2961 3191 3016 sancti
3230 2959 3444 3030 Sereni,
3474 2955 3649 3014 mulier
3669 2966 3775 3027 quaL

453 3064 528 3105 ne
577 3048 950 3116 Benedictus,
994 3048 1186 3121 ipsius
1234 3048 1350 3107 loci
1389 3048 1671 3116 aedituus,
1723 3065 1829 3122 per
1876 3050 2112 3121 triginta
2144 3073 2185 3126 ο
2221 3048 2360 3104 dam
2397 3047 2609 3104 elinica
2659 3053 2875 3105 terram
2922 3064 3166 3122 semper
3212 3046 3578 3122 prospiciens,
3603 3056 3686 3099 nec
3706 3039 3774 3096 ali-

453 3136 845 3194 continuatim
868 3137 999 3193 dies
1027 3137 1231 3194 lethati
1260 3137 1577 3195 tabescens
1601 3138 2112 3207 incommodo,di-
2221 3136 2468 3211 quando
2498 3152 2560 3193 se
2586 3153 2828 3193 sursum
2861 3138 3084 3208 erigere
3114 3137 3347 3207 valens,
3372 3138 3431 3194 in
3456 3144 3709 3193 occursum
3729 3126 3774 3183 il-

453 3229 547 3280 cto
579 3225 745 3281 audit
773 3242 911 3282 eum
943 3226 1079 3282 illuc
1108 3243 1242 3307 quae
1272 3231 1436 3283 recta
1463 3227 1722 3284 ducebat
1754 3229 1984 3298 semita,
2018 3229 2119 3284 de:
2220 3224 2334 3281 lius
2366 3226 2441 3282 ad
2472 3225 2784 3283 ecclesiam
2838 3243 2899 3283 se
2930 3228 3198 3300 pertrahi
3229 3227 3378 3283 fecit.
3412 3228 3540 3292 Qua!
3564 3221 3714 3307 statim
3735 3218 3775 3270 ul

453 3314 678 3371 clinari.
722 3318 788 3371 Et
824 3332 962 3372 cum
1015 3315 1304 3389 dissipata
1347 3332 1662 3387 gressuum
1711 3334 2004 3392 compage
2062 3319 2111 3374 ei
2223 3315 2485 3386 advenit,
2515 3315 2576 3370 in
2607 3314 2902 3371 directum
2942 3330 3070 3371 sese
3115 3314 3345 3387 extulit,
3375 3318 3429 3371 et
3453 3311 3601 3387 quasi
3623 3306 3686 3365 nil
3707 3318 3774 3360 un-

452 3403 693 3459 obviam
736 3403 844 3477 ire,
874 3409 939 3460 ut
985 3404 1386 3473 desiderabat,
1437 3405 1603 3461 nullo
1647 3406 1842 3463 modo“
1873 3407 2109 3476 valeret,
2221 3419 2409 3476 quam
2435 3403 2598 3473 gibbi
2631 3419 2919 3478 perpessa
2950 3404 3181 3472 fuisset,
3204 3404 3476 3461 omnibus
3491 3400 3582 3475 qui
3601 3394 3773 3455 aderant

452 3492 707 3549 aliorum
738 3510 799 3550 se
828 3494 1108 3551 manibus
1138 3494 1353 3567 gestari
1383 3494 1533 3551 fecit.
1552 3496 1612 3551 In
1634 3495 1840 3569 pervio
1871 3496 2112 3568 publico
2223 3492 2508 3563 suffragio
2538 3492 2818 3566 martyris
2844 3497 3039 3550 erecta
3070 3494 3355 3567 apparuit
3382 3507 3534 3549 sana.
3563 3487 3629 3545 Fit
3650 3480 3774 3542 admi-

451 3597 573 3637 non
615 3580 792 3654 longe
824 3581 903 3638 ab
952 3582 1082 3657 ipso
1107 3583 1240 3640 loco
1266 3582 1348 3640 sic
1392 3588 1700 3640 emortuus
1732 3583 1807 3641 ad
1838 3588 2113 3641 sanctum
2223 3582 2372 3637 ratio
2402 3586 2457 3637 et
2496 3587 2724 3656 stupor,
2755 3583 2848 3638 his
2880 3583 3263 3656 potissimum
3295 3583 3396 3657 qui
3424 3596 3541 3638 eam
3569 3574 3774 3633 noverant

450 3669 818 3744 deportatus,
853 3675 1031 3747 atque
1063 3661 1391 3729 ante’illum
1415 3676 1501 3728 est
1529 3672 1858 3747 depositus,
1891 3673 2112 3749 quibus
2222 3675 2357 3727 ante
2382 3671 2754 3727 hesternum.
2780 3674 2919 3738 Quae
2949 3672 3028 3728 ita
3055 3673 3211 3730 mira
3244 3674 3445 3729 virtute
3461 3660 3773 3726 absolutam

448 3762 681 3832 poterat
709 3760 933 3817 visibus
966 3779 1026 3817 se
1057 3778 1196 3817 eum
1226 3761 1377 3818 ferre
1408 3762 1550 3818 velle
1581 3762 1837 3829 «licebat,
1872 3767 1928 3819 et
1955 3767 2019 3819 ut
2043 3763 2115 3821 si—
2223 3764 2551 3834 sanctoque
2583 3761 2802 3830 gratias
2834 3777 3019 3832 agens
3048 3763 3293 3818 recessit
3319 3760 3375 3817 in
3403 3757 3625 3834 propria-

448 3853 689 3907 neretur
728 3848 1030 3906 humiliter
1081 3851 1460 3926 precabatur.
1491 3854 1681 3919 Quem
1713 3851 1829 3908 ﬁde
1860 3867 1983 3908 non
2028 3856 2109 3909 te-
2848 3849 3083 3907 CAPUT
3121 3853 3255 3908 XXI.

449 3936 719 3993 meritate
753 3937 890 3993 hinc
918 3934 1059 3994 inde
1091 3943 1455 3994 sustentatus
1478 3939 1634 3995 ulnis
1666 3940 1924 4013 propriis
1955 3940 2109 3997 exci-
2293 3941 2445 3994 Inter
2493 3935 2832 4009 frequentes
2883 3938 2958 3994 ad
3004 3942 3281 3995 sanctum
3326 3932 3684 3994 concurrentes
3713 3935 3772 3977 ett

449 4026 642 4098 piens,
672 4025 934 4097 pristinae
966 4027 1235 4083 sanitatis
1267 4045 1406 4084 mox
1438 4012 1832 4097 augmentum
1874 4029 2108 4099 meruit,
2221 4042 2367 4083 neos
2395 4026 2646 4099 quidam
2694 4027 2964 4100 plebeius
2999 4026 3247 4099 surdus,
3281 4032 3492 4089 mutus,
3528 4030 3719 4078 mancus
3738 4012 3772 4063 ei

452 4116 508 4168 et
535 4113 617 4168 ita
643 4129 781 4169 eum
813 4131 1003 4188 usque
1035 4116 1399 4173 Octodorum
1430 4116 1577 4189 (iﬁi)
1612 4133 1819 4190 sospes
1859 4122 1915 4173 et
1943 4118 2111 4175 laetus
2221 4114 2471 4171 claudus
2516 4116 2762 4188 martyri
2807 4116 2951 4172 inibi
3001 4120 3090 4172 est
3117 4117 3435 4184 exhibitus,
3464 4112 3551 4186 qui
3579 4115 3669 4165 tres
3687 4104 3771 4157 alii?

448 4201 686 4258 invexit.
717 4201 801 4257 lbi
832 4203 1118 4273 gratuitas
1162 4203 1414 4262 laudum
1459 4205 1686 4261 hostias
1736 4221 1847 4281 pro
1897 4206 1988 4263 sui
2017 4223 2108 4263 re-
2221 4203 2525 4260 viviﬁcum
2568 4203 2757 4277 ipsius
2809 4222 3028 4278 corpus
3083 4207 3164 4262 ita
3216 4203 3465 4280 explevit
3500 4200 3622 4257 dies.
3649 4196 3770 4259 Ουδτ·

453 4290 819 4346 stauratione
851 4290 1141 4348 Salvatori
1174 4293 1447 4348 omnium
1479 4293 1851 4367 persolvens,
1876 4300 1933 4352 et
1952 4312 2109 4352 mar-
2222 4298 2281 4350 to
2312 4292 2663 4349 succedente
2685 4292 2780 4349 die
2810 4294 2958 4350 dum
2987 4295 3048 4350 in
3077 4294 3360 4369 precibus
3380 4289 3563 4349 votivis
3588 4290 3773 4360 perseit'

451 4379 596 4453 tyris
626 4378 906 4454 capulam
937 4380 1244 4453 osculans,
1275 4381 1352 4438 ad
1381 4398 1490 4438 sua
1518 4399 1657 4439 cum
1691 4383 1816 4440 suis
1845 4385 2105 4455 regrcli-
2138 4425 2182 4480 Β
2220 4378 2798 4456 raret,'repropitiari
2839 4384 2952 4439 sibi
2983 4386 3286 4458 experitur
3332 4399 3436 4458 per
3462 4377 3619 4436 sancti
3637 4370 3772 4427 obten-

449 4471 546 4524 tur
572 4467 891 4525 incolumis
923 4472 1041 4527 Deo
1083 4476 1360 4528 sanctum
1392 4488 1570 4529 suum
1614 4488 1720 4542 per
1759 4472 1897 4529 talia
1925 4490 2109 4548 opera
2139 4460 2182 4480 ’³
2222 4476 2368 4528 tum.
2420 4474 2566 4527 Nam
2610 4477 2666 4527 et
2715 4472 2933 4527 surdus
2984 4472 3260 4530 auditum
3308 4469 3529 4537 meruit,
3553 4468 3599 4522 et
3635 4460 3770 4517 ωιιωε

449 4557 832 4631 clarificante,
862 4559 1261 4634 undecunque
1315 4561 1490 4618 turba
1528 4577 1651 4617 non
1691 4562 1932 4620 modica
1972 4578 2108 4620 con-
2219 4564 2564 4636 promptam
2592 4558 2896 4634 loquelam
2929 4560 3130 4629 edidit,
3155 4560 3481 4618 ariditatem
3505 4554 3773 4636 etiamntaﬂ‘

447 4646 691 4703 ﬂuebat.
814 4630 819 4631 ί
1162 4630 1180 4634 ⁷
2218 4630 2323 4705 cus
2372 4630 2434 4704 in
2490 4630 2801 4705 viridatem
2861 4648 3213 4717 demutavit,
3271 4652 3327 4705 et
3372 4644 3633 4703 lubricum
3670 4630 3772 4711 6139'

1079 4738 1306 4797 CAPUT
1343 4741 1469 4795 XIX.
2217 4736 2332 4793 dus
2385 4753 2659 4808 gressum
2732 4736 2794 4792 in
2861 4738 3123 4794 solidum
3198 4736 3473 4795 extendit
3525 4730 3607 4788 llic
3646 4722 3771 4808 ini?

519 4821 784 4896 Denique
815 4823 876 4879 in
903 4823 1127 4896 locum,
1161 4825 1255 4882 cui
1285 4826 1565 4882 Granant
1603 4825 1968 4883 vocabulum
2001 4829 2107 4899 est,
2218 4806 2565 4884 stimonium
2640 4842 2762 4882 suae
2838 4826 3275 4883 reformationis
3349 4826 3612 4895 integram
3658 4806 3770 4869 αίίειλ

447 4907 685 4981 placido
714 4912 861 4969 calle
901 4919 1257 4988 perventum
1288 4919 1396 4987 est,
1431 4915 1535 4971 ubi
1562 4915 1851 4989 puerulus
1886 4933 2108 4991 parvu-
2218 4920 2389 4972 cutus
2444 4916 2871 4986 valetudinem,
2913 4916 3036 4972 suis
3085 4917 3350 4973 humeris
3402 4912 3495 4971 Dei
3534 4906 3770 4991 matrimi”

447 4996 541 5052 lus
566 4999 754 5057 oculis
782 4986 993 5079 captus
1024 5020 1059 5061 a
1082 4986 1435 5079 parentibus
1465 4986 1721 5078 delatus,
1748 4986 1928 5081 atque
1973 5010 2108 5063 ante
2216 5004 2632 5061 beatissimum
2684 5004 2762 5060 ad
2811 5003 3142 5062 Calnonum
3183 5000 3506 5079 deportavit
3539 4986 3769 5081 vicumzlﬂ

448 5098 617 5143 aram
647 5072 905 5148 ecclesiae
953 5099 1043 5150 est
1082 5072 1417 5171 depositus,
1444 5111 1568 5170 quo
1615 5072 1809 5150 fuerat
1828 5072 2110 5151 "beatissi-
2216 5110 2339 5168 quo
2395 5093 2543 5150 dum
2590 5092 2875 5160 introiret,
2930 5093 3169 5150 duobus
3227 5072 3397 5150 caecis
3451 5087 3674 5146 ablatum
3694 5072 3770 5171 _lu‘

448 5189 585 5231 mus
611 5181 840 5252 martyr
863 5182 991 5253 jam
1019 5161 1274 5242 locatus.
1308 5161 1549 5242 Noctem
1579 5183 1745 5243 illam
1774 5180 1995 5243 ibidem
2032 5185 2107 5240 sl-
2217 5161 2357 5238 men
2400 5180 2643 5237 videndi
2672 5181 2931 5255 inclytus
2954 5188 3179 5255 martyr
3208 5178 3475 5251 reddidit,
3505 5178 3554 5232 et
3577 5161 3769 5255 eiusde"?

449 5267 549 5319 cut
578 5269 714 5321 ante
744 5274 1020 5326 sanctum
1050 5270 1242 5330 fuerat
1262 5268 1511 5349 ejectus,
1545 5273 1716 5329 duxit
1740 5271 2105 5330 insomnem.
2216 5270 2451 5327 numeri
2494 5269 2722 5326 claudis
2771 5276 3042 5327 contorta
3071 5246 3317 5342 vestigia
3345 5252 3715 5331 redintegravit,
3736 5246 3771 5299 τί

519 5407 829 5537 (mmini
855 5408 975 5467 alia
1001 5427 1178 5469 mons
1206 5417 1260 5471 8.
1286 5417 1592 5483 Bernardi,
1615 5418 1678 5473 in
1697 5415 1946 5489 Alpibus
1959 5418 2105 5471 Pen»
2215 5413 2523 5493 merulam'
2543 5412 2852 5469 abbatiam
2882 5413 3230 5470 canicorum
3259 5407 3593 5487 regularium
3613 5385 3771 5466 οτωῗ*

519 5493 622 5537 ms.
778 5478 821 5536 d
849 5483 1058 5537 Drocul
1084 5484 1164 5537 ab
1191 5490 1457 5537 Anausin
1483 5486 1778 5537 Praetoria.
2215 5485 2616 5537 Augustiniari
2665 5485 2723 5537 in
2754 5485 2986 5537 Brieuio
3019 5489 3225 5537 tractu.
3260 5484 3392 5537 Eius
3433 5494 3509 5535 rel
3536 5474 3591 5529 ﬁt
3613 5464 3771 5537 mea”?

442 5457 829 5556 suggesta
848 5457 1178 5556 ᾇῖοῦἶὶἕ
1191 5457 1946 5555 uastitatis?”
1959 5457 1979 5470 ³
1999 5457 2103 5471 w
2215 5457 3230 5556 21L}EEB’HtEE"iH'ﬁ¥ie§i3‘EKc‘EI
3259 5457 3591 5556 ἱῖῖῗιζῖθῖἠι
3613 5457 3771 5556 [ξιξερξῇ

520 5524 665 5622 (46Ϊ4)
689 5524 1090 5632 Octodorum,
1124 5524 1701 5631 γυιξὲ
1730 5558 1791 5614 in
1817 5574 1979 5632 pago
2012 5560 2107 5616 Se-
2214 5524 2358 5632 nisi.
2395 5557 2604 5632 Sereni
2622 5556 2745 5612 Vita
2765 5524 3032 5632 ωξςῖέςᾶι
3050 5524 3118 5632 ,ξι
3142 5524 3378 5632 εξῦὺςξῖίθ.
3396 5552 3448 5603 8.
3477 5524 3768 5632 ξεεεῗιξίηῖραξί

444 5612 921 5700 (Ῑιιῂξῐῇερρτορβ
947 5612 1306 5700 ᾼεᾷἰιῐιωῖιχ
1477 5612 1701 5631 ὟΠΨἻ
1817 5612 1848 5632 τ
1868 5612 1937 5631 Ὃ
1956 5612 1969 5615 ⁷
2014 5612 2039 5616 Ὗ
2060 5612 2075 5614 ⁷
2215 5612 2535 5700 Cadurcos,
2568 5626 2642 5681 de
2673 5642 2805 5700 qua
2836 5627 2895 5682 in
2941 5623 3390 5700 Probationibus
3429 5620 3499 5676 ad
3535 5612 3767 5671 Ηίεῑοηεω

513 5693 661 5765 (465)
675 5692 866 5765 Vtilch
883 5695 946 5752 la
963 5692 1148 5765 Cede,
1166 5697 1354 5757 modo
1366 5699 1664 5771 lnior-atus
1679 5713 1867 5773 prepe
1887 5700 2103 5757 Cantu-
2211 5692 2615 5771 Torinensem,
2647 5692 2811 5776 apud
2839 5697 3171 5768 Justellum,
3197 5710 3335 5770 pag.
3364 5700 3417 5749 ὅ.
