4034 6190
196 243 302 295 5’7

1168 235 1259 288 DE
1296 229 1687 290 TRANSLAT;
1729 226 1786 281 S.
1827 221 2235 283 SEBASTIANI
2278 229 2363 285 ET
2406 232 2466 291 S.
2508 236 2713 295 GBEC.

3556 237 3659 291 598

195 362 395 423 invisa
412 359 707 417 celeritate
728 357 795 415 in
821 355 1271 416 ambulandum
1302 359 1367 412 ut
1395 354 1488 411 sui
1543 350 1741 409 statim
1786 347 1874 405 iti-
1907 349 1954 403 A
1986 347 2067 403 do
2100 350 2417 419 popularis
2447 356 2727 422 excrevit,
2762 361 2826 412 ut
2854 354 2951 415 vix
2976 370 3040 411 se
3071 352 3131 409 in
3159 354 3393 424 partem
3442 351 3658 422 aliquis

200 450 363 510 necis
385 448 634 507 comites
657 453 879 515 essent,
908 447 969 505 in
996 445 1286 505 omnium
1338 442 1878 505 oculismiseratus

200 537 421 595 effecit.
458 536 750 593 Praiibant
778 536 979 609 itaque
1002 533 1152 589 cteci
1176 533 1349 590 nullo
1373 532 1707 603 indigentes
1735 528 1879 584 duc-

201 632 351 693 tore,
379 630 446 683 et
472 624 663 681 densa
692 624 947 694 caligine
970 621 1310 696 proscissa,
1350 619 1708 678 mirantibus
1752 615 1882 673 uni-

199 715 393 772 versis
426 729 591 770 nova
606 713 847 770 :caalitus
866 713 1065 771 infusa
1091 709 1331 768 lumina
1359 707 1875 767 demonstrabant.

446 803 653 861 divino
672 801 1069 859 medicamine
1100 800 1379 857 emollitis
1410 798 1624 866 nervis,
1669 810 1882 853 conso-

200 892 535 965 lidatisque
567 891 819 947 basibus
857 895 915 947 et
944 888 1185 961 plantis,
1217 889 1415 947 claudi
1442 884 1764 958 resumptis
1801 882 1881 941 vi-

199 983 401 1051 ribus,
438 980 725 1039 salutaria
752 996 818 1037 se
848 979 994 1037 ferre
1022 992 1214 1035 onera
1240 976 1715 1048 gratulabantur.
1744 975 1878 1029 Haec

202 1071 429 1144 opinio
458 1070 795 1139 signorum,
824 1067 1045 1141 quibus
1074 1082 1342 1139 superna
1368 1066 1655 1136 maiestas
1711 1076 1881 1121 sanc-

202 1165 329 1217 tum
354 1174 549 1215 suum
562 1155 1133 1228 miriﬁcabat,undiq
1141 1171 1213 1212 ue
1222 1155 1561 1224 religiosam
1576 1158 1878 1211 catervam

201 1262 343 1308 cum
372 1247 719 1307 ambitione
749 1244 1139 1303 donariorum
1176 1243 1258 1301 ad
1300 1260 1441 1300 eum
1494 1241 1874 1314 perduxerat.

202 1342 357 1397 Nam
394 1337 479 1393 de
511 1340 637 1393 tota
656 1336 790 1407 ipsa
818 1332 1121 1407 provincia
1145 1333 1373 1405 quique
1419 1330 1528 1387 viri
1556 1329 1791 1389 nobiles
1818 1331 1880 1383 ct

200 1430 515 1499 potentes,
555 1428 851 1485 matronas
886 1437 1128 1494 quoque
1173 1421 1429 1479 illustres
1461 1434 1600 1477 cum
1628 1417 1881 1490 pronus-

202 1515 335 1573 cuia
359 1513 656 1587 plebibus
678 1511 1011 1570 exsilientes
1036 1510 1447 1575 accurrebant,
1480 1523 1667 1580 opera
1682 1507 1880 1567 Domi-

204 1603 261 1659 ni
320 1602 667 1673 magniﬁca
718 1600 921 1673 qualia
968 1614 1285 1670 nunquam
1352 1597 1640 1661 viderant,
1692 1598 1880 1666 utque

1988 439 2293 495 declinare
2323 449 2428 500 aut
2457 445 2921 503 etiam.movere
2961 447 3181 517 posset.
3244 440 3384 501 Inde
3424 440 3657 501 levatus

1992 527 2071 583 ad
2102 526 2329 588 ﬂumen
2366 550 2556 606 usque
2583 540 2859 593 Axonam
2898 537 3137 589 evectus
3168 535 3276 586 est.

2598 626 2820 683 CAPUT
2858 625 3050 679 XXIII.

2060 709 2398 781 Occupat-at
2421 713 2551 782 jam
2600 711 2919 781 gloriosior
2970 714 3298 782 apparatus
3342 705 3656 769 citeriores

1987 799 2153 871 ripas
2181 798 2476 873 ﬂuminis,
2508 807 2572 858 ut
2600 802 2692 857 vis
2724 800 2951 859 amoris
2983 804 3041 855 et
3094 798 3331 859 devotio
3378 792 3657 853 desiderii

1986 887 2310 946 ineffabilia
2339 891 2632 961 exigebat.
2661 890 2960 960 Religiosa
2984 886 3421 947 monachorum
3446 882 3656 941 concio

1986 979 2406 1036 ecclesiasticis
2431 976 2630 1037 infulis
2658 980 2940 1037 redimita
2997 977 3197 1036 stabat
3240 978 3649 1049 prospectans,
3732 1022 3741 1027 -

1989 1069 2267 1125 unanimi
2288 1070 2610 1126 devotione
2640 1069 3087 1125 universalibus
3134 1065 3345 1123 officiis
3389 1062 3656 1121 animata

1986 1162 2054 1214 ut
2077 1160 2396 1230 protectori
2423 1175 2494 1215 ac
2524 1164 2780 1231 patrono
2810 1156 3151 1231 perenniter
3178 1154 3458 1226 habituro
3516 1166 3654 1207 con-

1987 1260 2141 1313 grua
2170 1248 2538 1320 suscipiendi
2560 1247 2736 1303 ferret
2766 1246 3085 1320 obsequia.
3134 1246 3325 1310 Quem
3375 1239 3648 1312 protinus

1988 1340 2055 1390 ut
2076 1335 2137 1390 in
2163 1337 2349 1408 pulsu
2377 1338 2675 1407 remigum
2697 1352 2761 1392 se
2780 1353 2994 1393 versus
3025 1332 3417 1408 appropriare
3466 1327 3649 1399 videt,

1986 1425 2195 1481 tellure
2223 1427 2361 1495 ruit,
2411 1427 2693 1483 laudibus
2748 1427 3005 1483 demum
3059 1422 3274 1481 caloris
3332 1433 3654 1485 assurgens

1987 1514 2240 1587 excepit.
2274 1515 2560 1573 Ambiunt
2587 1531 2727 1570 eum
2762 1516 3035 1587 undique
3064 1510 3230 1568 chori
3245 1506 3651 1582 psallentium,

1986 1604 2046 1659 in
2068 1604 2315 1677 hymnis
2352 1604 2721 1675 organisque
2750 1602 3084 1662 dulcisonis
3106 1615 3247 1656 cum
3263 1596 3511 1668 iugibus
3528 1596 3656 1667 thy-

202 1692 476 1765 amplius
537 1692 762 1756 dicam,
811 1705 920 1747 nec
968 1704 1214 1762 prorsus
1263 1686 1485 1745 alicubi
1538 1684 1879 1747 audierant.
1912 1704 1957 1763 Β
1989 1693 2348 1750 miamatum
2378 1691 2888 1765 diversorumque
2931 1692 3275 1751 aromatum
3318 1683 3657 1763 vaporibus

203 1781 483 1855 quotidie
503 1780 911 1850 jncundanter
941 1775 1411 1843 contuebantur;
1451 1780 1508 1831 et
1534 1772 1883 1833 conmendo

205 1870 560 1929 salutariter
583 1867 1001 1941 pascebantur.
1035 1866 1126 1924 Sic
1159 1869 1466 1935 gratanter
1491 1864 1655 1921 viam
1679 1863 1883 1932 legen-

205 1967 312 2025 tes.
345 1960 429 2017 ad
458 1958 576 2015 diu
596 1956 904 2030 praeoptati
927 1955 1081 2011 ruris
1107 1954 1259 2010 ﬁnes
1288 1952 1646 2026 perveniunt
1670 1969 1687 2006 ;
1710 1955 1882 2011 sexto

205 2050 285 2106 ab
316 2047 476 2105 urbe
504 2045 787 2102 milliario
810 2044 1126 2101 stationem
1155 2043 1538 2110 collocantes,
1593 2040 1790 2099 donec
1819 2040 1881 2099 in

205 2137 462 2195 obviam
487 2134 751 2191 οωιθειλε
774 2133 971 2191 militis
993 2132 1149 2201 legio
1178 2148 1242 2188 se
1272 2133 1639 2204 praepararet
1653 2128 1876 2196 omnis,

203 2226 653 2298 gloriosissimo
679 2223 879 2279 victori
902 2222 1284 2287 obsecutura,
1316 2236 1423 2292 per
1449 2235 1632 2292 quem
1660 2223 1717 2275 et
1742 2218 1882 2290 ipsa

206 2316 505 2372 virtutum
566 2312 763 2370 loricis
808 2311 1047 2369 obtecta
1097 2311 1353 2369 disceret
1380 2314 1587 2367 contra
1642 2309 1879 2367 hostem

205 2403 629 2459 saevissimum
647 2400 1133 2474 inexpugnabilia
1162 2415 1402 2455 sumere
1427 2397 1772 2463 certamina,
1822 2401 1881 2453 et

202 2494 334 2563 ejus
379 2495 604 2547 sancta
649 2490 827 2559 digne
871 2488 1201 2546 excolendo
1252 2487 1497 2544 vulnera
1540 2485 1881 2559 acquireret

203 2580 489 2637 lauream
518 2583 580 2635 et
610 2584 835 2650 tropaea
854 2576 1159 2650 perennia.

827 2667 1049 2723 CAPUT
1088 2665 1268 2719 XXII.

273 2758 549 2814 Antistes
610 2754 961 2811 venerabilis
1024 2752 1332 2809 Rothadus
1378 2740 1679 2823 antiquior
1737 2753 1878 2806 tunc

204 2851 579 2903 Suessorum
592 2844 836 2915 regebat
843 2843 1130 2899 ecclesias
1139 2841 1250 2897 lica
1266 2839 1731 2896 commonitione
1742 2851 1876 2909 pro-

204 2939 445 2991 motam
473 2932 651 2988 totius
677 2930 902 2986 ordinis
930 2929 1283 2987 clericorum
1303 2944 1373 2984 ac
1404 2926 1570 2997 vulgi
1598 2940 1874 2991 manum,

1982 1781 2360 1855 quibusdam
2386 1779 2602 1837 vexilla
2632 1780 2926 1837 micantia
2950 1775 3351 1850 gestantibus,
3382 1773 3494 1832 illis
3519 1788 3655 1831 cru-

1989 1872 2074 1927 cis
2092 1871 2379 1940 stigmata
2408 1885 2557 1926 auro
2585 1868 2756 1925 fulvo
2781 1868 3104 1936 radiantia,
3161 1877 3659 1937 gemmarumque

1988 1963 2232 2019 diverso
2256 1961 2458 2017 colore
2500 1961 2820 2033 perlucida
2868 1958 3232 2025 ferentibus;
3264 1955 3358 2012 his
3402 1954 3659 2027 thymia-

1990 2050 2238 2105 materia
2264 2066 2333 2104 ac
2359 2049 2663 2116 thurifera,
2689 2049 2815 2107 illis
2831 2046 3183 2107 ceroferalia
3202 2043 3659 2118 deportantibus

1988 2143 2168 2211 atque
2197 2153 2451 2195 corusco
2474 2137 2708 2193 lumine
2740 2138 2907 2195 diem
2951 2134 3331 2205 augentibus.
3385 2132 3506 2190 Tali
3541 2136 3661 2193 tro:

1988 2243 2122 2300 pec
2146 2241 2507 2299 perpropere
2528 2226 2826 2283 devectus
2850 2227 2913 2284 in
2935 2225 3137 2282 locum
3167 2223 3370 2280 divina
3391 2221 3502 2279 sibi
3522 2236 3661 2294 pro-

1985 2317 2215 2373 visione
2246 2314 2588 2386 divinisque
2617 2316 2985 2377 muneribus
3004 2318 3426 2388 prseparatum,
3473 2311 3661 2384 depo-

1986 2406 2146 2463 nitur
2167 2406 2338 2475 juxta
2367 2402 2614 2473 gloriosi
2635 2404 3009 2461 confessoris
3037 2403 3247 2467 Christi
3275 2400 3530 2461 Medardi
3562 2405 3658 2461 tu-

1988 2494 2221 2552 n-ulum
2278 2491 2733 2553 exsultantibus
2784 2493 3025 2561 animis,
3072 2493 3323 2568 parique
3361 2496 3659 2549 concentu

1984 2585 2097 2640 ista
2126 2582 2356 2638 cunctis
2384 2594 2607 2636 canore
2640 2580 3121 2639 modulantibus.
3146 2604 3174 2633 «
3204 2582 3471 2652 Insignes
3499 2595 3658 2653 pree-

1986 2671 2199 2741 coniis,
2231 2669 2408 2737 alme,
2436 2674 2555 2723 tute
2606 2668 2910 2726 nobilitati
2941 2675 3277 2728 consonant
3310 2685 3488 2727 voces
3530 2669 3656 2726 col-

1984 2759 2320 2825 laudantes,
2349 2755 2535 2811 verbo
2570 2756 2839 2828 supplici
2885 2773 3341 2831 prosequamur.
3398 2762 3538 2824 Ave,
3571 2756 3658 2812 in-

1985 2848 2137 2919 clyte
2194 2849 2442 2916 martyr,
2505 2844 2872 2913 angelorum
2915 2862 3182 2914 consors,
3238 2845 3652 2919 apostolorum

1986 2936 2203 3003 socius,
2234 2934 2675 3008 prophetarum
2708 2935 2971 2992 concivis
3001 2941 3058 2992 et
3093 2940 3430 3008 martyrum
3459 2935 3657 2992 cohae-

201 3023 530 3095 explorato
558 3018 994 3092 repansationis
1034 3017 1188 3083 loco,
1247 3015 1494 3075 obviam
1531 3014 1600 3075 ﬁt
1642 3017 1872 3105 sancto,
1903 3050 1945 3105 ο
1982 3041 2102 3092 ωε,
2134 3026 2337 3079 sancte
2370 3020 2748 3087 Sebastiani
2780 3022 3082 3080 intercede
3117 3040 3228 3097 ριιο
3264 3026 3469 3081 nostra
3525 3038 3654 3078 om-

200 3110 554 3181 omnigenis
574 3124 883 3165 sacrorum
913 3106 1249 3165 ofﬁciorum
1276 3105 1555 3163 cantibus
1580 3109 1639 3160 et
1694 3102 1871 3160 obse-

199 3201 365 3275 quiis
394 3198 798 3255 virtutiferum
823 3196 1100 3253 ambiens
1129 3209 1371 3268 corpus,
1398 3194 1535 3253 totis
1563 3191 1871 3265 amplecti-

199 3296 295 3347 tur
326 3288 588 3352 viribus,
615 3286 882 3360 percolit,
914 3290 1253 3352 veneratur,
1280 3284 1544 3356 indeque
1587 3281 1869 3341 solemni-

199 3384 286 3435 ter
308 3378 517 3443 effert,
547 3375 848 3445 etingenti
876 3372 1208 3446 frequentia
1247 3388 1318 3430 ac
1370 3372 1580 3430 festivo
1609 3370 1869 3443 tripudio

197 3469 259 3524 in
286 3468 518 3525 urbem
540 3469 784 3523 ovanter
818 3463 1112 3521 transfert.
1147 3462 1353 3521 Omnis
1401 3478 1581 3519 sexus
1610 3465 1669 3519 et
1720 3464 1868 3521 mtas

198 3554 549 3613 admirabili
573 3552 918 3626 spectaculo
937 3556 1103 3609 extra
1131 3567 1357 3609 muenia
1381 3566 1722 3617 occurrens,
1751 3554 1868 3605 tur-

198 3648 312 3704 mis
344 3648 632 3702 sanctum
658 3641 1021 3715 stipantibus
1048 3640 1186 3697 laeta
1210 3645 1401 3698 semet
1427 3638 1743 3708 interserit,
1771 3655 1868 3695 voc

200 3737 319 3793 tiva
343 3733 719 3791 munuscula
732 3731 929 3801 mittit,
952 3746 1172 3802 agmen
1198 3731 1595 3803 splendensin
1615 3730 1869 3787 immen-

200 3841 335 3881 sum
369 3822 637 3879 conﬁcit.
680 3823 794 3877 Pro
822 3821 1034 3878 fanum
1072 3820 1330 3893 quisque
1383 3818 1710 3892 deputavit,
1762 3819 1867 3890 qui

198 3915 343 3973 huic
372 3919 499 3970 tam
523 3911 787 3984 glorioso
827 3910 1092 3982 receptui
1140 3909 1424 3967 interesse
1468 3924 1596 3966 non
1651 3907 1862 3980 potuit.

199 4001 604 4060 Psallentibus
624 3999 865 4074 placido
892 3998 1306 4057 modulamine
1333 3998 1550 4064 choris,
1571 3995 1865 4069 plauden-

201 4093 364 4149 tibus
391 4089 762 4163 popnlorum
787 4087 1290 4151 concursibusyin
1316 4085 1631 4144 basilicam
1667 4084 1864 4155 majo—

197 4198 327 4241 rem
358 4181 683 4237 beatorum
711 4182 1048 4249 martyrum
1062 4176 1393 4234 Gervasiiet
1418 4175 1664 4233 Protasii
1693 4188 1865 4247 pom-

199 4272 406 4345 patico
454 4269 763 4341 triumpho
815 4267 1134 4325 invehitur.
1182 4266 1285 4322 Hic
1316 4264 1571 4323 claudus
1616 4264 1765 4321 facie
1805 4268 1866 4321 et

197 4358 509 4415 debilitate
542 4355 834 4413 universis
872 4359 1051 4412 notus
1108 4353 1340 4411 medias
1382 4354 1536 4411 inter
1593 4357 1863 4411 catervas

198 4447 487 4513 constitit,
519 4446 625 4519 qui
648 4445 851 4503 multis
880 4445 941 4499 in
967 4443 1181 4500 eadem
1213 4443 1444 4501 civitate
1468 4442 1866 4503 annisincola

198 4535 653 4609 hospitabatur,
678 4539 737 4589 et
756 4533 951 4590 sancti
979 4533 1261 4605 opinione
1289 4532 1514 4603 audita,
1548 4537 1687 4589 tunc
1717 4532 1865 4589 forte

199 4623 673 4693 subintraverat,
697 4621 933 4677 nescius
960 4636 1086 4693 quo
1098 4620 1301 4691 prima
1312 4620 1592 4677 virtutum
1612 4634 1865 4676 suarum

200 4711 472 4782 insignia
501 4715 731 4782 martyr
759 4708 996 4764 Domini
1016 4708 1077 4763 in
1098 4720 1170 4765 eo
1189 4707 1337 4766 inibi
1361 4707 1743 4765 manifestare
1764 4722 1867 4764 vo-

199 4801 434 4857 luisset.
465 4800 618 4856 Cum
638 4814 783 4868 ergo
808 4798 959 4861 inter
984 4796 1216 4858 medias
1263 4796 1724 4868 irrumpentium
1770 4811 1866 4853 ca-

202 4895 405 4947 tervas
423 4888 794 4960 consisteret,
830 4887 1029 4944 subito
1053 4901 1388 4943 concussus
1414 4884 1624 4945 virtute
1671 4885 1870 4944 invisi-

199 4980 307 5036 bili
340 4983 501 5035 totus
528 4977 1106 5041 intremuit,crurum
1132 4974 1560 5032 informitatem
1588 4974 1862 5039 mutavit.

201 5069 449 5124 tardam
468 5071 976 5140 etpraemortuam
1005 5063 1471 5123 imbecillitatem
1488 5063 1693 5135 rejeeit
1718 5063 1867 5121 cele-

198 5158 381 5230 rique
406 5156 774 5213 relaxatione
802 5156 1022 5211 inertes
1050 5152 1489 5223 genucula-um
1512 5153 1704 5211 ﬂexus
1733 5168 1868 5226 pro-

202 5245 415 5302 tendit.
448 5244 621 5302 Nulla
646 5244 1051 5301 intercedente
1081 5257 1253 5299 mora
1281 5242 1526 5300 meandi
1553 5243 1722 5314 vigor
1774 5244 1866 5301 in-

200 5335 414 5404 valuit,
446 5350 654 5391 coram
682 5333 969 5405 omnibus
994 5332 1250 5405 impiger
1275 5332 1546 5401 surrexit,
1578 5337 1715 5389 ante
1732 5349 1867 5389 san-

201 5428 371 5480 ctum
402 5423 761 5490 ambulavit,
794 5421 1113 5477 incolumis
1138 5425 1197 5477 et
1232 5422 1506 5491 gaudens
1554 5422 1862 5479 abscessit.

202 5512 433 5568 Exhinc
448 5513 526 5568 ad
544 5516 766 5569 sanctae
780 5508 1030 5579 Virginis
1047 5510 1237 5568 Mariae
1265 5511 1409 5581 (466)
1431 5511 1863 5567 monasterium

200 5602 578 5677 deportatur,
605 5602 927 5672 magniﬁce
940 5601 1385 5674 excipitur.Quo
1408 5606 1575 5658 tanta
1599 5602 1865 5658 multitu-

270 5709 433 5791 (ssc)
450 5712 753 5766 Hactenus
774 5707 1014 5778 insigne
1028 5706 1704 5778 coenobium-virginum
1754 5709 1864 5765 Be-

198 5780 670 5851 nedictinarum.

1895 4401 1943 4454 D

1982 3114 2153 3170 nium
2202 3111 2415 3166 salute.
2450 3132 2480 3160 »
2526 3113 2609 3166 Ea
2636 3114 2767 3167 tum
2814 3113 3126 3169 Dominica
3149 3112 3280 3169 dies
3330 3112 3482 3182 (l6?)
3540 3111 3651 3169 fuit

1980 3204 2164 3275 (anno
2191 3198 2334 3271 826),
2354 3214 2754 3275 congruoque
2775 3201 3194 3258 modulamine
3214 3200 3546 3272 antiphona
3565 3200 3647 3256 ad

1977 3292 2287 3349 introitum
2322 3287 2724 3361 praetitulatur
2751 3307 2765 3344 :
2798 3292 3071 3361 Populus
3099 3293 3266 3357 Sion,
3294 3305 3425 3346 ecce
3450 3291 3647 3347 Domi-

1978 3398 2092 3440 nus
2122 3381 2314 3438 veniet
2344 3378 2425 3434 ad
2453 3378 2787 3435 salvandas
2813 3385 3038 3450 gentes.
3071 3380 3353 3449 Gongrua
3370 3377 3648 3434 modula-

1978 3471 2135 3527 tione
2164 3466 2327 3523 salus
2356 3464 2457 3521 illa
2487 3465 2809 3536 singularis
2840 3467 3271 3524 lncarnationis
3300 3465 3640 3534 Dominicaa,

1976 3575 2114 3633 quin
2125 3553 2353 3612 cunctis
2369 3557 2623 3611 ventura
2639 3554 2921 3621 gentibus
2936 3556 3050 3611 hoc
3072 3554 3336 3626 capitulo
3356 3569 3640 3626 praenun-

1977 3648 2121 3705 tiata
2142 3648 2253 3707 est,
2286 3641 2542 3698 salutem
2602 3659 2675 3698 ac
2709 3642 2977 3700 laetitiam
3026 3643 3258 3703 cunctis
3316 3640 3636 3699 Galliarum

1975 3734 2215 3812 populis
2239 3748 2312 3788 ex
2343 3730 2611 3787 adventu
2637 3731 2819 3802 huius
2847 3730 3120 3804 praeclari
3172 3729 3456 3804 martyris
3484 3729 3638 3788 refu-

1975 3827 2081 3895 dit,
2111 3827 2170 3880 et
2196 3823 2247 3877 si
2265 3836 2406 3877 cum
2426 3819 2550 3877 ﬁde
2575 3820 2814 3894 petitur,
2835 3821 2967 3892 ejus
2988 3819 3242 3877 obtentu
3278 3818 3638 3893 temporalia

1976 3916 2140 3972 dona
2166 3916 2227 3968 et
2252 3909 2506 3982 prmmia
2532 3909 2780 3981 largitur
2833 3913 3077 3967 aeterna.
3136 3911 3181 3966 0
3237 3908 3400 3967 diem
3455 3909 3635 3967 tantis

1976 4004 2224 4060 uberem
2280 3997 2589 4067 laudibus,
2638 3998 2817 4055 tantis
2874 3997 3191 4070 gravidam
3236 3996 3519 4068 gaudiis!
3572 3996 3636 4054 in

1974 4108 2101 4167 qua
2121 4089 2346 4147 athleta
2364 4087 2692 4161 imperialis
2724 4088 3105 4146 Suessionem
3124 4088 3339 4145 urbem
3366 4086 3636 4145 invectus

1973 4185 2082 4250 est,
2114 4194 2239 4253 qua
2267 4192 2379 4234 nec
2405 4176 2541 4235 orbi
2566 4177 2908 4249 jocundior,
2928 4193 3041 4235 nec
3068 4177 3255 4235 modo
3282 4175 3509 4235 efﬂavit
3542 4176 3635 4235 hi-

1972 4270 2174 4328 larior.

2571 4356 2797 4412 CAPUT
2834 4355 3023 4411 XXIV.

2047 4444 2311 4504 Gloriosa
2331 4447 2392 4499 et
2410 4443 2714 4512 condigna
2722 4444 3139 4501 reverentiam
3156 4443 3453 4516 deposito,
3470 4442 3636 4516 puel-

1975 4538 2035 4594 la
2061 4533 2345 4609 quaedam
2376 4532 2455 4590 ab
2485 4532 2630 4605 ipsis
2658 4532 3005 4605 crepundiis
3024 4537 3279 4604 utroque
3302 4532 3460 4604 pede
3478 4531 3633 4588 clau-

1975 4626 2140 4692 dula,
2172 4621 2455 4679 omnibus
2486 4637 2640 4694 pene
2667 4621 3065 4688 notissimum,
3086 4621 3211 4676 suis
3230 4620 3370 4677 illuc
3384 4635 3580 4693 usque
3594 4637 3635 4678 a

1975 4711 2328 4789 parentibus
2338 4715 2428 4766 est
2449 4712 2743 4783 pertracta
2770 4711 2829 4764 et
2851 4713 3059 4769 saneto
3076 4707 3297 4766 oblata.
3312 4712 3447 4765 limo
3464 4712 3630 4765 tanta

1974 4803 2282 4861 velocitate
2313 4800 2755 4873 reparationem
2782 4802 2872 4853 est
2896 4802 3244 4867 consecuta,
3268 4802 3341 4854 ut
3356 4797 3442 4854 nil
3458 4797 3634 4855 vacil-

1974 4893 2134 4949 lante
2158 4904 2389 4959 gressu,
2407 4888 2600 4944 solida
2625 4903 2691 4943 se
2710 4902 2892 4958 super
2907 4886 3181 4947 extulerit
3198 4886 3466 4956 vestigia,
3488 4890 3547 4942 et
3566 4886 3639 4945 in

1976 4982 2304 5052 conspectu
2325 4979 2597 5033 omnium
2621 4978 2759 5032 ante
2783 4980 3061 5033 summm
3085 4974 3314 5043 abierit,
3334 4980 3520 5049 atque
3548 4977 3631 5034 ad

1977 5085 2120 5127 suos
2139 5067 2344 5125 hilaris
2364 5072 2428 5124 et
2448 5083 2602 5124 sana
2627 5065 2884 5122 redierit.
2914 5064 3268 5129 Pammdieo
3308 5069 3528 5129 exacto
3545 5067 3632 5123 in—

1980 5157 2224 5218 tervallo
2238 5157 2392 5213 dum
2410 5171 2721 5212 sacrarum
2739 5153 3066 5211 missarum

1976 5265 2095 5322 pus
2123 5256 2264 5304 cum
2292 5246 2450 5302 clero
2472 5244 2783 5305 insisteret.
3076 5243 3298 5302 debilis
3312 5245 3631 5304 enareidis

1976 5335 2304 5423 poplitibus
2332 5350 2443 5423 per
2469 5334 2689 5423 densas
2716 5332 3055 5423 phalangas
3074 5338 3213 5392 ante
3234 5340 3511 5395 unctum
3526 5336 3632 5393 ad-

1975 5420 2212 5489 ductus,
2236 5422 2520 5479 tibiarum
2542 5420 2845 5494 depressis
2854 5423 3294 5496 supersedebat
3307 5424 3463 5482 suris
3482 5441 3499 5480 :
3516 5425 3633 5481 hoc

1977 5513 2267 5571 familiare
2297 5512 2412 5568 sibi
2443 5511 2627 5568 sedile
2650 5518 2799 5571 erat.
2836 5513 2951 5571 Sed
2972 5519 3039 5571 et
3060 5514 3227 5579 hunc
3256 5520 3488 5587 martyr
3516 5515 3632 5571 cle-

1974 5601 2407 5672 mentissimus,
2457 5600 2629 5660 solita
2684 5602 2900 5677 pietate
2948 5604 3292 5673 miserante,
3334 5602 3634 5662 arentium

2045 5710 2195 5782 (467)
2216 5711 2779 5784 θεωροιυοιηὶιιὶσι
2821 5711 3089 5769 secunda
3120 5710 3465 5784 Adventu,
3510 5725 3635 5783 quo

1976 5780 2279 5853 ejusmodi
2305 5780 2509 5839 versus
2539 5783 2707 5844 initio
2736 5784 2934 5842 missae
2964 5781 3199 5840 concini
3223 5783 3391 5839 solet.
