3940 6184
322 232 425 285 599

1269 225 1597 282 ODILONIS
1635 221 1952 282 MONACHI
1994 221 2052 277 S.
2093 220 2406 276 IEDARDI
2443 221 2806 280 SUESSION.

3617 221 3747 284 τί.

323 366 646 411 nervorum
670 349 863 421 rigore
883 348 1142 406 resoluto
1187 348 1602 406 miserabiliter
1656 347 1876 417 refecit,
1921 349 1979 402 et
2007 346 2055 399 Α
2096 343 2410 402 mulierem
2439 346 2708 404 sauciam
2737 345 2852 402 sub
2891 343 3141 402 articulo
3169 342 3349 400 unius
3398 339 3563 403 11m

326 439 591 513 perfecta
620 439 905 512 sospitate
934 437 1174 511 populis
1204 438 1308 511 qui
1329 439 1459 495 haec
1487 438 1813 495 cernebant
1859 452 1984 493 ma-

329 529 750 601 gniﬁcentibus
775 527 1043 598 donavit,
1075 527 1184 601 qui
1202 532 1288 585 tot
1316 545 1441 584 suae
1461 528 1751 599 longaevas
1779 525 1986 583 debili-

329 619 464 675 tatis
497 621 670 674 testes
702 617 937 685 habuit,
968 622 1117 690 quot
1147 633 1220 673 ex
1259 617 1470 674 eadem
1523 618 1670 674 urbe
1701 616 1859 672 cives
1906 615 1987 671 ad

328 705 474 762 illud
506 709 754 778 potuere
781 705 1194 778 spectaculum
1225 704 1575 778 irrumpere.
1633 708 1747 761 Nec
1793 716 1985 767 mora,

327 808 469 848 cum
497 807 633 848 ecce
662 792 885 849 misera
926 792 1302 865 nimiumque
1356 791 1712 848 miserabilis
1764 787 1989 856 femina

329 885 528 938 mente
557 885 758 953 capta,
781 879 1001 951 linguae
1033 880 1230 938 ofﬁcio
1249 881 1548 951 destituta,
1608 879 1852 936 funibus
1907 880 1990 933 at-

330 969 584 1027 trahitur
609 969 904 1041 colligata.
937 971 1081 1037 que
1115 970 1303 1026 ferino
1331 975 1568 1042 pectore
1599 973 1719 1026 tota
1746 965 1991 1046 interius

332 1061 588 1128 deserta,
614 1058 698 1114 nil
717 1058 864 1130 quid
890 1062 1092 1129 ageret
1115 1064 1282 1116 extra
1305 1075 1516 1115 curare
1537 1057 1787 1119 sciebat.
1813 1071 1994 1126 vaga-

333 1147 556 1204 bundis
579 1163 640 1203 se
670 1147 788 1202 huc
816 1146 1076 1220 illucque
1101 1163 1288 1218 agens
1333 1147 1686 1204 excursibus
1737 1144 1993 1202 lascivos

335 1236 396 1292 in
423 1235 630 1292 turbas
659 1235 848 1293 dabat
871 1236 1060 1293 saltus
1089 1254 1101 1292 :
1131 1252 1240 1293 nec
1262 1241 1475 1293 catena
1531 1236 1611 1293 ab
1668 1233 1993 1292 intentione

335 1325 545 1396 arceri,
574 1341 686 1381 nec
705 1325 886 1382 minis
917 1330 1150 1398 poterat
1179 1326 1462 1383 cohiberi.
1489 1326 1688 1383 Talem
1745 1338 1994 1380 suorum

333 1412 510 1469 labor
539 1413 1097 1486 impatientissimus
1127 1415 1318 1472 sancti
1360 1414 1741 1487 praesentavit
1783 1411 1997 1469 obtuti-

335 1502 475 1558 bus.
507 1503 701 1568 Quam
741 1518 864 1559 non
894 1503 1257 1575 dedignatus
1282 1503 1374 1559 vir
1403 1503 1636 1560 Domini
1665 1501 1992 1576 piissimus,

339 1590 452 1646 sibi
496 1590 824 1647 adductam
879 1592 1160 1664 respexit,
1203 1592 1582 1665 respiciendo
1637 1591 1996 1662 ejulantium

2095 438 2369 490 sanctum
2399 440 2725 509 martyrem
2765 429 2972 492 divino
3000 432 3402 490 medicamine
3450 438 3748 494 eum.

2095 523 2248 578 Nam
2281 521 2436 579 illico
2464 527 2530 580 ut
2559 539 2668 596 spe
2697 526 2841 594 tota,
2869 522 3023 579 sicut
3045 525 3184 580 ante
3211 519 3371 576 fores
3383 521 3752 594 constitues,

2095 608 2174 664 ad
2203 625 2342 666 eum
2374 627 2501 667 sese
2531 611 2798 678 contulit,
2817 611 3078 686 corrupti
3094 609 3320 667 cruoris
3343 608 3514 665 unda
3533 610 3756 680 ξιιρσ

2094 698 2288 755 ﬂuens
2311 699 2588 769 substitit,
2622 699 2785 757 fceda
2812 701 3036 758 ventris
3078 699 3318 756 vomica
3370 697 3432 754 in
3490 699 3756 773 autin

2096 792 2323 844 natura
2354 793 2575 846 statum
2605 789 2915 846 concessit.
2951 789 3122 846 Nulla
3151 787 3272 844 fuit
3322 803 3498 844 mora
3525 787 3754 855 salutis,

2097 876 2201 934 ubi
2220 895 2472 937 manum
2496 880 2807 954 imponere
2830 879 3112 950 dignatus
3137 882 3228 936 est
3255 876 3529 934 medicus
3555 877 3760 939 edes-

2098 965 2188 1022 tis.
2210 967 2505 1024 Cicatricis
2535 984 2646 1025 nec
2670 967 2920 1025 demum
2935 984 3008 1024 ex
3029 966 3373 1024 inﬁrmitate
3394 966 3762 1039 signump-

2098 1055 2234 1124 ruit,
2265 1056 2635 1114 horrendum
2661 1057 2873 1114 dolens
2902 1073 3013 1114 seu
3042 1057 3292 1114 noxium
3320 1055 3625 1130 quidquid
3655 1056 3764 1113 hit

2100 1146 2360 1202 evanuit.
2387 1149 2612 1203 Roseus
2643 1146 2841 1203 subito
2871 1145 3037 1211 color
3053 1145 3294 1202 refusus
3318 1144 3613 1210 caeruleas
3655 1160 3760 1215 ge-

2100 1251 2212 1290 nas
2240 1236 2699 1310 praeoccupavit,
2730 1235 3010 1309 plenarise
3036 1234 3308 1292 sanitatis
3321 1234 3516 1291 indita
3538 1234 3764 1306 gaudia

2101 1323 2375 1380 innotuit.
2394 1327 2530 1382 Esto
2549 1325 2696 1399 quid
2716 1325 2846 1382 haec
2867 1325 3082 1382 mulier
3108 1324 3187 1381 ab
3203 1324 3407 1398 aliquo
3423 1338 3764 1380 sacramen-

2102 1417 2300 1469 torum
2320 1413 2594 1486 imperito
2619 1413 2893 1470 audierat
2919 1412 3369 1470 observandum
3411 1427 3571 1479 esse,
3605 1411 3762 1469 ιιιώ

2103 1500 2378 1570 ingressu
2407 1501 2612 1575 templi
2639 1502 3132 1575 eucharistireque
3150 1501 3538 1575 perceptione
3551 1499 3763 1557 tandm

2104 1589 2443 1659 abstineret,
2475 1591 2748 1665 quandiu
2778 1591 2840 1647 in
2883 1591 3068 1662 hujus
3097 1590 3462 1648 inﬁrmitatis
3509 1590 3765 1646 immun-

339 1679 821 1752 propinquorum
848 1680 1203 1753 lacrymosis
1232 1681 1511 1755 precibus
1534 1681 1697 1748 favit,
1711 1678 1998 1754 loquendi
2035 1698 2078 1752 Β
2105 1677 2248 1734 ditia
2267 1679 2604 1736 mansisset.
2613 1679 2728 1736 Sed
2749 1679 3062 1736 sciendum
3077 1682 3376 1750 corruptae
3389 1683 3764 1751 natumpae-

343 1767 611 1824 ablatum
633 1766 872 1841 penitus
903 1785 1083 1826 usum
1107 1769 1310 1843 palato
1332 1769 1571 1839 refudit,
1599 1785 1845 1826 sensum
1873 1784 1997 1825 non

345 1856 540 1913 solum
565 1855 936 1930 reformavit,
961 1875 1172 1915 verum
1195 1864 1374 1916 etiam
1399 1859 1640 1930 largiter
1675 1859 1859 1916 auxit.
1917 1857 2002 1913 Fit

342 1944 542 2002 laetitia
566 1945 765 2002 timeri
809 1947 1145 2019 commista,
1182 1948 1456 2004 omnium
1511 1947 2000 2020 promptissimus

344 2050 488 2105 erga
515 2035 646 2106 ejus
672 2035 899 2092 cultum
931 2036 1360 2110 multiplicatur
1413 2037 1684 2104 affectus,
1738 2036 2000 2108 denique

343 2122 696 2197 praesentem
725 2123 874 2180 inibi
903 2125 1002 2181 Dei
1029 2127 1405 2197 majestatem
1451 2125 1771 2182 summisse
1815 2125 2001 2182 hono-

342 2216 480 2268 rant
507 2216 566 2268 et
591 2211 891 2282 excolunt,
939 2213 1304 2271 benedi'cunt
1347 2218 1406 2272 et
1458 2213 1732 2278 laudant,
1783 2212 2002 2270 dehinc

345 2300 570 2366 alacres
595 2300 674 2356 ad
697 2301 942 2374 propria
961 2308 1248 2368 remeant.
1284 2307 1419 2358 Post
1445 2319 1756 2360 sacrorum
1808 2301 2006 2375 exple-

344 2390 567 2445 tionem
597 2387 793 2446 densa
819 2392 957 2462 quae
986 2390 1270 2447 asistebat
1306 2391 1552 2447 collecta
1600 2391 2001 2464 undecunque

346 2475 666 2533 multitudo
693 2476 1014 2533 intrantem
1045 2477 1192 2534 vidit
1209 2477 1539 2551 quemdam
1574 2494 1766 2551 usque
1789 2494 2000 2535 casum

347 2565 808 2622 claudicantem.
845 2566 957 2623 Sed
986 2566 1147 2622 hunc
1167 2567 1356 2624 sancti
1381 2567 1658 2639 Martyris
1679 2565 2001 2624 absolutio-

345 2671 421 2710 ne
444 2653 716 2728 protinus
740 2655 977 2727 regredi
999 2671 1149 2712 sana
1178 2655 1386 2728 planta
1415 2655 1741 2729 obstupuit.

399 2757 402 2759 “
951 2746 1176 2801 CAPUT
1222 2747 1393 2802 XXV.

420 2833 648 2890 Sanctis
677 2832 783 2906 qui
807 2849 918 2905 pro
946 2849 1153 2891 amore
1174 2834 1266 2890 sui
1286 2835 1608 2892 conditoris
1619 2835 1864 2908 propria
1879 2851 2005 2890 cor-

347 2937 499 2995 pora
522 2921 974 2978 immanissimis
997 2922 1351 2994 passionum
1383 2923 1758 2980 tradiderunt
1785 2922 2008 2996 suppli-

349 3010 476 3099 ciis,
505 3009 670 3100 nulla
690 3009 1115 3100 inﬁrmitatum
1145 3011 1372 3068 curatio
1397 3011 1653 3068 difﬁcilis
1697 3016 1804 3082 est,
1863 3011 2010 3085 quia
2045 3046 2096 3100 ο,

349 3095 473 3171 quo
505 3097 796 3154 acerbitas
825 3102 1263 3156 tormentorum
1291 3101 1607 3157 adversum
1651 3117 1756 3158 eos
1811 3101 2008 3158 acrius

349 3187 652 3256 insanivit,
684 3203 754 3243 eo
782 3187 843 3244 in
882 3188 966 3245 eis
1021 3188 1418 3262 spiritualium
1476 3190 1778 3248 donorum
1818 3191 2012 3262 gratia

349 3276 546 3347 major
571 3275 829 3344 emicuit,
855 3280 919 3333 ut
942 3279 1275 3334 secundum
1295 3279 1526 3335 Domini
1550 3279 1760 3337 Christi
1801 3279 2014 3336 veridi-

351 3379 488 3420 cam
517 3363 1008 3438 pollicitationem
1039 3367 1386 3439 centuplum
1412 3368 1829 3442 unusquisque
1861 3369 2010 3442 quid

349 3453 599 3511 dederat
622 3453 913 3528 reciperet
939 3459 996 3511 et
1021 3455 1191 3511 stella
1219 3457 1299 3513 ab
1331 3456 1498 3513 stella
1526 3473 1636 3531 pro
1687 3457 1837 3514 lucis
1887 3474 2010 3514 sum

349 3543 636 3616 qualitate
664 3544 930 3600 distaret.
961 3545 1132 3611 Quod
1159 3545 1241 3602 ita
1261 3545 1320 3602 in
1350 3546 1623 3620 superius
1650 3546 2012 3604 habitaculis

350 3632 506 3690 mira
535 3633 637 3690 Dei
683 3633 1136 3706 dispensatione
1165 3635 1262 3705 agi
1297 3635 1436 3692 hinc
1460 3635 1690 3709 liquido
1745 3636 2017 3693 animad-

348 3723 614 3792 vertitur,
647 3723 792 3796 quia
819 3723 915 3779 his
947 3739 1193 3797 quoque
1241 3725 1456 3782 mediis
1516 3725 1764 3782 sedibus
1791 3725 2018 3799 quibus

350 3827 562 3868 eorum
588 3810 872 3868 mortalia
902 3817 1235 3884 servantur,
1262 3814 1522 3871 discreta
1552 3815 1902 3871 meritorum
1927 3830 2016 3871 re-

357 3900 679 3958 tributione
710 3901 1022 3971 signorum
1037 3902 1427 3960 illustratione
1450 3903 1878 3982 gloriﬁcantur.
1933 3909 2020 3960 ln-

355 3995 443 4045 ter
471 4005 628 4062 quos
653 3988 753 4045 hic
769 3989 1019 4060 belliger
1048 3991 1573 4049 victoriosissimus
1599 4009 1670 4049 ac
1696 3993 2016 4049 contuber-

355 4077 458 4132 nio
478 4075 812 4149 martyrum
854 4079 1193 4136 certaminis
1228 4081 1321 4137 sui
1365 4081 1752 4138 nobilissimis
1776 4083 2018 4156 tropaeis

357 4164 754 4237 praestantior,
779 4169 918 4238 post
928 4167 1020 4222 sui
1033 4183 1277 4240 quoque
1287 4169 1716 4226 delibationem
1729 4171 2019 4228 virtutum

357 4251 628 4310 ubertate
655 4252 1155 4326 magniﬁcentior,
1189 4260 1419 4314 tantam
1442 4275 1551 4332 per
1574 4258 1844 4316 divinam
1890 4275 2023 4330 gra-

358 4341 504 4398 tiam
531 4340 787 4414 adeptus
807 4345 895 4398 est
927 4342 1373 4415 perfectionem,
1404 4351 1470 4402 ut
1499 4351 1852 4404 cunctarum
1879 4364 2019 4403 eum

359 4431 650 4489 meruisse
671 4431 896 4489 clareat
909 4447 1130 4504 genera
1143 4433 1488 4492 sanitatum.
1505 4438 1647 4502 Qua;
1660 4453 1799 4493 cum
1815 4437 2022 4494 omnia

359 4520 614 4577 miriﬁca
644 4520 782 4589 sint,
809 4519 912 4579 illa
931 4522 1240 4596 praecipue
1292 4527 1431 4582 sunt
1485 4525 1884 4583 admiratione
1937 4526 2026 4582 di-

359 4609 674 4682 gnissima,
693 4626 832 4683 quas
855 4615 914 4668 et
943 4611 1229 4669 inusitata
1258 4613 1456 4684 magis
1487 4619 1546 4671 et
1570 4629 1696 4671 non
1737 4630 2025 4672 concessa

360 4696 582 4754 multis.
614 4702 824 4772 itaque
849 4698 926 4756 de
955 4699 1257 4770 ejusmodi
1275 4716 1469 4758 unum
1489 4717 1522 4758 e
1553 4701 1828 4775 pluribus
1876 4702 2024 4759 refe-

361 4803 514 4845 ram.
543 4789 809 4845 Matrona
836 4788 1122 4861 quaidam
1158 4789 1328 4846 ﬂuxu
1383 4790 1696 4862 sanguinis
1736 4791 2024 4849 laborans

361 4876 496 4948 ipso
524 4875 622 4932 die
643 4877 1044 4950 susceptionis
1071 4878 1202 4949 ejus
1230 4879 1500 4948 veniens,
1535 4879 1690 4937 stetit
1719 4881 1781 4936 in
1819 4879 2026 4937 limine

362 4964 646 5034 basilicae,
661 4965 905 5023 conscia
924 4966 2024 5040 indeﬁcientisorditatione,indignam

367 5068 433 5108 se
461 5053 926 5125 introgressione
957 5057 1102 5130 prmj
1113 5056 1386 5127 udicans,
1423 5058 1772 5115 incessabili
1806 5059 2028 5132 proﬂu-

364 5141 484 5213 vio,
511 5144 803 5214 sanguine
828 5150 1106 5204 vacuata.
1139 5148 1283 5204 Octo
1320 5148 1450 5219 jam
1503 5163 1804 5204 annorum
1833 5147 2028 5205 orbita

367 5235 704 5288 excesserat
731 5232 1162 5292 in-inﬁrmitate
1204 5235 1332 5292 sine
1363 5235 1838 5309 interpolatione,
1900 5236 2028 5294 sine

367 5320 792 5392 rcsumptione,
823 5321 954 5379 sine
975 5324 1220 5397 requie;
1253 5325 1514 5398 denique
1538 5326 1687 5399 quid
1706 5330 1930 5398 ageret,
1949 5325 2028 5383 ad

368 5425 554 5483 quem
577 5425 638 5466 se
670 5413 921 5466 verteret
946 5412 1285 5480 ignorabat.
1319 5414 1552 5471 Crebris
1583 5415 1804 5472 anhela
1835 5415 2030 5490 suspi-

367 5499 490 5568 riis,
517 5500 772 5568 humore
788 5501 1109 5572 sanguinis
1151 5503 1648 5574 superexhausta,
1701 5505 2029 5563 anxietates

368 5588 601 5646 validas
627 5588 876 5646 defessis
898 5588 996 5647 vix
1026 5589 1314 5648 tolerabat
1347 5594 1656 5650 membris.
1680 5596 1888 5653 Mirum
1910 5595 2030 5652 val-

369 5679 444 5735 de
466 5683 524 5737 et
547 5678 877 5754 plurimum
903 5679 1178 5748 mirabile
1203 5695 1310 5755 per
1339 5687 1424 5746 tot
1444 5687 1782 5758 temporum
1835 5687 2028 5759 spatia

347 5941 412 6008 -ᾆρε

2054 4397 2098 4452 D

2108 1767 2340 1824 sionem
2369 1768 2612 1842 culpam
2629 1785 2752 1825 non
2778 1785 2929 1833 esse,
2957 1783 3068 1825 nec
3090 1783 3213 1824 uno
3232 1767 3480 1823 verbere
3501 1781 3764 1823 cenem

2107 1857 2519 1914 ecclesiasticae
2556 1857 2732 1930 plecti
2786 1857 3189 1915 voluntariam
3240 1856 3667 1929 pollutionem,
3711 1862 3763 1912 et

2110 1945 2416 2004 taediosam
2429 1947 2956 2020 inevitabilemque
2976 1947 3266 2004 naturalis
3281 1946 3767 2003 incommodine-

2109 2035 2467 2092 cessitatem.
2500 2035 2666 2092 Illam
2684 2037 2843 2093 enim
2863 2041 3197 2110 spontaneo
3213 2049 3514 2092 consensu
3528 2035 3762 2091 animus

2107 2123 2337 2179 illectus
2356 2123 2580 2196 patitur
2607 2141 2620 2179 :
2639 2125 2796 2184 hanc
2812 2124 3152 2198 depravatae
3181 2128 3410 2180 naturae
3424 2137 3617 2196 pana
3628 2123 3767 2179 mul-

2108 2213 2275 2269 tavit.
2311 2212 2427 2270 Sed
2453 2214 2743 2286 quoniam
2774 2213 2922 2287 quid
2955 2213 3031 2269 de
3058 2214 3173 2270 hac
3200 2228 3264 2269 re
3303 2227 3619 2270 canonum
3671 2211 3765 2268 de:

2110 2305 2270 2358 creta
2297 2300 2558 2357 sentiant
2580 2300 2889 2372 ignoratur
2926 2319 2956 2357 ει
2993 2300 3213 2369 multis,
3242 2316 3367 2357 non
3399 2300 3481 2357 ab
3518 2317 3600 2357 re-
3636 2315 3765 2357 ceu-

2112 2390 2206 2446 sui
2234 2389 2374 2446 huic
2401 2389 2536 2446 loco
2563 2390 2869 2447 decretum
2895 2390 2970 2446 de
2983 2389 3193 2447 eadem
3207 2406 3270 2446 re
3291 2389 3656 2446 venerabilis
3673 2406 3767 2463 pa-

2109 2496 2200 2554 pse
2230 2479 2491 2550 Gregorii
2515 2480 2946 2536 innectendum
2972 2482 3059 2547 (in
3089 2494 3354 2549 respons.
3387 2479 3471 2534 ad
3491 2476 3766 2548 August.)

2111 2568 2202 2625 Ait
2228 2569 2388 2624 enim
2423 2585 2435 2623 :
2461 2591 2489 2619 «
2523 2572 2841 2641 Nunquam
2871 2568 3085 2624 mulier
3105 2568 3254 2624 dum
3273 2564 3764 2624 consuetudinem

2112 2661 2484 2714 menstruam
2512 2657 2754 2730 patitur,
2781 2656 3085 2731 prohiberi
3113 2655 3291 2712 debet
3307 2655 3628 2712 ecclosiam
3683 2655 3765 2708 in-

2113 2752 2289 2817 trare,
2321 2763 2458 2820 quae
2483 2748 2536 2803 ei
2569 2751 2796 2804 naturae
2838 2747 3220 2820 superﬂuitas
3273 2745 3334 2801 in
3363 2744 3612 2818 culpam
3653 2758 3768 2798 non

2114 2835 2275 2892 valet
2298 2834 2603 2908 reputari:
2639 2840 2696 2891 et
2749 2850 2858 2908 per
2901 2835 3018 2891 hoc
3073 2833 3238 2908 quod
3291 2832 3482 2890 invita
3525 2831 3768 2905 patitur,

2113 2923 2342 2994 justum
2365 2938 2488 2979 non
2519 2927 2631 2990 est,
2663 2927 2729 2979 ut
2747 2923 3016 2979 ecclesiis
3043 2921 3320 2992 ingressu
3347 2921 3640 2994 privetur.
3671 2921 3763 2974 No

2115 3011 2317 3066 vimus
2342 3027 2608 3084 namque
2635 3011 2799 3084 quod
2831 3010 3048 3067 mulier
3063 3026 3201 3083 qua:
3228 3009 3461 3065 ﬂuxum
3511 3006 3770 3080 patieba.

2118 3105 2213 3155 tur
2244 3100 2576 3172 sanguinis,
2601 3105 2738 3173 post
2756 3105 3000 3170 tergum
3027 3097 3260 3155 Domini
3327 3096 3638 3154 humiliter
3684 3110 3771 3150 ve-

2118 3189 2288 3246 niens
2308 3188 2643 3245 vestimenti
2673 3189 2805 3260 ejus
2828 3188 3131 3244 ﬁmbriam
3163 3187 3372 3257 tetigit,
3395 3191 3582 3259 atque
3601 3184 3688 3241 ab
3707 3199 3773 3239 ea

2119 3278 2316 3336 statim
2345 3294 2455 3334 sua
2483 3277 2798 3336 inﬁrmitas
2823 3277 3150 3334 recessit.Si
3179 3291 3325 3347 ergo
3354 3276 3416 3332 in
3453 3275 3628 3331 ﬂuxu
3652 3287 3776 3330 san-

2120 3367 2319 3439 guinis
2343 3368 2539 3441 posita
2565 3367 2948 3424 laudabiliter
2964 3366 3157 3441 potuit
3188 3365 3421 3422 Domini
3453 3364 3770 3420 vestimen-

2121 3461 2182 3512 ta
2209 3459 2474 3526 tangere,
2507 3472 2612 3512 cur
2639 3472 2777 3530 qua:
2820 3459 3195 3511 menstruum
3231 3453 3598 3522 sanguinem
3637 3451 3773 3525 pati-

2125 3551 2237 3615 tur,
2260 3560 2379 3602 non
2407 3545 2580 3601 liceat
2602 3545 2838 3601 Domini
2863 3543 3181 3601 ecclesiam
3208 3543 3429 3599 intrare
3460 3543 3492 3597 ?
3533 3541 3674 3598 Sed
3699 3540 3776 3596 di-

2125 3634 2209 3689 cis
2244 3651 2270 3690 εν
2313 3633 2479 3689 illam
2538 3633 2857 3690 inﬁrmitas
2911 3632 3202 3706 compulit
3267 3631 3773 3688 medicamentum

2123 3723 2370 3798 quidem
2385 3727 2596 3780 contra
2613 3724 3030 3793 aegritudinem
3045 3722 3359 3796 explorare
3379 3739 3392 3790 ;
3417 3721 3664 3778 femine
3680 3721 3773 3775 ita-

2123 3829 2241 3886 que
2257 3818 2315 3869 et
2338 3816 2682 3868 menstruus
2701 3813 2795 3870 sui
2817 3811 3127 3883 sanguinis
3149 3811 3346 3867 ﬂuxus
3365 3809 3769 3880 aegritudoest.

2128 3903 2183 3961 Si
2207 3903 2291 3959 illi
2311 3902 2712 3973 sanguinariae
2742 3903 3091 3960 conceditur
3111 3903 3362 3968 sanitas,
3385 3913 3771 3957 curacum

2126 3993 2372 4050 cedatur
2397 3991 2625 4049 cunctis
2649 3991 3002 4048 mulieribus
3031 4007 3168 4064 quis
3198 3997 3426 4046 natura;
3457 4005 3589 4046 sum
3643 3988 3767 4046 vitio

2126 4081 2506 4138 inﬁrman-tur
2535 4081 2562 4137 εἰ
2593 4085 2815 4136 sanctis
2845 4079 3290 4136 communionis
3317 4076 3769 4152 mysterium,-h

2126 4171 2357 4228 eisdem
2386 4170 2602 4226 diebus
2660 4170 2964 4243 percipere
3031 4184 3154 4226 non
3197 4168 3378 4225 debet
3401 4168 3768 4241 prohiberi»

2128 4262 2450 4333 Postquam
2479 4258 2814 4332 plenariam
2844 4259 3169 4315 valentiam
3195 4263 3523 4314 consecuta
3541 4263 3652 4324 est,
3679 4256 3770 4312 ab-

2122 4351 2280 4420 jecto
2305 4347 2680 4406 verecundiae
2713 4348 2922 4420 typho,
2977 4347 3241 4403 ecclesiae
3270 4347 3466 4420 primo
3516 4344 3775 4420 pateledt

2128 4436 2500 4508 custodibus,
2531 4435 2751 4492 deinde
2807 4435 3091 4492 fratribus
3119 4436 3260 4491 hoc
3304 4435 3464 4492 idem
3525 4433 3775 4508 profiteri

2129 4541 2250 4582 non
2280 4525 2519 4581 erubuit
2548 4525 2856 4581 omnibus.
2884 4527 3051 4580 Forte
3096 4524 3257 4580 enim
3304 4523 3602 4580 didicerat
3646 4521 3779 4579 illud

2129 4612 2316 4670 divini
2342 4611 2667 4684 dogmatis.
2699 4612 2847 4684 quia
2875 4627 3061 4684 opera
3088 4611 3190 4667 Dei
3223 4609 3488 4667 revelare
3541 4617 3604 4667 et
3649 4623 3779 4665 oeu-

2128 4703 2279 4760 ﬁteri
2307 4701 2706 4759 honoriﬁcum
2735 4707 2825 4758 est
2854 4701 3017 4772 (Tob.
3048 4717 3148 4768 xu,
3179 4703 3256 4772 7).
3292 4701 3376 4757 Fit
3403 4700 3780 4773 μευ-διημι-

2129 4792 2414 4866 pulorum
2439 4789 2712 4848 unanimi
2740 4789 3068 4846 devotione.
3088 4789 3784 4862 eademquementegn-

2129 4882 2350 4940 tiarum
2376 4880 2587 4938 munia
2614 4883 2733 4937 Deo
2764 4879 3161 4946 offerentium,
3194 4879 3299 4952 qui
3323 4879 3382 4935 in
3415 4883 3632 4935 sancto
3687 4892 3787 4932 suo

2132 4969 2482 5028 mirabiliter
2526 4969 2910 5042 triumphans
2963 4973 3086 5024 tam
3133 4983 3360 5038 magna
3414 4974 3475 5024 et
3517 4967 3788 5026 miranda

2132 5075 2239 5134 per
2263 5075 2403 5116 eum
2434 5058 2801 5129 dignabatur
2829 5073 3104 5114 exercere
3135 5057 3418 5113 virtutum
3466 5055 3786 5129 magalia.

2136 5149 2228 5208 Sic
2258 5153 2536 5205 matrona
2553 5147 2629 5204 de
2649 5147 2914 5203 rediviva
2942 5162 3128 5218 quam
3163 5151 3444 5202 assecuta
3471 5146 3673 5202 fuerat
3698 5143 3788 5200 tri-

2133 5237 2398 5312 pudians
2429 5236 2734 5310 sospitate,
2765 5235 2990 5292 tristem
3013 5249 3200 5308 quam
3248 5234 3575 5307 reliquerat
3630 5247 3788 5306 repe-

2136 5332 2266 5384 tens
2308 5325 2558 5382 domum
2616 5323 2837 5396 gaudio
2895 5323 3102 5396 replet,
3135 5322 3400 5380 laetitiam
3427 5323 3576 5391 suis,
3605 5319 3786 5378 adeli-

2135 5416 2431 5473 rationem
2461 5414 2731 5471 tribuens
2755 5411 3069 5469 universis.
3713 5409 3758 5448 ..~'

2420 5551 2422 5553 .
2627 5536 2629 5538 -
2725 5501 2958 5558 CAPUT
2999 5501 3210 5556 XXVI.
3743 5507 3762 5534 ῖ’

2217 5591 2831 5664 Salubrijocunditate
2841 5594 2900 5646 et
2920 5592 3152 5646 sincera
3170 5589 3546 5646 laetitiabanc
3555 5589 3785 5646 diem“

2140 5683 2574 5748 restauratione
2605 5680 3009 5754 plurimorum
3040 5678 3785 5754 opulentissimam
