4034 6190
1181 243 1271 307 DE
1307 238 1702 306 TBANSLAT.’
1742 248 1800 304 S.
1827 249 2256 311 'SEBAS'I’IANI
2294 249 2383 312 ΕΤ
2424 259 2480 314 S.
2525 257 2731 313 GREG.

3590 272 3696 327 602

193 411 202 413 -
228 359 768 440 unibusfestivo
799 372 1100 446 triumpho
1129 373 1490 431 ducentibus
1513 387 1637 428 non
1662 373 1911 430 defuere
1949 381 1993 430 Α
2025 373 2184 443 giem
2216 381 2253 433 Χ
2284 379 2488 435 litterae
2521 378 2777 436 maxillis
2807 383 2948 440 hinc
2977 384 3118 442 inde
3147 387 3507 445 altrinsecus
3538 405 3708 447 aver-

197 508 200 510 .
229 463 691 540 quoqueregiaa
722 461 1082 518 auctoritatis
1107 477 1416 535 nusquam
1468 461 1793 532 rejicienda
1823 465 1912 517 te-

209 553 548 611 stimonia.
581 549 1115 608 Praecellentissima
1145 565 1411 624 namque
1461 551 1742 607 Ludovici
1789 554 1913 605 Au-

456 657 628 698 eoror
674 643 842 696 Berta
889 643 1039 708 (468)
1089 640 1228 696 huic
1272 640 1534 697 interfuit
1564 638 1917 712 spectaculo

217 729 608 806 spectabilis,
631 733 688 785 et
716 728 849 801 ipsa
876 727 1078 784 mirari
1104 732 1163 784 et
1186 729 1576 800 magniﬁcare
1606 743 1728 783 non
1749 725 1918 781 desi-

228 820 698 878 nensuniversa
729 836 741 873 :
771 832 929 890 quae,
954 816 1202 888 jubente
1233 817 1814 885 antistite,cominus
1833 815 1918 872 ad

225 923 422 967 mm
449 906 756 982 processit,
787 911 844 962 et
877 912 1014 962 ante
1035 911 1312 962 sanctum
1341 906 1447 964 diu
1475 907 1648 976 stetit,
1692 907 1919 960 certos-

201 1013 368 1072 »de
395 997 561 1071 apud
596 1011 655 1051 se
685 994 920 1065 ﬁngens
949 1010 1236 1050 numeros
1264 995 1653 1066 salvatorum,
1685 993 1914 1050 discer-

231 1087 434 1144 nebat
476 1101 686 1142 causas
732 1083 1133 1154 singulorum,
1188 1089 1253 1140 ut
1301 1100 1373 1141 ea
1415 1085 1580 1142 fratri
1619 1088 1911 1152 Augusto,

235 1175 462 1248 suique
508 1173 710 1247 palatii
760 1171 1152 1246 optimatibus
1201 1187 1471 1244 congruo
1521 1181 1789 1248 tempore
1827 1189 1914 1229 re-

201 1307 211 1310 -
237 1262 400 1321 ferre
428 1261 666 1320 valeret.

839 1333 1065 1389 CAPUT
1103 1333 1306 1389 XXVII.

299 1390 515 1480 Xltera
532 1419 628 1476 die
649 1387 920 1476 stationis
949 1387 1409 1492 persplendidae,
1438 1421 1588 1477 dum
1619 1422 1770 1478 inter
1814 1439 1909 1478 sa-

237 1525 355 1572 era
378 1508 571 1566 oﬁcia
600 1508 928 1565 umbonem
957 1508 1220 1564 domnus
1246 1509 1575 1582 episcopus
1621 1526 1908 1566 conscen-

233 1602 422 1662 dens
449 1597 634 1654 divini
681 1597 849 1654 verbi
888 1598 1356 1670 praedicamenta
1398 1600 1462 1655 in
1506 1601 1768 1672 populos
1805 1602 1909 1674 qui

2026 462 2104 517 sis
2137 464 2458 524 distortum
2499 467 2770 526 efﬁcitur.
2822 475 2940 530 Hoc
2979 477 3318 533 miserabile
3368 483 3709 537 monstrum

2027 552 2120 608 die
2152 557 2423 614 secunda
2437 558 2821 616 illucescente
2845 563 3119 634 plurimis
3141 567 3556 638 spectaculum
3580 567 3707 625 fuit.

2027 644 2202 698 Nocte
2220 644 2352 714 jam
2386 646 2563 701 tertia
2592 662 2734 703 cum
2759 650 3115 710 intolerabili
3159 657 3425 713 cruciatu
3448 658 3707 731 pernici-

2027 735 2114 787 ter
2139 731 2501 804 aﬂiceretur,
2531 738 2589 790 et
2617 752 2742 810 qua
2771 745 3004 812 poterat
3034 760 3178 800 voce
3209 746 3476 816 ejularet,
3510 763 3572 802 se
3604 763 3705 803 co-

2025 835 2155 876 ram
2186 821 2346 877 videt
2367 823 2851 895 splendidissimi
2875 831 3076 887 vultus
3102 833 3281 907 amue
3310 836 3579 906 praeclari
3600 837 3704 892 ha-

2024 909 2182 966 bitus
2214 925 2558 982 personam
2586 916 2860 974 assistere
2877 938 2889 974 :
2906 936 2941 976 a
2969 937 3091 994 qua
3119 928 3540 995 percunctatus
3555 925 3703 997 quid

2022 1003 2340 1071 pateretur,
2379 1000 2588 1058 reddit
2617 1021 2864 1064 causam
2893 1011 3036 1066 tanti
3063 1011 3458 1079 descriminis,
3487 1018 3544 1068 et
3567 1029 3701 1084 quae

2021 1087 2364 1161 patiebatur
2401 1093 2704 1164 supplicia
2730 1112 2840 1168 pro
2889 1103 3234 1171 contemptu
3264 1100 3452 1155 sancti
3501 1115 3563 1155 se
3608 1116 3701 1155 re-

2021 1178 2246 1250 cepisse
2275 1175 2625 1250 proﬁtetur.
2663 1186 3000 1243 Sciscitatur
3042 1181 3385 1244 utrumnam
3431 1205 3492 1244 se
3531 1189 3700 1243 dein-

2021 1282 2162 1339 ceps
2193 1265 2504 1336 corrigere
2536 1271 2729 1328 vellet.
2759 1277 2918 1330 Tunc
2944 1275 3037 1329 ille
3069 1278 3448 1330 sacramento
3469 1292 3531 1339 se
3553 1275 3700 1330 obli-

2020 1361 2139 1426 gat,
2171 1350 2542 1412 asseverans
2573 1375 2959 1434 nequaquam
2989 1378 3052 1416 se
3086 1361 3307 1416 abhinc
3325 1361 3695 1431 incorrigibi-

2019 1444 2135 1499 lem
2187 1444 2335 1514 fore,
2391 1460 2503 1502 nec
2557 1464 2746 1504 unum
2789 1450 2848 1505 in
2899 1450 3065 1506 omni
3105 1449 3238 1504 vitae
3270 1465 3393 1503 suae
3425 1453 3693 1521 tempore

2020 1549 2174 1605 opus
2203 1533 2263 1588 in
2291 1532 2674 1592 festivitatem
2706 1537 2932 1610 praefati
2963 1536 3244 1608 martyris
3275 1552 3568 1593 exemere.
3597 1536 3690 1606 Di;

2021 1628 2114 1678 cto
2144 1621 2317 1677 citius
2341 1623 2447 1695 qui
2476 1630 2620 1693 erat,
2654 1630 2718 1682 ut
2745 1627 2890 1699 dixi,
2920 1627 2980 1681 in
3009 1625 3264 1680 modum
3282 1625 3534 1694 glomuli
3554 1640 3693 1680 con-

239 1686 1286 1787 convenefantf9ndem'get1m?“
1319 1703 1540 1787 vernn}.
1565 1693 1909 1787 sancmfum
1953 1727 1991 1779 Β
2018 1714 2262 1777 tractus,
2295 1686 2550 1784 et.quasi
2584 1686 2898 1781 contusus],
2938 1714 3239 1787 protensis
3287 1713 3351 1770 in
3398 1714 3692 1770 directum

233 1793 445 1840 amare
468 1781 524 1832 et
545 1779 826 1849 appetere
845 1775 1218 1848 perdoceret,
1240 1790 1376 1832 ecce
1390 1777 1610 1833 mulier
1629 1778 1908 1849 quaedam

237 1879 398 1922 caios
424 1864 516 1920 his
540 1865 768 1920 intenta
797 1867 926 1920 erat
974 1881 988 1920 :
1036 1881 1177 1936 qua:
1231 1868 1357 1920 tam
1405 1864 1910 1921 illuminationem

240 1953 437 2010 cordis
492 1968 599 2025 per
654 1951 1052 2009 ministerium
1096 1953 1445 2025 sacerdotis,
1494 1970 1678 2026 quam
1727 1954 1908 2010 etiam

239 2041 550 2098 clementia
577 2040 858 2113 martyris
898 2041 1104 2098 lumen
1154 2041 1456 2115 perditum
1517 2042 1716 2098 statim
1767 2057 1907 2115 pro-

239 2131 456 2186 meruit
480 2130 766 2203 corporis.
802 2130 984 2199 Videt,
1018 2131 1273 2199 laetatur,
1319 2137 1596 2188 sanctum
1643 2124 1904 2198 invocat,

239 2220 467 2288 adorat,
489 2218 787 2276 beatiticat
820 2238 833 2275 :
866 2221 1118 2277 ductore
1149 2221 1543 2294 postmodum
1584 2237 1704 2277 non
1755 2221 1908 2277 indi-

238 2324 341 2381 ga,
363 2309 439 2364 ad
463 2310 592 2380 eius
621 2309 908 2382 prwclara
938 2315 1229 2383 properat
1252 2311 1529 2384 pignora,
1583 2315 1648 2366 ut
1698 2310 1906 2365 videns

238 2413 504 2470 corpore,
536 2397 734 2454 videre
766 2398 1154 2471 compelleret
1177 2399 1225 2454 si
1254 2399 1360 2473 qui
1391 2399 1675 2456 adessent
1704 2399 1907 2454 caecati

237 2491 432 2544 mente
461 2504 476 2542 :
507 2487 800 2560 simulque
830 2487 1236 2560 praemeditari
1267 2488 1329 2543 in
1362 2504 1424 2544 se
1456 2488 1696 2555 faceret,
1718 2503 1908 2560 quam

235 2575 521 2650 possibile
549 2577 603 2633 ei
633 2576 903 2634 subesset
932 2576 1267 2650 spiritualia
1305 2577 1557 2633 interius
1583 2576 1908 2633 accendere

237 2665 486 2734 lumina,
512 2666 620 2740 qui
649 2681 720 2722 ea
747 2666 1007 2722 exterius
1037 2670 1164 2722 tam
1194 2665 1368 2722 facile
1396 2671 1712 2732 recrearet,
1741 2668 1797 2721 et
1823 2665 1910 2720 in-

237 2755 549 2811 visibiliter
578 2755 897 2814 invisibilia
927 2754 1395 2828 medicamenta,
1424 2756 1486 2811 in
1517 2754 1740 2828 quibus
1785 2754 1908 2810 vel-

234 2845 338 2912 let,
371 2844 684 2918 operando
710 2843 1170 2901 demonstraret.

825 2935 1056 2989 (IAPUT
1095 2933 1320 2989 XXVIII.

307 3021 528 3089 Quinto
555 3022 638 3078 ab
665 3022 796 3096 ipso
847 3022 1126 3078 ccenobio
1167 3021 1367 3094 lapide
1415 3027 1504 3078 est
1540 3022 1786 3092 fundus,
1817 3023 1910 3079 cui

237 3116 482 3168 vetusta
533 3111 859 3185 antiquitas
911 3111 1164 3183 Caprea
1199 3111 1496 3182 (Chivres)
1543 3111 1908 3167 vocabulum

236 3201 477 3273 indidit,
510 3201 720 3274 inquo
751 3204 876 3256 erat
905 3200 1158 3256 colonus
1179 3199 1508 3257 Gislenteus
1523 3201 1912 3274 nomine,qui

237 3290 407 3360 gravi
440 3290 678 3347 sarcina
707 3290 873 3360 gibbi
896 3305 1145 3362 pressus
1175 3305 1398 3346 cernuo
1425 3289 1666 3347 acclinis
1703 3304 1911 3359 gressu

237 3396 480 3453 semper
503 3379 809 3446 incedens,
842 3378 1062 3434 caelum
1088 3379 1338 3435 minime
1370 3378 1635 3436 contueri
1657 3382 1907 3451 poterat.

239 3469 345 3527 Hic
401 3470 687 3525 humanm
731 3467 1190 3524 necessitudinis
1252 3468 1467 3541 stipem
1533 3467 1910 3537 agricultura:

241 3558 628 3614 mercabatur
656 3557 957 3613 instantia.
993 3560 1196 3628 Itaque
1222 3556 1350 3628 jam
1390 3557 1548 3614 dicto
1577 3556 1672 3612 die
1703 3557 1909 3612 statio-

240 3648 339 3704 nis
388 3646 648 3716 indictm,
707 3645 1006 3702 celebrem
1063 3645 1284 3700 festivis
1343 3645 1580 3717 gaudiis
1624 3645 1909 3700 omnibus

244 3736 720 3808 circumquaque
749 3733 1108 3790 ducentibus
1137 3733 1320 3801 diem,
1349 3735 1458 3791 iste
1503 3733 1665 3788 solus
1712 3733 1910 3790 soluta

241 3825 500 3897 cupiens
531 3823 768 3896 explere
797 3821 1098 3892 exercitia,
1125 3821 1349 3892 junctis
1388 3821 1584 3877 bobus
1629 3825 1912 3893 properat

239 3913 326 3972 ad
352 3929 588 3984 agrum,
619 3911 866 3984 exsequi
891 3912 1141 3984 cupiens
1166 3910 1505 3968 dietarium.
1544 3911 1647 3966 Cui
1676 3909 1910 3966 vicinus

235 4001 498 4076 quidam
524 4002 800 4073 obvians,
832 4001 1123 4057 indictum
1154 4001 1232 4057 ab
1257 4001 1542 4074 episcopo
1569 3999 1908 4056 feriendum

240 4091 496 4163 replicat
533 4091 714 4160 diem,
744 4092 1135 4162 hortaturque
1161 4105 1232 4146 ac
1270 4094 1616 4146 commonet
1658 4089 1911 4145 domum

240 4180 461 4251 redire,
483 4185 541 4236 et
570 4180 779 4236 festivo
828 4179 990 4236 cultu
1029 4195 1167 4235 cum
1220 4179 1464 4252 reliquis
1515 4178 1673 4234 diem
1713 4193 1911 4250 agere,

243 4272 649 4342 sanctumque
707 4267 961 4342 supplici
1009 4267 1346 4323 interventu
1393 4272 1459 4323 ut
1503 4267 1614 4322 sibi
1663 4271 1814 4322 esset
1852 4267 1913 4322 in

227 4356 639 4427 adiutorium,
674 4371 942 4413 exorare.
977 4355 1075 4412 Ille
1100 4355 1266 4411 nihili
1306 4355 1576 4428 pendens
1634 4371 1669 4410 a
1723 4353 1913 4410 sodali

247 4445 522 4503 salubria
553 4446 666 4502 sibi
692 4446 835 4502 data
862 4444 1112 4510 monita,
1161 4445 1374 4514 renuit,
1422 4443 1680 4516 taliaque
1729 4443 1914 4499 hebes
1951 4443 2005 4472 "-

246 4549 328 4592 ac.
357 4534 604 4590 stolidus
631 4550 927 4608 responsa
955 4533 1151 4590 reddit
1183 4550 1195 4588 :
1231 4533 1526 4589 Hactenus
1569 4531 1709 4588 talia
1747 4548 1912 4587 exer-

246 4621 446 4679 cendo
473 4622 685 4696 stipem
718 4638 840 4694 qua
872 4627 1176 4694 utcunque
1206 4619 1916 4692 sustentarempten'iliter

247 4711 544 4784 acquisivi
577 4730 589 4768 :
622 4712 800 4768 istum
832 4728 942 4786 pro
969 4712 1143 4782 cujus
1172 4709 1480 4784 obsequiis
1532 4724 1628 4764 me
1673 4708 1916 4764 sollicite

249 4815 622 4867 commones,
679 4815 789 4855 nec
841 4799 1040 4856 audivi
1097 4812 1573 4855 commemorare
1616 4803 1914 4866 sanctum,

229 4904 364 4948 .nec
396 4890 526 4960 ejus
553 4889 892 4963 quidquam
921 4889 1156 4944 debitor
1186 4904 1320 4943 sum
1350 4886 1568 4943 referre
1589 4885 1914 4955 beneﬁciis,

229 4994 389 5051 .quae
415 4978 494 5034 ab
523 4993 595 5034 eo
625 4979 788 5036 bona
834 4978 1072 5034 malave
1120 4977 1366 5032 minimc
1412 4975 1626 5048 recepi.
1671 4974 1808 5031 Ideo
1863 4981 1917 5031 te

432 5081 612 5138 super
636 5066 751 5122 hoc
782 5064 1070 5122 suadente
1099 5080 1223 5120 non
1253 5063 1521 5134 audiam,
1548 5079 1657 5118 nec
1678 5063 1757 5119 ab
1779 5079 1918 5136 ope-

252 5170 322 5216 re
379 5159 576 5227 coepto
631 5155 938 5213 desistam.
998 5153 1325 5211 Recedente
1373 5152 1468 5209 die
1511 5151 1702 5208 noctis
1748 5152 1919 5224 quies

229 5243 526 5312 oboritur
559 5263 571 5298 τ
606 5261 746 5300 cum
776 5261 913 5301 ecce
942 5244 1125 5301 miser
1152 5243 1248 5300 ille
1271 5241 1685 5299 miserabiliter
1706 5241 1916 5298 arenti-

250 5324 373 5398 bus
402 5347 728 5389 nervorum
757 5332 1223 5405 compaginibus
1256 5331 1466 5387 merito
1497 5346 1622 5385 sum
1653 5329 1919 5402 procaci-

253 5420 394 5476 tatis
426 5425 584 5478 totus
608 5421 672 5477 in
699 5421 952 5478 modum
985 5421 1235 5493 sphterae
1284 5418 1670 5485 contrahitur,
1728 5419 1810 5473 ita
1859 5423 1918 5474 ut

252 5525 432 5566 crura
463 5509 790 5568 femoribus
821 5510 1216 5566 adhaerere-nt.
1259 5511 1436 5565 Nocte
1473 5522 1717 5580 quoque
1762 5507 1918 5562 inse-

231 5600 462 5670 _.qnenti
493 5614 562 5655 os
589 5613 714 5673 quo
742 5598 1176 5656 contumaciter
1200 5597 1440 5654 locutus.
1461 5595 1673 5665 fuerat,
1705 5597 1767 5650 in
1796 5593 1919 5650 effi-

1949 3071 1990 3126 C

1951 4412 1998 4466 Ι)

2021 1798 2296 1855 cruribus
2343 1801 2612 1871 vigorem
2667 1803 2912 1860 meandi
2966 1802 3217 1858 resumit
3251 1819 3264 1856 :
3306 1803 3405 1858 die
3449 1803 3550 1858 illa
3594 1799 3695 1857 ali-

2020 1887 2385 1960 quantulum
2413 1890 2707 1947 valentior
2734 1891 2926 1948 noctis
2956 1895 3185 1963 quartae
3211 1890 3428 1961 vigiliis
3477 1908 3514 1948 a
3557 1903 3692 1963 per-

2021 1991 2178 2032 sona
2204 1993 2326 2048 qua
2355 1982 2412 2034 et
2440 1983 2577 2036 ante
2610 1980 2663 2035 si
2691 1979 3040 2036 meliuscule
3066 1995 3128 2035 se
3158 1979 3414 2037 haberet
3444 1993 3693 2049 sugges-

2021 2069 2117 2120 tus
2141 2064 2241 2131 ait,
2273 2065 2390 2122 hoc
2416 2066 2508 2122 fas
2540 2083 2675 2123 esse
2705 2064 3235 2124 cuilibet'cernere.
3270 2068 3374 2123 Cui
3403 2068 3501 2123 ille
3535 2084 3547 2121 :
3579 2066 3692 2119 Re-

2021 2169 2214 2220 sume,
2243 2153 2456 2226 inquit,
2502 2157 2844 2226 sanitatem,
2903 2160 2960 2210 et
3007 2170 3258 2225 surgens
3304 2171 3566 2228 propera
3609 2151 3688 2208 ad

2017 2236 2220 2293 locum
2241 2254 2364 2310 quo
2397 2239 2734 2295 Sebastiani
2761 2239 3038 2311 martyris
3067 2238 3292 2294 festivis
3332 2239 3571 2310 gaudiis
3601 2252 3693 2292 ce-

2017 2325 2284 2383 lebratur
2312 2327 2662 2383 solemnitas
2689 2347 2703 2395 ;
2736 2333 2793 2384 et
2821 2344 2944 2400 qua
2975 2343 3084 2400 pro
3113 2317 3468 2400 centemptu
3504 2324 3694 2399 ipsius

2019 2431 2271 2472 censura
2300 2420 2358 2471 et
2377 2416 2690 2472 severitate
2722 2416 3007 2473 multatus
3037 2418 3142 2488 sis,
3174 2432 3377 2489 quave
3409 2416 3696 2472 miseran-

2020 2503 2090 2559 tis
2115 2503 2430 2560 clementia
2462 2505 2882 2562 miserabiliter
2913 2504 3250 2572 absolutus,
3280 2505 3572 2561 omnibus
3602 2504 3693 2560 in-

2017 2597 2280 2660 notesce,
2310 2597 2376 2648 ut
2403 2593 2686 2666 exemplo
2716 2594 2800 2650 tui
2825 2594 3098 2650 noverint
3144 2594 3306 2650 hanc
3353 2593 3518 2650 diem
3562 2609 3694 2648 suc-

2019 2681 2370 2737 cedentibus
2398 2697 2706 2739 annorum
2748 2683 3090 2739 recursibus
3139 2683 3399 2740 solemni
3437 2683 3553 2739 ritu
3594 2698 3696 2756 pe-

2020 2770 2283 2827 renniter
2306 2769 2537 2826 feriare.
2570 2772 2846 2827 Protinus
2879 2772 3129 2828 dicentis
3160 2771 3418 2844 imperio
3458 2772 3694 2845 pedise-

2023 2875 2150 2931 qua
2171 2863 2262 2914 est
2291 2859 2519 2915 sanitas
2549 2867 2891 2934 prosecuta,
2937 2865 2995 2918 et
3045 2878 3115 2917 os
3164 2861 3336 2934 quod
3374 2861 3693 2918 distortum

2023 2947 2254 3015 habuit,
2279 2947 2340 3002 in
2370 2949 2688 3022 proprium
2719 2949 3012 3007 concessit
3040 2955 3263 3006 statum
3292 2967 3304 3004 :
3339 2954 3542 3006 tamen
3594 2967 3694 3007 us-

2023 3051 2141 3108 que
2172 3036 2306 3091 vitie
2337 3035 2521 3092 ﬁnem
2555 3038 2740 3108 gibbo
2771 3055 2893 3095 non
2925 3039 3134 3095 caruit.
3169 3042 3284 3095 Nec
3311 3039 3694 3107 mora,obse-

2022 3124 2248 3180 cundat
2270 3124 2614 3197 imperanti,
2647 3127 2854 3183 festine
2880 3131 3164 3200 properat
3194 3127 3272 3183 ad
3322 3127 3522 3184 locum
3569 3144 3693 3201 quo

2021 3211 2370 3285 promiscua
2390 3213 2759 3285 populorum
2780 3220 3019 3270 caterva
3039 3213 3378 3286 tripudians
3403 3220 3540 3272 ante
3562 3230 3696 3272 san-

2021 3299 2098 3356 cti
2122 3300 2402 3370 martyris
2429 3302 2772 3358 excubabat
2799 3301 3101 3358 tumulum
3127 3320 3140 3370 ;
3174 3307 3394 3376 etquae
3415 3304 3528 3360 sibi
3558 3319 3698 3360 con-

2024 3389 2259 3459 tigerint
2287 3389 2367 3444 ob
2388 3389 2720 3461 ignaviam,
2754 3407 2960 3448 coram
2989 3390 3274 3448 fratribus
3304 3393 3552 3466 replicat
3569 3400 3696 3450 om-

2019 3478 2219 3533 nibus.
2255 3477 2476 3533 Dehinc
2506 3485 2644 3552 post
2675 3481 3003 3550 gratiarum
3031 3484 3089 3534 et
3102 3479 3303 3537 laudis
3322 3482 3550 3538 hostias
3574 3485 3694 3537 Deo

2023 3565 2256 3638 pro'sui
2283 3568 2719 3624 restauratione
2742 3583 2850 3639 per
2881 3567 3355 3625 sacratissimum
3385 3569 3693 3639 agonithe-

2023 3659 2146 3709 tam
2167 3653 2632 3725 praecordialiter
2658 3654 2971 3720 delibatas,
2998 3654 3247 3711 verbere
3271 3657 3401 3727 jam
3423 3656 3692 3712 eruditus

2021 3741 2249 3812 divino,
2307 3742 2600 3812 gaudium
2647 3759 2851 3800 secum
2909 3743 3360 3812 circumferens,
3401 3743 3692 3800 familiare

2023 3830 2328 3901 tugurium
2358 3833 2588 3904 repetit,
2616 3831 3032 3902 evangelizans
3084 3833 3370 3889 omnibus
3413 3822 3690 3905 quaqua-

2023 3935 2272 3977 versum
2301 3919 2376 3974 ad
2401 3921 2592 3978 sancti
2621 3921 2939 3994 exsequias
2971 3920 3415 3988 ebullientibus,
3467 3922 3692 3978 nemini

2023 4010 2271 4082 impune
2301 4009 2664 4081 cedendum,
2691 4011 2797 4083 qui
2825 4011 2956 4082 ejus
2987 4009 3320 4067 solemnem
3369 4010 3694 4082 neglexerit

2025 4098 2236 4154 feriare
2265 4098 2549 4156 natalem.

2641 4173 2864 4227 CAPUT
2899 4171 3073 4227 XXIX.

2059 4254 2422 4313 Tabellarius
2441 4258 2695 4331 quidam
2717 4258 2959 4314 Rotfridi
2981 4259 3237 4325 comitis,
3255 4260 3427 4329 cujus
3445 4259 3690 4331 quidem

2025 4360 2249 4402 nomen
2278 4347 2575 4404 memoria
2599 4347 2868 4416 excessit,
2898 4351 3153 4419 utroque
3169 4348 3322 4420 pede
3347 4347 3692 4402 claudicans

2027 4433 2340 4506 gradiendi
2367 4436 2648 4493 amiserat
2677 4436 3011 4492 libertatem
3037 4454 3049 4503 ;
3082 4437 3262 4491 unius
3291 4451 3536 4507 quoque
3568 4450 3691 4490 ma-

2025 4540 2141 4580 nus
2163 4522 2434 4580 ariditate
2453 4525 2738 4581 multatus
2759 4523 3056 4578 scribendi
3083 4523 3425 4594 perdiderat
3445 4521 3692 4576 faculta-

2025 4617 2167 4669 tem.
2200 4611 2411 4669 Taliter
2427 4613 2727 4669 invalidus
2745 4611 3229 4684 propinquorum
3249 4609 3532 4666 manibus
3553 4612 3690 4664 ante

2027 4706 2302 4757 sanctum
2331 4707 2424 4758 est
2451 4702 2652 4758 notive
2681 4700 3008 4772 expositus.
3049 4698 3219 4754 Nulla
3267 4697 3690 4754 interveniente

2029 4806 2198 4847 mora
2219 4791 2610 4848 revirescente
2629 4805 2816 4846 manu
2831 4788 3090 4845 fraudati
3106 4803 3318 4844 sensus
3335 4803 3518 4843 usum
3533 4802 3692 4842 rece-

2030 4881 2136 4953 pit,
2149 4879 2459 4954 solidatisq
2465 4897 2537 4936 ue
2553 4878 2800 4937 basibus
2811 4877 2872 4933 in
2885 4881 3042 4932 statu
3054 4893 3164 4932 suo
3175 4876 3450 4950 protinus
3461 4880 3690 4932 erectus

2031 4969 2312 5039 constitit,
2341 4985 2410 5024 ac
2434 4967 2743 5039 gradiendi
2787 4967 2996 5022 virtute
3041 4966 3361 5022 convaluit.
3415 4967 3458 5022 Ο
3503 4981 3691 5038 quam

2027 5057 2344 5114 inetiabilis
2367 5074 2436 5114 ac
2458 5054 2817 5112 admiranda
2839 5059 2929 5110 est
2945 5053 3163 5110 divine
3185 5053 3550 5126 operationis
3573 5052 3693 5108 efﬁ-

2029 5146 2231 5204 cacia!
2266 5148 2436 5203 Nulla
2467 5146 2575 5202 fuit
2621 5143 2890 5200 dilatatio
2926 5143 3221 5211 sanitatis,
3281 5144 3384 5200 ubi
3433 5143 3692 5216 expetita

2029 5242 2169 5292 sunt
2197 5235 2482 5307 suffragia
2505 5232 2806 5305 martyris.
2843 5235 3039 5288 Unum
3077 5233 3239 5290 enim
3283 5233 3567 5305 idemque
3610 5231 3692 5287 illi

2028 5325 2139 5380 fuit
2165 5330 2222 5380 et
2250 5325 2506 5391 venisse,
2520 5328 2577 5379 et
2595 5321 2850 5378 salutem
2864 5322 3266 5395 praeripuisse.
3290 5323 3495 5396 Itaque
3512 5320 3691 5377 totius

2030 5413 2296 5486 corporis
2317 5413 2536 5486 potitus
2562 5411 2918 5481 valetudine,
2949 5411 3232 5469 laudibus
3268 5415 3454 5468 Deum
3477 5407 3695 5480 gloriﬁ-

2029 5502 2434 5570 cat,athletam
2453 5501 2686 5558 Domini
2699 5500 3065 5572 magnificat,
3075 5501 3451 5575 propriisque
3465 5499 3691 5554 remeat

2031 5591 2285 5664 pedibus
2315 5591 2419 5664 qui
2443 5591 2697 5646 aliorum
2724 5597 2962 5647 evectus
2984 5589 3176 5647 fuerat
3204 5589 3509 5647 manibus.
3609 5613 3611 5616 ι

231 5732 284 5756 -τ
308 5707 482 5776 4468)
523 5707 696 5764 Berta
720 5706 849 5762 huic
880 5721 1031 5761 uxor
1061 5704 1254 5761 fuerat
1285 5705 1340 5761 S.
1376 5701 1726 5772 Angilberti.
1763 5699 1905 5756 Hinc
1937 5702 2100 5772 patet
2123 5713 2262 5756 eam
2289 5713 2452 5756 anno
2482 5701 2584 5754 826
2615 5697 2998 5772 superfuisse.
