3940 6184
1019 365 1241 419 CAPUT
1279 366 1424 420 XXX.

467 458 730 516 Necdum
760 456 890 526 ipse
914 453 1063 510 atrio
1100 456 1457 519 excesserat,
1512 466 1649 507 ecce
1699 449 2051 507 muliercula

396 547 675 620 quaedam
701 541 982 610 succedit,
1030 556 1284 597 manum
1339 540 1572 596 aridam
1618 538 1905 609 omnique
1944 538 2052 592 hu-

397 650 563 691 more
581 633 959 697 exhaustam,
986 634 1119 687 cute
1141 635 1373 687 tantum
1398 628 1640 686 ossibus
1687 626 2050 699 superducta

396 722 622 779 cunctis
641 724 969 788 ostentans,
1002 719 1218 792 pedem
1247 734 1491 791 quoque
1522 716 1704 773 simili
1742 716 1935 775 macie
1977 731 2049 771 ac

326 841 334 847 -
395 811 653 869 siccitate
679 809 1053 883 squalentem
1082 808 1333 865 habens.
1360 810 1502 873 Quae
1541 810 1606 863 ut
1650 805 1910 867 advenit.
1954 820 2052 860 ex-

395 900 619 977 templo
647 898 967 968 convaluit,
979 898 1160 955 etiam
1182 897 1464 969 martyris
1477 900 1722 968 experta
1750 895 2046 951 virtutem.

396 994 545 1047 Nam
571 993 628 1046 et
656 1004 874 1046 manus
893 987 1079 1046 nandi
1114 986 1488 1060 recuperavit
1509 985 1818 1055 ofﬁcium,
1840 990 1899 1041 et
1943 1001 2051 1058 pes

395 1078 706 1150 gradiendi
731 1094 928 1135 usum.

1009 1169 1233 1223 CAPUT
1269 1169 1440 1222 XXXI.

466 1257 569 1313 Illa
598 1273 708 1329 pro
734 1257 955 1328 adepta
978 1256 1236 1313 valentia
1272 1258 1520 1311 ovanter
1553 1253 1913 1324 egrediente,
1959 1253 2051 1308 vir

395 1345 644 1417 quidam
662 1344 1011 1402 claudicans
1029 1343 1408 1400 intromissus
1431 1346 1539 1399 est.
1560 1342 1660 1398 llic
1680 1341 1877 1397 triduo
1900 1340 2052 1396 solo-

394 1439 568 1491 tenus
597 1438 735 1490 ante
764 1438 1039 1489 sanctum
1091 1433 1421 1501 excubans,
1466 1431 1667 1488 sanari
1714 1430 1929 1486 meruit
1957 1446 2051 1486 ac—

395 1527 569 1601 cepto
593 1521 873 1592 martyris
905 1520 1211 1591 suffragio.

998 1614 1224 1669 tilsl’UT
1262 1613 1456 1667 XXXII.

469 1699 830 1755 Gislebertus
858 1700 1006 1770 (469)
1036 1701 1393 1755 Suessorum
1433 1714 1637 1754 comes
1682 1699 1832 1753 inter
1875 1697 2053 1753 virtu-
2081 1713 2122 1766 Β

398 1792 523 1844 tum
572 1787 851 1855 insignia,
905 1787 1127 1860 quibus
1182 1787 1389 1860 probis
1442 1786 1705 1859 pollebat
1759 1786 2050 1854 moribus,

397 1876 919 1947 eleemosynarum
944 1892 1188 1948 quoque
1217 1876 1578 1947 compendia
1593 1875 1822 1931 Christo
1848 1874 2052 1931 sedule

399 1966 796 2031 committens,
826 1966 1115 2022 caelorum
1144 1966 1313 2035 gazis
1341 1965 1520 2021 tutius
1550 1965 1843 2021 servanda
1893 1964 2051 2021 loca-

397 2055 519 2111 bat.
547 2058 683 2111 Erat
722 2064 988 2126 namque
1017 2055 1070 2111 ei
1116 2055 1268 2111 inter
1298 2053 1722 2126 prandendum
1759 2053 2053 2110 familiare

396 2144 650 2216 inopum
678 2143 1086 2216 debiliumque
1115 2160 1268 2217 quos
1316 2159 1543 2200 mensas
1597 2160 1716 2199 suae
1772 2144 2053 2200 dietarios

396 2232 715 2301 delegerat,
745 2248 953 2288 curam
980 2248 1178 2303 agere,
1209 2248 1434 2305 eosque
1461 2248 1532 2288 ex
1562 2232 1654 2287 his
1678 2248 1816 2304 quae
1840 2231 1956 2288 sibi
1978 2248 2055 2288 ex

398 2318 688 2377 industria
712 2320 1120 2389 subtrahebat,
1154 2322 1251 2395 pie
1278 2322 1565 2377 refovere.
1599 2321 1863 2394 Denique
1890 2336 2053 2376 unus

399 2423 471 2465 ex
498 2409 591 2465 bis
614 2425 727 2483 per
744 2410 857 2465 tria
883 2409 1069 2465 lustra
1106 2409 1321 2466 debilis
1364 2409 1640 2483 pedibus,
1698 2409 2054 2465 Walcherus

398 2498 662 2564 nomine,
689 2513 830 2553 cum
855 2501 991 2554 ante
1020 2497 1326 2553 viviﬁcum
1356 2497 1636 2570 martyris
1663 2513 1883 2570 corpus
1907 2501 2055 2553 stra-

398 2591 493 2642 tus
520 2585 961 2658 procumberet,
991 2586 1053 2641 in
1077 2585 1211 2658 ipso
1234 2585 1523 2642 orationis
1553 2586 1869 2641 conamine
1898 2585 2055 2641 illico

399 2690 582 2731 sanus
604 2674 665 2729 in
693 2674 880 2747 pedes
910 2675 1189 2741 constitit,
1224 2674 1648 2747 repropitiante
1690 2674 1801 2729 sibi
1848 2673 2055 2729 divina

398 2763 713 2820 clementia
740 2780 848 2837 per
872 2763 1076 2835 inclyti
1097 2764 1378 2836 martyris
1399 2762 1705 2831 suffragia.
1727 2763 2056 2835 Pluresque

399 2852 560 2909 fuere
586 2869 662 2909 ex
686 2853 820 2923 ejus
847 2852 1188 2908 admirabili
1213 2853 1662 2924 recuperatione
1694 2853 1793 2907 Dei
1842 2851 2054 2907 lauda-

400 2942 555 2996 tores
573 2956 761 3012 quam
791 2940 1028 2996 fuerant
1067 2942 1197 3012 ejus
1242 2940 1563 2996 debilitatis
1622 2945 1799 2995 antea
1855 2942 2056 3009 cogni-

400 3033 578 3084 tores.

991 3120 1218 3174 CAPUT
1254 3119 1476 3173 XXXIII.

469 3207 630 3260 Tunc
654 3219 686 3259 e
716 3204 964 3275 vestigio
993 3210 1346 3278 prosecutus
1372 3207 1558 3263 homo
1582 3207 1907 3281 quispiam,
1940 3211 2052 3264 Eu-

399 3293 585 3349 rullus
604 3294 870 3365 nomine,
900 3295 1202 3351 damnatis
1234 3296 1651 3368 quinquennio
1696 3296 2051 3368 fuminibus,

396 3381 555 3437 illico
591 3386 659 3438 ut
684 3387 831 3439 ante
854 3384 1071 3440 Sancta
1095 3389 1441 3440 sanctorum
1468 3386 1788 3458 manipula
1812 3392 2054 3456 regente

398 3471 686 3542 pervenit,
718 3472 1017 3528 amissum
1038 3473 1224 3529 lustro
1242 3475 1371 3545 jam
1394 3474 1598 3531 lumen
1619 3475 1903 3531 divinitus
1926 3476 2055 3530 illu-

398 3564 617 3616 stratus
639 3561 895 3634 perfecte
918 3564 1187 3634 resumit,
1219 3567 1276 3619 et
1303 3564 1503 3620 varios
1542 3564 1943 3621 mundialium
1967 3580 2055 3620 re-

396 3664 531 3704 rum
562 3650 790 3706 colores
818 3651 1045 3708 intenta
1066 3652 1381 3708 oculorum
1411 3652 1537 3708 acie
1565 3658 1896 3710 contuetur.

983 3742 1212 3798 CAPUT
1249 3745 1464 3798 XXXIV.
1568 3758 1591 3775 ί

470 3829 751 3900 Sequenti
804 3835 979 3886 nocte
1053 3835 1464 3903 opportunum
1516 3837 1752 3904 tempus
1807 3834 2054 3905 synaxis

396 3917 763 3974 matutinalis
789 3919 1133 3989 advenerat,
1165 3935 1306 3976 cum
1344 3935 1481 3975 ecce
1523 3921 1675 3977 inter
1727 3921 2051 3991 legendum

397 4003 804 4060 residentibus
820 4006 997 4062 nobis
1019 4007 1340 4063 adducitur
1361 4008 1453 4063 vir
1476 4009 1801 4081 quispiam,
1852 4010 2052 4066 ualde-

398 4104 575 4158 gerus
605 4093 868 4160 nomine,
901 4095 1004 4165 qui
1034 4095 1356 4150 novennali
1384 4096 1606 4153 circulo
1634 4096 1924 4153 fraudatis
1966 4097 2054 4152 Iu-

396 4178 558 4233 mine
587 4180 828 4251 pupillis
876 4197 1034 4237 cmca
1077 4183 1388 4238 tenebatur
1438 4188 1631 4239 nocte.
1681 4188 1844 4239 Hunc
1884 4201 2050 4241 more

398 4267 591 4339 solyto
628 4274 859 4342 martyr
876 4268 1133 4343 inclytus
1162 4272 1395 4328 Domini
1426 4273 1740 4330 miseratus
1770 4270 1934 4330 nulla
1966 4272 2053 4330 in-

396 4357 755 4414 terveniente
781 4359 1036 4429 morula,
1064 4359 1381 4433 antiquum
1407 4358 1651 4418 videndi
1679 4378 1856 4418 usum
1883 4362 2050 4431 fuga-

395 4445 467 4502 tis
495 4445 755 4503 tenebris
784 4450 1175 4522 reseratisque
1201 4448 1417 4506 refudit
1445 4449 1855 4521 luminibus,et
1870 4453 2053 4524 jubar

395 4535 535 4591 solis
565 4536 732 4608 quod
762 4536 995 4593 diutina
1024 4544 1349 4609 negaverat
1374 4540 1628 4608 cmcitas,
1661 4540 2050 4597 irreverbera-

393 4624 467 4679 tis
498 4624 769 4698 praestitit
796 4626 1064 4682 contueri
1091 4624 1443 4684 luminibus.

997 4717 1226 4771 CAPUT
1263 4718 1455 4772 XXXV.

467 4805 691 4859 Interea
718 4801 867 4859 dum
897 4801 990 4859 his
1013 4802 1222 4859 intenti
1271 4804 1542 4861 miraculi
1586 4811 1827 4880 stupore
1885 4812 2047 4864 tene-

393 4894 596 4947 rentur
624 4892 730 4965 qui
762 4892 1010 4950 aderant
1041 4893 1270 4968 populi,
1302 4895 1590 4967 puerulus
1624 4896 1894 4969 quidam,
1944 4896 2052 4953 Te-

394 4978 657 5048 delgisus
684 4982 1004 5053 vocabulo,
1046 5000 1082 5039 a
1109 4983 1320 5056 primis
1368 4983 1667 5055 vagitibus
1712 4987 2049 5059 claudulus,

394 5082 577 5139 quem
604 5066 733 5139 jam
762 5070 955 5127 dictus
984 5071 1337 5128 venerabilis
1362 5073 1669 5129 Rothadus
1698 5075 1940 5133 antistes
1965 5076 2053 5132 in-

394 5158 482 5210 ter
502 5157 929 5227 prandendum
958 5158 1223 5216 refovere
1254 5168 1660 5231 consueverat,
1690 5167 1826 5219 ante
1855 5168 2051 5221 tumu-

393 5241 519 5300 lum
550 5246 739 5301 sancti
785 5262 820 5303 a
865 5248 1215 5320 parentibus
1267 5250 1483 5308 allatus
1530 5257 1618 5309 est
1643 5256 1699 5309 et
1722 5254 2045 5325 expositus.

394 5330 497 5389 Hic
527 5333 820 5389 universis
839 5335 1060 5393 urbicis
1081 5342 1258 5410 atque
1283 5338 1344 5393 in
1375 5340 1664 5397 suburbio
1692 5341 1899 5413 positis
1924 5348 2047 5399 tam

392 5420 542 5479 facie
571 5426 748 5478 notus
776 5429 902 5481 erat
927 5441 1114 5498 quam
1151 5427 1472 5484 debilitate.
1522 5431 1632 5496 Qui
1679 5432 1826 5487 dum
1876 5447 2049 5488 secus

462 5548 613 5628 (469)
653 5546 1073 5628 Gislebertum_
1105 5552 1287 5628 hunc
1314 5560 1733 5628 nopunoverat
1775 5556 2047 5611 Andreas

391 5616 705 5700 Chesnius,
733 5618 839 5700 qui
866 5620 929 5676 in
961 5621 1222 5678 Historiae
1254 5621 1639 5700 (lastillioneaa
1668 5625 1770 5680 lib.
1804 5643 1880 5691 1v,
1916 5643 1965 5681 c.
1990 5631 2043 5689 3,

391 5692 472 5744 ait
493 5692 760 5762 primum
784 5693 1141 5750 Suessorum
1172 5692 1472 5764 comitem,
1501 5695 1674 5766 cujus
1710 5700 1899 5752 exstet
1924 5712 2048 5754 me-

1319 238 1649 297 ODlLONlS
1687 234 2045 294 MONACHIS
2084 237 2147 295 Si
2174 235 2489 293 MEDARDI
2530 232 2885 301 SUESSlQN.
3624 234 3702 292 601i

2077 363 2127 416 Α
2157 361 2347 416 sancti
2390 359 2747 417 memoriam
2794 354 3226 430 procumberet,
3269 354 3530 427 extemplo
3567 356 3616 413 in
3644 357 3704 415 di-

2154 453 2381 507 rectum
2433 448 2775 516 subrigitur,
2829 449 2887 500 et
2932 459 3117 528 quam
3162 458 3445 514 nunquam
3490 450 3706 517 expertus

2154 538 2348 594 fuerat
2400 536 2849 615 integerrimam
2887 533 3140 605 adeptus
3195 536 3276 588 est
3325 532 3705 590 valetudinem:

2154 628 2441 700 quodque
2465 627 2517 682 ei
2546 642 2669 682 non
2700 638 3059 680 concessum
3086 636 3189 693 per
3210 624 3483 688 naturam,
3518 622 3708 694 adipisci

2156 713 2373 770 meruit
2399 712 2869 784 suffragantibus
2891 709 3115 781 egregii
3152 708 3420 780 martyris,
3436 708 3709 766 meritorum

2155 802 2565 875 pran‘ogativis
2596 817 2702 875 per
2730 799 3052 858 divinitatis
3078 797 3407 870 potentiam.

2743 925 2972 980 CAPUT
3010 923 3220 979 XXXVI.

2232 1037 2501 1105 Longum
2529 1032 2704 1089 valde
2736 1049 2805 1088 ac
2827 1026 3109 1103 cuiquam
3132 1026 3484 1101 sp'ermologo
3506 1025 3714 1081 difﬁcilli-

2159 1140 2326 1178 mum
2357 1127 2443 1178 est
2472 1118 2680 1178 viritim
2712 1137 2781 1176 ac
2807 1115 3195 1195 personaliter
3245 1131 3312 1171 ea
3356 1115 3599 1188 prosequi
3618 1130 3715 1187 qua

2157 1229 2264 1285 per
2315 1214 2445 1283 ejus
2496 1208 2859 1266 venerabilia
2909 1206 3120 1262 merita
3176 1203 3257 1259 vis
3295 1203 3480 1258 divina
3512 1216 3715 1258 exercere

2159 1300 2523 1369 dignabatur
2536 1300 2597 1354 in
2619 1295 3047 1354 universalium
3070 1292 3408 1366 passionum
3427 1290 3718 1346 morborum-

2158 1405 2275 1462 que
2306 1388 2645 1459 generibus,
2673 1403 2812 1459 quaa
2841 1386 3124 1441 humana:
3164 1379 3468 1437 conditioni
3485 1384 3571 1435 aut
3590 1378 3716 1446 origi-

2158 1478 2368 1536 naliter
2397 1477 2652 1534 naturali
2680 1474 3071 1549 passibilitate
3102 1469 3390 1536 accidunt,
3420 1472 3511 1524 aut
3542 1466 3721 1524 fortuitu

2158 1566 2538 1640 proveniunt.
2568 1568 2715 1622 Cum
2746 1564 2908 1619 enim
2938 1579 3010 1618 ex
3039 1561 3279 1616 diversa
3305 1557 3453 1615 orbis
3487 1555 3720 1612 latitudine

2162 1656 2316 1712 fama
2345 1656 2630 1711 virtutum
2660 1654 2790 1725 ejus
2809 1651 3000 1709 excita
3028 1646 3463 1707 innumerabilis
3483 1644 3722 1701 hominum

2159 1749 2537 1803 concurreret
2547 1740 2965 1809 multitudo,ex
2985 1737 3268 1796 omnibus
3282 1742 3466 1792 tamen
3478 1733 3722 1792 Galliarum

2160 1831 2612 1904 Germaniaeque
2640 1830 2863 1887 finibus
2891 1826 3302 1885 transmarinis
3324 1839 3540 1897 quoque
3552 1818 3725 1904 provinf

2160 1922 2263 1978 eiis
2294 1926 2459 1980 tanta
2485 1902 2849 1993 populorum
2906 1916 3278 1973 immensitas
3338 1911 3645 1980 conﬂuebat,
3683 1902 3725 1962 ui

2160 2025 2405 2071 omnem
2436 2007 2551 2063 loci
2570 2007 2758 2080 ipsius
2780 2006 2958 2061 situm
2988 2003 3087 2076 qui
3107 2001 3311 2077 ampla
3340 2000 3469 2056 satis
3494 1996 3724 2054 latitudine

2160 2098 2441 2154 dilatatur
2496 2097 2869 2153 locustarum
2921 2094 3108 2149 instar
3160 2093 3582 2165 praeoccuparet.
3623 2090 3726 2140 Inter

2160 2204 2335 2260 quos,
2366 2192 2528 2243 tanta
2576 2190 2702 2241 erat
2746 2183 3149 2241 numerositas
3200 2193 3497 2247 caecorum,
3546 2174 3724 2230 claudo-

2159 2293 2315 2345 rum,
2348 2276 2677 2345 aridorum,
2708 2274 3231 2349 leprosorumque,
3280 2275 3336 2326 et
3381 2279 3725 2336 energumeno-

2161 2382 2316 2433 rum,
2347 2364 2750 2420 lunaticorum
2775 2376 3018 2437 quoque
3048 2359 3591 2429 omnigenarumque
3614 2349 3727 2406 debi-

2160 2453 2381 2511 litatem
2438 2450 3036 2508 incommoditatibus
3093 2446 3415 2523 praepedita
3454 2439 3725 2515 frequentia,

2162 2548 2227 2599 ut
2249 2542 2486 2599 numeri
2512 2557 2817 2597 summam
2844 2540 3142 2597 videretur
3164 2536 3454 2593 excedere.
3481 2537 3535 2589 in
3556 2530 3628 2587 his
3642 2544 3727 2583 om-

2162 2632 2338 2688 nibus
2368 2636 2493 2687 tam
2514 2630 2794 2703 frequens
2835 2634 2961 2684 erat
3005 2632 3161 2684 nutu
3204 2623 3502 2683 divinitatis
3527 2637 3613 2695 per
3633 2617 3729 2673 bea-

2162 2722 2458 2778 tissimum
2488 2725 2814 2791 martyrem
2844 2718 3174 2774 sanitatum
3204 2710 3730 2784 exhibitio',quantoet

2161 2825 2370 2865 eorum
2426 2808 2529 2881 qui
2581 2807 2817 2863 medela
2858 2805 3215 2876 indigebant
3266 2800 3601 2861 numerosior
3645 2798 3732 2850 erat

2162 2898 2496 2953 concursio.
2519 2896 2899 2953 Sanabantur
2914 2894 3179 2968 denique
3211 2886 3328 2950 non
3344 2896 3553 2947 tantum
3574 2882 3728 2941 viritim

2162 2992 2265 3043 aut
2293 2986 2701 3058 personaliter,
2732 3000 2938 3041 verum
2968 2983 3153 3041 etiam
3194 2981 3328 3039 deni
3358 2978 3644 3050 vigenique,
3679 2975 3731 3040 et,

2162 3081 2227 3131 ut
2250 3074 2333 3131 ita
2358 3074 2578 3140 dicam,
2616 3072 2928 3145 gregatim,
2988 3071 3144 3128 adeo
3190 3076 3255 3127 ut
3277 3070 3337 3126 in
3360 3068 3448 3124 die
3475 3063 3731 3133 vigiliarum

2163 3163 2355 3221 sancti
2385 3179 2454 3218 ac
2486 3160 2843 3218 venerabilis
2874 3159 3239 3217 confessoris
3288 3155 3483 3216 Christi
3513 3145 3732 3209 Benedicti

2161 3240 2421 3318 abbatis,
2478 3250 2855 3324 septuaginta
2899 3236 2954 3304 et
3005 3247 3128 3304 duo
3179 3243 3492 3322 promiscui
3530 3255 3668 3296 sexus
3696 3242 3733 3289 et

2161 3340 2366 3409 aetatis,
2398 3339 2755 3412 promiscum
2777 3353 3018 3410 quoque
3045 3342 3100 3391 et
3130 3326 3461 3404 debilitatis,
3481 3330 3592 3403 ipso
3609 3326 3736 3384 virtu.

2162 3428 2330 3484 tifero
2360 3433 2621 3500 martyre
2651 3424 3018 3495 suffragante
3050 3424 3434 3480 redderentur
3462 3415 3627 3475 incolu
3648 3428 3733 3507 es.

2164 3521 2389 3573 Lumen
2409 3516 2549 3571 caeci
2575 3514 2737 3589 quod
2769 3530 3086 3588 nunquam
3113 3512 3341 3595 esperti
3368 3510 3577 3567 fuerant
3600 3516 3735 3577 percr-

2160 3604 2425 3678 piebant,
2458 3602 2656 3660 claudi
2687 3618 2959 3673 gressum
2988 3618 3175 3677 quem
3206 3618 3327 3658 non
3356 3597 3625 3661 noverant,
3639 3604 3734 3678 con:

2162 3671 2586 3766 sequebantur.
2624 3671 2757 3748 Erat
2788 3692 2846 3748 in
2876 3671 3092 3764 bisqui
3114 3688 3445 3747 devotionis
3464 3684 3665 3742 obtentu
3684 3671 3737 3731 ad

2161 3782 2290 3853 ejus
2333 3776 2696 3856 experienda
2740 3781 3125 3838 conﬂuebant
3173 3778 3461 3837 beneﬁcia
3494 3768 3735 3856 timor

2161 3853 2436 3926 modicus
2466 3870 2649 3927 cultui
2678 3868 3016 3927 reverentiae
3067 3868 3307 3925 mistus.
3353 3864 3591 3938 Plerique
3625 3853 3737 3913 enim

2164 3959 2413 4016 crimina
2444 3976 2557 4016 sua
2583 3957 2787 4033 palam
2817 3955 3274 4032 proﬁtebantur,
3307 3948 3534 4030 plurimi
3558 3956 3737 4033 quoflue

2161 4046 2298 4116 igne
2325 4046 2385 4101 in
2436 4030 2648 4102 visibili
2684 4030 2986 4101 visibiliter
3034 4044 3382 4100 urebantur.
3436 4037 3539 4111 Sed
3577 4030 3737 4109 quibus

2161 4140 2286 4190 erat
2316 4151 2488 4190 mens
2521 4134 2722 4190 sanior
2768 4132 3260 4206 circumspectius
3306 4127 3620 4200 satagebant
3656 4131 3737 4174 non

2163 4229 2298 4279 ante
2331 4223 2533 4297 templi
2561 4223 2791 4280 aditum
2820 4222 3079 4289 introire,
3113 4238 3305 4295 quam
3332 4225 3386 4275 et
3412 4218 3611 4274 mentes
3630 4210 3737 4303 intro

2163 4312 2550 4368 confessionis
2581 4330 2650 4369 ac
2682 4310 3063 4387 paenitentiae,
3094 4327 3352 4384 corpora
3375 4320 3593 4383 quoque
3618 4312 3740 4371 alii“5

2073 4404 2123 4468 ξ)
2161 4398 2473 4455 diluerent.
2508 4403 2639 4455 Erat
2662 4394 2919 4473 denique
2958 4399 3019 4455 in
3046 4393 3300 4455 diversis
3344 4392 3623 4470 speciebus
3646 4398 3740 4459 qua?

2162 4487 2373 4543 votivis
2400 4486 2663 4544 donariis
2697 4487 2774 4547 ad
2807 4488 3247 4545 confessionem
3278 4486 3454 4558 hujus
3474 4474 3743 4556 praecellen‘

2160 4572 2370 4631 tissimi
2391 4592 2464 4631 ex
2484 4575 2738 4644 diversis
2765 4577 3087 4649 provinciis
3114 4581 3172 4633 et
3219 4573 3550 4648 regionibus
3585 4564 3663 4639 pia
3695 4558 3742 4613 θ’

2159 4664 2384 4721 delium
2414 4665 2818 4723 offerebantur
2841 4666 3180 4738 devotione,
3210 4673 3325 4722 tam
3370 4665 3564 4734 ingens
3599 4649 3744 4724 copia)

2159 4757 2224 4808 ut
2251 4750 2533 4825 ponderis
2562 4753 2914 4828 numerique
2947 4770 3258 4810 summam
3288 4768 3438 4827 pene
3476 4743 3745 4805 viderentur

2160 4837 2463 4912 excedere,
2516 4844 2667 4901 adeo
2712 4850 2775 4900 ut
2815 4844 3118 4915 octoginta
3166 4844 3434 4916 quinque
3473 4834 3744 4895 modiorum

2159 4928 2535 4989 diversorum
2574 4934 3005 4991 numismatum
3055 4926 3281 5003 argenti
3311 4926 3570 4987 cumulus
3596 4930 3743 5013 exere'

2161 5028 2366 5090 sceret,
2391 5028 2604 5095 praeter
2632 5022 2880 5079 monilia
2906 5022 3175 5080 virorum
3206 5038 3279 5077 ac
3308 5016 3622 5079 mulierum,
3646 5019 3747 5098 IIIIS:

2162 5111 2320 5167 soria
2347 5127 2591 5184 quoque
2621 5110 2844 5169 diversi
2868 5106 3153 5186 ponderis
3185 5109 3424 5183 aliaque
3452 5120 3615 5168 vasa;
3654 5106 3747 5151 διιη

2160 5215 2404 5273 quoque
2435 5205 2883 5283 nongentarum
2909 5200 3200 5258 librarum
3227 5214 3469 5257 summa
3496 5192 3651 5249 fieret.

2730 5327 2962 5383 CAPUT
2998 5325 3244 5383 XXXVII.

2229 5430 2341 5487 Sed
2364 5432 2508 5504 quia
2533 5448 2715 5487 omne
2734 5432 2966 5488 bonum
3000 5446 3238 5505 semper
3279 5446 3312 5486 e
3350 5427 3556 5485 vicinia
3582 5413 3750 5478 invidia

2160 5556 2351 5630 moria
2380 5556 2585 5630 fuisse
2642 5558 2980 5630 AGuidonem
3034 5542 3401 5630 temporibus
3448 5542 3668 5608 Lotharii
3712 5538 3751 5591 εί

2161 5627 2424 5696 Hugonis
2452 5628 2673 5701 Capeti.
