4034 6190
261 277 368 330 608

1194 276 1284 330 ΒΕ
1321 270 1719 332 TRANSLAT.
1764 273 1822 329 S.
1868 266 2291 327 SEBASTIANI
2346 275 2432 327 ET
2471 275 2531 330 S.
2571 275 2777 333 GREG.

3611 297 3713 350 606

150 424 163 439 ο
252 398 600 467 comitatur,
622 399 926 469 cmperunt
942 396 1187 470 plurimi
1215 397 1595 455 sacerdotum
1628 397 1737 453 zeli
1759 392 1929 450 rubi-
1959 396 2005 448 Α
2178 392 2305 448 fore
2331 396 2650 467 praesentia
2679 402 3000 474 corporali,
3030 406 3246 465 virtute
3273 424 3523 484 quoque
3549 415 3716 484 spiri-

250 490 396 561 gine
426 488 542 555 uri,
572 486 954 560 prohibentes
1001 486 1209 559 plebes
1262 488 1379 545 sibi
1435 488 1797 543 commissas
1844 484 1926 542 ad

247 578 300 648 ej
313 594 385 632 us
411 579 536 632 toto
561 575 705 633 orbe
732 574 993 631 crebrius
1020 580 1265 648 experta
1284 576 1615 649 patrocinia
1630 590 1927 650 propera-

245 681 337 733 re,
363 680 599 739 suaque
624 664 703 720 ad
730 664 859 735 ejus
879 662 1168 735 praeclara
1194 664 1452 736 pignora
1474 668 1615 720 vota
1635 661 1925 736 perferre.

247 754 515 811 Aiebam
541 768 806 826 namque
855 752 1070 808 rectius
1100 752 1245 819 fore,
1278 757 1344 809 ut
1392 752 1653 808 ecclesiae
1690 751 1752 806 in
1782 751 1926 823 qui-

243 843 374 900 bus
397 842 681 916 baptismi
708 840 968 913 ﬁdeique
1013 857 1240 897 munus
1269 846 1676 916 perceperant,
1709 855 1786 895 ex
1831 840 1927 897 his

244 932 589 989 ditarentur
615 928 943 1002 stipendiis,
975 932 1033 985 et
1060 940 1272 986 earum
1300 930 1597 988 alerentur
1619 929 1823 985 viduae
1855 945 1926 986 ac

243 1019 506 1095 pupilli:
535 1034 644 1075 nec
671 1034 800 1076 esse
828 1017 1059 1074 bonum
1094 1034 1159 1074 se
1185 1034 1378 1089 egere,
1410 1025 1468 1076 et
1496 1019 1644 1077 alios
1672 1017 1925 1076 ditesce-

242 1126 317 1167 re
346 1127 362 1177 ;
413 1124 475 1164 se
504 1106 859 1180 exspoliare,
890 1112 946 1163 et
993 1106 1145 1163 alios
1185 1106 1451 1165 induere.
1486 1109 1677 1180 Hujus
1715 1105 1923 1165 livoris

243 1197 475 1267 rubigo
518 1196 668 1254 adeo
698 1196 976 1267 excrevit,
1007 1200 1073 1251 ut
1117 1196 1296 1252 etiam
1343 1198 1753 1269 quorumdam
1793 1198 1919 1271 epi-

247 1301 579 1360 scoporum
630 1284 815 1341 corda
866 1283 1149 1341 inﬁceret.
1194 1288 1275 1340 Ex
1317 1286 1542 1358 quibus
1585 1286 1916 1357 Ostroldus,

244 1375 363 1448 qui
387 1389 457 1431 ea
483 1376 833 1446 tempestate
879 1373 1152 1442 Lugduni
1178 1373 1325 1444 (470)
1353 1375 1734 1447 praesidebat,
1768 1376 1917 1433 dum

246 1478 590 1520 sermonem
612 1461 687 1517 de
707 1462 822 1517 hac
850 1477 913 1517 re
942 1461 1256 1519 habiturus
1285 1464 1364 1519 ad
1393 1464 1695 1538 populum
1722 1465 1916 1538 pulpi-

246 1555 383 1608 tum
406 1549 864 1619 conscendisset,
892 1555 1217 1623 postquam
1262 1552 1496 1610 diutino
1540 1558 1789 1611 tractatu
1815 1556 1914 1612 -ad

249 1640 542 1715 populum
590 1639 981 1697 concionatus
1023 1646 1130 1707 est,
1170 1641 1337 1698 inﬁt:
1386 1641 1564 1710 Quid,
1613 1644 1912 1717 inquiens,

2034 480 2133 537 tali
2164 497 2449 553 praeesse,
2474 490 2533 541 et
2556 487 2844 558 prodesse
2870 507 2997 550 non
3021 496 3223 553 solum
3243 480 3355 554 loci
3374 480 3536 556 illius
3560 480 3718 560 inco-

2032 569 2125 638 lis,
2153 570 2259 626 sed
2290 576 2349 627 et
2378 573 2669 630 omnibus
2699 579 3029 640 Galliarum
3053 588 3296 659 populis
3320 590 3463 658 Regi
3497 607 3636 648 meo
3660 599 3717 650 et

2036 658 2288 753 Domino
2318 676 2463 719 meo
2492 661 2747 753 ﬁdeliter
2778 658 3243 747 adhaerentibus,
3278 677 3424 735 mihi
3467 696 3714 753 quoque

2032 745 2329 840 meisque
2353 751 2765 840 consortibus,
2798 758 2955 815 illius
2987 745 3262 820 videlicet
3305 765 3420 822 loci
3446 745 3713 840 patronis

2033 834 2230 925 dignis
2272 836 2598 925 obsequiis
2640 842 3004 906 famulatum
3056 834 3563 925 impendentibus.
3612 859 3713 913 His

2032 923 2223 1013 dictis,
2253 924 2537 1013 caelestia
2566 935 2826 1004 reposcit
2849 954 2990 994 cum
3014 923 3543 1000 suis—consortibus
3571 960 3715 1013 gau-

2028 1011 2148 1069 dia.
2182 1011 2535 1084 Episcopus
2564 1017 2771 1078 dolore
2799 1025 3118 1084 verberum
3148 1034 3206 1086 et
3247 1011 3599 1088 confusione
3627 1034 3713 1089 in-

2029 1101 2275 1190 somnis,
2312 1104 2389 1157 ut
2422 1100 2705 1166 festinato
2733 1111 2914 1171 cursu
2954 1116 3059 1173 lux
3103 1117 3322 1175 diurna
3350 1119 3574 1190 redeat,
3607 1136 3711 1178 an-

2026 1189 2196 1247 helus
2223 1192 2536 1262 expectat.
2586 1198 2712 1260 Qua
2756 1202 3114 1261 mortalibus
3157 1204 3409 1269 reddita,
3461 1189 3705 1264 adscitis

2025 1276 2543 1338 consecretalibus
2557 1289 2615 1342 et
2639 1290 2986 1348 necessariis
3013 1290 3221 1347 amicis
3244 1292 3531 1349 visionem
3554 1310 3705 1366 pan-

2024 1368 2128 1435 dit,
2151 1367 2307 1425 ictus
2337 1370 2666 1430 verberum
2694 1380 2987 1435 tumentes
3013 1395 3084 1435 ac
3110 1379 3327 1435 lividos
3356 1380 3594 1449 detegit.
3613 1382 3700 1438 Illi

2022 1473 2165 1514 vero
2193 1457 2360 1515 anxii
2386 1459 2840 1537 plurimumque
2871 1467 3109 1536 turbati,
3134 1467 3331 1539 operis
3363 1469 3696 1525 exsecutio-

2022 1563 2118 1613 ne,
2141 1547 2308 1618 quod
2329 1547 2696 1621 imperatum
2716 1554 3002 1611 divinitus
3023 1556 3237 1625 fuerat,
3262 1557 3697 1615 maturandum

2022 1635 2386 1708 quantocius
2426 1647 2833 1699 commonent.
2896 1643 3162 1715 Denique
3208 1643 3522 1700 instruitur
3560 1645 3693 1711 iter,

253 1727 581 1786 Suessionis
628 1728 1016 1802 pervagando
1061 1731 1340 1802 queritis,
1391 1732 1569 1805 quasi
1621 1733 1914 1791 Sebastia-
1943 1745 1989 1799 Β
2023 1730 2314 1798 parantur
2334 1731 2395 1782 et
2417 1744 2673 1789 munera
2698 1731 2925 1803 inclyto
2949 1731 3197 1802 martyri
3221 1731 3568 1790 deferenda.
3597 1735 3698 1788 Pe-

250 1833 394 1873 num
429 1821 756 1888 martyrem
779 1816 898 1873 illic
926 1819 1213 1890 reperturi
1234 1820 1262 1875 ‘I
1292 1820 1577 1876 Noveritis
1606 1837 1755 1880 sane
1770 1823 1915 1894 quia

253 1909 446 1962 Romae
470 1904 705 1961 dudum
733 1909 875 1978 post
903 1905 995 1962 sui
1020 1903 1452 1964 delibationem
1481 1909 1770 1980 sepultus,
1802 1910 1912 1967 ha-

251 1998 453 2051 ctenus
501 1994 585 2050 ibi
623 1994 785 2065 jacet
813 2009 850 2050 a
878 1995 1121 2051 nemine
1152 2000 1378 2052 motus.
1413 1996 1660 2052 Habetis
1687 1996 1783 2054 hic
1814 2013 1912 2053 ve-

250 2082 507 2139 nerabile
537 2082 638 2139 Dei
667 2082 974 2153 Genitricis
1021 2083 1338 2156 templum,
1369 2085 1485 2141 hoc
1515 2083 1910 2157 frequentate,

248 2172 313 2228 in
355 2186 426 2227 eo
470 2176 609 2228 vota
636 2175 829 2227 vestra
858 2177 1067 2228 vovete
1116 2177 1174 2229 et
1200 2173 1448 2229 reddite.
1480 2176 1609 2230 Non
1636 2190 1791 2245 opus
1820 2180 1915 2232 est

246 2260 418 2317 vobis
439 2260 723 2317 aliorsum
748 2261 976 2331 vagari,
999 2266 1056 2319 et
1084 2267 1335 2318 externa
1358 2261 1583 2320 auxilia
1612 2266 1909 2335 expetere.

248 2350 359 2406 Per
381 2365 514 2406 eam
563 2366 700 2422 qua;
737 2349 989 2407 ﬁdeliter
1039 2350 1310 2424 poscitis,
1343 2350 1553 2408 omnia
1594 2350 1916 2408 donabun-

249 2444 341 2492 tur
369 2454 405 2493 a
435 2438 705 2494 Domino.
734 2441 1059 2511 Postquam
1099 2439 1329 2496 affatim
1358 2439 1658 2513 populum
1685 2438 1912 2495 allocu-

246 2531 339 2584 tus
382 2533 487 2598 est,
518 2528 820 2584 redierunt
874 2529 1107 2601 quique
1151 2529 1213 2584 in
1267 2545 1417 2585 sua:
1469 2530 1602 2601 ipse
1648 2527 1763 2584 diei
1802 2527 1914 2583 du-

245 2633 384 2672 cens
425 2618 668 2688 gaudia,
699 2618 891 2675 vicina
942 2619 1228 2675 maestitia
1284 2634 1668 2692 praepropere
1715 2617 1913 2674 detur-

242 2706 467 2778 banda,
519 2707 680 2763 diem
738 2707 902 2764 illam
950 2708 1251 2764 ﬁnetenus
1299 2722 1423 2765 nox
1479 2706 1912 2779 superveniens

244 2796 500 2853 clausit:
574 2796 894 2869 episcopus
991 2812 1253 2869 pransus
1326 2797 1605 2853 cubitum
1693 2796 1909 2867 pergit.

246 2885 508 2943 Membra
539 2900 751 2958 sopore
778 2885 1044 2941 resoluta
1095 2901 1234 2940 cum
1279 2886 1409 2956 jam
1441 2884 1743 2941 conticinii
1771 2888 1915 2940 tem-

241 2991 358 3048 pus
410 2974 803 3042 incumberet,
849 2989 986 3030 ecce
1040 2973 1130 3029 vir
1181 2972 1434 3045 quidam
1493 2972 1764 3046 ephebus
1808 2988 1911 3028 eu-

242 3063 573 3136 rythmiam
628 3064 778 3133 (471)
834 3062 1046 3118 domui
1110 3061 1445 3120 Sebastiani
1510 3061 1909 3135 praetendens,
1942 3093 1983 3149 ο

242 3158 381 3209 ante
411 3156 665 3209 stratum
695 3153 825 3229 ejus
876 3150 1139 3207 constitit
1184 3150 1429 3207 duobus
1470 3167 1675 3207 secum
1704 3150 1911 3206 dextra

240 3242 511 3315 lasvaque
540 3240 979 3307 assistentibus,
1010 3239 1309 3312 similique
1346 3240 1579 3310 fulgore
1625 3239 1913 3296 rutilanti-

241 3331 379 3399 bus,
410 3330 614 3386 infulis
670 3334 872 3386 tamen
921 3328 1371 3401 pontiﬁcalibus
1414 3329 1727 3386 redimitis.
1783 3330 1913 3400 Ipse

242 3434 386 3476 vero
435 3418 672 3474 militari
720 3417 1042 3489 chlamyde
1085 3417 1496 3487 amiciebatur,
1524 3418 1755 3487 virgam
1801 3433 1912 3472 au-

243 3522 411 3564 ream
458 3521 646 3564 manu
675 3506 894 3561 ferens.
930 3507 1057 3571 Qua
1095 3505 1335 3577 pulsato
1361 3505 1647 3578 episcopo
1672 3511 1912 3561 vocato-

243 3611 362 3669 que
411 3611 485 3651 ex
527 3594 794 3661 nomine,
823 3594 916 3649 his
966 3610 1106 3649 eum
1146 3593 1343 3649 verbis
1368 3593 1740 3666 increpando
1770 3593 1913 3651 aﬂa-

246 3689 342 3740 tur
366 3701 379 3740 :
415 3685 559 3755 Ego,
590 3683 805 3756 inquit,
826 3672 987 3739 sum-
1009 3682 1395 3739 Sebastianus
1415 3682 1698 3739 defensor
1724 3682 1914 3738 Eccle-

247 3773 373 3839 siae,
390 3773 497 3846 qui
524 3776 717 3830 Roma
738 3772 883 3828 olim
912 3788 1022 3845 pro
1055 3787 1261 3827 amore
1289 3771 1497 3827 Christi
1518 3770 1761 3843 oppetii,
1788 3786 1913 3842 qua

244 3868 303 3919 et
330 3877 579 3934 corpore
607 3861 902 3918 hactenus
937 3858 1209 3932 sepultus
1234 3860 1398 3930 jacui
1422 3878 1434 3915 :
1468 3875 1629 3915 nunc
1646 3872 1788 3917 vero
1809 3860 1911 3916 Dei

241 3951 761 4025 praedestinatione
790 3950 871 4007 ob
899 3966 1169 4006 amorem
1197 3949 1451 4005 Medardi
1482 3949 1912 4018 Noviomagen-

241 4041 326 4097 sis
356 4041 638 4113 episcopi,
671 4056 853 4114 quem
898 4038 977 4095 ad
1019 4039 1238 4094 laevam
1288 4043 1443 4095 stare
1490 4036 1680 4103 vides,
1714 4052 1827 4107 ego
1853 4044 1912 4094 et

240 4129 343 4186 hic
405 4128 699 4184 dexterior
771 4126 1088 4197 Gregorius
1144 4129 1429 4183 Romanas
1496 4125 1661 4182 urbis
1723 4141 1906 4198 papa,

244 4217 581 4275 Suessionis
612 4216 777 4273 missi
799 4232 1032 4281 sumus,
1057 4215 1138 4270 uti
1159 4214 1362 4271 locum
1388 4215 1557 4271 illum
1583 4218 1642 4273 et
1669 4216 1799 4285 ejus
1822 4214 1910 4271 in-

240 4308 411 4365 colas
434 4312 640 4364 nostro
666 4306 1000 4379 patrocinio
1030 4304 1461 4373 custodiamus,
1490 4308 1547 4360 et
1575 4305 1911 4360 custodien-

239 4398 327 4453 do
344 4397 678 4453 foveamus.
708 4399 791 4451 Tu
818 4411 960 4451 vero
986 4394 1171 4450 livore
1195 4393 1413 4450 ductus
1439 4385 1773 4465 procaciter
1792 4394 1910 4461 egi-

242 4486 323 4540 sti
358 4485 637 4541 hesterno
682 4484 1007 4540 adversum
1064 4498 1179 4551 me,
1213 4488 1486 4538 avertens
1535 4480 1775 4554 plebem
1806 4481 1910 4538 tibi

242 4574 655 4644 commissam,
715 4588 792 4628 ne
843 4572 922 4629 ad
983 4564 1423 4628 confessionem
1477 4570 1738 4626 nominis
1791 4569 1911 4626 mei

239 4668 454 4719 euntes
481 4666 622 4719 vota
652 4679 764 4719 sua
789 4661 853 4718 in
876 4659 1243 4733 obsequium
1266 4659 1385 4715 mei
1399 4658 1717 4716 deferrent.
1748 4661 1912 4717 Insu-

240 4765 354 4823 per
376 4749 527 4807 falso
551 4748 905 4822 perhibuisti
929 4764 1070 4804 mea
1094 4748 1365 4804 humana
1382 4745 1499 4803 illic
1524 4744 1761 4817 penitus
1786 4760 1911 4803 non

241 4839 476 4896 haberi.
509 4842 576 4895 Ut
601 4846 804 4895 autem
850 4838 1051 4895 omnis
1091 4834 1520 4908 scrupulositas
1565 4850 1637 4890 ex
1689 4834 1804 4893 hoc
1831 4833 1910 4889 ab

244 4928 454 4985 animo
484 4932 586 4984 tuo
635 4927 915 5001 pellatur,
940 4927 1035 4982 his
1072 4924 1424 4983 verberibus
1452 4922 1617 4980 disce
1645 4938 1743 4980 me
1771 4921 1907 4989 illic,

242 5019 400 5073 sicut
444 5034 606 5074 nunc
635 5018 851 5090 cernis,
878 5017 1112 5089 absque
1164 5016 1287 5072 ulla
1341 5012 1607 5086 corporis
1655 5013 1911 5071 diminu-

242 5108 405 5164 tione
464 5107 609 5163 olim
662 5106 1008 5179 depositum
1051 5106 1226 5175 juxta
1289 5102 1649 5162 confessoris
1695 5100 1911 5167 Christi

241 5193 502 5253 Medardi
565 5196 872 5268 quiescam
933 5193 1259 5252 tumulum.
1316 5193 1454 5249 Haec
1528 5191 1684 5248 fatus
1746 5190 1911 5259 virga

242 5298 431 5357 quam
459 5299 647 5341 manu
677 5285 968 5355 gestabat,
1001 5282 1214 5340 cecidit
1236 5298 1377 5338 cum
1406 5279 1753 5337 verberibus
1781 5279 1911 5351 plu-

240 5374 432 5444 rimis,
452 5374 805 5448 precipiens
825 5374 944 5430 ita:
972 5372 1133 5429 Vade
1159 5370 1495 5428 Suessionis
1526 5368 1783 5441 pedibus
1803 5385 1911 5424 nu-

242 5462 339 5518 dis
368 5462 674 5533 incedens,
704 5467 762 5519 et
785 5463 1067 5532 stigmata
1094 5459 1413 5516 verberum
1443 5474 1581 5530 quae
1614 5457 1716 5515 tibi
1768 5456 1910 5511 irro-

243 5550 406 5623 gavi,
440 5551 642 5625 palam
672 5551 899 5608 cunctis
930 5554 1183 5618 ostenta,
1217 5552 1280 5601 ut
1324 5546 1525 5601 norint
1566 5561 1775 5600 omnes
1816 5560 1910 5598 me

315 5658 468 5728 (470)
507 5655 731 5728 (flavati
761 5655 1003 5726 scilicet,
1036 5670 1172 5727 quas
1216 5651 1360 5708 urbs
1390 5651 1520 5709 aliis
1550 5648 1909 5705 Laudunum

241 5726 481 5796 dicitur,
512 5727 690 5798 vulgo
716 5730 902 5784 Laon.

1941 4445 1982 4498 ll

2022 1813 2284 1871 destrem
2310 1815 2526 1873 ducem
2551 1818 2797 1889 hymnis
2825 1835 3048 1877 canora
3078 1824 3278 1877 turma
3301 1819 3462 1887 lente
3488 1822 3696 1878 subse-

2022 1902 2226 1974 quitur
2253 1918 2575 1977 quousque
2605 1912 2855 1964 ventum
2881 1912 2969 1964 est
2992 1907 3072 1965 ad
3103 1908 3328 1976 locum,
3361 1910 3426 1966 in
3455 1926 3580 1982 quo
3609 1910 3696 1965 in-

2024 2003 2170 2059 gens
2200 1988 2532 2062 frequentia
2549 1994 2917 2064 populorum
2945 1995 3285 2052 excubabat
3306 2002 3446 2054 ante
3473 2001 3694 2068 marty-

2021 2079 2104 2135 ris
2129 2078 2445 2137 tumulum.
2462 2083 2636 2139 Umni
2660 2082 2935 2155 deposito
2959 2083 3298 2154 supercilio,
3326 2085 3695 2156 dejectisque

2020 2165 2084 2221 in
2106 2170 2325 2222 terram
2341 2166 2646 2238 profundo
2659 2170 2895 2241 pudore
2921 2168 3268 2236 luminibus,
3292 2171 3414 2227 ruit
3434 2175 3695 2244 prostra-

2022 2257 2117 2311 tus
2140 2253 2201 2309 in
2230 2251 2442 2310 faciem
2473 2259 2639 2312 tanta
2667 2256 3000 2313 humilitate
3012 2261 3243 2328 quanta
3265 2263 3325 2314 et
3343 2258 3549 2316 divina
3568 2273 3696 2316 cor~

2021 2346 2225 2414 reptus
2253 2342 2447 2398 fuerat
2474 2345 2813 2403 severitate.
2847 2346 3045 2403 Oratio
3074 2346 3135 2401 in
3164 2346 3423 2417 longum
3449 2353 3693 2422 protena

2020 2430 2199 2492 ditur.
2225 2430 2484 2499 gemitus
2503 2436 2562 2486 et
2582 2433 2843 2505 suspiria
2871 2448 2945 2488 ex
2964 2432 3267 2505 profundo
3283 2437 3543 2507 pectoris
3563 2451 3698 2509 pro-

2020 2517 2307 2573 feruntur.
2355 2517 2648 2589 Explicita
2697 2521 2984 2591 oratione,
3018 2521 3282 2593 capitulo
3334 2524 3697 2596 competenti

2018 2618 2054 2658 a
2081 2602 2193 2658 loci
2223 2602 2411 2676 ipsius
2440 2605 2807 2676 primatibus
2856 2609 2987 2678 ejus
3032 2611 3501 2669 commendatur
3550 2627 3694 2684 sup-

2018 2690 2278 2763 plicatio.
2312 2692 2537 2748 Dehinc
2568 2693 2891 2765 placabilia
2926 2702 3065 2752 vota
3095 2697 3507 2769 proferuntur,
3536 2700 3697 2756 exin-

2018 2779 2093 2837 de
2132 2780 2352 2837 nobilis
2409 2781 2667 2839 fratrum
2717 2786 2925 2841 concio
2974 2786 3323 2843 advocatur.
3366 2788 3454 2845 Fit
3498 2789 3694 2846 delicti

2019 2870 2338 2941 confessio,
2397 2872 2737 2929 ostenditur
2787 2874 3002 2930 divinae
3052 2892 3323 2931 censurae
3373 2878 3694 2936 subsecuta

2018 2959 2333 3031 correptio,
2366 2961 2701 3032 spondetur
2751 2979 2858 3035 per
2900 2981 3081 3021 omne
3130 2965 3268 3021 vitae
3298 2982 3423 3022 sute
3453 2970 3692 3039 tempus

2018 3048 2334 3105 ferventior
2381 3065 2527 3119 erga
2575 3051 2993 3111 beatissimum
3044 3058 3377 3127 martyrem
3415 3072 3696 3127 perman-

2019 3152 2163 3193 sura
2192 3137 2452 3194 devotio.
2490 3143 2692 3211 Itaque
2746 3142 2835 3198 vir
2884 3141 2981 3198 Dei
3029 3142 3281 3199 verbere
3330 3143 3537 3201 divino
3562 3146 3690 3217 jam

2021 3224 2308 3281 eruditior
2336 3225 2553 3295 factus,
2578 3234 2779 3285 mente
2809 3230 3113 3297 sincerior,
3147 3246 3399 3304 corpore
3427 3235 3691 3305 vegetior

2023 3313 2439 3384 Lugdunensis
2471 3318 2767 3374 cathedras
2814 3318 3098 3375 sublimia
3144 3325 3448 3390 gratanter
3476 3324 3687 3395 repetit

2018 3401 2274 3470 fastigia.
2305 3404 2491 3472 Hujus
2507 3407 2593 3463 rei
2613 3407 2804 3463 exitus
2820 3411 2986 3463 tanto
3008 3423 3170 3464 nunc
3186 3410 3383 3467 notior
3404 3412 3690 3468 omnibus

2019 3490 2237 3547 exstitit
2259 3496 2490 3562 quanto
2521 3500 2579 3551 et
2628 3510 2900 3567 persona:
2945 3496 3208 3564 dignitas
3238 3499 3529 3556 famosior
3552 3500 3682 3568 fuit,

2019 3584 2078 3636 et
2106 3578 2221 3633 situ
2245 3579 2359 3635 loci
2385 3580 2447 3637 in
2479 3582 2642 3639 edito
2671 3583 2866 3655 posito
2895 3599 2991 3639 res
3038 3584 3100 3639 in
3131 3586 3256 3643 sole
3301 3592 3468 3656 gesta
3491 3588 3687 3645 occuli

2018 3668 2132 3724 sub
2152 3666 2357 3723 modio
2381 3669 2629 3727 minime
2650 3670 2857 3742 potuit.
2888 3672 3251 3729 Venerabilis
3268 3690 3411 3744 ergo
3436 3675 3542 3743 vir,
3556 3675 3688 3745 jam

2017 3756 2214 3812 dictus
2245 3756 2559 3815 Ostroldus
2590 3758 2934 3831 episcopus,
2985 3758 3064 3815 ab
3109 3760 3341 3831 optimo
3378 3761 3686 3819 didascalo

2018 3844 2192 3902 docte
2208 3843 2417 3901 docilis
2432 3845 2626 3905 factus
2637 3864 2726 3904 ea:
2732 3849 2816 3919 pit
2828 3846 3010 3904 libere
3023 3848 3306 3920 privatim
3327 3849 3686 3922 publiceque

2019 3935 2234 3991 docere
2259 3950 2651 4009 nequaquam
2676 3937 2802 3996 fore
2818 3937 3168 4011 quempiam
3197 3955 3235 3996 a
3251 3939 3470 3998 divinis
3483 3940 3689 3996 verbe-

2017 4024 2184 4080 ribus
2205 4023 2764 4099 immunem,neque
2780 4026 3063 4099 cuiquam
3081 4026 3331 4100 impune
3345 4029 3689 4102 cedere,qui

2020 4112 2351 4169 Sebastiani
2376 4116 2657 4187 martyris
2685 4115 3053 4188 contemptui
3068 4114 3306 4173 duxerit
3327 4117 3686 4177 memoriam

2018 4202 2307 4259 excolere.
2322 4203 2413 4260 Sic
2431 4206 2603 4262 cessit
2627 4205 3027 4277 plurimorum
3040 4204 3271 4263 invidia
3286 4207 3566 4279 martyris
3576 4208 3689 4264 vir-

2020 4290 2244 4348 tutibus
2256 4291 2613 4367 victa,etper
2626 4295 2802 4352 unius
2814 4294 3082 4367 corporis
3094 4299 3292 4353 cutem
3310 4313 3345 4353 a
3358 4296 3687 4355 multorum

2020 4380 2305 4437 cordibus
2325 4382 2562 4439 invidiae
2580 4384 2742 4441 virus
2762 4385 2866 4441 tali
2886 4389 2975 4441 est
2993 4388 3273 4442 extusum
3292 4385 3683 4455 malignitate.

2593 4474 2819 4529 CAPUT
2856 4471 3121 4529 XXXVIII.

2094 4558 2157 4613 1n
2184 4558 2496 4629 provincia
2540 4560 2892 4633 Aquitaniae,
2921 4559 2985 4617 in
3018 4574 3179 4631 pago
3223 4558 3562 4623 Alvernico,
3598 4560 3685 4616 vi-

2021 4663 2093 4705 co
2124 4645 2520 4714 Tudurninse.
2554 4652 2643 4706 est
2670 4647 3015 4705 coenobium
3059 4647 3285 4705 meritis
3324 4647 3507 4717 hujus
3535 4662 3687 4719 pra:-
3768 4676 3769 4681 π

2021 4735 2422 4794 cellentissimi
2478 4736 2760 4809 martyris
2819 4751 2890 4792 ac
2934 4735 3199 4792 nomine.
3224 4739 3681 4793 consecratum:

2021 4827 2194 4896 cujus
2224 4824 2524 4895 primariae
2567 4824 3022 4881 constructionis
3074 4824 3225 4882 ratio
3264 4823 3686 4894 hujuscemodi

2019 4914 2283 4971 veridica
2332 4914 2516 4971 fertur
2568 4914 2855 4973 relatione
2916 4912 3115 4969 fuisse.
3172 4914 3302 4971 Fuit
3354 4913 3416 4969 in
3470 4912 3686 4976 eadem

2019 5004 2262 5074 regione
2329 5004 2614 5063 sacerdos
2685 5002 2988 5076 quispiam
3077 5018 3319 5061 morum
3391 5002 3686 5074 probitate

2020 5093 2322 5159 notabilis,
2370 5096 2509 5151 actu
2580 5107 2652 5151 ac
2720 5090 2964 5148 nomine
3017 5092 3289 5160 Magnus,
3343 5091 3450 5164 qui
3502 5096 3560 5149 et
3612 5107 3684 5147 ex

2020 5187 2236 5241 eventu
2290 5182 2453 5255 quod
2508 5181 2562 5237 ei
2617 5194 2740 5239 non
2796 5178 3063 5247 fortuitu,
3114 5178 3219 5237 sed
3269 5184 3423 5238 nutu
3473 5179 3685 5238 deiﬁco

2020 5270 2313 5345 provenit.
2342 5270 2476 5327 loco
2519 5268 2599 5325 illi
2640 5283 2865 5327 nomen
2893 5267 3127 5337 indidit,
3160 5272 3227 5325 ut
3276 5269 3356 5327 ab
3403 5270 3537 5343 ipso
3575 5272 3688 5327 Ma-

2020 5362 2397 5431 gnus-Locus
2426 5357 2718 5423 diceretur
2747 5361 2805 5412 et
2830 5360 3007 5425 esset,
3040 5356 3341 5429 siquidem
3366 5359 3517 5414 inter
3544 5373 3686 5415 cun-

2020 5457 2114 5509 cta
2142 5449 2420 5519 eiusdem
2463 5446 2785 5519 provinciae
2817 5446 3186 5504 monasteria
3210 5445 3687 5505 famosissimum

2022 5539 2375 5594 hodietcnus
2404 5536 2661 5591 habetur
2691 5552 2759 5592 ac
2787 5534 3004 5591 nobile.
3025 5537 3129 5592 Hic
3156 5537 3355 5608 itaque
3378 5536 3526 5590 dum
3549 5531 3685 5586 ﬁdei

2091 5646 2236 5717 (471)
2275 5648 2504 5717 Nomen
2559 5646 2826 5717 Graecum
2881 5645 2938 5696 εὖ
2985 5647 3044 5700 et
3089 5644 3308 5717 ῥυθμός,
3355 5643 3685 5707 elegantem

2014 5715 2280 5787 formam
2307 5716 2424 5773 hoc
2452 5715 2585 5775 loco
2617 5716 2983 5787 signiﬁcans.
