4034 6190
341 252 444 306 607

1268 240 1600 298 ODlLONlS
1638 235 1954 294 MONACHI
2015 235 2074 290 S.
2121 234 2438 289 MEDARDI
2482 235 2835 292 SUESSION.

3666 227 3764 289 008

342 372 556 430 ardore
587 371 856 437 ferveret,
887 368 1292 437 virtutumque
1309 363 1413 437 pio
1435 377 1640 420 amore
1663 359 2002 430 mentisque
2034 361 2080 412 A
2114 361 2300 412 strato
2354 358 2668 416 conanime
2719 357 2995 414 substitit.
3030 354 3264 412 Vicibus
3314 354 3774 412 succedentibus

341 460 646 528 alacritate
692 457 1104 516 succresceret,
1137 452 1356 508 divinae
1388 448 1850 524 dispensationis
1882 463 2006 502 mo-

341 549 651 605 deramine
679 560 802 618 quo
832 542 1166 614 ﬂagellatur
1195 542 1474 615 quisquis
1504 556 1540 597 a
1571 543 1690 596 Deo
1719 537 2002 607 diligitur,

340 636 540 693 valida
569 634 733 690 febre
764 632 1099 705 corripitur.
1135 632 1316 703 Cujus
1354 629 1586 686 diutino
1615 625 2003 684 incommodo

339 725 815 794 ingravescente,
845 720 1072 776 viribus
1100 719 1319 786 fractis,
1351 718 1638 789 omnique
1661 715 1868 772 salutis
1899 729 2004 787 spe

338 810 675 878 destitutus,
707 813 984 865 monetur
1011 823 1118 880 per
1160 809 1352 863 visum
1417 805 1670 862 celerem
1727 817 2004 875 gressum

337 899 712 974 praetendere
759 901 1010 954 Romam
1053 897 1156 964 ire,
1191 895 1472 968 martyris
1519 893 1848 952 Sebastiani
1878 906 2009 965 pre-

341 989 734 1046 tiosissimum
780 987 1156 1043 mausoleum
1186 985 1438 1041 ﬁdenter
1465 988 1738 1056 expetere
1763 1001 1776 1050 ;
1817 981 1919 1037 illo
1942 996 2006 1036 se

343 1077 670 1134 liberaliter
717 1076 1078 1133 salvandum
1126 1076 1258 1130 visu
1303 1073 1478 1130 discit
1510 1072 1791 1130 veridico.
1845 1070 2005 1126 Illico

344 1164 780 1238 aliquantisper
807 1163 1070 1233 vegetior
1111 1162 1400 1232 redditus,
1431 1162 1515 1217 nil
1544 1161 1618 1216 de
1648 1159 1892 1218 visionis
1921 1158 2005 1214 ef-

343 1254 501 1310 fectu
555 1256 888 1318 cunctatus,
923 1252 1337 1308 facultatulam
1391 1267 1564 1308 suam
1613 1249 1879 1322 disponit
1925 1247 2006 1304 ob

341 1340 631 1411 longioris
678 1341 790 1396 viae
821 1339 1264 1409 difﬁcultatem;
1305 1357 1441 1413 quae
1473 1344 1643 1396 erant
1669 1337 2008 1394 necessaria

343 1434 683 1503 opportune
728 1431 928 1498 sumit,
961 1429 1221 1486 arduum
1269 1430 1414 1486 tanti
1461 1428 1685 1486 itineris
1734 1427 2005 1484 laborem

345 1518 767 1576 anhelantibus
797 1519 899 1592 pia
927 1518 1244 1575 devotione
1289 1518 1635 1591 praecordiis
1666 1508 1911 1572 humilis
1937 1532 2006 1571 ac

346 1607 684 1664 submissus
733 1607 958 1680 arripit.
993 1607 1386 1680 Hodmporico
1418 1608 1562 1676 (472)
1589 1607 1724 1662 licet
1751 1604 2004 1660 diﬁicul-

347 1699 435 1753 ter
455 1695 713 1767 expleto,
741 1695 952 1751 mundi
1002 1696 1315 1751 dominam
1360 1701 1564 1767 optato
1595 1693 1839 1750 tandem
1869 1697 2008 1749 voto

346 1784 679 1854 ingreditur
730 1787 1003 1851 Romam,
1065 1784 1484 1856 scandensque
1537 1782 1828 1856 templum
1885 1786 2010 1838 toto

346 1872 491 1929 orbe
523 1873 784 1929 sanctius
839 1878 1017 1945 atque
1049 1873 1360 1939 famosius,
1393 1889 1670 1930 excessus
1702 1888 1843 1928 suos
1875 1871 2008 1944 plu-

345 1962 503 2018 rima;
529 1976 774 2034 precum
803 1961 1174 2018 confessione
1199 1965 1318 2018 Deo
1336 1979 1444 2036 per
1466 1978 1738 2018 summos
1756 1961 2010 2017 cmlestis

347 2050 526 2106 curiae
583 2050 858 2106 consules
902 2051 1363 2122 praecordialiter
1402 2050 1734 2106 committit.
1789 2050 2009 2105 Dehinc

346 2138 643 2194 lustrastis
665 2138 877 2194 Christi
906 2143 1242 2210 martyrum
1271 2139 1580 2212 sepulcris,
1613 2153 1872 2212 quorum
1903 2155 2012 2194 nu-

347 2226 686 2283 merositate
717 2231 896 2299 atque
927 2226 1185 2283 victoriis
1218 2218 1363 2283 urbs
1407 2231 1676 2284 Romana
1722 2225 2011 2296 singulari

347 2315 636 2388 tripudiat
659 2315 989 2387 privilegio,
1022 2315 1292 2388 pervenit
1319 2317 1398 2372 ad
1425 2317 1814 2373 catacumbas
1842 2316 2011 2372 tertio

350 2404 428 2461 ab
460 2404 608 2460 urbe
640 2403 917 2460 milliario
944 2423 956 2472 ;
996 2405 1426 2477 ingressusque
1457 2405 1770 2462 ecclesiam
1803 2405 1861 2460 in
1887 2421 2012 2477 qua

349 2492 663 2565 quondam
697 2492 854 2548 beati
883 2495 1087 2549 Petrus
1131 2498 1187 2549 et
1239 2494 1454 2550 Paulus
1498 2495 1750 2566 apostoli
1789 2493 2012 2549 conditi

350 2582 605 2651 fuerant,
638 2580 719 2637 ad
746 2595 1005 2653 quorum
1038 2582 1287 2650 vestigia
1331 2583 1577 2650 belliger
1602 2582 1707 2637 iste
1734 2582 2010 2638 victorio-

350 2671 643 2740 sissimus,
675 2670 748 2725 de
782 2687 905 2742 quo
937 2687 1136 2726 sermo
1169 2671 1402 2736 texitur,
1427 2687 1490 2726 se
1514 2671 1893 2741 delegaverat
1915 2687 2010 2725 se-

347 2760 538 2832 peliri,
572 2760 770 2815 votiva
796 2775 971 2832 prece
1003 2759 1108 2814 diu
1138 2759 1428 2815 incubuit.
1455 2759 1602 2813 Hinc
1634 2759 1711 2815 ab
1741 2759 2010 2814 oratione

350 2865 412 2903 se
441 2848 756 2917 subrigens
787 2848 1281 2919 perfectissimam
1322 2848 1489 2903 etl'ert
1518 2848 2007 2919 incolumitatem,

349 2941 474 2993 tam
507 2937 769 2992 robustae
816 2937 1083 2992 redditus
1131 2937 1439 2992 valitudini
1490 2953 1560 2993 ac
1609 2937 1656 2992 si
1701 2937 1867 2993 nulla
1898 2954 2009 2993 un-

348 3039 532 3096 quam
594 3023 848 3078 febrium
901 3025 1274 3091 accensione,
1330 3031 1433 3081 aut
1483 3025 1735 3096 alicujus
1789 3026 2012 3081 incom-
2040 3058 2080 3112 ρ

350 3109 516 3165 modi
558 3111 872 3166 vexatione
915 3111 1121 3166 fuisset
1165 3111 1432 3168 infectus.
1488 3113 1727 3178 Dehinc,
1761 3118 1824 3168 ut
1855 3130 2008 3182 reor,

348 3198 626 3254 instinctu
659 3198 987 3254 illustratus
1020 3199 1246 3268 divino,
1266 3200 1576 3272 pulverem
1604 3202 1709 3274 qui
1739 3203 1895 3258 circa
1923 3220 2011 3258 se-

346 3288 625 3361 pulcrum
675 3288 806 3359 ejus
850 3295 993 3355 erat,
1029 3289 1363 3361 detergens,
1396 3308 1532 3346 cum
1586 3308 1822 3348 summa
1871 3292 2010 3348 ﬁdei

348 3375 662 3432 devotione
694 3375 946 3446 collegit,
975 3393 1236 3449 eumque
1265 3394 1376 3450 pro
1405 3395 1630 3449 magno
1663 3379 1723 3434 in
1752 3381 2009 3452 patriam

349 3464 774 3537 perferendum
804 3481 1009 3520 secum
1037 3466 1274 3538 reponit
1310 3467 1628 3524 thesauro:
1678 3469 2009 3525 resalutati-

349 3568 498 3626 sque
528 3553 717 3608 beatis
770 3554 1076 3626 apostolis,
1112 3555 1454 3628 sanctisque
1485 3556 1768 3612 omnibus
1802 3561 2012 3614 Roma-

349 3656 493 3697 nam
522 3641 734 3697 urbem
767 3642 892 3696 suis
940 3642 1164 3698 meritis
1198 3659 1266 3699 ac
1313 3645 1630 3716 praesentia
1672 3644 2012 3702 illustranti-

347 3728 481 3796 bus,
516 3730 846 3799 genuinum
894 3731 1227 3802 Aquitaniae
1275 3732 1490 3804 plenus
1533 3733 1756 3803 gaudio
1803 3735 2013 3808 repetit

349 3819 566 3873 solum.
597 3821 790 3884 Quam
818 3820 1143 3889 ingressus,
1176 3826 1500 3893 antequam
1531 3823 1884 3879 familiarem
1919 3840 2009 3880 re-

345 3907 563 3961 viseret
589 3907 866 3974 domuiu,
893 3908 1132 3964 devenit
1151 3909 1211 3964 in
1241 3909 1440 3964 locum
1472 3912 1802 3981 quemdam
1827 3928 2010 3984 aqua-

347 4007 484 4048 rum
514 3993 773 4049 decursu
804 4010 1122 4051 nemorum
1151 4012 1393 4069 quoque
1423 3999 1765 4054 amoenitate
1804 4000 2013 4070 jocun-

349 4080 685 4136 dissimum.
721 4084 990 4154 Cumque
1019 4089 1076 4138 et
1100 4083 1268 4140 locus
1318 4084 1505 4141 oculis
1537 4085 1922 4153 blandiretur,
1957 4094 2012 4144 et

348 4169 500 4225 hora
529 4169 752 4225 tardior
772 4183 1154 4226 succrescens
1172 4173 1343 4244 pigra
1367 4174 1571 4228 itinere
1599 4190 1853 4247 corpora
1876 4192 2013 4233 sua-

348 4255 515 4312 deret
553 4259 902 4329 recreanda,
935 4258 1220 4332 depositis
1270 4261 1582 4318 sarcinulis
1629 4263 1885 4334 prandio
1927 4263 2012 4318 in-

348 4344 617 4414 dulgent.
651 4350 803 4402 lnter
831 4348 959 4403 haec
991 4349 1112 4405 sole
1157 4356 1365 4406 ruente
1392 4351 1582 4405 noctis
1608 4352 1778 4424 quies
1802 4352 2009 4408 blandi

348 4433 582 4506 soporis
627 4435 820 4492 amica
849 4435 1162 4492 subintrat.
1199 4439 1507 4510 Presbyter
1551 4456 1786 4496 sacrum
1827 4457 2007 4514 quem

347 4537 553 4578 secum
606 4523 898 4580 detulerat
947 4525 1256 4596 pulverem
1311 4527 1464 4582 collo
1505 4528 1872 4596 subducens,
1914 4546 2010 4586 ra-

347 4611 624 4667 muscula
657 4612 908 4678 arboris,
945 4614 1061 4669 sub
1094 4616 1266 4686 cujus
1315 4617 1668 4674 umbraculo
1698 4618 2013 4674 discubue-

345 4704 458 4765 rat,
491 4701 802 4773 appendit,
837 4703 1054 4759 dehinc
1083 4705 1407 4778 temperius
1437 4707 1708 4762 cubitum
1735 4723 1797 4761 se
1827 4708 2009 4764 collo-

346 4794 461 4860 cat,
487 4791 664 4862 quasi
702 4790 798 4846 die
842 4793 1109 4848 crastina
1131 4795 1424 4849 maturius
1446 4796 1838 4867 profecturus.
1865 4799 2012 4854 Sub-

347 4878 656 4949 sequentis
687 4878 805 4934 diei
835 4880 1033 4951 primo
1061 4878 1326 4949 diliculo,
1354 4882 1658 4938 instructis
1697 4885 2009 4941 sarcinulis

343 4965 459 5021 viae
517 4983 583 5022 se
641 4968 888 5024 reddere
941 4970 1210 5042 cupiens,
1259 4972 1508 5044 apponit
1553 4989 1771 5028 manus
1811 4974 1889 5030 ad
1920 4991 2010 5030 ar-

344 5053 509 5109 boris
530 5070 770 5113 ramum
789 5073 914 5130 quo
933 5057 1222 5115 virtutifer
1241 5059 1623 5132 dependebat
1637 5061 1854 5133 pulvis,
1873 5078 2010 5134 pro-

345 5143 647 5216 tensisque
677 5150 799 5202 toto
830 5146 1045 5202 adnisu
1088 5147 1243 5203 ulnis
1281 5148 1529 5205 minime
1557 5150 1718 5206 hunc
1766 5168 1888 5208 non
1915 5169 2006 5209 so-

342 5231 471 5288 lum
500 5249 738 5305 capere,
771 5236 876 5290 sed
908 5252 1018 5291 nec
1057 5238 1398 5306 contingere
1427 5239 1629 5294 valuit.
1665 5243 1880 5297 lterum
1907 5242 2007 5298 ite-

341 5325 472 5379 rato
501 5338 566 5379 se
597 5323 673 5379 ad
696 5324 1064 5379 solvendum
1088 5340 1225 5380 eum
1256 5327 1603 5396 extendens,
1627 5329 2007 5403 pedibusque

338 5412 642 5489 quidquid
657 5413 940 5469 manibus
960 5429 1270 5471 occurrere
1299 5418 1491 5487 potuit
1522 5418 1866 5489 subjiciens,
1887 5421 2006 5476 fru-

402 5539 566 5604 (472)
601 5539 670 5612 in
737 5534 1041 5612 nonnullis
1093 5536 1425 5612 codicibus
1451 5542 1742 5598 mendose
1793 5542 2006 5612 legitur

323 5601 699 5688 φοάόνξεο,
726 5620 861 5688 εθιι,
886 5606 1197 5688 Ορρρζίεο)
1229 5625 1340 5688 pro
1379 5609 1799 5686 Hodceporico,
1830 5601 1891 5669 id
1921 5620 2009 5670 est

247 5743 260 5755 ο
315 5673 864 5751 ἰίίηρίοειιὶοίᾳιιοᾱ
897 5673 1192 5748 signiﬁcat
1217 5673 1567 5755 ὅδειπορικόν.

2113 446 2360 502 comites
2391 447 2520 517 ejus
2569 446 2892 503 arbuscula
2935 446 3290 502 inhaerentes
3335 459 3511 500 casso
3553 444 3775 502 sudant

2111 533 2338 590 labore.
2374 535 2588 592 Volans
2617 536 2781 592 fama
2809 535 2888 590 ad
2927 539 3050 590 tam
3100 532 3327 604 grande
3357 533 3778 605 spectaculum

2112 621 2366 680 villanos
2398 625 2710 695 contiguos
2737 625 3009 680 advocat.
3044 623 3188 679 Hinc
3215 621 3354 677 inde
3387 621 3609 691 vulgus
3639 637 3775 694 pro-

2115 711 2412 768 miscuum
2443 714 2710 784 conﬂuit,
2743 719 2799 770 et
2848 714 2961 769 hoc
2991 713 3193 786 ipsum
3225 710 3511 766 mutuatis
3541 710 3776 768 vicibus

2114 805 2486 872 attentantes,
2518 803 2684 876 quod
2735 818 2976 858 rumore
3031 799 3363 856 didicerant
3405 800 3783 871 experiendo.

2112 890 2393 964 probant.
2423 891 2712 963 Depositis
2739 890 3050 947 sarcinulis
3080 888 3176 945 die
3206 888 3306 944 illo
3343 888 3498 944 inter
3523 889 3676 944 velle
3707 905 3779 945 ac

2113 979 2270 1035 nolle
2281 995 2540 1052 pausam
2563 979 2839 1052 capiunt;
2873 978 3252 1044 recentiores,
3278 977 3380 1049 qui
3405 977 3782 1036 advenerant

2115 1067 2452 1124 alternatim
2486 1084 2546 1123 se
2576 1068 2934 1137 ingerentes,
2952 1066 3186 1123 lacertis
3216 1065 3598 1139 stupentibus
3625 1080 3781 1124 vane

2113 1157 2434 1230 desipiunt.
2467 1157 2874 1230 Undecunque
2894 1155 3074 1213 variis
3099 1155 3358 1228 possessi
3377 1154 3783 1224 languoribus

2114 1253 2497 1305 concurrunt.
2531 1250 2820 1321 Operatur
2845 1247 2934 1302 vis
2977 1246 3194 1302 deiﬁca
3240 1261 3346 1318 per
3375 1245 3663 1301 meritum
3691 1245 3784 1303 sui

2113 1335 2394 1409 martyris
2421 1337 2747 1406 omnigena
2785 1335 3215 1392 miraculorum
3259 1334 3452 1404 signa,
3485 1334 3663 1390 caecis
3704 1334 3784 1389 vi-

2115 1443 2271 1496 sum,
2299 1425 2528 1482 claudis
2579 1441 2852 1497 gressum
2899 1424 3205 1490 tribuens;
3257 1416 3420 1480 alios.
3443 1423 3782 1479 truculento

2114 1531 2425 1588 possessus
2465 1515 2741 1571 daemone
2776 1529 3068 1586 purgans,
3096 1512 3468 1585 quibusdam
3492 1511 3783 1568 audiendi

2115 1604 2521 1677 loquendique
2549 1602 2886 1660 naturalem
2920 1602 3220 1667 effectum,
3252 1599 3436 1656 noxio
3465 1606 3781 1662 evacuate.

2114 1690 2395 1762 largiens.
2448 1694 2674 1749 Interea
2721 1691 3006 1748 dominus
3045 1691 3238 1759 fundi,
3276 1707 3401 1762 quo
3446 1691 3576 1746 hmo
3622 1705 3785 1758 gere-

2115 1783 2356 1854 bantur,
2383 1798 2632 1838 cernens
2661 1788 2786 1838 tam
2816 1782 2969 1837 mira
2987 1797 3061 1837 ac
3087 1780 3387 1852 stupenda
3415 1780 3477 1834 in
3507 1795 3622 1835 sua
3648 1780 3787 1834 acti.

2116 1870 2226 1927 tari
2251 1870 2474 1926 ditione
2503 1870 2716 1925 deiﬁca
2760 1872 3156 1939 sacramenta,
3187 1867 3418 1923 adscito
3467 1867 3543 1922 de
3583 1865 3785 1922 ofﬁcio

2116 1959 2458 2032 reipublicze
2482 1958 2810 2024 tabellario,
2843 1957 2999 2014 facta
3041 1957 3307 2026 legaliter
3330 1956 3656 2014 traditione
3689 1956 3787 2016 de-

2115 2048 2335 2118 legavit
2351 2064 2489 2104 eam
2507 2052 2713 2103 sancto
2733 2048 2866 2117 jure
2891 2051 3182 2119 perpetuo
3197 2045 3642 2118 possidendam
3655 2087 3668 2099 .
3698 2046 3786 2101 Sic

2115 2153 2223 2211 per
2247 2138 2613 2194 incrementa
2655 2137 2910 2202 dierum,
2943 2141 3000 2192 et
3036 2135 3199 2191 cultu
3228 2135 3532 2204 religionis
3582 2137 3644 2188 et
3675 2134 3787 2190 loci

2117 2228 2286 2296 situs,
2319 2241 2821 2299 quorumcunque
2849 2224 3185 2298 dapsilitate
3210 2224 3480 2279 ﬁdelium
3501 2223 3790 2296 capiebat

2119 2319 2532 2384 augmentum.
2591 2314 2908 2386 Primoque
2951 2313 3014 2368 in
3057 2312 3274 2368 eodem
3320 2311 3474 2378 loco,
3521 2311 3789 2367 oratoria

2118 2401 2268 2458 cella
2299 2402 2680 2466 construitur,
2712 2407 3017 2474 postremo
3042 2404 3346 2456 crescente
3370 2399 3701 2455 devotione
3728 2399 3789 2453 ti-

2118 2490 2344 2545 delium
2392 2489 2826 2546 monasterium
2873 2490 3012 2561 (473)
3072 2488 3220 2544 inibi
3268 2487 3682 2556 constituitur,
3737 2494 3791 2543 et

2118 2579 2345 2635 honore
2397 2595 2467 2635 ac
2515 2579 2758 2636 nomine
2807 2577 3221 2651 pretiosissimi
3265 2577 3549 2649 martyris
3575 2578 3790 2632 Christi

2121 2668 2451 2725 Sebastiani
2517 2668 2863 2740 episcopali
2887 2667 3302 2723 benedictione
3355 2672 3791 2730 consecratur;

2119 2758 2465 2813 monasticae
2496 2773 2739 2830 quoque
2768 2756 3070 2827 religionis
3101 2756 3252 2812 ordo
3282 2755 3396 2810 sub
3427 2756 3678 2811 abbatis
3710 2773 3793 2810 re-

2119 2845 2342 2915 gimine
2375 2845 2765 2902 substituitur.

2710 2935 2937 2989 CAPUT
2975 2936 3188 2989 XXXIX.

2194 3023 2560 3078 Provectiore
2586 3023 2712 3093 jam
2747 3027 3035 3093 tempore,
3055 3038 3191 3077 cum
3220 3021 3415 3090 rigore
3446 3022 3793 3078 monastica

2119 3111 2450 3183 disciplinae
2476 3112 2643 3168 locus
2682 3112 2842 3166 idem
2875 3116 3290 3184 succresceret,
3323 3112 3485 3166 fuere
3517 3111 3653 3167 duo
3681 3112 3795 3168 sub

2118 3199 2295 3255 ovino
2324 3200 2536 3255 vellere
2572 3201 2634 3256 in
2664 3201 2878 3256 eodem
2897 3205 2899 3208 ‘
2917 3199 3193 3254 coenobio
3220 3199 3795 3272 pseudo-monachi,

2117 3289 2222 3362 qui
2253 3289 2439 3345 caulis
2468 3289 2662 3359 gregis
2697 3288 2982 3345 Dominici
3011 3289 3234 3360 quibus
3257 3289 3660 3354 inoleverant,
3693 3290 3796 3344 ob-

2119 3392 2300 3433 scena
2327 3377 2613 3450 qualitate
2641 3378 3013 3443 dissidentes,
3042 3392 3462 3448 saepenumero
3488 3376 3570 3432 ab
3606 3375 3796 3432 abba-

2119 3469 2173 3521 te
2203 3481 2308 3520 seu
2333 3467 2654 3539 praeposito
2699 3467 3020 3536 redarguti,
3053 3465 3406 3521 commoniti
3449 3469 3644 3536 atque
3667 3480 3796 3519 cor-

2118 3555 2290 3627 repti,
2322 3571 2461 3612 cum
2490 3556 2730 3628 procaci
2757 3555 3166 3627 inquietudine
3186 3553 3385 3610 cordis
3402 3569 3624 3609 aurem
3648 3553 3790 3608 sub-

2117 3643 2374 3699 duceren
2383 3649 2485 3715 t,et
2498 3644 2856 3701 salutaribus
2871 3643 3112 3700 monitis
3128 3643 3472 3699 nullatenus
3485 3642 3795 3708 cederent,

2113 3733 2284 3804 juxta
2316 3750 2500 3789 sacrae
2529 3734 2676 3803 legis
2705 3735 2995 3802 instituta,
3020 3749 3095 3789 ne
3134 3749 3382 3789 omnem
3409 3747 3669 3801 gregem
3698 3731 3791 3787 ad-

2119 3822 2481 3879 taminarent
2527 3839 2666 3878 oves
2714 3823 3027 3890 morbida»),
3076 3822 3403 3878 discidium
3450 3822 3537 3877 eis
3590 3837 3798 3877 severa

2117 3909 2451 3966 invectione
2493 3927 2530 3966 a
2570 3925 2756 3967 sacrae
2784 3911 3036 3980 legionis
3067 3910 3477 3966 comminatur
3506 3925 3789 3982 corpore.

2120 4001 2248 4064 Quo
2278 3999 2359 4055 illi
2389 4004 2715 4072 comperto,
2749 3999 2937 4055 noctis
2981 3998 3339 4071 intempesto
3384 4013 3658 4070 quasque
3711 4014 3799 4054 ra-

2115 4103 2259 4160 pere
2289 4092 2534 4159 potuere
2567 4087 2907 4143 clanculum
2945 4104 2976 4143 e
3016 4087 3384 4143 monasterio
3415 4086 3790 4150 auferentes,

2119 4177 2261 4245 fuga
2289 4175 2496 4248 elapsi,
2529 4176 2842 4248 utriusque
2873 4175 3181 4248 propositi,
3215 4174 3308 4229 sui
3338 4173 3662 4230 scilicetet
3693 4187 3800 4246 per

2120 4265 2233 4320 hoc
2288 4265 2629 4320 animarum
2685 4264 2842 4320 exitii
2899 4265 3306 4334 immemores,
3363 4279 3492 4335 qua
3540 4262 3797 4334 propria

2118 4351 2397 4408 illiciebat
2445 4352 2724 4408 voluntas
2755 4353 3061 4422 vagabant
3107 4352 3330 4407 incerti.
3376 4350 3657 4422 Denique
3693 4356 3799 4406 Ita-

2118 4441 2282 4510 liam,
2317 4441 2524 4497 talium
2555 4443 2939 4514 receptricem
2980 4456 3313 4510 congruam
3343 4440 3458 4495 sibi
3489 4439 3796 4496 latebram

2118 4531 2572 4604 prospicientes,
2603 4515 2858 4601 abjecto,
2886 4546 2960 4586 ne
2991 4547 3027 4586 a
3054 4529 3323 4602 quolibet
3351 4544 3801 4599 recognoscen-

2119 4627 2234 4691 tur,
2282 4621 2510 4688 habitu,
2543 4621 2708 4677 adire
2748 4620 3134 4678 contendunt.
3171 4622 3301 4685 Qua
3329 4637 3474 4676 cum
3525 4621 3799 4689 morige-

2119 4726 2254 4765 rum
2283 4710 2783 4783 peregrinationis
2830 4726 2952 4765 suae
2981 4710 3183 4765 locum
3213 4709 3606 4781 reperissent,
3643 4713 3799 4781 post—

2119 4815 2306 4870 quam
2336 4815 2459 4855 suae
2507 4799 2768 4855 vesaniae
2823 4797 3174 4864 satisfecere,
3207 4799 3417 4853 votiva:
3451 4797 3797 4870 tranquilli-

2119 4888 2252 4944 tatis
2282 4904 2352 4943 ac
2400 4888 2622 4943 intimae
2665 4888 2726 4943 in
2773 4888 3138 4944 monasterio
3177 4887 3514 4943 securitatis
3547 4885 3801 4942 remini-

2120 4982 2370 5042 scentes,
2405 4975 2580 5032 taedio
2607 4981 2662 5032 et
2690 4976 2894 5032 labore
2927 4975 3166 5047 praediri
3191 4975 3498 5031 exsulatus
3529 4975 3802 5031 dissolu-

2120 5063 2178 5130 ti,
2208 5078 2346 5135 spes
2375 5064 2424 5118 si
2449 5070 2724 5136 receptus
2751 5064 2837 5119 sui
2873 5064 3098 5135 sperari
3125 5069 3342 5136 posset,
3379 5062 3798 5118 reversionem

2117 5168 2305 5224 quam
2336 5152 2597 5208 maxime
2637 5153 2986 5221 moliebant,
3017 5159 3096 5208 et»
3125 5154 3238 5209 hoc
3287 5152 3400 5207 sibi
3454 5151 3614 5206 lucri
3672 5147 3799 5216 ﬁeri

2117 5242 2374 5298 invicem
2428 5243 3010 5298 sermocinabantur.
3042 5243 3128 5298 Ad
3177 5243 3304 5297 haec
3347 5241 3539 5296 rubor
3584 5237 3796 5301 confu-

2119 5331 2302 5386 sionis
2331 5346 2440 5402 pro
2471 5331 2562 5385 sui
2591 5330 2874 5404 qualitate
2925 5330 3148 5402 piaculi
3175 5344 3570 5402 progressum
3599 5325 3799 5384 omni-

2119 5419 2316 5475 modis
2365 5419 2692 5476 inhibebat.
2730 5425 2882 5475 lnter
2931 5435 3102 5492 spem
3149 5412 3504 5489 metumque
3537 5429 3798 5488 suspen-

2190 5544 2336 5616 (473)
2383 5545 2802 5600 Monasterium
2833 5543 2950 5616 hoc
2982 5543 3247 5616 subsistit
3288 5544 3599 5616 hactenus
3627 5535 3795 5612 apud

2119 5611 2436 5689 Arvernos,
2465 5615 2834 5689 descriptum
2856 5614 2918 5671 in
2945 5614 3104 5671 Actis
3135 5614 3323 5670 sancti
3353 5613 3565 5679 Boniti,
3586 5611 3653 5668 in

2122 5684 2241 5742 culi
2269 5686 2417 5742 tertii
2441 5693 2608 5760 parte
2641 5684 2684 5744 ιῖ
