3940 6184
235 105 342 159 609

1192 108 1282 162 DE
1318 106 1702 162 TRANSLAT.
1746 105 1802 160 S.
1842 104 2242 166 SEBASTIANI
2287 115 2369 169 ET
2409 114 2465 170 S.
2508 115 2709 171 GREC.

3550 126 3664 179 610

231 227 310 283 sis
341 226 510 317 visus
540 230 627 281 est
655 225 737 281 eis
768 241 964 317 sermo
990 210 1386 317 conducibilis
1420 247 1432 284 :
1465 245 1589 301 quo
1616 243 1891 300 suppres-
1925 232 1972 282 Α
2002 233 2217 290 techna
2248 235 2440 292 delusi
2469 237 2904 294 condonavere.
2936 242 3083 296 Tum
3131 241 3391 314 denique
3433 249 3663 317 quanta

230 331 298 370 so
329 314 600 381 crimine,
633 330 769 370 cum
805 315 1050 371 honoris
1081 323 1408 386 augmento
1441 317 1572 373 loco
1620 317 1888 373 restitue-

227 409 434 461 rentur
465 404 729 475 proprio,
763 403 984 461 scilicet
1012 410 1076 461 ut
1105 407 1217 462 viae
1250 423 1379 462 sese
1422 407 1731 462 laboribus
1783 407 1889 461 ad-

227 493 350 549 huc
377 492 785 562 extenderent,
816 494 1072 550 Romam
1120 496 1271 552 irent
1317 501 1372 552 et
1415 502 1760 552 sanctorum
1790 495 1891 551 ali-

226 599 413 655 quem
439 583 912 654 emerent,cujus
941 586 1244 641 evectione
1274 585 1709 654 indulgentiam
1727 583 1889 656 apud

229 688 370 728 suos
401 677 774 727 mererentur
799 677 855 727 et
881 673 1154 741 gratiam.
1178 677 1294 730 Hoc
1320 673 1567 729 animati
1589 689 1895 732 commen-

227 765 287 817 to
317 760 551 817 caelitus
580 761 669 830 (ut
692 760 996 832 rebantur)
1027 763 1136 818 sibi
1170 763 1461 829 immisso,
1489 761 1752 818 nefanda
1772 761 1891 817 fru-

224 850 423 906 standi
455 849 677 907 ﬁducia
703 850 841 920 vagi
865 852 1200 924 Aquitanici
1232 868 1370 907 cum
1397 851 1625 908 callidis
1657 849 1889 906 fabula-

223 939 339 994 turi
366 939 698 995 Romulidis
723 939 1094 1010 perveniunt.
1128 941 1540 995 Reverendum
1562 939 1886 994 antistitem

223 1033 284 1083 et
315 1032 550 1096 togatos
580 1027 882 1082 divertunt
927 1033 1250 1094 senatores,
1291 1029 1585 1101 juxtaque
1627 1027 1889 1083 Salomo-

221 1116 464 1172 niacam
486 1116 862 1183 sententiam,
883 1116 972 1171 sui
1002 1116 1245 1172 sollicite
1267 1117 1618 1188 perquirunt
1644 1115 1885 1170 similes.

221 1205 686 1276 Agglutinantur
715 1205 879 1261 ocius
905 1207 1047 1262 mali
1071 1223 1208 1262 cum
1227 1207 1552 1279 pejoribus,
1568 1206 1889 1262 deteriores

222 1311 363 1351 cum
389 1295 806 1362 deterioribus,
824 1299 900 1361 et,
928 1295 1079 1352 inter
1103 1296 1331 1352 alterna
1378 1295 1727 1367 insulsaque
1772 1294 1887 1350 col-

220 1383 449 1456 loquia,
509 1399 699 1452 genus
761 1384 1138 1456 patriamque
1197 1385 1543 1452 interrogati
1603 1383 1882 1455 produnt.

222 1473 610 1529 Sciscitantur
637 1473 852 1528 iterum
879 1473 1027 1545 quid
1056 1490 1258 1529 causa:
1287 1473 1589 1539 exstiterit,
1622 1489 1733 1545 pro
1762 1489 1885 1545 qua

2002 329 2222 380 norunt
2249 325 2343 380 vel
2361 325 2666 382 sufﬁciunt
2695 327 3084 397 oﬂiciositate,
3135 345 3258 386 non
3291 331 3453 388 hunc
3477 350 3658 406 quem

2002 411 2221 467 caelesti
2257 430 2503 470 munere
2533 415 2833 486 optimum
2884 416 3261 475 defensorem
3317 425 3374 476 et
3415 419 3665 494 inexpu-

2001 501 2306 569 gnabilem
2354 508 2748 575 protectorem
2806 505 3050 561 Francia
3096 508 3496 580 promeruisse
3535 508 3660 579 glo-

2001 589 2204 654 riatur,
2232 591 2506 663 quinimo
2530 608 2667 647 eum
2695 593 2796 665 qui
2831 610 2940 648 nec
2966 595 3094 650 solo
3123 596 3344 665 dignus
3366 598 3708 655 vocabulo’

2000 679 2279 750 martyris
2309 680 2556 736 omnino
2587 680 2758 737 fuerit
2789 683 3032 755 proprio
3063 685 3274 742 merito
3300 686 3659 760 excipientes

2001 771 2346 839 tyrannum,
2378 768 2541 825 inani
2571 785 2677 841 spe
2706 770 2841 826 totis
2873 773 3341 842 praecordiorum
3366 774 3532 832 ﬁbris
3561 792 3660 832 ex-

2000 855 2283 912 sultantes
2323 857 2546 928 pernici
2596 873 2804 925 gressu
2863 858 3074 915 futura
3122 861 3308 917 ruina:
3339 862 3660 936 improvidi

1998 945 2253 1018 patriam
2303 945 2620 1017 repetiere;
2677 945 2945 1020 dumque
3003 948 3115 1004 sibi
3150 949 3388 1020 fingunt
3429 954 3659 1026 optima

1997 1033 2268 1105 praemia,
2301 1035 2558 1106 pessime
2589 1036 2793 1092 caecati
2822 1042 3125 1109 nequeunt
3173 1038 3382 1094 intueri
3432 1041 3658 1114 suppli-

1999 1121 2089 1177 cia
2118 1121 2292 1177 illicet
2319 1122 2619 1178 adfutura.
2657 1123 2824 1179 Fines
2865 1141 3021 1196 aegre
3068 1126 3292 1199 diuque
3335 1127 3656 1184 desiderati

1997 1209 2150 1264 ruris
2181 1210 2534 1282 priusquam
2561 1211 2936 1283 attingerent,
2953 1215 3118 1284 gravi
3154 1215 3240 1270 usi
3263 1215 3510 1272 consilio
3532 1233 3655 1288 pra:

1998 1315 2062 1354 se
2088 1299 2330 1353 nuntios
2365 1298 2621 1369 mittunt,
2654 1301 2756 1372 qui
2789 1301 3066 1357 amabilis
3105 1307 3161 1358 et
3198 1304 3419 1375 jugiter
3471 1305 3658 1362 hono-

1995 1387 2201 1442 rabilis
2225 1387 2413 1443 sancti
2445 1387 2776 1445 Sebastiani
2798 1391 3076 1462 martyris
3124 1392 3453 1448 adventum
3493 1393 3655 1464 dete-

1996 1481 2221 1543 gerem,
2254 1480 2310 1531 et
2338 1475 2629 1532 sublimes
2659 1492 2935 1550 quosque
2980 1478 3040 1534 in
3086 1481 3478 1553 susceptionis
3527 1483 3656 1554 ejus

220 1578 258 1616 a
279 1561 526 1616 remotis
553 1561 760 1633 procul
790 1561 1016 1617 ﬁnibus
1054 1561 1198 1618 inibi
1249 1562 1527 1618 devenire
1575 1561 1882 1634 placuerit,
1921 1577 1961 1630 Β
1993 1563 2191 1619 ofﬁcia
2211 1563 2566 1620 animarent.
2593 1564 2817 1621 Locum
2831 1567 2973 1622 tanti
3003 1569 3321 1639 spectaculi
3351 1569 3652 1640 delegunt,

219 1653 278 1704 et
309 1649 450 1706 talia
477 1664 548 1705 ac
576 1653 738 1704 tanta
757 1648 1104 1705 discrimina
1133 1649 1439 1717 subierint,
1481 1654 1536 1705 et
1587 1649 1761 1704 veluti
1800 1649 1884 1705 eis

218 1742 705 1810 compaterentur
734 1742 1157 1808 argumentosa
1178 1744 1392 1796 cuncta
1407 1739 1779 1812 perquirunt.
1802 1739 1881 1794 Illi

219 1832 430 1882 votum
460 1826 757 1899 pandunt,
787 1827 850 1882 in
882 1828 1188 1898 agendum
1230 1828 1360 1883 dari
1412 1828 1524 1884 sibi
1574 1827 1882 1884 dexteram

217 1916 569 1988 suppliciter
597 1921 864 1972 exorant.
908 1917 1328 1973 Monasterium
1367 1918 1427 1972 in
1485 1934 1593 1972 sua
1643 1917 1882 1986 regione

218 2005 622 2061 construxisse
659 2011 955 2075 asserunt,
1005 2006 1169 2078 quod
1219 2011 1564 2062 sanctorum
1617 2005 1881 2076 indigere

216 2111 328 2166 per
357 2094 561 2150 omnia
588 2094 941 2167 pignoribus
970 2095 1341 2167 proﬁtentur.
1373 2097 1600 2151 Versuti
1623 2095 1882 2151 Romuli-

214 2184 314 2240 da:
343 2201 450 2256 per
477 2184 650 2256 plura
680 2183 794 2240 sub
821 2200 934 2240 sua
963 2184 1402 2250 observatione,
1426 2185 1505 2240 ab
1530 2185 1661 2256 ipso
1688 2185 1881 2256 ponti-

213 2274 404 2330 ﬁcum
437 2291 678 2330 summo
705 2274 1030 2330 commissa
1057 2274 1270 2337 inesse,
1326 2280 1383 2330 et
1418 2275 1880 2346 quibuscunque

211 2361 434 2419 vellent
462 2379 570 2435 pro
600 2362 770 2419 libitu
818 2363 1123 2434 praecipua
1171 2363 1437 2418 conferre
1487 2378 1666 2434 posse
1708 2363 1880 2432 jacti-

210 2455 367 2507 tant.
402 2452 469 2506 Hi
501 2450 758 2523 pecunia
787 2449 953 2522 apud
978 2466 1082 2506 eos
1131 2467 1192 2505 se
1240 2451 1558 2522 impetrare
1612 2450 1778 2516 velle,
1834 2451 1882 2506 si

204 2555 310 2596 res
340 2540 590 2595 haberet
618 2539 915 2604 effectum,
941 2545 1234 2595 asserunt.
1269 2543 1430 2595 Tunc
1468 2539 1549 2595 illi
1599 2538 1879 2595 securita-

205 2634 339 2684 tem
371 2627 680 2683 obtinendi
705 2642 839 2699 quae
862 2633 1166 2699 cuperent,
1199 2628 1248 2684 si
1278 2632 1479 2684 tamen
1505 2628 1676 2684 dictis
1696 2627 1881 2683 ﬁdem

203 2715 594 2781 adhiberent,
628 2715 1058 2788 promittentes,
1089 2717 1451 2772 vocabulum
1480 2717 1668 2772 sancti
1697 2732 1879 2788 quem

207 2805 600 2877 potissimum
628 2804 1205 2877 vellentexquirunt.
1261 2806 1675 2862 Sebastianum
1723 2821 1878 2861 mar-

209 2900 408 2966 tyrem
437 2893 864 2966 pronuntiant;
921 2910 1031 2949 sua
1088 2910 1198 2966 pro
1255 2911 1325 2951 eo
1368 2895 1592 2956 omnia.
1638 2911 1774 2966 quae
1820 2894 1880 2949 in
1912 2924 1951 2977 ρ

211 2998 486 3056 praesens
516 2981 738 3038 habere
785 2986 1079 3054 poterant,
1120 2982 1430 3055 multoque
1487 2983 1878 3054 postmodum

207 3070 483 3144 pluriora
521 3076 700 3144 atque
743 3071 1093 3143 pretiosiora
1133 3072 1530 3143 jurejurando
1580 3071 1878 3144 spondent

208 3161 541 3217 advectura
595 3160 723 3216 sine
779 3177 949 3216 mora
999 3161 1074 3216 de
1130 3161 1343 3233 patria.
1391 3161 1488 3216 His
1546 3160 1876 3217 Romulidae

211 3250 614 3322 sponsionum
643 3249 818 3306 illecti
849 3249 1176 3320 blanditiis,
1209 3249 1492 3322 temporis
1524 3251 1876 3324 opportuni-

211 3342 419 3405 tatem,
450 3354 524 3393 ne
553 3337 999 3408 denotarentur,
1051 3338 1360 3410 explorare
1407 3338 1624 3394 debere
1676 3354 1877 3395 neces-

207 3427 376 3483 sario
400 3426 773 3496 conﬁngunt.
806 3429 932 3492 Quo
981 3434 1214 3499 reperto
1245 3432 1302 3484 et
1327 3427 1517 3484 indito
1555 3429 1614 3483 in
1662 3428 1876 3484 eodem

214 3532 282 3572 se
307 3532 372 3571 re
394 3515 764 3572 exhibituros
791 3516 924 3572 loco
955 3516 1234 3587 caligosaa
1260 3517 1449 3574 noctis
1477 3517 1727 3573 articulo
1753 3517 1876 3590 pol-

210 3605 485 3672 lieentur,
518 3605 619 3660 ubi
649 3609 706 3660 et
733 3605 896 3677 ipsos
927 3605 1136 3661 adesse
1168 3611 1440 3678 oportere
1466 3610 1755 3662 statuunt.
1788 3611 1876 3661 ln-

211 3698 377 3750 terea
400 3693 548 3749 dum
578 3693 723 3767 quid
754 3696 838 3749 eis
868 3693 929 3749 in
958 3695 1072 3750 hoc
1116 3693 1427 3750 interstitio
1469 3693 1708 3749 subdoli
1745 3694 1874 3766 pla-

207 3782 312 3838 citi
367 3781 709 3838 faciendum
768 3782 840 3838 sit
895 3787 1135 3839 versuta
1182 3786 1381 3838 mente
1431 3782 1872 3849 machinantur,

208 3870 750 3926 comminiscuntur
782 3870 1058 3943 proximo
1097 3871 1226 3926 foro
1269 3869 1589 3941 cujusdam
1633 3869 1875 3926 Caesaris

207 3960 680 4032 sarcophagum,
711 3959 902 4016 multa
928 3962 1269 4015 aromatum
1300 3957 1662 4014 delibatione
1689 3957 1872 4014 refer-

205 4053 363 4119 tum,
395 4048 655 4120 denique
683 4048 761 4104 ad
792 4047 1130 4104 condictam
1160 4047 1396 4103 venitur
1441 4047 1676 4103 horam.
1725 4051 1873 4103 Ante

209 4140 524 4193 maturum
547 4136 646 4205 illi,
679 4152 834 4210 quos
865 4136 986 4192 voti
1015 4135 1217 4207 ardor,
1248 4135 1568 4208 impatiens
1584 4140 1871 4193 exaestua-

205 4225 338 4295 bat,
369 4231 746 4283 accurrentes
777 4225 1106 4283 Romulidae
1131 4224 1365 4281 lucrum
1411 4224 1708 4281 inhiantes
1760 4225 1868 4282 ob-

203 4317 342 4372 vios
369 4316 656 4373 habuere.
692 4316 999 4374 Silentium
1048 4331 1159 4372 ceu
1207 4314 1443 4371 tremuli
1485 4315 1764 4386 innuunt,
1791 4315 1869 4372 ad

201 4405 367 4462 illius
419 4405 839 4462 homuncionis
893 4405 1240 4462 Christianae
1283 4404 1748 4475 regenerationis
1771 4419 1869 4460 ex-

201 4491 392 4567 pertis
424 4493 694 4550 tumbam
723 4493 1085 4566 pedetentim
1115 4493 1490 4566 perveniunt.
1541 4493 1598 4548 Si
1646 4497 1871 4566 marty-

202 4599 340 4640 rem
364 4583 692 4656 expetitum
718 4582 919 4638 videre
950 4587 1004 4638 et
1035 4582 1320 4655 consequi
1353 4582 1584 4652 vellent,
1615 4581 1872 4654 promis-

206 4690 343 4730 sam
373 4689 725 4746 expromere
758 4676 815 4728 et
842 4671 1182 4745 appendere
1197 4671 1516 4744 pecuniam
1530 4671 1874 4742 jubent.Re-

203 4763 507 4834 vulsoque
565 4761 922 4834 sarcophagi
979 4761 1264 4833 operculo
1321 4760 1586 4816 miriﬁce
1644 4759 1874 4816 virtutis

208 4851 462 4908 ambare
495 4852 696 4923 (vulgo
720 4851 944 4922 ambrc)
985 4850 1244 4906 suaviter
1290 4848 1609 4905 redolentis
1649 4847 1760 4904 viri
1784 4847 1871 4904 fa-

205 4940 364 4996 ciem
409 4939 842 4996 demonstrant.
896 4937 1061 5004 Quod
1114 4937 1208 4994 isti
1248 4940 1618 5003 contuentes,
1675 4951 1873 5005 genua

206 5028 514 5084 celerrime
543 5032 930 5100 procurvant,
962 5043 1032 5084 ac
1065 5027 1282 5082 suimet
1301 5027 1362 5082 in
1385 5024 1753 5097 adjutorium
1772 5024 1872 5082 ﬂe-

201 5115 406 5173 biliter
459 5117 759 5173 invocant.
818 5116 990 5173 Omni
1048 5114 1405 5189 suspicionis
1469 5113 1872 5170 controversia

207 5209 566 5262 eordetenus
587 5204 911 5272 eliminata,
927 5204 1038 5260 illis
1065 5203 1314 5260 omnino
1334 5207 1538 5276 utpote
1561 5217 1870 5258 sacrorum

206 5293 562 5350 custodibus
592 5311 662 5350 ex
687 5299 809 5351 toto
835 5293 1082 5364 creduli,
1101 5292 1396 5366 quidquid
1412 5293 1474 5348 in
1497 5290 1870 5364 suppellecti-

206 5382 388 5439 lisua
442 5383 729 5451 habuere,
787 5382 1241 5456 promptissima
1295 5380 1720 5438 deliberatione
1771 5379 1872 5436 tali

1993 1655 2048 1706 et
2075 1651 2235 1706 diem
2264 1667 2388 1724 quo
2413 1651 2526 1706 sibi
2555 1668 2808 1725 propere
2828 1670 3136 1710 occurrere
3157 1655 3418 1712 debeant
3436 1657 3654 1713 libera-

1991 1739 2119 1794 liter
2143 1739 2540 1796 innotescunt.
2575 1740 2744 1796 Abba
2777 1741 3039 1813 praedicti
3070 1743 3427 1800 venerabilis
3451 1744 3567 1800 loci
3597 1749 3655 1800 et

1991 1827 2240 1885 fratrum
2271 1829 2496 1901 pallida
2528 1830 2736 1885 concio
2782 1830 3135 1887 eorumdem
3186 1826 3500 1904 quondam
3540 1834 3654 1890 fra-

1991 1920 2150 1972 trum
2180 1933 2428 1973 suorum
2455 1917 2640 1974 oblita
2673 1918 2962 1975 scelerum
3010 1921 3505 1989 congratulantur
3547 1938 3656 1994 per

1989 2020 2092 2060 eos
2113 2005 2192 2060 ab
2215 2005 2315 2061 illo
2347 2021 2630 2078 supremo
2661 2006 2821 2062 bono
2870 2012 3100 2064 tantum
3153 2010 3416 2081 potuisse
3449 2009 3655 2082 perﬁci

1989 2092 2242 2160 bonum,
2275 2110 2498 2166 eosque
2528 2099 2662 2166 post
2709 2112 2915 2151 casum
2960 2096 3254 2152 beatiores
3303 2097 3651 2169 prmdicant,

1988 2181 2410 2238 eminentiores
2436 2198 2546 2236 suo
2579 2181 2636 2236 in
2662 2182 2912 2251 collegio
2954 2183 3223 2239 unanimi
3259 2185 3461 2240 favore
3505 2201 3654 2257 pra:-

1983 2269 2276 2340 judicant.
2310 2269 2530 2325 Vexilla
2558 2269 2858 2326 veliﬁcant
2882 2271 3098 2340 crucis,
3125 2278 3345 2344 tropaea
3377 2278 3434 2328 et
3462 2273 3658 2345 splen-

1990 2357 2135 2412 dida
2164 2363 2526 2430 expromunt
2556 2358 2923 2430 philacteria,
2955 2361 3073 2415 heu
3102 2361 3253 2433 proh
3283 2361 3488 2417 dolor!
3517 2378 3655 2434 pes-

1991 2447 2144 2502 sima
2171 2463 2279 2519 pro
2301 2448 2394 2502 his
2426 2449 2787 2504 commercio
2810 2449 3081 2520 protinus
3113 2451 3424 2524 recepturi.
3459 2454 3652 2524 Popu-

1989 2534 2122 2591 losa
2142 2552 2582 2609 usquequaque
2603 2537 2772 2593 turba
2796 2539 2910 2593 hoc
2932 2538 3248 2595 dulcisono
3264 2556 3505 2595 rumore
3522 2555 3656 2596 evo-

1990 2629 2146 2695 cata,
2174 2624 2389 2696 plebeii
2415 2642 2554 2680 cum
2581 2625 2886 2682 nobilibus
2914 2630 2970 2682 et
2996 2643 3150 2699 pene
3181 2628 3358 2684 totius
3389 2628 3650 2684 nationis

1990 2717 2259 2784 potentes
2287 2713 2588 2783 religionis
2618 2714 2845 2770 fervore
2905 2716 3176 2772 succensi
3222 2717 3466 2774 obviam
3515 2723 3654 2774 vota

1991 2817 2193 2857 secum
2223 2807 2394 2873 parta
2419 2802 2711 2858 ferventes
2739 2804 2967 2859 vadunt
2990 2804 3234 2860 alacres.
3253 2806 3407 2871 Quid
3432 2805 3652 2878 plura?

1990 2890 2293 2962 excrpiunt
2318 2891 2559 2946 tandem
2583 2906 2706 2948 non
2724 2892 2934 2948 Christi
2952 2897 3280 2966 martyrem
3298 2895 3650 2965 gloriosum,

1989 2978 2095 3033 sed
2122 2978 2453 3034 antichristi
2484 2980 2799 3037 satellitem
2821 2981 3223 3054 truculentum
3249 3002 3261 3050 ;
3309 2999 3430 3039 non
3483 2983 3652 3040 illum

1987 3067 2462 3124 famosissimum
2485 3069 2785 3125 Romuleae
2814 3070 3127 3142 quondam
3157 3071 3366 3144 primae
3397 3072 3652 3143 legionis

1989 3157 2360 3227 signiferum,
2376 3159 2480 3214 sed
2509 3161 2744 3217 Satanae
2772 3159 3189 3217 dulcissimum
3215 3161 3429 3233 glareis
3454 3161 3652 3235 cocyti

1986 3246 2349 3316 ministrum,
2381 3253 2560 3321 atque
2589 3265 2729 3304 cum
2770 3264 2997 3320 magna
3041 3251 3413 3322 hymnorum
3463 3251 3652 3322 gloria

1987 3335 2065 3391 ad
2095 3341 2481 3392 sacrosancta
2507 3352 2698 3408 usque
2725 3337 2900 3410 (proh
2930 3339 3156 3408 nefas!)
3183 3338 3477 3396 invehunt
3500 3339 3649 3395 alta-

1985 3425 2092 3480 ria.
2127 3427 2350 3480 Festiva
2372 3425 2673 3483 celebrant
2703 3427 2926 3496 gaudia
2953 3427 3242 3483 luctuosis
3263 3445 3406 3484 mox
3430 3428 3652 3501 questi-

1984 3513 2101 3569 bus
2133 3513 2532 3587 deturpanda,
2563 3530 2755 3585 eaque
2799 3516 3122 3586 quotannis
3166 3516 3511 3572 solemniter
3554 3533 3646 3572 re-

1986 3601 2291 3666 censenda
2347 3601 2728 3670 consignant,
2790 3603 3083 3658 ﬁnetenus
3129 3603 3305 3658 illicet
3359 3604 3645 3660 desitura.

1986 3691 2497 3762 Postmultiplicia
2526 3691 2850 3746 missarum
2889 3691 3381 3764 hymnorumque
3429 3693 3646 3764 oﬁicia,

1985 3778 2175 3852 epulis
2203 3778 2558 3835 lautioribus
2587 3779 2748 3835 fessa
2791 3780 3041 3836 fratrum
3082 3784 3322 3838 caterva
3358 3781 3650 3839 refectorii

1983 3867 2390 3941 penetralibus
2419 3868 2810 3936 convivatura
2836 3857 3117 3926 succedit.
3151 3873 3306 3926 Inter
3349 3871 3647 3944 pranden-

1983 3955 2132 4013 dum
2159 3955 2505 4014 humanitas
2534 3956 2732 4013 omnis
2783 3956 3046 4014 exhibita
3089 3957 3364 4016 Taetitiam
3390 3959 3646 4018 ubertim

1984 4044 2356 4118 multiplicat,
2389 4061 2576 4118 quam
2602 4045 2782 4102 nimis
2803 4045 2999 4103 vicina
3023 4051 3082 4104 et
3110 4047 3279 4105 valde
3300 4049 3488 4122 impia
3508 4065 3648 4106 con-

1982 4132 2138 4190 fusio
2163 4133 2458 4191 deturbat.
2492 4138 2642 4191 Nam
2667 4135 2817 4192 dum
2846 4135 3120 4192 licentius
3148 4137 3346 4196 edulio
3393 4143 3452 4196 et
3477 4155 3646 4196 mero

1983 4223 2315 4293 indulgent,
2347 4228 2404 4280 et
2434 4240 2507 4281 ex
2528 4229 2828 4298 praecepto
2869 4225 3107 4283 abbatis
3135 4227 3224 4283 sui
3253 4227 3332 4284 illi
3373 4228 3497 4285 duo
3541 4229 3646 4301 qui

1983 4311 2301 4385 reliquium
2331 4313 2478 4368 illud
2514 4314 2876 4385 sacrilegum
2925 4317 3114 4373 Roma
3162 4321 3643 4390 exportaverant,

1983 4400 2059 4457 ad
2091 4399 2551 4457 custodiendum
2577 4402 2868 4475 templum
2898 4418 2973 4458 ne
2999 4403 3090 4459 vel
3113 4404 3192 4459 ad
3220 4404 3528 4461 modicum
3558 4403 3644 4459 lu-

1983 4505 2172 4546 cerna
2201 4488 2564 4558 deciderent,
2592 4507 2732 4546 cum
2757 4491 2888 4546 aliis
2935 4490 3281 4559 residerent,
3312 4495 3462 4546 nutu
3490 4489 3642 4557 divi-

1981 4595 2063 4635 no
2092 4579 2265 4650 cujus
2294 4579 2661 4635 dilectissimi
2691 4579 2891 4635 militis
2921 4579 3149 4634 cultum
3176 4578 3360 4635 miser
3385 4577 3644 4635 immeri-

1981 4671 2078 4725 tus
2104 4673 2522 4742 usurpaverat,
2555 4668 2788 4738 fragore
2832 4667 3100 4724 horribili
3145 4672 3201 4723 et
3247 4666 3481 4723 turbine
3510 4683 3643 4740 per-

1981 4757 2256 4813 turbatus
2283 4756 2487 4812 divino
2537 4759 2748 4812 sancto
2791 4755 2963 4813 altari
2992 4755 3269 4811 detrusus
3295 4756 3641 4827 pavimento

1981 4845 2227 4917 elapsus
2248 4845 2581 4916 iterumque
2611 4843 2884 4916 relapsus
2916 4842 3156 4914 corruit,
3179 4842 3456 4912 concidit,
3479 4858 3641 4900 nunc

1980 4933 2116 5002 hac,
2144 4948 2306 4990 nunc
2331 4933 2465 4990 illac
2495 4933 2821 5007 parietibus
2853 4949 2985 4989 sese
3034 4931 3346 5000 collidens,
3400 4931 3640 4994 iterum-

1980 5038 2099 5096 que
2129 5040 2190 5079 se
2210 5023 2396 5080 modo
2422 5024 2627 5094 josum
2663 5025 2835 5091 (474),
2890 5037 3050 5078 nunc
3105 5037 3346 5076 sursum
3388 5021 3638 5079 efferens

1979 5111 2385 5183 contunditur,
2415 5111 2740 5168 conteritur
2794 5116 2850 5167 et
2891 5111 2953 5166 in
3001 5110 3220 5167 frustra
3255 5110 3634 5184 dispergitur,

1977 5201 2262 5274 martyris
2293 5215 2516 5258 nomen
2541 5204 2599 5256 et
2626 5198 2825 5256 ofﬁcia
2853 5215 2988 5272 quae
3037 5199 3289 5256 inaniter
3344 5216 3637 5273 praesum-

1977 5295 2201 5365 pserat,
2259 5306 2399 5346 cum
2453 5288 2712 5345 ludibrio
2769 5294 2828 5344 et
2867 5289 3162 5346 dedecore
3211 5289 3636 5362 pollinctorum

1981 5378 2510 5451 spurcissimorum
2563 5377 2668 5451 qui
2706 5393 2846 5433 eum
2889 5377 3048 5434 illinc
3103 5378 3486 5446 advexerant,
3539 5377 3634 5434 his

231 5597 449 5679 "(474).
472 5597 578 5679 Sic“
591 5596 854 5679 antiquis
873 5599 1072 5678 josum
1085 5611 1194 5652 seu
1193 5599 1400 5666 jusum
1433 5611 1542 5668 pro
1568 5595 1863 5664 deorsum,
1893 5594 2061 5668 quod
2089 5611 2164 5651 ex
2189 5591 2520 5664 Augustino
2550 5590 2768 5665 prebet
2795 5591 3140 5662 Bollandus,
3200 5598 3256 5649 et
3302 5591 3540 5648 Vossius
3570 5589 3632 5644 in

348 5683 390 5726 ιι
413 5665 488 5725 de
518 5666 678 5726 Vitiis
698 5665 1014 5727 sérmonis.
