  <div class='ocr_page' id='page_1' title='image "/cluster/home/n/w/nwhite01/storage/ocr_20150623/132/hvd.32044054759931/311.png"; bbox 0 0 3940 6184; ppageno 0'>
   <div class='ocr_carea' id='block_1_1' title="bbox 384 80 3701 159">
    <p class='ocr_par' dir='ltr' id='par_1_1' title="bbox 384 80 3701 159">
     <span class='ocr_line' id='line_1_1' title="bbox 384 80 3701 159; baseline -0.005 0"><span class='ocrx_word' id='word_1_1' title='bbox 384 96 479 159; x_wconf 73' lang='grc' dir='ltr'><strong>ΘΗ</strong></span> <span class='ocrx_word' id='word_1_2' title='bbox 1328 92 1653 154; x_wconf 81' lang='lat' dir='ltr'><strong>ODILONIS</strong></span> <span class='ocrx_word' id='word_1_3' title='bbox 1692 80 2001 150; x_wconf 69' lang='lat' dir='ltr'><strong>MONACHI</strong></span> <span class='ocrx_word' id='word_1_4' title='bbox 2045 88 2100 143; x_wconf 89' lang='lat' dir='ltr'><strong>S.</strong></span> <span class='ocrx_word' id='word_1_5' title='bbox 2143 85 2454 143; x_wconf 72' lang='lat' dir='ltr'><strong>MEDARDI</strong></span> <span class='ocrx_word' id='word_1_6' title='bbox 2496 82 2853 145; x_wconf 82' lang='lat' dir='ltr'><strong>SUESSION.</strong></span> <span class='ocrx_word' id='word_1_7' title='bbox 3622 104 3701 159; x_wconf 70' lang='grc' dir='ltr'><strong>θη</strong></span> 
     </span>
    </p>
   </div>
   <div class='ocr_carea' id='block_1_2' title="bbox 383 207 3705 295">
    <p class='ocr_par' dir='ltr' id='par_1_2' title="bbox 383 207 3705 295">
     <span class='ocr_line' id='line_1_2' title="bbox 383 207 3705 295; baseline -0 -14"><span class='ocrx_word' id='word_1_8' title='bbox 383 224 727 283; x_wconf 75' lang='lat' dir='ltr'><strong>mortalium</strong></span> <span class='ocrx_word' id='word_1_9' title='bbox 757 221 919 279; x_wconf 80' lang='lat' dir='ltr'><strong>auris</strong></span> <span class='ocrx_word' id='word_1_10' title='bbox 949 216 1214 294; x_wconf 88' lang='lat' dir='ltr'><strong>perditus</strong></span> <span class='ocrx_word' id='word_1_11' title='bbox 1244 220 1541 276; x_wconf 78' lang='lat' dir='ltr'><strong>amittens.</strong></span> <span class='ocrx_word' id='word_1_12' title='bbox 1576 215 1802 285; x_wconf 85' lang='lat' dir='ltr'><strong>Flagitii</strong></span> <span class='ocrx_word' id='word_1_13' title='bbox 1834 216 2039 270; x_wconf 91' lang='lat' dir='ltr'><strong>aucto-</strong></span> <span class='ocrx_word' id='word_1_14' title='bbox 2072 207 2119 262; x_wconf 82' lang='grc' dir='ltr'><strong>Α</strong></span> <span class='ocrx_word' id='word_1_15' title='bbox 2151 225 2217 265; x_wconf 91' lang='lat' dir='ltr'><strong>ce</strong></span> <span class='ocrx_word' id='word_1_16' title='bbox 2246 211 2550 281; x_wconf 84' lang='lat' dir='ltr'><strong>religionis</strong></span> <span class='ocrx_word' id='word_1_17' title='bbox 2573 213 2652 269; x_wconf 90' lang='lat' dir='ltr'><strong>ad</strong></span> <span class='ocrx_word' id='word_1_18' title='bbox 2676 212 2816 268; x_wconf 82' lang='lat' dir='ltr'><strong>fidei</strong></span> <span class='ocrx_word' id='word_1_19' title='bbox 2846 211 3032 268; x_wconf 91' lang='lat' dir='ltr'><strong>robur</strong></span> <span class='ocrx_word' id='word_1_20' title='bbox 3061 218 3115 269; x_wconf 92' lang='lat' dir='ltr'><strong>et</strong></span> <span class='ocrx_word' id='word_1_21' title='bbox 3138 216 3587 285; x_wconf 85' lang='lat' dir='ltr'><strong>constantiam,ne</strong></span> <span class='ocrx_word' id='word_1_22' title='bbox 3602 238 3705 295; x_wconf 75' lang='lat' dir='ltr'><strong>per~</strong></span> 
     </span>
    </p>
   </div>
   <div class='ocr_carea' id='block_1_3' title="bbox 380 301 2042 383">
    <p class='ocr_par' dir='ltr' id='par_1_3' title="bbox 380 301 2042 383">
     <span class='ocr_line' id='line_1_3' title="bbox 380 301 2042 383; baseline -0.008 -12"><span class='ocrx_word' id='word_1_23' title='bbox 380 333 495 383; x_wconf 86' lang='lat' dir='ltr'><strong>res,</strong></span> <span class='ocrx_word' id='word_1_24' title='bbox 523 330 680 370; x_wconf 90' lang='lat' dir='ltr'><strong>unus</strong></span> <span class='ocrx_word' id='word_1_25' title='bbox 710 311 1041 368; x_wconf 90' lang='lat' dir='ltr'><strong>truculento</strong></span> <span class='ocrx_word' id='word_1_26' title='bbox 1072 309 1463 381; x_wconf 87' lang='lat' dir='ltr'><strong>spiritu,alter</strong></span> <span class='ocrx_word' id='word_1_27' title='bbox 1494 322 1674 363; x_wconf 89' lang='lat' dir='ltr'><strong>sensu</strong></span> <span class='ocrx_word' id='word_1_28' title='bbox 1696 304 1892 360; x_wconf 87' lang='lat' dir='ltr'><strong>inanis</strong></span> <span class='ocrx_word' id='word_1_29' title='bbox 1922 301 2042 358; x_wconf 81' lang='lat' dir='ltr'><strong>eili-</strong></span> 
     </span>
    </p>
   </div>
   <div class='ocr_carea' id='block_1_4' title="bbox 384 397 2041 472">
    <p class='ocr_par' dir='ltr' id='par_1_4' title="bbox 384 397 2041 472">
     <span class='ocr_line' id='line_1_4' title="bbox 384 397 2041 472; baseline -0.009 -11"><span class='ocrx_word' id='word_1_30' title='bbox 384 405 554 472; x_wconf 87' lang='lat' dir='ltr'><strong>citur,</strong></span> <span class='ocrx_word' id='word_1_31' title='bbox 587 403 769 459; x_wconf 90' lang='lat' dir='ltr'><strong>ambo</strong></span> <span class='ocrx_word' id='word_1_32' title='bbox 806 406 1003 456; x_wconf 86' lang='lat' dir='ltr'><strong>tamen</strong></span> <span class='ocrx_word' id='word_1_33' title='bbox 1036 397 1184 470; x_wconf 90' lang='lat' dir='ltr'><strong>quid</strong></span> <span class='ocrx_word' id='word_1_34' title='bbox 1213 402 1461 468; x_wconf 81' lang='lat' dir='ltr'><strong>egerant</strong></span> <span class='ocrx_word' id='word_1_35' title='bbox 1507 400 1679 468; x_wconf 88' lang='lat' dir='ltr'><strong>gestu</strong></span> <span class='ocrx_word' id='word_1_36' title='bbox 1721 408 2041 466; x_wconf 83' lang='lat' dir='ltr'><strong>corporum</strong></span> 
     </span>
    </p>
   </div>
   <div class='ocr_carea' id='block_1_5' title="bbox 385 483 2042 558">
    <p class='ocr_par' dir='ltr' id='par_1_5' title="bbox 385 483 2042 558">
     <span class='ocr_line' id='line_1_5' title="bbox 385 483 2042 558; baseline -0.008 -9"><span class='ocrx_word' id='word_1_37' title='bbox 385 490 780 549; x_wconf 81' lang='lat' dir='ltr'><strong>ostentabant.</strong></span> <span class='ocrx_word' id='word_1_38' title='bbox 812 485 1037 558; x_wconf 82' lang='lat' dir='ltr'><strong>Reliqui</strong></span> <span class='ocrx_word' id='word_1_39' title='bbox 1063 500 1276 541; x_wconf 89' lang='lat' dir='ltr'><strong>omnes</strong></span> <span class='ocrx_word' id='word_1_40' title='bbox 1304 485 1410 558; x_wconf 87' lang='lat' dir='ltr'><strong>qui</strong></span> <span class='ocrx_word' id='word_1_41' title='bbox 1433 485 1703 553; x_wconf 87' lang='lat' dir='ltr'><strong>aderant,</strong></span> <span class='ocrx_word' id='word_1_42' title='bbox 1736 486 1793 538; x_wconf 91' lang='lat' dir='ltr'><strong>et</strong></span> <span class='ocrx_word' id='word_1_43' title='bbox 1817 483 2042 552; x_wconf 84' lang='lat' dir='ltr'><strong>marty-</strong></span> 
     </span>
    </p>
   </div>
   <div class='ocr_carea' id='block_1_6' title="bbox 334 562 2046 648">
    <p class='ocr_par' dir='ltr' id='par_1_6' title="bbox 334 562 2046 648">
     <span class='ocr_line' id='line_1_6' title="bbox 334 562 2046 648; baseline -0.007 -12"><span class='ocrx_word' id='word_1_44' title='bbox 334 562 465 636; x_wconf 63' lang='lat' dir='ltr'><strong>.ris</strong></span> <span class='ocrx_word' id='word_1_45' title='bbox 513 577 795 645; x_wconf 80' lang='lat' dir='ltr'><strong>suffragia</strong></span> <span class='ocrx_word' id='word_1_46' title='bbox 852 574 1257 648; x_wconf 82' lang='lat' dir='ltr'><strong>virtutumque</strong></span> <span class='ocrx_word' id='word_1_47' title='bbox 1315 578 1635 647; x_wconf 85' lang='lat' dir='ltr'><strong>pragmata</strong></span> <span class='ocrx_word' id='word_1_48' title='bbox 1687 571 2046 644; x_wconf 83' lang='lat' dir='ltr'><strong>expetebant</strong></span> 
     </span>
    </p>
   </div>
   <div class='ocr_carea' id='block_1_7' title="bbox 384 657 2039 738">
    <p class='ocr_par' dir='ltr' id='par_1_7' title="bbox 384 657 2039 738">
     <span class='ocr_line' id='line_1_7' title="bbox 384 657 2039 738; baseline -0.007 -16"><span class='ocrx_word' id='word_1_49' title='bbox 384 669 685 738; x_wconf 88' lang='lat' dir='ltr'><strong>insperato</strong></span> <span class='ocrx_word' id='word_1_50' title='bbox 725 668 782 719; x_wconf 91' lang='lat' dir='ltr'><strong>et</strong></span> <span class='ocrx_word' id='word_1_51' title='bbox 832 678 1150 735; x_wconf 84' lang='lat' dir='ltr'><strong>nunquam</strong></span> <span class='ocrx_word' id='word_1_52' title='bbox 1202 666 1448 736; x_wconf 86' lang='lat' dir='ltr'><strong>experto</strong></span> <span class='ocrx_word' id='word_1_53' title='bbox 1493 666 1711 718; x_wconf 83' lang='lat' dir='ltr'><strong>terrore</strong></span> <span class='ocrx_word' id='word_1_54' title='bbox 1764 657 2039 732; x_wconf 84' lang='lat' dir='ltr'><strong>perculsi,</strong></span> 
     </span>
    </p>
   </div>
   <div class='ocr_carea' id='block_1_8' title="bbox 383 749 2041 825">
    <p class='ocr_par' dir='ltr' id='par_1_8' title="bbox 383 749 2041 825">
     <span class='ocr_line' id='line_1_8' title="bbox 383 749 2041 825; baseline -0.006 -14"><span class='ocrx_word' id='word_1_55' title='bbox 383 755 710 811; x_wconf 87' lang='lat' dir='ltr'><strong>semineces</strong></span> <span class='ocrx_word' id='word_1_56' title='bbox 740 754 950 823; x_wconf 83' lang='lat' dir='ltr'><strong>fugam</strong></span> <span class='ocrx_word' id='word_1_57' title='bbox 965 757 1341 809; x_wconf 88' lang='lat' dir='ltr'><strong>maturavere</strong></span> <span class='ocrx_word' id='word_1_58' title='bbox 1362 752 1598 825; x_wconf 79' lang='lat' dir='ltr'><strong>raptim.</strong></span> <span class='ocrx_word' id='word_1_59' title='bbox 1620 749 2041 807; x_wconf 89' lang='lat' dir='ltr'><strong>Prandentium</strong></span> 
     </span>
    </p>
   </div>
   <div class='ocr_carea' id='block_1_9' title="bbox 383 838 2042 923">
    <p class='ocr_par' dir='ltr' id='par_1_9' title="bbox 383 838 2042 923">
     <span class='ocr_line' id='line_1_9' title="bbox 383 838 2042 923; baseline -0.005 -24"><span class='ocrx_word' id='word_1_60' title='bbox 383 843 587 901; x_wconf 84' lang='lat' dir='ltr'><strong>aulam</strong></span> <span class='ocrx_word' id='word_1_61' title='bbox 612 842 943 914; x_wconf 84' lang='lat' dir='ltr'><strong>pervolant,</strong></span> <span class='ocrx_word' id='word_1_62' title='bbox 977 842 1091 897; x_wconf 93' lang='lat' dir='ltr'><strong>sibi</strong></span> <span class='ocrx_word' id='word_1_63' title='bbox 1118 841 1417 897; x_wconf 89' lang='lat' dir='ltr'><strong>subveniri</strong></span> <span class='ocrx_word' id='word_1_64' title='bbox 1467 844 1523 896; x_wconf 93' lang='lat' dir='ltr'><strong>et</strong></span> <span class='ocrx_word' id='word_1_65' title='bbox 1566 838 1835 923; x_wconf 78' lang='lat' dir='ltr'><strong>auxiliari</strong></span> <span class='ocrx_word' id='word_1_66' title='bbox 1883 838 2042 893; x_wconf 83' lang='lat' dir='ltr'><strong>insa-</strong></span> 
     </span>
    </p>
   </div>
   <div class='ocr_carea' id='block_1_10' title="bbox 380 925 2042 1003">
    <p class='ocr_par' dir='ltr' id='par_1_10' title="bbox 380 925 2042 1003">
     <span class='ocr_line' id='line_1_10' title="bbox 380 925 2042 1003; baseline -0.005 -15"><span class='ocrx_word' id='word_1_67' title='bbox 380 933 475 988; x_wconf 87' lang='lat' dir='ltr'><strong>nis</strong></span> <span class='ocrx_word' id='word_1_68' title='bbox 504 931 756 988; x_wconf 86' lang='lat' dir='ltr'><strong>vocibus</strong></span> <span class='ocrx_word' id='word_1_69' title='bbox 785 929 1200 1003; x_wconf 87' lang='lat' dir='ltr'><strong>proclamant;</strong></span> <span class='ocrx_word' id='word_1_70' title='bbox 1231 931 1382 986; x_wconf 81' lang='lat' dir='ltr'><strong>heu!</strong></span> <span class='ocrx_word' id='word_1_71' title='bbox 1415 928 1645 985; x_wconf 85' lang='lat' dir='ltr'><strong>domini</strong></span> <span class='ocrx_word' id='word_1_72' title='bbox 1689 931 1910 997; x_wconf 83' lang='lat' dir='ltr'><strong>Patres,</strong></span> <span class='ocrx_word' id='word_1_73' title='bbox 1955 925 2042 980; x_wconf 86' lang='lat' dir='ltr'><strong>in-</strong></span> 
     </span>
    </p>
   </div>
   <div class='ocr_carea' id='block_1_11' title="bbox 382 1013 2043 1093">
    <p class='ocr_par' dir='ltr' id='par_1_11' title="bbox 382 1013 2043 1093">
     <span class='ocr_line' id='line_1_11' title="bbox 382 1013 2043 1093; baseline -0.005 -17"><span class='ocrx_word' id='word_1_74' title='bbox 382 1020 619 1093; x_wconf 90' lang='lat' dir='ltr'><strong>quiunt,</strong></span> <span class='ocrx_word' id='word_1_75' title='bbox 667 1019 908 1087; x_wconf 77' lang='lat' dir='ltr'><strong>surgite,</strong></span> <span class='ocrx_word' id='word_1_76' title='bbox 965 1022 1302 1091; x_wconf 85' lang='lat' dir='ltr'><strong>properate,</strong></span> <span class='ocrx_word' id='word_1_77' title='bbox 1356 1017 1699 1084; x_wconf 85' lang='lat' dir='ltr'><strong>succurrite,</strong></span> <span class='ocrx_word' id='word_1_78' title='bbox 1754 1033 1790 1071; x_wconf 90' lang='lat' dir='ltr'><strong>a</strong></span> <span class='ocrx_word' id='word_1_79' title='bbox 1828 1013 2043 1070; x_wconf 81' lang='lat' dir='ltr'><strong>saeculo</strong></span> 
     </span>
    </p>
   </div>
   <div class='ocr_carea' id='block_1_12' title="bbox 383 1103 2039 1182">
    <p class='ocr_par' dir='ltr' id='par_1_12' title="bbox 383 1103 2039 1182">
     <span class='ocr_line' id='line_1_12' title="bbox 383 1103 2039 1182; baseline -0.004 -18"><span class='ocrx_word' id='word_1_80' title='bbox 383 1124 691 1182; x_wconf 86' lang='lat' dir='ltr'><strong>nusquam</strong></span> <span class='ocrx_word' id='word_1_81' title='bbox 723 1108 1031 1163; x_wconf 89' lang='lat' dir='ltr'><strong>consimile</strong></span> <span class='ocrx_word' id='word_1_82' title='bbox 1061 1107 1365 1179; x_wconf 87' lang='lat' dir='ltr'><strong>piaculum</strong></span> <span class='ocrx_word' id='word_1_83' title='bbox 1396 1107 1601 1162; x_wconf 88' lang='lat' dir='ltr'><strong>videte.</strong></span> <span class='ocrx_word' id='word_1_84' title='bbox 1622 1106 1779 1160; x_wconf 87' lang='lat' dir='ltr'><strong>Proh</strong></span> <span class='ocrx_word' id='word_1_85' title='bbox 1809 1103 2039 1177; x_wconf 86' lang='lat' dir='ltr'><strong>pudor!</strong></span> 
     </span>
    </p>
   </div>
   <div class='ocr_carea' id='block_1_13' title="bbox 383 1193 2045 1269">
    <p class='ocr_par' dir='ltr' id='par_1_13' title="bbox 383 1193 2045 1269">
     <span class='ocr_line' id='line_1_13' title="bbox 383 1193 2045 1269; baseline -0.004 -17"><span class='ocrx_word' id='word_1_86' title='bbox 383 1197 817 1269; x_wconf 88' lang='lat' dir='ltr'><strong>improperium</strong></span> <span class='ocrx_word' id='word_1_87' title='bbox 871 1211 1088 1267; x_wconf 90' lang='lat' dir='ltr'><strong>perpes</strong></span> <span class='ocrx_word' id='word_1_88' title='bbox 1130 1199 1186 1251; x_wconf 93' lang='lat' dir='ltr'><strong>et</strong></span> <span class='ocrx_word' id='word_1_89' title='bbox 1232 1195 1416 1251; x_wconf 88' lang='lat' dir='ltr'><strong>rubor</strong></span> <span class='ocrx_word' id='word_1_90' title='bbox 1472 1193 1841 1250; x_wconf 88' lang='lat' dir='ltr'><strong>confusionis</strong></span> <span class='ocrx_word' id='word_1_91' title='bbox 1892 1206 2045 1246; x_wconf 89' lang='lat' dir='ltr'><strong>nun-</strong></span> 
     </span>
    </p>
   </div>
   <div class='ocr_carea' id='block_1_14' title="bbox 384 1280 2043 1357">
    <p class='ocr_par' dir='ltr' id='par_1_14' title="bbox 384 1280 2043 1357">
     <span class='ocr_line' id='line_1_14' title="bbox 384 1280 2043 1357; baseline -0.003 -17"><span class='ocrx_word' id='word_1_92' title='bbox 384 1301 570 1357; x_wconf 87' lang='lat' dir='ltr'><strong>quam</strong></span> <span class='ocrx_word' id='word_1_93' title='bbox 600 1284 966 1340; x_wconf 85' lang='lat' dir='ltr'><strong>abolendusi</strong></span> <span class='ocrx_word' id='word_1_94' title='bbox 1024 1284 1155 1357; x_wconf 87' lang='lat' dir='ltr'><strong>ipse</strong></span> <span class='ocrx_word' id='word_1_95' title='bbox 1203 1283 1483 1339; x_wconf 91' lang='lat' dir='ltr'><strong>diabolus</strong></span> <span class='ocrx_word' id='word_1_96' title='bbox 1522 1283 1699 1338; x_wconf 89' lang='lat' dir='ltr'><strong>hodie</strong></span> <span class='ocrx_word' id='word_1_97' title='bbox 1742 1282 1837 1338; x_wconf 89' lang='lat' dir='ltr'><strong>hic</strong></span> <span class='ocrx_word' id='word_1_98' title='bbox 1867 1285 1957 1336; x_wconf 85' lang='lat' dir='ltr'><strong>est</strong></span> <span class='ocrx_word' id='word_1_99' title='bbox 1982 1280 2043 1335; x_wconf 91' lang='lat' dir='ltr'><strong>in</strong></span> 
     </span>
    </p>
   </div>
   <div class='ocr_carea' id='block_1_15' title="bbox 384 1372 2047 1446">
    <p class='ocr_par' dir='ltr' id='par_1_15' title="bbox 384 1372 2047 1446">
     <span class='ocr_line' id='line_1_15' title="bbox 384 1372 2047 1446; baseline -0.004 -16"><span class='ocrx_word' id='word_1_100' title='bbox 384 1379 640 1446; x_wconf 82' lang='lat' dir='ltr'><strong>tyranno</strong></span> <span class='ocrx_word' id='word_1_101' title='bbox 671 1372 903 1429; x_wconf 86' lang='lat' dir='ltr'><strong>allatus.</strong></span> <span class='ocrx_word' id='word_1_102' title='bbox 925 1372 1225 1446; x_wconf 88' lang='lat' dir='ltr'><strong>Quidquid</strong></span> <span class='ocrx_word' id='word_1_103' title='bbox 1258 1388 1381 1446; x_wconf 67' lang='lat' dir='ltr'><strong>prae</strong></span> <span class='ocrx_word' id='word_1_104' title='bbox 1410 1372 1692 1428; x_wconf 87' lang='lat' dir='ltr'><strong>manibus</strong></span> <span class='ocrx_word' id='word_1_105' title='bbox 1714 1377 1840 1427; x_wconf 90' lang='lat' dir='ltr'><strong>erat</strong></span> <span class='ocrx_word' id='word_1_106' title='bbox 1867 1385 2047 1442; x_wconf 83' lang='lat' dir='ltr'><strong>pran-</strong></span> 
     </span>
    </p>
   </div>
   <div class='ocr_carea' id='block_1_16' title="bbox 385 1460 2043 1535">
    <p class='ocr_par' dir='ltr' id='par_1_16' title="bbox 385 1460 2043 1535">
     <span class='ocr_line' id='line_1_16' title="bbox 385 1460 2043 1535; baseline -0.003 -17"><span class='ocrx_word' id='word_1_107' title='bbox 385 1463 655 1519; x_wconf 86' lang='lat' dir='ltr'><strong>dentium</strong></span> <span class='ocrx_word' id='word_1_108' title='bbox 685 1460 938 1533; x_wconf 88' lang='lat' dir='ltr'><strong>abjecto,</strong></span> <span class='ocrx_word' id='word_1_109' title='bbox 973 1478 1112 1518; x_wconf 91' lang='lat' dir='ltr'><strong>cum</strong></span> <span class='ocrx_word' id='word_1_110' title='bbox 1136 1462 1335 1518; x_wconf 90' lang='lat' dir='ltr'><strong>valido</strong></span> <span class='ocrx_word' id='word_1_111' title='bbox 1367 1462 1614 1535; x_wconf 89' lang='lat' dir='ltr'><strong>strepitu</strong></span> <span class='ocrx_word' id='word_1_112' title='bbox 1640 1461 1863 1517; x_wconf 89' lang='lat' dir='ltr'><strong>mensis</strong></span> <span class='ocrx_word' id='word_1_113' title='bbox 1896 1460 2043 1517; x_wconf 85' lang='lat' dir='ltr'><strong>exsi-</strong></span> 
     </span>
    </p>
   </div>
   <div class='ocr_carea' id='block_1_17' title="bbox 2151 298 3704 382">
    <p class='ocr_par' dir='ltr' id='par_1_17' title="bbox 2151 298 3704 382">
     <span class='ocr_line' id='line_1_17' title="bbox 2151 298 3704 382; baseline 0.01 -29"><span class='ocrx_word' id='word_1_114' title='bbox 2151 298 2323 355; x_wconf 85' lang='lat' dir='ltr'><strong>facile</strong></span> <span class='ocrx_word' id='word_1_115' title='bbox 2352 300 2589 357; x_wconf 88' lang='lat' dir='ltr'><strong>incertis</strong></span> <span class='ocrx_word' id='word_1_116' title='bbox 2614 316 2929 358; x_wconf 87' lang='lat' dir='ltr'><strong>assensum</strong></span> <span class='ocrx_word' id='word_1_117' title='bbox 2960 301 3235 372; x_wconf 83' lang='lat' dir='ltr'><strong>tribuant,</strong></span> <span class='ocrx_word' id='word_1_118' title='bbox 3277 320 3407 361; x_wconf 85' lang='lat' dir='ltr'><strong>neve</strong></span> <span class='ocrx_word' id='word_1_119' title='bbox 3444 313 3704 382; x_wconf 87' lang='lat' dir='ltr'><strong>antequam</strong></span> 
     </span>
    </p>
   </div>
   <div class='ocr_carea' id='block_1_18' title="bbox 2152 388 3706 464">
    <p class='ocr_par' dir='ltr' id='par_1_18' title="bbox 2152 388 3706 464">
     <span class='ocr_line' id='line_1_18' title="bbox 2152 388 3706 464; baseline 0.008 -21"><span class='ocrx_word' id='word_1_120' title='bbox 2152 388 2505 459; x_wconf 87' lang='lat' dir='ltr'><strong>approbent,</strong></span> <span class='ocrx_word' id='word_1_121' title='bbox 2560 396 2835 447; x_wconf 88' lang='lat' dir='ltr'><strong>sanctum</strong></span> <span class='ocrx_word' id='word_1_122' title='bbox 2887 390 3082 446; x_wconf 90' lang='lat' dir='ltr'><strong>dicere</strong></span> <span class='ocrx_word' id='word_1_123' title='bbox 3133 389 3377 464; x_wconf 89' lang='lat' dir='ltr'><strong>aliquem</strong></span> <span class='ocrx_word' id='word_1_124' title='bbox 3433 396 3706 457; x_wconf 83' lang='lat' dir='ltr'><strong>mortalium</strong></span> 
     </span>
    </p>
   </div>
   <div class='ocr_carea' id='block_1_19' title="bbox 2151 476 3705 551">
    <p class='ocr_par' dir='ltr' id='par_1_19' title="bbox 2151 476 3705 551">
     <span class='ocr_line' id='line_1_19' title="bbox 2151 476 3705 551; baseline 0.005 -20"><span class='ocrx_word' id='word_1_125' title='bbox 2151 476 2432 547; x_wconf 86' lang='lat' dir='ltr'><strong>audeant,</strong></span> <span class='ocrx_word' id='word_1_126' title='bbox 2460 478 2749 551; x_wconf 82' lang='lat' dir='ltr'><strong>juxtaque</strong></span> <span class='ocrx_word' id='word_1_127' title='bbox 2784 479 3101 535; x_wconf 79' lang='lat' dir='ltr'><strong>Dominicas</strong></span> <span class='ocrx_word' id='word_1_128' title='bbox 3129 479 3447 537; x_wconf 88' lang='lat' dir='ltr'><strong>eruditionis</strong></span> <span class='ocrx_word' id='word_1_129' title='bbox 3479 483 3705 549; x_wconf 78' lang='lat' dir='ltr'><strong>instituta,</strong></span> 
     </span>
    </p>
   </div>
   <div class='ocr_carea' id='block_1_20' title="bbox 2150 567 3710 642">
    <p class='ocr_par' dir='ltr' id='par_1_20' title="bbox 2150 567 3710 642">
     <span class='ocr_line' id='line_1_20' title="bbox 2150 567 3710 642; baseline 0.004 -21"><span class='ocrx_word' id='word_1_130' title='bbox 2150 581 2290 622; x_wconf 91' lang='lat' dir='ltr'><strong>cum</strong></span> <span class='ocrx_word' id='word_1_131' title='bbox 2319 567 2574 625; x_wconf 82' lang='lat' dir='ltr'><strong>dixerint</strong></span> <span class='ocrx_word' id='word_1_132' title='bbox 2600 587 2613 625; x_wconf 87' lang='lat'>:</span> <span class='ocrx_word' id='word_1_133' title='bbox 2643 569 2796 625; x_wconf 81' lang='lat' dir='ltr'><strong>Ecce</strong></span> <span class='ocrx_word' id='word_1_134' title='bbox 2818 572 2975 625; x_wconf 80' lang='lat' dir='ltr'><strong>Deus</strong></span> <span class='ocrx_word' id='word_1_135' title='bbox 3006 568 3117 636; x_wconf 81' lang='lat' dir='ltr'><strong>hic,</strong></span> <span class='ocrx_word' id='word_1_136' title='bbox 3150 575 3252 625; x_wconf 83' lang='lat' dir='ltr'><strong>aut</strong></span> <span class='ocrx_word' id='word_1_137' title='bbox 3292 583 3412 627; x_wconf 84' lang='lat' dir='ltr'><strong>ecce</strong></span> <span class='ocrx_word' id='word_1_138' title='bbox 3450 572 3578 642; x_wconf 79' lang='lat' dir='ltr'><strong>illic,</strong></span> <span class='ocrx_word' id='word_1_139' title='bbox 3623 588 3710 628; x_wconf 83' lang='lat' dir='ltr'><strong>crc-</strong></span> 
     </span>
    </p>
   </div>
   <div class='ocr_carea' id='block_1_21' title="bbox 2150 654 3709 730">
    <p class='ocr_par' dir='ltr' id='par_1_21' title="bbox 2150 654 3709 730">
     <span class='ocr_line' id='line_1_21' title="bbox 2150 654 3709 730; baseline 0.003 -20"><span class='ocrx_word' id='word_1_140' title='bbox 2150 654 2290 711; x_wconf 90' lang='lat' dir='ltr'><strong>dere</strong></span> <span class='ocrx_word' id='word_1_141' title='bbox 2318 656 2635 726; x_wconf 81' lang='lat' dir='ltr'><strong>refugiant;</strong></span> <span class='ocrx_word' id='word_1_142' title='bbox 2669 672 2742 713; x_wconf 90' lang='lat' dir='ltr'><strong>ne</strong></span> <span class='ocrx_word' id='word_1_143' title='bbox 2773 673 2880 730; x_wconf 89' lang='lat' dir='ltr'><strong>per</strong></span> <span class='ocrx_word' id='word_1_144' title='bbox 2908 658 3023 713; x_wconf 86' lang='lat' dir='ltr'><strong>hoc</strong></span> <span class='ocrx_word' id='word_1_145' title='bbox 3054 658 3196 714; x_wconf 89' lang='lat' dir='ltr'><strong>forte</strong></span> <span class='ocrx_word' id='word_1_146' title='bbox 3224 657 3504 725; x_wconf 67' lang='lat' dir='ltr'><strong>diabolicae</strong></span> <span class='ocrx_word' id='word_1_147' title='bbox 3538 660 3709 715; x_wconf 83' lang='lat' dir='ltr'><strong>fraudis</strong></span> 
     </span>
    </p>
   </div>
   <div class='ocr_carea' id='block_1_22' title="bbox 2149 743 3711 819">
    <p class='ocr_par' dir='ltr' id='par_1_22' title="bbox 2149 743 3711 819">
     <span class='ocr_line' id='line_1_22' title="bbox 2149 743 3711 819; baseline 0.004 -20"><span class='ocrx_word' id='word_1_148' title='bbox 2149 743 2466 801; x_wconf 89' lang='lat' dir='ltr'><strong>occasione</strong></span> <span class='ocrx_word' id='word_1_149' title='bbox 2494 747 2763 803; x_wconf 90' lang='lat' dir='ltr'><strong>admissa</strong></span> <span class='ocrx_word' id='word_1_150' title='bbox 2791 747 3137 819; x_wconf 86' lang='lat' dir='ltr'><strong>posthabita</strong></span> <span class='ocrx_word' id='word_1_151' title='bbox 3164 747 3326 803; x_wconf 89' lang='lat' dir='ltr'><strong>latria</strong></span> <span class='ocrx_word' id='word_1_152' title='bbox 3350 747 3432 803; x_wconf 89' lang='lat' dir='ltr'><strong>sui</strong></span> <span class='ocrx_word' id='word_1_153' title='bbox 3450 748 3711 805; x_wconf 87' lang='lat' dir='ltr'><strong>Conditoris</strong></span> 
     </span>
    </p>
   </div>
   <div class='ocr_carea' id='block_1_23' title="bbox 2149 833 3426 904">
    <p class='ocr_par' dir='ltr' id='par_1_23' title="bbox 2149 833 3426 904">
     <span class='ocr_line' id='line_1_23' title="bbox 2149 833 3426 904; baseline 0.001 -15"><span class='ocrx_word' id='word_1_154' title='bbox 2149 833 2418 904; x_wconf 88' lang='lat' dir='ltr'><strong>quodam</strong></span> <span class='ocrx_word' id='word_1_155' title='bbox 2450 836 2634 892; x_wconf 91' lang='lat' dir='ltr'><strong>modo</strong></span> <span class='ocrx_word' id='word_1_156' title='bbox 2665 836 2974 891; x_wconf 84' lang='lat' dir='ltr'><strong>offendant</strong></span> <span class='ocrx_word' id='word_1_157' title='bbox 3004 835 3065 891; x_wconf 94' lang='lat' dir='ltr'><strong>in</strong></span> <span class='ocrx_word' id='word_1_158' title='bbox 3093 836 3426 892; x_wconf 86' lang='lat' dir='ltr'><strong>idololatria.</strong></span> 
     </span>
    </p>
   </div>
   <div class='ocr_carea' id='block_1_24' title="bbox 2792 925 3166 982">
    <p class='ocr_par' dir='ltr' id='par_1_24' title="bbox 2792 925 3166 982">
     <span class='ocr_line' id='line_1_24' title="bbox 2792 925 3166 982; baseline 0 -1"><span class='ocrx_word' id='word_1_159' title='bbox 2792 926 3016 982; x_wconf 81' lang='lat' dir='ltr'><strong>CAPUT</strong></span> <span class='ocrx_word' id='word_1_160' title='bbox 3040 925 3166 981; x_wconf 86' lang='lat' dir='ltr'><strong>XLI.</strong></span> 
     </span>
    </p>
   </div>
   <div class='ocr_carea' id='block_1_25' title="bbox 2224 1012 3713 1086">
    <p class='ocr_par' dir='ltr' id='par_1_25' title="bbox 2224 1012 3713 1086">
     <span class='ocr_line' id='line_1_25' title="bbox 2224 1012 3713 1086; baseline 0.003 -21"><span class='ocrx_word' id='word_1_161' title='bbox 2224 1012 2404 1079; x_wconf 79' lang='lat' dir='ltr'><strong>igitur</strong></span> <span class='ocrx_word' id='word_1_162' title='bbox 2432 1012 2694 1069; x_wconf 89' lang='lat' dir='ltr'><strong>necdum</strong></span> <span class='ocrx_word' id='word_1_163' title='bbox 2720 1013 2994 1083; x_wconf 67' lang='lat' dir='ltr'><strong>longaevo</strong></span> <span class='ocrx_word' id='word_1_164' title='bbox 3034 1026 3344 1086; x_wconf 89' lang='lat' dir='ltr'><strong>permenso</strong></span> <span class='ocrx_word' id='word_1_165' title='bbox 3393 1013 3575 1086; x_wconf 88' lang='lat' dir='ltr'><strong>spatio,</strong></span> <span class='ocrx_word' id='word_1_166' title='bbox 3615 1014 3713 1070; x_wconf 78' lang='lat' dir='ltr'><strong>bea-</strong></span> 
     </span>
    </p>
   </div>
   <div class='ocr_carea' id='block_1_26' title="bbox 2155 1100 3716 1174">
    <p class='ocr_par' dir='ltr' id='par_1_26' title="bbox 2155 1100 3716 1174">
     <span class='ocr_line' id='line_1_26' title="bbox 2155 1100 3716 1174; baseline 0.003 -20"><span class='ocrx_word' id='word_1_167' title='bbox 2155 1100 2384 1156; x_wconf 88' lang='lat' dir='ltr'><strong>tissimo</strong></span> <span class='ocrx_word' id='word_1_168' title='bbox 2414 1105 2471 1158; x_wconf 92' lang='lat' dir='ltr'><strong>et</strong></span> <span class='ocrx_word' id='word_1_169' title='bbox 2499 1102 2818 1159; x_wconf 88' lang='lat' dir='ltr'><strong>omnifaria</strong></span> <span class='ocrx_word' id='word_1_170' title='bbox 2841 1101 3020 1158; x_wconf 89' lang='lat' dir='ltr'><strong>laude</strong></span> <span class='ocrx_word' id='word_1_171' title='bbox 3049 1101 3390 1172; x_wconf 91' lang='lat' dir='ltr'><strong>dignissimo</strong></span> <span class='ocrx_word' id='word_1_172' title='bbox 3410 1110 3626 1174; x_wconf 80' lang='lat' dir='ltr'><strong>martyre</strong></span> <span class='ocrx_word' id='word_1_173' title='bbox 3647 1106 3716 1159; x_wconf 81' lang='lat' dir='ltr'><strong>Se-</strong></span> 
     </span>
    </p>
   </div>
   <div class='ocr_carea' id='block_1_27' title="bbox 2152 1188 3714 1261">
    <p class='ocr_par' dir='ltr' id='par_1_27' title="bbox 2152 1188 3714 1261">
     <span class='ocr_line' id='line_1_27' title="bbox 2152 1188 3714 1261; baseline 0.002 -19"><span class='ocrx_word' id='word_1_174' title='bbox 2152 1188 2429 1243; x_wconf 89' lang='lat' dir='ltr'><strong>bastiano</strong></span> <span class='ocrx_word' id='word_1_175' title='bbox 2448 1206 2633 1261; x_wconf 88' lang='lat' dir='ltr'><strong>penes</strong></span> <span class='ocrx_word' id='word_1_176' title='bbox 2667 1192 3020 1246; x_wconf 89' lang='lat' dir='ltr'><strong>Suessorum</strong></span> <span class='ocrx_word' id='word_1_177' title='bbox 3042 1190 3250 1245; x_wconf 88' lang='lat' dir='ltr'><strong>urbem</strong></span> <span class='ocrx_word' id='word_1_178' title='bbox 3265 1190 3556 1245; x_wconf 82' lang='lat' dir='ltr'><strong>honoriﬁce</strong></span> <span class='ocrx_word' id='word_1_179' title='bbox 3579 1188 3714 1259; x_wconf 80' lang='lat' dir='ltr'><strong>illato,</strong></span> 
     </span>
    </p>
   </div>
   <div class='ocr_carea' id='block_1_28' title="bbox 2152 1277 3717 1351">
    <p class='ocr_par' dir='ltr' id='par_1_28' title="bbox 2152 1277 3717 1351">
     <span class='ocr_line' id='line_1_28' title="bbox 2152 1277 3717 1351; baseline 0.001 -19"><span class='ocrx_word' id='word_1_180' title='bbox 2152 1293 2222 1332; x_wconf 92' lang='lat' dir='ltr'><strong>ac</strong></span> <span class='ocrx_word' id='word_1_181' title='bbox 2252 1293 2389 1332; x_wconf 91' lang='lat' dir='ltr'><strong>cum</strong></span> <span class='ocrx_word' id='word_1_182' title='bbox 2433 1292 2658 1348; x_wconf 88' lang='lat' dir='ltr'><strong>magno</strong></span> <span class='ocrx_word' id='word_1_183' title='bbox 2707 1277 2966 1350; x_wconf 88' lang='lat' dir='ltr'><strong>tripudio</strong></span> <span class='ocrx_word' id='word_1_184' title='bbox 3023 1283 3285 1351; x_wconf 81' lang='lat' dir='ltr'><strong>excepto,</strong></span> <span class='ocrx_word' id='word_1_185' title='bbox 3343 1292 3470 1333; x_wconf 90' lang='lat' dir='ltr'><strong>cum</strong></span> <span class='ocrx_word' id='word_1_186' title='bbox 3511 1277 3615 1349; x_wconf 83' lang='lat' dir='ltr'><strong>ejus</strong></span> <span class='ocrx_word' id='word_1_187' title='bbox 3656 1282 3717 1347; x_wconf 85' lang='lat' dir='ltr'><strong>(ut</strong></span> 
     </span>
    </p>
   </div>
   <div class='ocr_carea' id='block_1_29' title="bbox 2153 1365 3716 1439">
    <p class='ocr_par' dir='ltr' id='par_1_29' title="bbox 2153 1365 3716 1439">
     <span class='ocr_line' id='line_1_29' title="bbox 2153 1365 3716 1439; baseline 0.001 -20"><span class='ocrx_word' id='word_1_188' title='bbox 2153 1365 2579 1438; x_wconf 68' lang='lat' dir='ltr'><strong>praemisimus)</strong></span> <span class='ocrx_word' id='word_1_189' title='bbox 2607 1366 3021 1438; x_wconf 87' lang='lat' dir='ltr'><strong>prodigiorum</strong></span> <span class='ocrx_word' id='word_1_190' title='bbox 3071 1371 3247 1439; x_wconf 88' lang='lat' dir='ltr'><strong>atque</strong></span> <span class='ocrx_word' id='word_1_191' title='bbox 3298 1367 3571 1436; x_wconf 87' lang='lat' dir='ltr'><strong>signorum</strong></span> <span class='ocrx_word' id='word_1_192' title='bbox 3600 1365 3716 1421; x_wconf 78' lang='lat' dir='ltr'><strong>fama</strong></span> 
     </span>
    </p>
   </div>
   <div class='ocr_carea' id='block_1_30' title="bbox 2153 1453 3716 1528">
    <p class='ocr_par' dir='ltr' id='par_1_30' title="bbox 2153 1453 3716 1528">
     <span class='ocr_line' id='line_1_30' title="bbox 2153 1453 3716 1528; baseline -0.001 -19"><span class='ocrx_word' id='word_1_193' title='bbox 2153 1454 2566 1519; x_wconf 79' lang='lat' dir='ltr'><strong>crebresceret,</strong></span> <span class='ocrx_word' id='word_1_194' title='bbox 2599 1454 2674 1511; x_wconf 89' lang='lat' dir='ltr'><strong>de</strong></span> <span class='ocrx_word' id='word_1_195' title='bbox 2708 1455 2853 1528; x_wconf 85' lang='lat' dir='ltr'><strong>ipsis</strong></span> <span class='ocrx_word' id='word_1_196' title='bbox 2880 1469 3126 1528; x_wconf 90' lang='lat' dir='ltr'><strong>quoque</strong></span> <span class='ocrx_word' id='word_1_197' title='bbox 3154 1454 3370 1511; x_wconf 81' lang='lat' dir='ltr'><strong>ultimae</strong></span> <span class='ocrx_word' id='word_1_198' title='bbox 3395 1454 3515 1510; x_wconf 70' lang='lat' dir='ltr'><strong>Tilaa</strong></span> <span class='ocrx_word' id='word_1_199' title='bbox 3552 1453 3716 1509; x_wconf 81' lang='lat' dir='ltr'><strong>ﬁnibus</strong></span> 
     </span>
    </p>
   </div>
   <div class='ocr_carea' id='block_1_31' title="bbox 382 1542 3717 1621">
    <p class='ocr_par' dir='ltr' id='par_1_31' title="bbox 382 1542 3717 1621">
     <span class='ocr_line' id='line_1_31' title="bbox 382 1542 3717 1621; baseline -0.003 -14"><span class='ocrx_word' id='word_1_200' title='bbox 382 1551 611 1617; x_wconf 88' lang='lat' dir='ltr'><strong>lientes,</strong></span> <span class='ocrx_word' id='word_1_201' title='bbox 644 1551 954 1621; x_wconf 85' lang='lat' dir='ltr'><strong>signaculo</strong></span> <span class='ocrx_word' id='word_1_202' title='bbox 984 1556 1041 1607; x_wconf 90' lang='lat' dir='ltr'><strong>et</strong></span> <span class='ocrx_word' id='word_1_203' title='bbox 1068 1551 1282 1607; x_wconf 86' lang='lat' dir='ltr'><strong>virtute</strong></span> <span class='ocrx_word' id='word_1_204' title='bbox 1312 1557 1532 1607; x_wconf 80' lang='lat' dir='ltr'><strong>sanctae</strong></span> <span class='ocrx_word' id='word_1_205' title='bbox 1560 1550 1752 1607; x_wconf 90' lang='lat' dir='ltr'><strong>crucis</strong></span> <span class='ocrx_word' id='word_1_206' title='bbox 1776 1548 2044 1605; x_wconf 86' lang='lat' dir='ltr'><strong>certatim</strong></span> <span class='ocrx_word' id='word_1_207' title='bbox 2076 1560 2116 1614; x_wconf 80' lang='grc' dir='ltr'>Β</span> <span class='ocrx_word' id='word_1_208' title='bbox 2154 1544 2231 1598; x_wconf 84' lang='lat' dir='ltr'><strong>ad</strong></span> <span class='ocrx_word' id='word_1_209' title='bbox 2263 1544 2392 1614; x_wconf 89' lang='lat' dir='ltr'><strong>ejus</strong></span> <span class='ocrx_word' id='word_1_210' title='bbox 2422 1544 2718 1614; x_wconf 85' lang='lat' dir='ltr'><strong>fragantia</strong></span> <span class='ocrx_word' id='word_1_211' title='bbox 2746 1545 3001 1617; x_wconf 83' lang='lat' dir='ltr'><strong>pignora</strong></span> <span class='ocrx_word' id='word_1_212' title='bbox 3030 1546 3404 1610; x_wconf 89' lang='lat' dir='ltr'><strong>conﬂuerent,</strong></span> <span class='ocrx_word' id='word_1_213' title='bbox 3451 1542 3585 1598; x_wconf 84' lang='lat' dir='ltr'><strong>abba</strong></span> <span class='ocrx_word' id='word_1_214' title='bbox 3609 1558 3717 1614; x_wconf 72' lang='lat' dir='ltr'><strong>pre-</strong></span> 
     </span>
    </p>
   </div>
   <div class='ocr_carea' id='block_1_32' title="bbox 387 1637 2044 1712">
    <p class='ocr_par' dir='ltr' id='par_1_32' title="bbox 387 1637 2044 1712">
     <span class='ocr_line' id='line_1_32' title="bbox 387 1637 2044 1712; baseline -0.002 -17"><span class='ocrx_word' id='word_1_215' title='bbox 387 1638 741 1696; x_wconf 89' lang='lat' dir='ltr'><strong>communiti</strong></span> <span class='ocrx_word' id='word_1_216' title='bbox 787 1639 1079 1711; x_wconf 86' lang='lat' dir='ltr'><strong>templum</strong></span> <span class='ocrx_word' id='word_1_217' title='bbox 1124 1643 1479 1712; x_wconf 85' lang='lat' dir='ltr'><strong>penetrant;</strong></span> <span class='ocrx_word' id='word_1_218' title='bbox 1528 1637 1766 1695; x_wconf 84' lang='lat' dir='ltr'><strong>ﬁnitimi</strong></span> <span class='ocrx_word' id='word_1_219' title='bbox 1801 1652 2044 1710; x_wconf 89' lang='lat' dir='ltr'><strong>quoque</strong></span> 
     </span>
    </p>
   </div>
   <div class='ocr_carea' id='block_1_33' title="bbox 387 1727 2049 1801">
    <p class='ocr_par' dir='ltr' id='par_1_33' title="bbox 387 1727 2049 1801">
     <span class='ocr_line' id='line_1_33' title="bbox 387 1727 2049 1801; baseline -0.001 -18"><span class='ocrx_word' id='word_1_220' title='bbox 387 1729 495 1801; x_wconf 78' lang='lat' dir='ltr'><strong>qui</strong></span> <span class='ocrx_word' id='word_1_221' title='bbox 520 1727 823 1783; x_wconf 83' lang='lat' dir='ltr'><strong>charitatis</strong></span> <span class='ocrx_word' id='word_1_222' title='bbox 852 1727 1163 1784; x_wconf 73' lang='lat' dir='ltr'><strong>affectione</strong></span> <span class='ocrx_word' id='word_1_223' title='bbox 1187 1728 1397 1787; x_wconf 85' lang='lat' dir='ltr'><strong>retenti</strong></span> <span class='ocrx_word' id='word_1_224' title='bbox 1423 1727 1679 1793; x_wconf 81' lang='lat' dir='ltr'><strong>fuerant,</strong></span> <span class='ocrx_word' id='word_1_225' title='bbox 1736 1728 2049 1783; x_wconf 76' lang='lat' dir='ltr'><strong>undecun-</strong></span> 
     </span>
    </p>
   </div>
   <div class='ocr_carea' id='block_1_34' title="bbox 387 1818 2055 1890">
    <p class='ocr_par' dir='ltr' id='par_1_34' title="bbox 387 1818 2055 1890">
     <span class='ocr_line' id='line_1_34' title="bbox 387 1818 2055 1890; baseline -0.001 -17"><span class='ocrx_word' id='word_1_226' title='bbox 387 1832 505 1890; x_wconf 87' lang='lat' dir='ltr'><strong>que</strong></span> <span class='ocrx_word' id='word_1_227' title='bbox 535 1818 917 1873; x_wconf 88' lang='lat' dir='ltr'><strong>decurrentes</strong></span> <span class='ocrx_word' id='word_1_228' title='bbox 941 1818 1319 1873; x_wconf 89' lang='lat' dir='ltr'><strong>conveniunt.</strong></span> <span class='ocrx_word' id='word_1_229' title='bbox 1346 1818 1499 1883; x_wconf 88' lang='lat' dir='ltr'><strong>Quid</strong></span> <span class='ocrx_word' id='word_1_230' title='bbox 1525 1832 1856 1874; x_wconf 87' lang='lat' dir='ltr'><strong>memorem</strong></span> <span class='ocrx_word' id='word_1_231' title='bbox 1872 1818 1901 1872; x_wconf 81' lang='lat'><strong>‘?</strong></span> <span class='ocrx_word' id='word_1_232' title='bbox 1921 1821 2055 1872; x_wconf 87' lang='lat' dir='ltr'><strong>tam</strong></span> 
     </span>
    </p>
   </div>
   <div class='ocr_carea' id='block_1_35' title="bbox 386 1905 2047 1979">
    <p class='ocr_par' dir='ltr' id='par_1_35' title="bbox 386 1905 2047 1979">
     <span class='ocr_line' id='line_1_35' title="bbox 386 1905 2047 1979; baseline -0.001 -17"><span class='ocrx_word' id='word_1_233' title='bbox 386 1905 765 1979; x_wconf 89' lang='lat' dir='ltr'><strong>repentinum</strong></span> <span class='ocrx_word' id='word_1_234' title='bbox 798 1909 855 1960; x_wconf 92' lang='lat' dir='ltr'><strong>et</strong></span> <span class='ocrx_word' id='word_1_235' title='bbox 875 1905 1245 1977; x_wconf 85' lang='lat' dir='ltr'><strong>insperatum</strong></span> <span class='ocrx_word' id='word_1_236' title='bbox 1278 1906 1567 1975; x_wconf 89' lang='lat' dir='ltr'><strong>gaudium</strong></span> <span class='ocrx_word' id='word_1_237' title='bbox 1614 1905 1959 1962; x_wconf 86' lang='lat' dir='ltr'><strong>subitaneus</strong></span> <span class='ocrx_word' id='word_1_238' title='bbox 1990 1908 2047 1961; x_wconf 89' lang='lat' dir='ltr'><strong>et</strong></span> 
     </span>
    </p>
   </div>
   <div class='ocr_carea' id='block_1_36' title="bbox 386 1993 2043 2067">
    <p class='ocr_par' dir='ltr' id='par_1_36' title="bbox 386 1993 2043 2067">
     <span class='ocr_line' id='line_1_36' title="bbox 386 1993 2043 2067; baseline -0.001 -18"><span class='ocrx_word' id='word_1_239' title='bbox 386 2008 704 2066; x_wconf 88' lang='lat' dir='ltr'><strong>nunquam</strong></span> <span class='ocrx_word' id='word_1_240' title='bbox 735 1998 1050 2065; x_wconf 87' lang='lat' dir='ltr'><strong>suspectus</strong></span> <span class='ocrx_word' id='word_1_241' title='bbox 1081 1998 1465 2067; x_wconf 72' lang='lat' dir='ltr'><strong>praeoccupat</strong></span> <span class='ocrx_word' id='word_1_242' title='bbox 1489 1994 1701 2050; x_wconf 86' lang='lat' dir='ltr'><strong>luctus.</strong></span> <span class='ocrx_word' id='word_1_243' title='bbox 1746 1993 2043 2048; x_wconf 90' lang='lat' dir='ltr'><strong>Contuen-</strong></span> 
     </span>
    </p>
   </div>
   <div class='ocr_carea' id='block_1_37' title="bbox 389 2080 2045 2155">
    <p class='ocr_par' dir='ltr' id='par_1_37' title="bbox 389 2080 2045 2155">
     <span class='ocr_line' id='line_1_37' title="bbox 389 2080 2045 2155; baseline -0.001 -18"><span class='ocrx_word' id='word_1_244' title='bbox 389 2086 482 2138; x_wconf 85' lang='lat' dir='ltr'><strong>tur</strong></span> <span class='ocrx_word' id='word_1_245' title='bbox 506 2080 785 2136; x_wconf 88' lang='lat' dir='ltr'><strong>‘cominus</strong></span> <span class='ocrx_word' id='word_1_246' title='bbox 808 2081 1156 2153; x_wconf 88' lang='lat' dir='ltr'><strong>pavimento</strong></span> <span class='ocrx_word' id='word_1_247' title='bbox 1186 2081 1535 2155; x_wconf 90' lang='lat' dir='ltr'><strong>prolapsum</strong></span> <span class='ocrx_word' id='word_1_248' title='bbox 1563 2081 1718 2137; x_wconf 89' lang='lat' dir='ltr'><strong>illius</strong></span> <span class='ocrx_word' id='word_1_249' title='bbox 1744 2081 2045 2137; x_wconf 86' lang='lat' dir='ltr'><strong>nefandis-</strong></span> 
     </span>
    </p>
   </div>
   <div class='ocr_carea' id='block_1_38' title="bbox 387 2168 2045 2242">
    <p class='ocr_par' dir='ltr' id='par_1_38' title="bbox 387 2168 2045 2242">
     <span class='ocr_line' id='line_1_38' title="bbox 387 2168 2045 2242; baseline 0 -19"><span class='ocrx_word' id='word_1_250' title='bbox 387 2168 521 2223; x_wconf 90' lang='lat' dir='ltr'><strong>simi</strong></span> <span class='ocrx_word' id='word_1_251' title='bbox 551 2173 607 2224; x_wconf 92' lang='lat' dir='ltr'><strong>et</strong></span> <span class='ocrx_word' id='word_1_252' title='bbox 654 2168 969 2224; x_wconf 89' lang='lat' dir='ltr'><strong>miserrimi</strong></span> <span class='ocrx_word' id='word_1_253' title='bbox 1013 2169 1271 2224; x_wconf 89' lang='lat' dir='ltr'><strong>hominis</strong></span> <span class='ocrx_word' id='word_1_254' title='bbox 1327 2170 1729 2242; x_wconf 87' lang='lat' dir='ltr'><strong>particulatim</strong></span> <span class='ocrx_word' id='word_1_255' title='bbox 1787 2169 2045 2225; x_wconf 80' lang='lat' dir='ltr'><strong>cadaver</strong></span> 
     </span>
    </p>
   </div>
   <div class='ocr_carea' id='block_1_39' title="bbox 386 2257 2042 2331">
    <p class='ocr_par' dir='ltr' id='par_1_39' title="bbox 386 2257 2042 2331">
     <span class='ocr_line' id='line_1_39' title="bbox 386 2257 2042 2331; baseline 0.001 -18"><span class='ocrx_word' id='word_1_256' title='bbox 386 2257 710 2328; x_wconf 88' lang='lat' dir='ltr'><strong>divulsum,</strong></span> <span class='ocrx_word' id='word_1_257' title='bbox 735 2257 1059 2331; x_wconf 90' lang='lat' dir='ltr'><strong>dolentque</strong></span> <span class='ocrx_word' id='word_1_258' title='bbox 1090 2276 1154 2315; x_wconf 92' lang='lat' dir='ltr'><strong>se</strong></span> <span class='ocrx_word' id='word_1_259' title='bbox 1183 2259 1243 2314; x_wconf 91' lang='lat' dir='ltr'><strong>in</strong></span> <span class='ocrx_word' id='word_1_260' title='bbox 1277 2259 1525 2315; x_wconf 88' lang='lat' dir='ltr'><strong>articulo</strong></span> <span class='ocrx_word' id='word_1_261' title='bbox 1554 2259 1775 2315; x_wconf 89' lang='lat' dir='ltr'><strong>modici</strong></span> <span class='ocrx_word' id='word_1_262' title='bbox 1810 2263 2042 2331; x_wconf 87' lang='lat' dir='ltr'><strong>tempo-</strong></span> 
     </span>
    </p>
   </div>
   <div class='ocr_carea' id='block_1_40' title="bbox 384 2345 2043 2420">
    <p class='ocr_par' dir='ltr' id='par_1_40' title="bbox 384 2345 2043 2420">
     <span class='ocr_line' id='line_1_40' title="bbox 384 2345 2043 2420; baseline -0.001 -17"><span class='ocrx_word' id='word_1_263' title='bbox 384 2347 465 2403; x_wconf 86' lang='lat' dir='ltr'><strong>ris</strong></span> <span class='ocrx_word' id='word_1_264' title='bbox 514 2346 787 2403; x_wconf 88' lang='lat' dir='ltr'><strong>amisisse</strong></span> <span class='ocrx_word' id='word_1_265' title='bbox 838 2348 1144 2415; x_wconf 86' lang='lat' dir='ltr'><strong>gaudium,</strong></span> <span class='ocrx_word' id='word_1_266' title='bbox 1186 2347 1350 2420; x_wconf 91' lang='lat' dir='ltr'><strong>quod</strong></span> <span class='ocrx_word' id='word_1_267' title='bbox 1405 2348 1862 2418; x_wconf 84' lang='lat' dir='ltr'><strong>gratulabantur</strong></span> <span class='ocrx_word' id='word_1_268' title='bbox 1917 2345 2043 2403; x_wconf 90' lang='lat' dir='ltr'><strong>sine</strong></span> 
     </span>
    </p>
   </div>
   <div class='ocr_carea' id='block_1_41' title="bbox 384 2435 2042 2501">
    <p class='ocr_par' dir='ltr' id='par_1_41' title="bbox 384 2435 2042 2501">
     <span class='ocr_line' id='line_1_41' title="bbox 384 2435 2042 2501; baseline 0 -11"><span class='ocrx_word' id='word_1_269' title='bbox 384 2435 503 2490; x_wconf 82' lang='lat' dir='ltr'><strong>ﬁne</strong></span> <span class='ocrx_word' id='word_1_270' title='bbox 559 2449 935 2492; x_wconf 87' lang='lat' dir='ltr'><strong>mansurum.</strong></span> <span class='ocrx_word' id='word_1_271' title='bbox 996 2436 1078 2490; x_wconf 83' lang='lat' dir='ltr'><strong>Fit</strong></span> <span class='ocrx_word' id='word_1_272' title='bbox 1130 2435 1358 2492; x_wconf 88' lang='lat' dir='ltr'><strong>clamor</strong></span> <span class='ocrx_word' id='word_1_273' title='bbox 1413 2436 1720 2501; x_wconf 84' lang='lat' dir='ltr'><strong>confusus,</strong></span> <span class='ocrx_word' id='word_1_274' title='bbox 1768 2435 2042 2492; x_wconf 90' lang='lat' dir='ltr'><strong>omnium</strong></span> 
     </span>
    </p>
   </div>
   <div class='ocr_carea' id='block_1_42' title="bbox 388 2523 2043 2597">
    <p class='ocr_par' dir='ltr' id='par_1_42' title="bbox 388 2523 2043 2597">
     <span class='ocr_line' id='line_1_42' title="bbox 388 2523 2043 2597; baseline 0.001 -19"><span class='ocrx_word' id='word_1_275' title='bbox 388 2529 594 2597; x_wconf 80' lang='lat' dir='ltr'><strong>stupor</strong></span> <span class='ocrx_word' id='word_1_276' title='bbox 622 2524 923 2580; x_wconf 88' lang='lat' dir='ltr'><strong>attonitus.</strong></span> <span class='ocrx_word' id='word_1_277' title='bbox 954 2524 1283 2580; x_wconf 83' lang='lat' dir='ltr'><strong>Adversum</strong></span> <span class='ocrx_word' id='word_1_278' title='bbox 1308 2523 1517 2596; x_wconf 89' lang='lat' dir='ltr'><strong>ﬂagitii</strong></span> <span class='ocrx_word' id='word_1_279' title='bbox 1547 2529 1822 2581; x_wconf 90' lang='lat' dir='ltr'><strong>auctores</strong></span> <span class='ocrx_word' id='word_1_280' title='bbox 1862 2524 2043 2597; x_wconf 89' lang='lat' dir='ltr'><strong>pluri-</strong></span> 
     </span>
    </p>
   </div>
   <div class='ocr_carea' id='block_1_43' title="bbox 386 2612 2042 2685">
    <p class='ocr_par' dir='ltr' id='par_1_43' title="bbox 386 2612 2042 2685">
     <span class='ocr_line' id='line_1_43' title="bbox 386 2612 2042 2685; baseline -0.001 -16"><span class='ocrx_word' id='word_1_281' title='bbox 386 2629 487 2669; x_wconf 90' lang='lat' dir='ltr'><strong>ma</strong></span> <span class='ocrx_word' id='word_1_282' title='bbox 524 2613 687 2684; x_wconf 83' lang='lat' dir='ltr'><strong>vulgi</strong></span> <span class='ocrx_word' id='word_1_283' title='bbox 718 2627 1078 2668; x_wconf 88' lang='lat' dir='ltr'><strong>concurrens</strong></span> <span class='ocrx_word' id='word_1_284' title='bbox 1109 2628 1327 2669; x_wconf 89' lang='lat' dir='ltr'><strong>manus</strong></span> <span class='ocrx_word' id='word_1_285' title='bbox 1357 2612 1736 2669; x_wconf 87' lang='lat' dir='ltr'><strong>infremescit.</strong></span> <span class='ocrx_word' id='word_1_286' title='bbox 1768 2612 1877 2668; x_wconf 84' lang='lat' dir='ltr'><strong>Alii</strong></span> <span class='ocrx_word' id='word_1_287' title='bbox 1896 2612 2042 2685; x_wconf 90' lang='lat' dir='ltr'><strong>lapi-</strong></span> 
     </span>
    </p>
   </div>
   <div class='ocr_carea' id='block_1_44' title="bbox 386 2701 2041 2775">
    <p class='ocr_par' dir='ltr' id='par_1_44' title="bbox 386 2701 2041 2775">
     <span class='ocr_line' id='line_1_44' title="bbox 386 2701 2041 2775; baseline -0.001 -17"><span class='ocrx_word' id='word_1_288' title='bbox 386 2703 622 2758; x_wconf 88' lang='lat' dir='ltr'><strong>dandos</strong></span> <span class='ocrx_word' id='word_1_289' title='bbox 655 2702 997 2771; x_wconf 84' lang='lat' dir='ltr'><strong>sacrilegos,</strong></span> <span class='ocrx_word' id='word_1_290' title='bbox 1016 2701 1113 2756; x_wconf 90' lang='lat' dir='ltr'><strong>alii</strong></span> <span class='ocrx_word' id='word_1_291' title='bbox 1144 2702 1411 2773; x_wconf 91' lang='lat' dir='ltr'><strong>patibulo</strong></span> <span class='ocrx_word' id='word_1_292' title='bbox 1440 2702 2041 2775; x_wconf 85' lang='lat' dir='ltr'><strong>appendendos,qui-</strong></span> 
     </span>
    </p>
   </div>
   <div class='ocr_carea' id='block_1_45' title="bbox 388 2790 2041 2864">
    <p class='ocr_par' dir='ltr' id='par_1_45' title="bbox 388 2790 2041 2864">
     <span class='ocr_line' id='line_1_45' title="bbox 388 2790 2041 2864; baseline -0.001 -17"><span class='ocrx_word' id='word_1_293' title='bbox 388 2792 531 2848; x_wconf 90' lang='lat' dir='ltr'><strong>dam</strong></span> <span class='ocrx_word' id='word_1_294' title='bbox 554 2791 680 2860; x_wconf 87' lang='lat' dir='ltr'><strong>igni</strong></span> <span class='ocrx_word' id='word_1_295' title='bbox 704 2790 1167 2857; x_wconf 86' lang='lat' dir='ltr'><strong>comburendos,</strong></span> <span class='ocrx_word' id='word_1_296' title='bbox 1183 2795 1287 2846; x_wconf 88' lang='lat' dir='ltr'><strong>aut</strong></span> <span class='ocrx_word' id='word_1_297' title='bbox 1314 2791 1472 2846; x_wconf 91' lang='lat' dir='ltr'><strong>letho</strong></span> <span class='ocrx_word' id='word_1_298' title='bbox 1494 2807 1858 2864; x_wconf 90' lang='lat' dir='ltr'><strong>quocunque</strong></span> <span class='ocrx_word' id='word_1_299' title='bbox 1888 2796 2041 2846; x_wconf 88' lang='lat' dir='ltr'><strong>atro-</strong></span> 
     </span>
    </p>
   </div>
   <div class='ocr_carea' id='block_1_46' title="bbox 387 2879 2113 2967">
    <p class='ocr_par' dir='ltr' id='par_1_46' title="bbox 387 2879 2113 2967">
     <span class='ocr_line' id='line_1_46' title="bbox 387 2879 2113 2967; baseline -0.001 -31"><span class='ocrx_word' id='word_1_300' title='bbox 387 2881 544 2937; x_wconf 79' lang='lat' dir='ltr'><strong>ciore</strong></span> <span class='ocrx_word' id='word_1_301' title='bbox 574 2880 775 2953; x_wconf 90' lang='lat' dir='ltr'><strong>puniri</strong></span> <span class='ocrx_word' id='word_1_302' title='bbox 802 2879 1019 2936; x_wconf 89' lang='lat' dir='ltr'><strong>debere</strong></span> <span class='ocrx_word' id='word_1_303' title='bbox 1049 2879 1355 2936; x_wconf 90' lang='lat' dir='ltr'><strong>maledicis</strong></span> <span class='ocrx_word' id='word_1_304' title='bbox 1385 2879 1637 2953; x_wconf 89' lang='lat' dir='ltr'><strong>eloquiis</strong></span> <span class='ocrx_word' id='word_1_305' title='bbox 1656 2880 2039 2937; x_wconf 89' lang='lat' dir='ltr'><strong>lacessientes</strong></span> <span class='ocrx_word' id='word_1_306' title='bbox 2072 2911 2113 2967; x_wconf 66' lang='grc' dir='ltr'>α</span> 
     </span>
    </p>
   </div>
   <div class='ocr_carea' id='block_1_47' title="bbox 389 2966 2041 3041">
    <p class='ocr_par' dir='ltr' id='par_1_47' title="bbox 389 2966 2041 3041">
     <span class='ocr_line' id='line_1_47' title="bbox 389 2966 2041 3041; baseline 0 -16"><span class='ocrx_word' id='word_1_307' title='bbox 389 2967 825 3026; x_wconf 87' lang='lat' dir='ltr'><strong>acclamabant.</strong></span> <span class='ocrx_word' id='word_1_308' title='bbox 877 2968 1101 3024; x_wconf 86' lang='lat' dir='ltr'><strong>Verum</strong></span> <span class='ocrx_word' id='word_1_309' title='bbox 1147 2966 1369 3041; x_wconf 89' lang='lat' dir='ltr'><strong>quibus</strong></span> <span class='ocrx_word' id='word_1_310' title='bbox 1417 2972 1543 3025; x_wconf 89' lang='lat' dir='ltr'><strong>erat</strong></span> <span class='ocrx_word' id='word_1_311' title='bbox 1590 2984 1693 3024; x_wconf 90' lang='lat' dir='ltr'><strong>cor</strong></span> <span class='ocrx_word' id='word_1_312' title='bbox 1734 2969 1923 3025; x_wconf 92' lang='lat' dir='ltr'><strong>docile</strong></span> <span class='ocrx_word' id='word_1_313' title='bbox 1972 2984 2041 3025; x_wconf 84' lang='lat' dir='ltr'><strong>ac</strong></span> 
     </span>
    </p>
   </div>
   <div class='ocr_carea' id='block_1_48' title="bbox 388 3056 2043 3130">
    <p class='ocr_par' dir='ltr' id='par_1_48' title="bbox 388 3056 2043 3130">
     <span class='ocr_line' id='line_1_48' title="bbox 388 3056 2043 3130; baseline 0 -17"><span class='ocrx_word' id='word_1_314' title='bbox 388 3071 561 3113; x_wconf 89' lang='lat' dir='ltr'><strong>mens</strong></span> <span class='ocrx_word' id='word_1_315' title='bbox 591 3057 892 3128; x_wconf 86' lang='lat' dir='ltr'><strong>sincerior,</strong></span> <span class='ocrx_word' id='word_1_316' title='bbox 936 3070 1327 3129; x_wconf 88' lang='lat' dir='ltr'><strong>nequaquam</strong></span> <span class='ocrx_word' id='word_1_317' title='bbox 1382 3072 1484 3112; x_wconf 89' lang='lat' dir='ltr'><strong>eos</strong></span> <span class='ocrx_word' id='word_1_318' title='bbox 1538 3056 1809 3113; x_wconf 88' lang='lat' dir='ltr'><strong>humano</strong></span> <span class='ocrx_word' id='word_1_319' title='bbox 1864 3073 2043 3130; x_wconf 87' lang='lat' dir='ltr'><strong>posse</strong></span> 
     </span>
    </p>
   </div>
   <div class='ocr_carea' id='block_1_49' title="bbox 388 3145 2044 3218">
    <p class='ocr_par' dir='ltr' id='par_1_49' title="bbox 388 3145 2044 3218">
     <span class='ocr_line' id='line_1_49' title="bbox 388 3145 2044 3218; baseline -0.001 -15"><span class='ocrx_word' id='word_1_320' title='bbox 388 3145 667 3203; x_wconf 86' lang='lat' dir='ltr'><strong>damnari</strong></span> <span class='ocrx_word' id='word_1_321' title='bbox 691 3145 1041 3218; x_wconf 76' lang='lat' dir='ltr'><strong>prmjudicio</strong></span> <span class='ocrx_word' id='word_1_322' title='bbox 1072 3149 1364 3213; x_wconf 90' lang='lat' dir='ltr'><strong>astruunt,</strong></span> <span class='ocrx_word' id='word_1_323' title='bbox 1394 3161 1548 3218; x_wconf 90' lang='lat' dir='ltr'><strong>quos</strong></span> <span class='ocrx_word' id='word_1_324' title='bbox 1588 3145 1805 3201; x_wconf 66' lang='lat' dir='ltr'><strong>divinae</strong></span> <span class='ocrx_word' id='word_1_325' title='bbox 1832 3146 2044 3202; x_wconf 88' lang='lat' dir='ltr'><strong>severi-</strong></span> 
     </span>
    </p>
   </div>
   <div class='ocr_carea' id='block_1_50' title="bbox 388 3232 2042 3308">
    <p class='ocr_par' dir='ltr' id='par_1_50' title="bbox 388 3232 2042 3308">
     <span class='ocr_line' id='line_1_50' title="bbox 388 3232 2042 3308; baseline 0.001 -19"><span class='ocrx_word' id='word_1_326' title='bbox 388 3232 523 3289; x_wconf 86' lang='lat' dir='ltr'><strong>tatis</strong></span> <span class='ocrx_word' id='word_1_327' title='bbox 552 3246 807 3290; x_wconf 86' lang='lat' dir='ltr'><strong>censura</strong></span> <span class='ocrx_word' id='word_1_328' title='bbox 827 3234 955 3305; x_wconf 89' lang='lat' dir='ltr'><strong>jam</strong></span> <span class='ocrx_word' id='word_1_329' title='bbox 985 3233 1195 3306; x_wconf 83' lang='lat' dir='ltr'><strong>plexos</strong></span> <span class='ocrx_word' id='word_1_330' title='bbox 1234 3233 1360 3290; x_wconf 84' lang='lat' dir='ltr'><strong>fore</strong></span> <span class='ocrx_word' id='word_1_331' title='bbox 1402 3234 1630 3308; x_wconf 90' lang='lat' dir='ltr'><strong>liquido</strong></span> <span class='ocrx_word' id='word_1_332' title='bbox 1673 3234 2042 3291; x_wconf 88' lang='lat' dir='ltr'><strong>contueban-</strong></span> 
     </span>
    </p>
   </div>
   <div class='ocr_carea' id='block_1_51' title="bbox 386 3321 2044 3395">
    <p class='ocr_par' dir='ltr' id='par_1_51' title="bbox 386 3321 2044 3395">
     <span class='ocr_line' id='line_1_51' title="bbox 386 3321 2044 3395; baseline 0.001 -18"><span class='ocrx_word' id='word_1_333' title='bbox 386 3325 500 3377; x_wconf 86' lang='lat' dir='ltr'><strong>tur.</strong></span> <span class='ocrx_word' id='word_1_334' title='bbox 533 3322 760 3378; x_wconf 82' lang='lat' dir='ltr'><strong>Interea</strong></span> <span class='ocrx_word' id='word_1_335' title='bbox 787 3321 1031 3378; x_wconf 88' lang='lat' dir='ltr'><strong>collecta</strong></span> <span class='ocrx_word' id='word_1_336' title='bbox 1055 3321 1453 3393; x_wconf 87' lang='lat' dir='ltr'><strong>particulatim</strong></span> <span class='ocrx_word' id='word_1_337' title='bbox 1486 3322 1799 3395; x_wconf 87' lang='lat' dir='ltr'><strong>putredine</strong></span> <span class='ocrx_word' id='word_1_338' title='bbox 1827 3323 2044 3379; x_wconf 91' lang='lat' dir='ltr'><strong>direm-</strong></span> 
     </span>
    </p>
   </div>
   <div class='ocr_carea' id='block_1_52' title="bbox 388 3410 2045 3485">
    <p class='ocr_par' dir='ltr' id='par_1_52' title="bbox 388 3410 2045 3485">
     <span class='ocr_line' id='line_1_52' title="bbox 388 3410 2045 3485; baseline 0.001 -19"><span class='ocrx_word' id='word_1_339' title='bbox 388 3411 470 3483; x_wconf 87' lang='lat' dir='ltr'><strong>pti</strong></span> <span class='ocrx_word' id='word_1_340' title='bbox 495 3411 651 3466; x_wconf 91' lang='lat' dir='ltr'><strong>illius</strong></span> <span class='ocrx_word' id='word_1_341' title='bbox 680 3410 928 3467; x_wconf 90' lang='lat' dir='ltr'><strong>infelicis</strong></span> <span class='ocrx_word' id='word_1_342' title='bbox 960 3411 1269 3468; x_wconf 79' lang='lat' dir='ltr'><strong>cadaveris</strong></span> <span class='ocrx_word' id='word_1_343' title='bbox 1292 3410 1354 3467; x_wconf 91' lang='lat' dir='ltr'><strong>in</strong></span> <span class='ocrx_word' id='word_1_344' title='bbox 1399 3412 1836 3485; x_wconf 88' lang='lat' dir='ltr'><strong>sterquilinium</strong></span> <span class='ocrx_word' id='word_1_345' title='bbox 1882 3413 2045 3483; x_wconf 82' lang='lat' dir='ltr'><strong>vulgi</strong></span> 
     </span>
    </p>
   </div>
   <div class='ocr_carea' id='block_1_53' title="bbox 390 3499 2045 3573">
    <p class='ocr_par' dir='ltr' id='par_1_53' title="bbox 390 3499 2045 3573">
     <span class='ocr_line' id='line_1_53' title="bbox 390 3499 2045 3573; baseline 0.003 -20"><span class='ocrx_word' id='word_1_346' title='bbox 390 3502 616 3556; x_wconf 89' lang='lat' dir='ltr'><strong>stercus</strong></span> <span class='ocrx_word' id='word_1_347' title='bbox 646 3499 1107 3572; x_wconf 88' lang='lat' dir='ltr'><strong>spurcissimum</strong></span> <span class='ocrx_word' id='word_1_348' title='bbox 1137 3500 1463 3572; x_wconf 88' lang='lat' dir='ltr'><strong>projicitur,</strong></span> <span class='ocrx_word' id='word_1_349' title='bbox 1504 3502 1776 3558; x_wconf 85' lang='lat' dir='ltr'><strong>obruitur</strong></span> <span class='ocrx_word' id='word_1_350' title='bbox 1805 3506 1861 3558; x_wconf 91' lang='lat' dir='ltr'><strong>et</strong></span> <span class='ocrx_word' id='word_1_351' title='bbox 1906 3517 2045 3573; x_wconf 86' lang='lat' dir='ltr'><strong>pro-</strong></span> 
     </span>
    </p>
   </div>
   <div class='ocr_carea' id='block_1_54' title="bbox 388 3588 2045 3665">
    <p class='ocr_par' dir='ltr' id='par_1_54' title="bbox 388 3588 2045 3665">
     <span class='ocr_line' id='line_1_54' title="bbox 388 3588 2045 3665; baseline 0.002 -21"><span class='ocrx_word' id='word_1_352' title='bbox 388 3589 673 3657; x_wconf 81' lang='lat' dir='ltr'><strong>culcetur,</strong></span> <span class='ocrx_word' id='word_1_353' title='bbox 692 3588 1091 3662; x_wconf 89' lang='lat' dir='ltr'><strong>ultimumque</strong></span> <span class='ocrx_word' id='word_1_354' title='bbox 1116 3590 1169 3645; x_wconf 90' lang='lat' dir='ltr'><strong>ei</strong></span> <span class='ocrx_word' id='word_1_355' title='bbox 1194 3589 1327 3647; x_wconf 86' lang='lat' dir='ltr'><strong>vale</strong></span> <span class='ocrx_word' id='word_1_356' title='bbox 1348 3591 1674 3649; x_wconf 88' lang='lat' dir='ltr'><strong>anathema</strong></span> <span class='ocrx_word' id='word_1_357' title='bbox 1688 3597 2045 3665; x_wconf 89' lang='lat' dir='ltr'><strong>perpetuum</strong></span> 
     </span>
    </p>
   </div>
   <div class='ocr_carea' id='block_1_55' title="bbox 387 3678 2044 3754">
    <p class='ocr_par' dir='ltr' id='par_1_55' title="bbox 387 3678 2044 3754">
     <span class='ocr_line' id='line_1_55' title="bbox 387 3678 2044 3754; baseline 0.002 -21"><span class='ocrx_word' id='word_1_358' title='bbox 387 3678 769 3751; x_wconf 88' lang='lat' dir='ltr'><strong>imprecatur.</strong></span> <span class='ocrx_word' id='word_1_359' title='bbox 807 3678 1026 3736; x_wconf 81' lang='lat' dir='ltr'><strong>Rastris</strong></span> <span class='ocrx_word' id='word_1_360' title='bbox 1082 3678 1426 3751; x_wconf 90' lang='lat' dir='ltr'><strong>pavimenta</strong></span> <span class='ocrx_word' id='word_1_361' title='bbox 1473 3680 1820 3748; x_wconf 89' lang='lat' dir='ltr'><strong>eraduntur,</strong></span> <span class='ocrx_word' id='word_1_362' title='bbox 1869 3682 2044 3754; x_wconf 91' lang='lat' dir='ltr'><strong>aquis</strong></span> 
     </span>
    </p>
   </div>
   <div class='ocr_carea' id='block_1_56' title="bbox 386 3766 2043 3843">
    <p class='ocr_par' dir='ltr' id='par_1_56' title="bbox 386 3766 2043 3843">
     <span class='ocr_line' id='line_1_56' title="bbox 386 3766 2043 3843; baseline 0.002 -21"><span class='ocrx_word' id='word_1_363' title='bbox 386 3766 717 3835; x_wconf 87' lang='lat' dir='ltr'><strong>diluuntur,</strong></span> <span class='ocrx_word' id='word_1_364' title='bbox 751 3772 808 3825; x_wconf 91' lang='lat' dir='ltr'><strong>et</strong></span> <span class='ocrx_word' id='word_1_365' title='bbox 832 3784 1016 3824; x_wconf 78' lang='lat' dir='ltr'><strong>sacrae</strong></span> <span class='ocrx_word' id='word_1_366' title='bbox 1027 3769 1427 3843; x_wconf 32' lang='lat' dir='ltr'><strong>Urespersionis</strong></span> <span class='ocrx_word' id='word_1_367' title='bbox 1444 3768 1609 3825; x_wconf 91' lang='lat' dir='ltr'><strong>unda</strong></span> <span class='ocrx_word' id='word_1_368' title='bbox 1630 3769 2043 3842; x_wconf 64' lang='lat' dir='ltr'><strong>puriﬁcantur.</strong></span> 
     </span>
    </p>
   </div>
   <div class='ocr_carea' id='block_1_57' title="bbox 1029 3857 1403 3913">
    <p class='ocr_par' dir='ltr' id='par_1_57' title="bbox 1029 3857 1403 3913">
     <span class='ocr_line' id='line_1_57' title="bbox 1029 3857 1403 3913; baseline 0.008 -3"><span class='ocrx_word' id='word_1_369' title='bbox 1029 3857 1254 3913; x_wconf 82' lang='lat' dir='ltr'><strong>CAPUT</strong></span> <span class='ocrx_word' id='word_1_370' title='bbox 1297 3858 1403 3913; x_wconf 82' lang='lat' dir='ltr'><strong>XL.</strong></span> 
     </span>
    </p>
   </div>
   <div class='ocr_carea' id='block_1_58' title="bbox 458 3942 2046 4017">
    <p class='ocr_par' dir='ltr' id='par_1_58' title="bbox 458 3942 2046 4017">
     <span class='ocr_line' id='line_1_58' title="bbox 458 3942 2046 4017; baseline 0.003 -18"><span class='ocrx_word' id='word_1_371' title='bbox 458 3946 633 3999; x_wconf 86' lang='lat' dir='ltr'><strong>Juvat</strong></span> <span class='ocrx_word' id='word_1_372' title='bbox 656 3942 912 3999; x_wconf 86' lang='lat' dir='ltr'><strong>conferri</strong></span> <span class='ocrx_word' id='word_1_373' title='bbox 940 3944 1078 3999; x_wconf 89' lang='lat' dir='ltr'><strong>huic</strong></span> <span class='ocrx_word' id='word_1_374' title='bbox 1108 3943 1264 3999; x_wconf 89' lang='lat' dir='ltr'><strong>facto</strong></span> <span class='ocrx_word' id='word_1_375' title='bbox 1296 3944 1613 4016; x_wconf 86' lang='lat' dir='ltr'><strong>antiquum</strong></span> <span class='ocrx_word' id='word_1_376' title='bbox 1638 3943 1795 4000; x_wconf 91' lang='lat' dir='ltr'><strong>illius</strong></span> <span class='ocrx_word' id='word_1_377' title='bbox 1822 3946 1905 4003; x_wconf 89' lang='lat' dir='ltr'><strong>rei</strong></span> <span class='ocrx_word' id='word_1_378' title='bbox 1945 3962 2046 4017; x_wconf 90' lang='lat' dir='ltr'><strong>ge-</strong></span> 
     </span>
    </p>
   </div>
   <div class='ocr_carea' id='block_1_59' title="bbox 390 4030 2046 4104">
    <p class='ocr_par' dir='ltr' id='par_1_59' title="bbox 390 4030 2046 4104">
     <span class='ocr_line' id='line_1_59' title="bbox 390 4030 2046 4104; baseline 0.004 -19"><span class='ocrx_word' id='word_1_379' title='bbox 390 4034 495 4086; x_wconf 73' lang='lat' dir='ltr'><strong>stae</strong></span> <span class='ocrx_word' id='word_1_380' title='bbox 525 4033 805 4086; x_wconf 89' lang='lat' dir='ltr'><strong>eventum</strong></span> <span class='ocrx_word' id='word_1_381' title='bbox 834 4030 999 4102; x_wconf 91' lang='lat' dir='ltr'><strong>quod</strong></span> <span class='ocrx_word' id='word_1_382' title='bbox 1031 4031 1273 4099; x_wconf 81' lang='lat' dir='ltr'><strong>contigit</strong></span> <span class='ocrx_word' id='word_1_383' title='bbox 1300 4032 1360 4087; x_wconf 92' lang='lat' dir='ltr'><strong>in</strong></span> <span class='ocrx_word' id='word_1_384' title='bbox 1389 4032 1618 4104; x_wconf 90' lang='lat' dir='ltr'><strong>populo</strong></span> <span class='ocrx_word' id='word_1_385' title='bbox 1660 4033 2046 4092; x_wconf 83' lang='lat' dir='ltr'><strong>Acharonita-</strong></span> 
     </span>
    </p>
   </div>
   <div class='ocr_carea' id='block_1_60' title="bbox 387 4119 2044 4197">
    <p class='ocr_par' dir='ltr' id='par_1_60' title="bbox 387 4119 2044 4197">
     <span class='ocr_line' id='line_1_60' title="bbox 387 4119 2044 4197; baseline 0.005 -24"><span class='ocrx_word' id='word_1_386' title='bbox 387 4134 545 4190; x_wconf 87' lang='lat' dir='ltr'><strong>rum,</strong></span> <span class='ocrx_word' id='word_1_387' title='bbox 576 4133 837 4190; x_wconf 89' lang='lat' dir='ltr'><strong>quorum</strong></span> <span class='ocrx_word' id='word_1_388' title='bbox 865 4119 1014 4175; x_wconf 92' lang='lat' dir='ltr'><strong>deus</strong></span> <span class='ocrx_word' id='word_1_389' title='bbox 1040 4122 1167 4175; x_wconf 88' lang='lat' dir='ltr'><strong>erat</strong></span> <span class='ocrx_word' id='word_1_390' title='bbox 1192 4120 1487 4190; x_wconf 87' lang='lat' dir='ltr'><strong>Astaroth,</strong></span> <span class='ocrx_word' id='word_1_391' title='bbox 1533 4126 1597 4177; x_wconf 90' lang='lat' dir='ltr'><strong>ut</strong></span> <span class='ocrx_word' id='word_1_392' title='bbox 1638 4123 1866 4192; x_wconf 82' lang='lat' dir='ltr'><strong>Regum</strong></span> <span class='ocrx_word' id='word_1_393' title='bbox 1903 4140 2044 4197; x_wconf 91' lang='lat' dir='ltr'><strong>pro-</strong></span> 
     </span>
    </p>
   </div>
   <div class='ocr_carea' id='block_1_61' title="bbox 389 4206 2045 4280">
    <p class='ocr_par' dir='ltr' id='par_1_61' title="bbox 389 4206 2045 4280">
     <span class='ocr_line' id='line_1_61' title="bbox 389 4206 2045 4280; baseline 0.003 -18"><span class='ocrx_word' id='word_1_394' title='bbox 389 4206 498 4262; x_wconf 90' lang='lat' dir='ltr'><strong>mit</strong></span> <span class='ocrx_word' id='word_1_395' title='bbox 522 4206 791 4274; x_wconf 86' lang='lat' dir='ltr'><strong>historia,</strong></span> <span class='ocrx_word' id='word_1_396' title='bbox 822 4207 926 4279; x_wconf 90' lang='lat' dir='ltr'><strong>qui</strong></span> <span class='ocrx_word' id='word_1_397' title='bbox 962 4207 1168 4280; x_wconf 88' lang='lat' dir='ltr'><strong>templi</strong></span> <span class='ocrx_word' id='word_1_398' title='bbox 1216 4208 1308 4263; x_wconf 91' lang='lat' dir='ltr'><strong>sui</strong></span> <span class='ocrx_word' id='word_1_399' title='bbox 1366 4208 1627 4264; x_wconf 88' lang='lat' dir='ltr'><strong>aditibus</strong></span> <span class='ocrx_word' id='word_1_400' title='bbox 1676 4212 1892 4266; x_wconf 87' lang='lat' dir='ltr'><strong>Arcam</strong></span> <span class='ocrx_word' id='word_1_401' title='bbox 1943 4211 2045 4267; x_wconf 92' lang='lat' dir='ltr'><strong>Dei</strong></span> 
     </span>
    </p>
   </div>
   <div class='ocr_carea' id='block_1_62' title="bbox 385 4293 2044 4368">
    <p class='ocr_par' dir='ltr' id='par_1_62' title="bbox 385 4293 2044 4368">
     <span class='ocr_line' id='line_1_62' title="bbox 385 4293 2044 4368; baseline 0.002 -17"><span class='ocrx_word' id='word_1_402' title='bbox 385 4293 709 4368; x_wconf 87' lang='lat' dir='ltr'><strong>repositam</strong></span> <span class='ocrx_word' id='word_1_403' title='bbox 742 4309 947 4351; x_wconf 87' lang='lat' dir='ltr'><strong>secum</strong></span> <span class='ocrx_word' id='word_1_404' title='bbox 998 4295 1270 4351; x_wconf 86' lang='lat' dir='ltr'><strong>habitare</strong></span> <span class='ocrx_word' id='word_1_405' title='bbox 1321 4295 1507 4353; x_wconf 90' lang='lat' dir='ltr'><strong>domo</strong></span> <span class='ocrx_word' id='word_1_406' title='bbox 1554 4313 1677 4354; x_wconf 88' lang='lat' dir='ltr'><strong>una</strong></span> <span class='ocrx_word' id='word_1_407' title='bbox 1715 4313 1838 4354; x_wconf 92' lang='lat' dir='ltr'><strong>non</strong></span> <span class='ocrx_word' id='word_1_408' title='bbox 1869 4298 2044 4355; x_wconf 89' lang='lat' dir='ltr'><strong>susti-</strong></span> 
     </span>
    </p>
   </div>
   <div class='ocr_carea' id='block_1_63' title="bbox 386 4384 2042 4459">
    <p class='ocr_par' dir='ltr' id='par_1_63' title="bbox 386 4384 2042 4459">
     <span class='ocr_line' id='line_1_63' title="bbox 386 4384 2042 4459; baseline 0.002 -17"><span class='ocrx_word' id='word_1_409' title='bbox 386 4400 557 4456; x_wconf 85' lang='lat' dir='ltr'><strong>nens,</strong></span> <span class='ocrx_word' id='word_1_410' title='bbox 614 4384 962 4458; x_wconf 79' lang='lat' dir='ltr'><strong>praepotenti</strong></span> <span class='ocrx_word' id='word_1_411' title='bbox 1007 4386 1276 4459; x_wconf 88' lang='lat' dir='ltr'><strong>quodam</strong></span> <span class='ocrx_word' id='word_1_412' title='bbox 1324 4388 1572 4444; x_wconf 91' lang='lat' dir='ltr'><strong>numine</strong></span> <span class='ocrx_word' id='word_1_413' title='bbox 1614 4405 1942 4445; x_wconf 91' lang='lat' dir='ltr'><strong>concussus</strong></span> <span class='ocrx_word' id='word_1_414' title='bbox 1980 4390 2042 4445; x_wconf 92' lang='lat' dir='ltr'><strong>in</strong></span> 
     </span>
    </p>
   </div>
   <div class='ocr_carea' id='block_1_64' title="bbox 384 4474 2042 4548">
    <p class='ocr_par' dir='ltr' id='par_1_64' title="bbox 384 4474 2042 4548">
     <span class='ocr_line' id='line_1_64' title="bbox 384 4474 2042 4548; baseline 0.002 -17"><span class='ocrx_word' id='word_1_415' title='bbox 384 4478 605 4531; x_wconf 84' lang='lat' dir='ltr'><strong>terram</strong></span> <span class='ocrx_word' id='word_1_416' title='bbox 631 4474 767 4542; x_wconf 90' lang='lat' dir='ltr'><strong>ruit,</strong></span> <span class='ocrx_word' id='word_1_417' title='bbox 782 4474 1037 4548; x_wconf 91' lang='lat' dir='ltr'><strong>ejusque</strong></span> <span class='ocrx_word' id='word_1_418' title='bbox 1067 4475 1329 4531; x_wconf 88' lang='lat' dir='ltr'><strong>calvaria</strong></span> <span class='ocrx_word' id='word_1_419' title='bbox 1356 4475 1419 4531; x_wconf 91' lang='lat' dir='ltr'><strong>in</strong></span> <span class='ocrx_word' id='word_1_420' title='bbox 1449 4475 1639 4548; x_wconf 90' lang='lat' dir='ltr'><strong>ipsius</strong></span> <span class='ocrx_word' id='word_1_421' title='bbox 1668 4476 1812 4533; x_wconf 90' lang='lat' dir='ltr'><strong>idoli</strong></span> <span class='ocrx_word' id='word_1_422' title='bbox 1836 4477 2042 4535; x_wconf 89' lang='lat' dir='ltr'><strong>limine</strong></span> 
     </span>
    </p>
   </div>
   <div class='ocr_carea' id='block_1_65' title="bbox 386 4562 2044 4635">
    <p class='ocr_par' dir='ltr' id='par_1_65' title="bbox 386 4562 2044 4635">
     <span class='ocr_line' id='line_1_65' title="bbox 386 4562 2044 4635; baseline 0.001 -16"><span class='ocrx_word' id='word_1_423' title='bbox 386 4577 730 4635; x_wconf 87' lang='lat' dir='ltr'><strong>manusque</strong></span> <span class='ocrx_word' id='word_1_424' title='bbox 755 4562 1020 4635; x_wconf 57' lang='lat' dir='ltr'><strong>praecisa</strong></span> <span class='ocrx_word' id='word_1_425' title='bbox 1046 4565 1292 4619; x_wconf 90' lang='lat' dir='ltr'><strong>truncus</strong></span> <span class='ocrx_word' id='word_1_426' title='bbox 1320 4563 1481 4619; x_wconf 91' lang='lat' dir='ltr'><strong>iners</strong></span> <span class='ocrx_word' id='word_1_427' title='bbox 1508 4580 1619 4621; x_wconf 92' lang='lat' dir='ltr'><strong>suo</strong></span> <span class='ocrx_word' id='word_1_428' title='bbox 1649 4569 1714 4621; x_wconf 89' lang='lat' dir='ltr'><strong>ut</strong></span> <span class='ocrx_word' id='word_1_429' title='bbox 1742 4569 1869 4621; x_wconf 89' lang='lat' dir='ltr'><strong>erat</strong></span> <span class='ocrx_word' id='word_1_430' title='bbox 1888 4569 2044 4622; x_wconf 86' lang='lat' dir='ltr'><strong>tran-</strong></span> 
     </span>
    </p>
   </div>
   <div class='ocr_carea' id='block_1_66' title="bbox 388 4650 2041 4725">
    <p class='ocr_par' dir='ltr' id='par_1_66' title="bbox 388 4650 2041 4725">
     <span class='ocr_line' id='line_1_66' title="bbox 388 4650 2041 4725; baseline 0.002 -19"><span class='ocrx_word' id='word_1_431' title='bbox 388 4651 573 4707; x_wconf 77' lang='lat' dir='ltr'><strong>sﬁxus</strong></span> <span class='ocrx_word' id='word_1_432' title='bbox 598 4650 734 4707; x_wconf 85' lang='lat' dir='ltr'><strong>loco</strong></span> <span class='ocrx_word' id='word_1_433' title='bbox 759 4667 1102 4715; x_wconf 84' lang='lat' dir='ltr'><strong>remanens,</strong></span> <span class='ocrx_word' id='word_1_434' title='bbox 1135 4652 1501 4725; x_wconf 87' lang='lat' dir='ltr'><strong>opprobium</strong></span> <span class='ocrx_word' id='word_1_435' title='bbox 1544 4654 1667 4709; x_wconf 87' lang='lat' dir='ltr'><strong>suis</strong></span> <span class='ocrx_word' id='word_1_436' title='bbox 1714 4654 2041 4710; x_wconf 88' lang='lat' dir='ltr'><strong>cultoribus</strong></span> 
     </span>
    </p>
   </div>
   <div class='ocr_carea' id='block_1_67' title="bbox 385 4740 2042 4817">
    <p class='ocr_par' dir='ltr' id='par_1_67' title="bbox 385 4740 2042 4817">
     <span class='ocr_line' id='line_1_67' title="bbox 385 4740 2042 4817; baseline 0.001 -19"><span class='ocrx_word' id='word_1_437' title='bbox 385 4755 648 4813; x_wconf 88' lang='lat' dir='ltr'><strong>perenne</strong></span> <span class='ocrx_word' id='word_1_438' title='bbox 672 4741 927 4814; x_wconf 88' lang='lat' dir='ltr'><strong>reliquit.</strong></span> <span class='ocrx_word' id='word_1_439' title='bbox 978 4744 1193 4799; x_wconf 83' lang='lat' dir='ltr'><strong>Verum</strong></span> <span class='ocrx_word' id='word_1_440' title='bbox 1230 4740 1408 4813; x_wconf 86' lang='lat' dir='ltr'><strong>longe</strong></span> <span class='ocrx_word' id='word_1_441' title='bbox 1463 4742 1630 4800; x_wconf 90' lang='lat' dir='ltr'><strong>aliter</strong></span> <span class='ocrx_word' id='word_1_442' title='bbox 1680 4742 1772 4799; x_wconf 90' lang='lat' dir='ltr'><strong>his</strong></span> <span class='ocrx_word' id='word_1_443' title='bbox 1820 4743 2042 4817; x_wconf 88' lang='lat' dir='ltr'><strong>quibus</strong></span> 
     </span>
    </p>
   </div>
   <div class='ocr_carea' id='block_1_68' title="bbox 387 4830 2043 4905">
    <p class='ocr_par' dir='ltr' id='par_1_68' title="bbox 387 4830 2043 4905">
     <span class='ocr_line' id='line_1_68' title="bbox 387 4830 2043 4905; baseline 0.002 -19"><span class='ocrx_word' id='word_1_444' title='bbox 387 4830 617 4887; x_wconf 82' lang='lat' dir='ltr'><strong>sincera</strong></span> <span class='ocrx_word' id='word_1_445' title='bbox 645 4830 706 4887; x_wconf 87' lang='lat' dir='ltr'><strong>in</strong></span> <span class='ocrx_word' id='word_1_446' title='bbox 731 4833 851 4887; x_wconf 80' lang='lat' dir='ltr'><strong>Deo</strong></span> <span class='ocrx_word' id='word_1_447' title='bbox 875 4830 1026 4887; x_wconf 88' lang='lat' dir='ltr'><strong>ﬁdes</strong></span> <span class='ocrx_word' id='word_1_448' title='bbox 1052 4834 1109 4887; x_wconf 91' lang='lat' dir='ltr'><strong>et</strong></span> <span class='ocrx_word' id='word_1_449' title='bbox 1136 4832 1628 4905; x_wconf 88' lang='lat' dir='ltr'><strong>promptissimus</strong></span> <span class='ocrx_word' id='word_1_450' title='bbox 1660 4837 1806 4901; x_wconf 90' lang='lat' dir='ltr'><strong>erat,</strong></span> <span class='ocrx_word' id='word_1_451' title='bbox 1838 4836 2043 4889; x_wconf 48' lang='lat' dir='ltr'><strong>tamet:</strong></span> 
     </span>
    </p>
   </div>
   <div class='ocr_carea' id='block_1_69' title="bbox 389 4919 2040 4992">
    <p class='ocr_par' dir='ltr' id='par_1_69' title="bbox 389 4919 2040 4992">
     <span class='ocr_line' id='line_1_69' title="bbox 389 4919 2040 4992; baseline 0.002 -17"><span class='ocrx_word' id='word_1_452' title='bbox 389 4919 663 4977; x_wconf 86' lang='lat' dir='ltr'><strong>siminus</strong></span> <span class='ocrx_word' id='word_1_453' title='bbox 680 4922 914 4990; x_wconf 90' lang='lat' dir='ltr'><strong>doctus,</strong></span> <span class='ocrx_word' id='word_1_454' title='bbox 948 4926 1004 4977; x_wconf 90' lang='lat' dir='ltr'><strong>et</strong></span> <span class='ocrx_word' id='word_1_455' title='bbox 1032 4921 1167 4978; x_wconf 91' lang='lat' dir='ltr'><strong>ideo</strong></span> <span class='ocrx_word' id='word_1_456' title='bbox 1218 4921 1395 4980; x_wconf 90' lang='lat' dir='ltr'><strong>malle</strong></span> <span class='ocrx_word' id='word_1_457' title='bbox 1442 4921 1651 4978; x_wconf 78' lang='lat' dir='ltr'><strong>illusus</strong></span> <span class='ocrx_word' id='word_1_458' title='bbox 1694 4922 2040 4992; x_wconf 88' lang='lat' dir='ltr'><strong>famulatus,</strong></span> 
     </span>
    </p>
   </div>
   <div class='ocr_carea' id='block_1_70' title="bbox 388 5008 2042 5081">
    <p class='ocr_par' dir='ltr' id='par_1_70' title="bbox 388 5008 2042 5081">
     <span class='ocr_line' id='line_1_70' title="bbox 388 5008 2042 5081; baseline 0.002 -20"><span class='ocrx_word' id='word_1_459' title='bbox 388 5021 575 5077; x_wconf 83' lang='lat' dir='ltr'><strong>quam</strong></span> <span class='ocrx_word' id='word_1_460' title='bbox 605 5008 931 5081; x_wconf 81' lang='lat' dir='ltr'><strong>Allophylis</strong></span> <span class='ocrx_word' id='word_1_461' title='bbox 971 5009 1078 5065; x_wconf 86' lang='lat' dir='ltr'><strong>rite</strong></span> <span class='ocrx_word' id='word_1_462' title='bbox 1108 5008 1425 5079; x_wconf 88' lang='lat' dir='ltr'><strong>contigisse</strong></span> <span class='ocrx_word' id='word_1_463' title='bbox 1472 5010 1880 5081; x_wconf 87' lang='lat' dir='ltr'><strong>perpenditur.</strong></span> <span class='ocrx_word' id='word_1_464' title='bbox 1927 5009 2042 5064; x_wconf 83' lang='lat' dir='ltr'><strong>Illis</strong></span> 
     </span>
    </p>
   </div>
   <div class='ocr_carea' id='block_1_71' title="bbox 390 5094 2041 5170">
    <p class='ocr_par' dir='ltr' id='par_1_71' title="bbox 390 5094 2041 5170">
     <span class='ocr_line' id='line_1_71' title="bbox 390 5094 2041 5170; baseline 0.002 -22"><span class='ocrx_word' id='word_1_465' title='bbox 390 5094 550 5149; x_wconf 90' lang='lat' dir='ltr'><strong>enim</strong></span> <span class='ocrx_word' id='word_1_466' title='bbox 578 5096 639 5150; x_wconf 88' lang='lat' dir='ltr'><strong>in</strong></span> <span class='ocrx_word' id='word_1_467' title='bbox 663 5096 949 5153; x_wconf 88' lang='lat' dir='ltr'><strong>ultionem</strong></span> <span class='ocrx_word' id='word_1_468' title='bbox 980 5101 1037 5155; x_wconf 92' lang='lat' dir='ltr'><strong>et</strong></span> <span class='ocrx_word' id='word_1_469' title='bbox 1064 5114 1329 5170; x_wconf 72' lang='lat' dir='ltr'><strong>poenam,</strong></span> <span class='ocrx_word' id='word_1_470' title='bbox 1358 5098 1483 5154; x_wconf 89' lang='lat' dir='ltr'><strong>istis</strong></span> <span class='ocrx_word' id='word_1_471' title='bbox 1516 5102 1715 5154; x_wconf 86' lang='lat' dir='ltr'><strong>autem</strong></span> <span class='ocrx_word' id='word_1_472' title='bbox 1744 5101 1804 5154; x_wconf 90' lang='lat' dir='ltr'><strong>et</strong></span> <span class='ocrx_word' id='word_1_473' title='bbox 1832 5098 2041 5169; x_wconf 86' lang='lat' dir='ltr'><strong>hujus-</strong></span> 
     </span>
    </p>
   </div>
   <div class='ocr_carea' id='block_1_72' title="bbox 414 5256 2043 5336">
    <p class='ocr_par' dir='ltr' id='par_1_72' title="bbox 414 5256 2043 5336">
     <span class='ocr_line' id='line_1_72' title="bbox 414 5256 2043 5336; baseline 0.004 -25"><span class='ocrx_word' id='word_1_474' title='bbox 414 5307 425 5320; x_wconf 82' lang='lat'><strong>,</strong></span> <span class='ocrx_word' id='word_1_475' title='bbox 463 5256 604 5336; x_wconf 39' lang='lat'><strong>(4.75)</strong></span> <span class='ocrx_word' id='word_1_476' title='bbox 645 5258 1208 5336; x_wconf 75' lang='lat' dir='ltr'><strong>Monastici__scilicet.</strong></span> <span class='ocrx_word' id='word_1_477' title='bbox 1240 5260 1523 5336; x_wconf 80' lang='lat' dir='ltr'><strong>Nondum</strong></span> <span class='ocrx_word' id='word_1_478' title='bbox 1546 5260 1720 5336; x_wconf 71' lang='lat' dir='ltr'><strong>enim</strong></span> <span class='ocrx_word' id='word_1_479' title='bbox 1757 5260 2043 5336; x_wconf 84' lang='lat' dir='ltr'><strong>monachi</strong></span> 
     </span>
    </p>
   </div>
   <div class='ocr_carea' id='block_1_73' title="bbox 390 5329 2043 5401">
    <p class='ocr_par' dir='ltr' id='par_1_73' title="bbox 390 5329 2043 5401">
     <span class='ocr_line' id='line_1_73' title="bbox 390 5329 2043 5401; baseline 0.004 -20"><span class='ocrx_word' id='word_1_480' title='bbox 390 5329 694 5401; x_wconf 76' lang='lat' dir='ltr'><strong>variorum</strong></span> <span class='ocrx_word' id='word_1_481' title='bbox 721 5329 1191 5401; x_wconf 86' lang='lat' dir='ltr'><strong>monasticorum</strong></span> <span class='ocrx_word' id='word_1_482' title='bbox 1216 5331 1495 5387; x_wconf 91' lang='lat' dir='ltr'><strong>ordinum</strong></span> <span class='ocrx_word' id='word_1_483' title='bbox 1528 5331 1854 5401; x_wconf 85' lang='lat' dir='ltr'><strong>singularia</strong></span> <span class='ocrx_word' id='word_1_484' title='bbox 1869 5348 2043 5388; x_wconf 88' lang='lat' dir='ltr'><strong>voca-</strong></span> 
     </span>
    </p>
   </div>
   <div class='ocr_carea' id='block_1_74' title="bbox 392 5393 2040 5480">
    <p class='ocr_par' dir='ltr' id='par_1_74' title="bbox 392 5393 2040 5480">
     <span class='ocr_line' id='line_1_74' title="bbox 392 5393 2040 5480; baseline 0.004 -28"><span class='ocrx_word' id='word_1_485' title='bbox 392 5393 873 5480; x_wconf 47' lang='lat' dir='ltr'><strong>bula‘noyerant,</strong></span> <span class='ocrx_word' id='word_1_486' title='bbox 891 5400 1005 5480; x_wconf 69' lang='lat' dir='ltr'><strong>qui</strong></span> <span class='ocrx_word' id='word_1_487' title='bbox 1025 5406 1389 5480; x_wconf 64' lang='lat' dir='ltr'><strong>omnestum</strong></span> <span class='ocrx_word' id='word_1_488' title='bbox 1414 5403 1503 5480; x_wconf 64' lang='lat' dir='ltr'><strong>his</strong></span> <span class='ocrx_word' id='word_1_489' title='bbox 1533 5403 1591 5480; x_wconf 77' lang='lat' dir='ltr'><strong>in</strong></span> <span class='ocrx_word' id='word_1_490' title='bbox 1622 5393 1894 5480; x_wconf 71' lang='lat' dir='ltr'><strong>partibus</strong></span> <span class='ocrx_word' id='word_1_491' title='bbox 1928 5402 2040 5480; x_wconf 72' lang='lat' dir='ltr'><strong>sub</strong></span> 
     </span>
    </p>
   </div>
   <div class='ocr_carea' id='block_1_75' title="bbox 388 5468 2039 5541">
    <p class='ocr_par' dir='ltr' id='par_1_75' title="bbox 388 5468 2039 5541">
     <span class='ocr_line' id='line_1_75' title="bbox 388 5468 2039 5541; baseline 0.003 -16"><span class='ocrx_word' id='word_1_492' title='bbox 388 5468 596 5541; x_wconf 86' lang='lat' dir='ltr'><strong>regula</strong></span> <span class='ocrx_word' id='word_1_493' title='bbox 625 5471 678 5527; x_wconf 93' lang='lat' dir='ltr'><strong>S.</strong></span> <span class='ocrx_word' id='word_1_494' title='bbox 714 5468 1007 5526; x_wconf 84' lang='lat' dir='ltr'><strong>Benedicti</strong></span> <span class='ocrx_word' id='word_1_495' title='bbox 1063 5470 1412 5528; x_wconf 82' lang='lat' dir='ltr'><strong>militabant.</strong></span> <span class='ocrx_word' id='word_1_496' title='bbox 1466 5468 1686 5530; x_wconf 78' lang='lat' dir='ltr'><strong>Eodem</strong></span> <span class='ocrx_word' id='word_1_497' title='bbox 1731 5473 1914 5530; x_wconf 88' lang='lat' dir='ltr'><strong>modo</strong></span> <span class='ocrx_word' id='word_1_498' title='bbox 1956 5473 2039 5530; x_wconf 91' lang='lat' dir='ltr'><strong>lo-</strong></span> 
     </span>
    </p>
   </div>
   <div class='ocr_carea' id='block_1_76' title="bbox 388 5541 2041 5614">
    <p class='ocr_par' dir='ltr' id='par_1_76' title="bbox 388 5541 2041 5614">
     <span class='ocr_line' id='line_1_76' title="bbox 388 5541 2041 5614; baseline 0.002 -16"><span class='ocrx_word' id='word_1_499' title='bbox 388 5546 657 5614; x_wconf 85' lang='lat' dir='ltr'><strong>quuntur</strong></span> <span class='ocrx_word' id='word_1_500' title='bbox 684 5545 882 5599; x_wconf 84' lang='lat' dir='ltr'><strong>Patres</strong></span> <span class='ocrx_word' id='word_1_501' title='bbox 913 5541 1144 5599; x_wconf 88' lang='lat' dir='ltr'><strong>concilii</strong></span> <span class='ocrx_word' id='word_1_502' title='bbox 1170 5545 1616 5603; x_wconf 78' lang='lat' dir='ltr'><strong>Suessionensil</strong></span> <span class='ocrx_word' id='word_1_503' title='bbox 1645 5563 1808 5603; x_wconf 84' lang='lat' dir='ltr'><strong>anno</strong></span> <span class='ocrx_word' id='word_1_504' title='bbox 1838 5550 1938 5603; x_wconf 81' lang='lat'><strong>853</strong></span> <span class='ocrx_word' id='word_1_505' title='bbox 1978 5547 2041 5602; x_wconf 93' lang='lat' dir='ltr'><strong>in</strong></span> 
     </span>
    </p>
   </div>
   <div class='ocr_carea' id='block_1_77' title="bbox 2153 1632 3719 1707">
    <p class='ocr_par' dir='ltr' id='par_1_77' title="bbox 2153 1632 3719 1707">
     <span class='ocr_line' id='line_1_77' title="bbox 2153 1632 3719 1707; baseline -0.001 -19"><span class='ocrx_word' id='word_1_506' title='bbox 2153 1633 2294 1689; x_wconf 90' lang='lat' dir='ltr'><strong>dicti</strong></span> <span class='ocrx_word' id='word_1_507' title='bbox 2310 1633 2675 1699; x_wconf 87' lang='lat' dir='ltr'><strong>monasterii,</strong></span> <span class='ocrx_word' id='word_1_508' title='bbox 2695 1634 2770 1690; x_wconf 93' lang='lat' dir='ltr'><strong>de</strong></span> <span class='ocrx_word' id='word_1_509' title='bbox 2793 1648 2916 1707; x_wconf 89' lang='lat' dir='ltr'><strong>quo</strong></span> <span class='ocrx_word' id='word_1_510' title='bbox 2943 1648 3145 1690; x_wconf 88' lang='lat' dir='ltr'><strong>sermo</strong></span> <span class='ocrx_word' id='word_1_511' title='bbox 3166 1633 3395 1690; x_wconf 87' lang='lat' dir='ltr'><strong>habitus</strong></span> <span class='ocrx_word' id='word_1_512' title='bbox 3417 1638 3513 1701; x_wconf 89' lang='lat' dir='ltr'><strong>est,</strong></span> <span class='ocrx_word' id='word_1_513' title='bbox 3532 1632 3719 1688; x_wconf 80' lang='lat' dir='ltr'><strong>audiens</strong></span> 
     </span>
    </p>
   </div>
   <div class='ocr_carea' id='block_1_78' title="bbox 2153 1722 3718 1797">
    <p class='ocr_par' dir='ltr' id='par_1_78' title="bbox 2153 1722 3718 1797">
     <span class='ocr_line' id='line_1_78' title="bbox 2153 1722 3718 1797; baseline -0.001 -20"><span class='ocrx_word' id='word_1_514' title='bbox 2153 1722 2289 1791; x_wconf 87' lang='lat' dir='ltr'><strong>hoc,</strong></span> <span class='ocrx_word' id='word_1_515' title='bbox 2318 1723 2540 1793; x_wconf 88' lang='lat' dir='ltr'><strong>gaudio</strong></span> <span class='ocrx_word' id='word_1_516' title='bbox 2571 1723 2831 1797; x_wconf 88' lang='lat' dir='ltr'><strong>repletus</strong></span> <span class='ocrx_word' id='word_1_517' title='bbox 2863 1727 3209 1783; x_wconf 89' lang='lat' dir='ltr'><strong>commonet</strong></span> <span class='ocrx_word' id='word_1_518' title='bbox 3253 1736 3389 1778; x_wconf 87' lang='lat' dir='ltr'><strong>suos</strong></span> <span class='ocrx_word' id='word_1_519' title='bbox 3413 1723 3718 1792; x_wconf 84' lang='lat' dir='ltr'><strong>hortaturque</strong></span> 
     </span>
    </p>
   </div>
   <div class='ocr_carea' id='block_1_79' title="bbox 2154 1810 3718 1887">
    <p class='ocr_par' dir='ltr' id='par_1_79' title="bbox 2154 1810 3718 1887">
     <span class='ocr_line' id='line_1_79' title="bbox 2154 1810 3718 1887; baseline -0.002 -20"><span class='ocrx_word' id='word_1_520' title='bbox 2154 1812 2535 1869; x_wconf 68' lang='lat' dir='ltr'><strong>celerrimum</strong></span> <span class='ocrx_word' id='word_1_521' title='bbox 2587 1813 2731 1871; x_wconf 80' lang='lat' dir='ltr'><strong>illuc</strong></span> <span class='ocrx_word' id='word_1_522' title='bbox 2770 1813 3129 1887; x_wconf 78' lang='lat' dir='ltr'><strong>protendere</strong></span> <span class='ocrx_word' id='word_1_523' title='bbox 3179 1827 3454 1882; x_wconf 88' lang='lat' dir='ltr'><strong>gressum,</strong></span> <span class='ocrx_word' id='word_1_524' title='bbox 3490 1826 3542 1866; x_wconf 88' lang='lat' dir='ltr'><strong>se</strong></span> <span class='ocrx_word' id='word_1_525' title='bbox 3562 1810 3718 1865; x_wconf 86' lang='lat' dir='ltr'><strong>ducem</strong></span> 
     </span>
    </p>
   </div>
   <div class='ocr_carea' id='block_1_80' title="bbox 2153 1899 3721 1974">
    <p class='ocr_par' dir='ltr' id='par_1_80' title="bbox 2153 1899 3721 1974">
     <span class='ocr_line' id='line_1_80' title="bbox 2153 1899 3721 1974; baseline -0.001 -20"><span class='ocrx_word' id='word_1_526' title='bbox 2153 1904 2207 1955; x_wconf 92' lang='lat' dir='ltr'><strong>et</strong></span> <span class='ocrx_word' id='word_1_527' title='bbox 2234 1900 2417 1972; x_wconf 85' lang='lat' dir='ltr'><strong>preevi</strong></span> <span class='ocrx_word' id='word_1_528' title='bbox 2428 1916 2525 1955; x_wconf 89' lang='lat' dir='ltr'><strong>um</strong></span> <span class='ocrx_word' id='word_1_529' title='bbox 2558 1900 2835 1957; x_wconf 83' lang='lat' dir='ltr'><strong>itineris?</strong></span> <span class='ocrx_word' id='word_1_530' title='bbox 2850 1901 3169 1970; x_wconf 75' lang='lat' dir='ltr'><strong>exhibens,</strong></span> <span class='ocrx_word' id='word_1_531' title='bbox 3190 1903 3272 1970; x_wconf 85' lang='lat' dir='ltr'><strong>ut,</strong></span> <span class='ocrx_word' id='word_1_532' title='bbox 3295 1899 3449 1974; x_wconf 82' lang='lat' dir='ltr'><strong>quod</strong></span> <span class='ocrx_word' id='word_1_533' title='bbox 3472 1914 3575 1955; x_wconf 91' lang='lat' dir='ltr'><strong>non</strong></span> <span class='ocrx_word' id='word_1_534' title='bbox 3606 1902 3721 1971; x_wconf 78' lang='lat' dir='ltr'><strong>pote-</strong></span> 
     </span>
    </p>
   </div>
   <div class='ocr_carea' id='block_1_81' title="bbox 2151 1988 3723 2061">
    <p class='ocr_par' dir='ltr' id='par_1_81' title="bbox 2151 1988 3723 2061">
     <span class='ocr_line' id='line_1_81' title="bbox 2151 1988 3723 2061; baseline -0.002 -17"><span class='ocrx_word' id='word_1_535' title='bbox 2151 1992 2288 2044; x_wconf 90' lang='lat' dir='ltr'><strong>rant</strong></span> <span class='ocrx_word' id='word_1_536' title='bbox 2314 1988 2374 2044; x_wconf 91' lang='lat' dir='ltr'><strong>in</strong></span> <span class='ocrx_word' id='word_1_537' title='bbox 2401 1994 2793 2061; x_wconf 84' lang='lat' dir='ltr'><strong>toto,partem</strong></span> <span class='ocrx_word' id='word_1_538' title='bbox 2824 1990 3033 2046; x_wconf 87' lang='lat' dir='ltr'><strong>saltem</strong></span> <span class='ocrx_word' id='word_1_539' title='bbox 3064 1990 3163 2045; x_wconf 90' lang='lat' dir='ltr'><strong>vel</strong></span> <span class='ocrx_word' id='word_1_540' title='bbox 3189 1989 3479 2046; x_wconf 74' lang='lat' dir='ltr'><strong>modicam</strong></span> <span class='ocrx_word' id='word_1_541' title='bbox 3503 2000 3723 2044; x_wconf 70' lang='lat' dir='ltr'><strong>morem</strong></span> 
     </span>
    </p>
   </div>
   <div class='ocr_carea' id='block_1_82' title="bbox 2152 2075 3724 2152">
    <p class='ocr_par' dir='ltr' id='par_1_82' title="bbox 2152 2075 3724 2152">
     <span class='ocr_line' id='line_1_82' title="bbox 2152 2075 3724 2152; baseline 0.001 -20"><span class='ocrx_word' id='word_1_542' title='bbox 2152 2082 2248 2132; x_wconf 92' lang='lat' dir='ltr'><strong>tur</strong></span> <span class='ocrx_word' id='word_1_543' title='bbox 2273 2094 2347 2133; x_wconf 89' lang='lat' dir='ltr'><strong>ex</strong></span> <span class='ocrx_word' id='word_1_544' title='bbox 2374 2082 2516 2134; x_wconf 91' lang='lat' dir='ltr'><strong>toto.</strong></span> <span class='ocrx_word' id='word_1_545' title='bbox 2553 2081 2682 2144; x_wconf 87' lang='lat' dir='ltr'><strong>Quo</strong></span> <span class='ocrx_word' id='word_1_546' title='bbox 2714 2095 2853 2135; x_wconf 90' lang='lat' dir='ltr'><strong>cum</strong></span> <span class='ocrx_word' id='word_1_547' title='bbox 2885 2079 3315 2152; x_wconf 81' lang='lat' dir='ltr'><strong>pervenissent,</strong></span> <span class='ocrx_word' id='word_1_548' title='bbox 3348 2082 3411 2134; x_wconf 79' lang='lat' dir='ltr'><strong>et</strong></span> <span class='ocrx_word' id='word_1_549' title='bbox 3444 2095 3476 2133; x_wconf 78' lang='grc' dir='ltr'><strong>ει</strong></span> <span class='ocrx_word' id='word_1_550' title='bbox 3518 2075 3724 2133; x_wconf 77' lang='lat' dir='ltr'><strong>Rodoino</strong></span> 
     </span>
    </p>
   </div>
   <div class='ocr_carea' id='block_1_83' title="bbox 2150 2161 3727 2239">
    <p class='ocr_par' dir='ltr' id='par_1_83' title="bbox 2150 2161 3727 2239">
     <span class='ocr_line' id='line_1_83' title="bbox 2150 2161 3727 2239; baseline -0.002 -19"><span class='ocrx_word' id='word_1_551' title='bbox 2150 2166 2476 2238; x_wconf 66' lang='lat' dir='ltr'><strong>praeposito</strong></span> <span class='ocrx_word' id='word_1_552' title='bbox 2506 2165 2912 2239; x_wconf 88' lang='lat' dir='ltr'><strong>fratribusque</strong></span> <span class='ocrx_word' id='word_1_553' title='bbox 2935 2182 3007 2222; x_wconf 85' lang='lat' dir='ltr'><strong>ex</strong></span> <span class='ocrx_word' id='word_1_554' title='bbox 3023 2181 3195 2223; x_wconf 88' lang='lat' dir='ltr'><strong>more</strong></span> <span class='ocrx_word' id='word_1_555' title='bbox 3210 2165 3455 2238; x_wconf 88' lang='lat' dir='ltr'><strong>suscepti</strong></span> <span class='ocrx_word' id='word_1_556' title='bbox 3474 2161 3727 2220; x_wconf 78' lang='lat' dir='ltr'><strong>humanius</strong></span> 
     </span>
    </p>
   </div>
   <div class='ocr_carea' id='block_1_84' title="bbox 2152 2255 3722 2328">
    <p class='ocr_par' dir='ltr' id='par_1_84' title="bbox 2152 2255 3722 2328">
     <span class='ocr_line' id='line_1_84' title="bbox 2152 2255 3722 2328; baseline -0.003 -19"><span class='ocrx_word' id='word_1_557' title='bbox 2152 2259 2487 2324; x_wconf 88' lang='lat' dir='ltr'><strong>agerentur,</strong></span> <span class='ocrx_word' id='word_1_558' title='bbox 2547 2271 2795 2311; x_wconf 89' lang='lat' dir='ltr'><strong>causam</strong></span> <span class='ocrx_word' id='word_1_559' title='bbox 2851 2256 2941 2311; x_wconf 91' lang='lat' dir='ltr'><strong>sui</strong></span> <span class='ocrx_word' id='word_1_560' title='bbox 2979 2255 3208 2311; x_wconf 87' lang='lat' dir='ltr'><strong>itineris</strong></span> <span class='ocrx_word' id='word_1_561' title='bbox 3257 2269 3362 2328; x_wconf 90' lang='lat' dir='ltr'><strong>pro</strong></span> <span class='ocrx_word' id='word_1_562' title='bbox 3400 2269 3509 2327; x_wconf 87' lang='lat' dir='ltr'><strong>qua</strong></span> <span class='ocrx_word' id='word_1_563' title='bbox 3553 2257 3722 2308; x_wconf 84' lang='lat' dir='ltr'><strong>tantum</strong></span> 
     </span>
    </p>
   </div>
   <div class='ocr_carea' id='block_1_85' title="bbox 2084 2338 3720 2416">
    <p class='ocr_par' dir='ltr' id='par_1_85' title="bbox 2084 2338 3720 2416">
     <span class='ocr_line' id='line_1_85' title="bbox 2084 2338 3720 2416; baseline -0.003 -19"><span class='ocrx_word' id='word_1_564' title='bbox 2084 2346 2091 2351; x_wconf 87' lang='lat'><strong><em>&#39;</em></strong></span> <span class='ocrx_word' id='word_1_565' title='bbox 2152 2357 2306 2397; x_wconf 92' lang='lat' dir='ltr'><strong>onus</strong></span> <span class='ocrx_word' id='word_1_566' title='bbox 2335 2342 2641 2412; x_wconf 91' lang='lat' dir='ltr'><strong>subierint,</strong></span> <span class='ocrx_word' id='word_1_567' title='bbox 2673 2343 3141 2416; x_wconf 81' lang='lat' dir='ltr'><strong>lacrymabiliter</strong></span> <span class='ocrx_word' id='word_1_568' title='bbox 3174 2343 3441 2411; x_wconf 84' lang='lat' dir='ltr'><strong>fundunt,</strong></span> <span class='ocrx_word' id='word_1_569' title='bbox 3467 2338 3720 2397; x_wconf 85' lang='lat' dir='ltr'><strong>immeritos</strong></span> 
     </span>
    </p>
   </div>
   <div class='ocr_carea' id='block_1_86' title="bbox 2151 2424 3723 2505">
    <p class='ocr_par' dir='ltr' id='par_1_86' title="bbox 2151 2424 3723 2505">
     <span class='ocr_line' id='line_1_86' title="bbox 2151 2424 3723 2505; baseline -0.004 -18"><span class='ocrx_word' id='word_1_570' title='bbox 2151 2430 2395 2504; x_wconf 89' lang='lat' dir='ltr'><strong>quidem</strong></span> <span class='ocrx_word' id='word_1_571' title='bbox 2428 2448 2492 2487; x_wconf 89' lang='lat' dir='ltr'><strong>se</strong></span> <span class='ocrx_word' id='word_1_572' title='bbox 2521 2433 2791 2489; x_wconf 83' lang='lat' dir='ltr'><strong>muneris</strong></span> <span class='ocrx_word' id='word_1_573' title='bbox 2818 2433 2983 2505; x_wconf 87' lang='lat' dir='ltr'><strong>quod</strong></span> <span class='ocrx_word' id='word_1_574' title='bbox 3037 2433 3394 2505; x_wconf 80' lang='lat' dir='ltr'><strong>expetebant</strong></span> <span class='ocrx_word' id='word_1_575' title='bbox 3435 2424 3723 2503; x_wconf 79' lang='lat' dir='ltr'><strong>adipiscendi</strong></span> 
     </span>
    </p>
   </div>
   <div class='ocr_carea' id='block_1_87' title="bbox 2151 2518 3727 2594">
    <p class='ocr_par' dir='ltr' id='par_1_87' title="bbox 2151 2518 3727 2594">
     <span class='ocr_line' id='line_1_87' title="bbox 2151 2518 3727 2594; baseline -0.003 -20"><span class='ocrx_word' id='word_1_576' title='bbox 2151 2521 2496 2593; x_wconf 74' lang='lat' dir='ltr'><strong>profitentes</strong></span> <span class='ocrx_word' id='word_1_577' title='bbox 2531 2539 2543 2589; x_wconf 92' lang='lat'><strong>;</strong></span> <span class='ocrx_word' id='word_1_578' title='bbox 2577 2522 2681 2577; x_wconf 90' lang='lat' dir='ltr'><strong>sed</strong></span> <span class='ocrx_word' id='word_1_579' title='bbox 2713 2522 2856 2594; x_wconf 90' lang='lat' dir='ltr'><strong>quia</strong></span> <span class='ocrx_word' id='word_1_580' title='bbox 2884 2522 3162 2594; x_wconf 88' lang='lat' dir='ltr'><strong>ejusdem</strong></span> <span class='ocrx_word' id='word_1_581' title='bbox 3192 2526 3359 2578; x_wconf 89' lang='lat' dir='ltr'><strong>erant</strong></span> <span class='ocrx_word' id='word_1_582' title='bbox 3386 2520 3580 2578; x_wconf 86' lang='lat' dir='ltr'><strong>ordinis</strong></span> <span class='ocrx_word' id='word_1_583' title='bbox 3602 2518 3727 2587; x_wconf 62' lang='lat' dir='ltr'><strong>(475i,</strong></span> 
     </span>
    </p>
   </div>
   <div class='ocr_carea' id='block_1_88' title="bbox 2155 2606 3726 2685">
    <p class='ocr_par' dir='ltr' id='par_1_88' title="bbox 2155 2606 3726 2685">
     <span class='ocr_line' id='line_1_88' title="bbox 2155 2606 3726 2685; baseline -0.004 -20"><span class='ocrx_word' id='word_1_584' title='bbox 2155 2609 2423 2665; x_wconf 76' lang='lat' dir='ltr'><strong>fraternae</strong></span> <span class='ocrx_word' id='word_1_585' title='bbox 2454 2626 2598 2681; x_wconf 85' lang='lat' dir='ltr'><strong>erga</strong></span> <span class='ocrx_word' id='word_1_586' title='bbox 2624 2626 2755 2666; x_wconf 88' lang='lat' dir='ltr'><strong>sese</strong></span> <span class='ocrx_word' id='word_1_587' title='bbox 2787 2611 3107 2680; x_wconf 87' lang='lat' dir='ltr'><strong>charitatis,</strong></span> <span class='ocrx_word' id='word_1_588' title='bbox 3143 2626 3268 2685; x_wconf 87' lang='lat' dir='ltr'><strong>qua</strong></span> <span class='ocrx_word' id='word_1_589' title='bbox 3283 2608 3615 2681; x_wconf 83' lang='lat' dir='ltr'><strong>singulariter</strong></span> <span class='ocrx_word' id='word_1_590' title='bbox 3633 2606 3726 2660; x_wconf 76' lang='lat' dir='ltr'><strong>bea-</strong></span> 
     </span>
    </p>
   </div>
   <div class='ocr_carea' id='block_1_89' title="bbox 2152 2698 3723 2774">
    <p class='ocr_par' dir='ltr' id='par_1_89' title="bbox 2152 2698 3723 2774">
     <span class='ocr_line' id='line_1_89' title="bbox 2152 2698 3723 2774; baseline -0.003 -19"><span class='ocrx_word' id='word_1_591' title='bbox 2152 2699 2553 2771; x_wconf 86' lang='lat' dir='ltr'><strong>titicabantur,</strong></span> <span class='ocrx_word' id='word_1_592' title='bbox 2585 2700 2883 2757; x_wconf 87' lang='lat' dir='ltr'><strong>reminisci</strong></span> <span class='ocrx_word' id='word_1_593' title='bbox 2929 2707 2986 2757; x_wconf 92' lang='lat' dir='ltr'><strong>et</strong></span> <span class='ocrx_word' id='word_1_594' title='bbox 3032 2702 3163 2774; x_wconf 89' lang='lat' dir='ltr'><strong>spei</strong></span> <span class='ocrx_word' id='word_1_595' title='bbox 3213 2702 3379 2773; x_wconf 91' lang='lat' dir='ltr'><strong>cujus</strong></span> <span class='ocrx_word' id='word_1_596' title='bbox 3421 2698 3723 2759; x_wconf 84' lang='lat' dir='ltr'><strong>devenerant,</strong></span> 
     </span>
    </p>
   </div>
   <div class='ocr_carea' id='block_1_90' title="bbox 2151 2787 3730 2864">
    <p class='ocr_par' dir='ltr' id='par_1_90' title="bbox 2151 2787 3730 2864">
     <span class='ocr_line' id='line_1_90' title="bbox 2151 2787 3730 2864; baseline -0.003 -21"><span class='ocrx_word' id='word_1_597' title='bbox 2151 2804 2393 2861; x_wconf 68' lang='lat' dir='ltr'><strong>suaeque</strong></span> <span class='ocrx_word' id='word_1_598' title='bbox 2415 2789 2718 2847; x_wconf 89' lang='lat' dir='ltr'><strong>devotioni</strong></span> <span class='ocrx_word' id='word_1_599' title='bbox 2746 2790 3191 2846; x_wconf 89' lang='lat' dir='ltr'><strong>consulendum</strong></span> <span class='ocrx_word' id='word_1_600' title='bbox 3210 2790 3577 2864; x_wconf 85' lang='lat' dir='ltr'><strong>precabantur</strong></span> <span class='ocrx_word' id='word_1_601' title='bbox 3594 2787 3730 2841; x_wconf 82' lang='lat' dir='ltr'><strong>atten-</strong></span> 
     </span>
    </p>
   </div>
   <div class='ocr_carea' id='block_1_91' title="bbox 2152 2870 3728 2954">
    <p class='ocr_par' dir='ltr' id='par_1_91' title="bbox 2152 2870 3728 2954">
     <span class='ocr_line' id='line_1_91' title="bbox 2152 2870 3728 2954; baseline -0.006 -21"><span class='ocrx_word' id='word_1_602' title='bbox 2152 2877 2212 2933; x_wconf 87' lang='lat' dir='ltr'><strong>ti.</strong></span> <span class='ocrx_word' id='word_1_603' title='bbox 2265 2878 2438 2947; x_wconf 89' lang='lat' dir='ltr'><strong>Oiim,</strong></span> <span class='ocrx_word' id='word_1_604' title='bbox 2474 2878 2773 2951; x_wconf 90' lang='lat' dir='ltr'><strong>inquiunt,</strong></span> <span class='ocrx_word' id='word_1_605' title='bbox 2806 2880 3010 2936; x_wconf 89' lang='lat' dir='ltr'><strong>Patres</strong></span> <span class='ocrx_word' id='word_1_606' title='bbox 3030 2880 3372 2954; x_wconf 89' lang='lat' dir='ltr'><strong>conscripti,</strong></span> <span class='ocrx_word' id='word_1_607' title='bbox 3397 2879 3507 2935; x_wconf 91' lang='lat' dir='ltr'><strong>duo</strong></span> <span class='ocrx_word' id='word_1_608' title='bbox 3528 2891 3587 2931; x_wconf 82' lang='lat' dir='ltr'><strong>ex</strong></span> <span class='ocrx_word' id='word_1_609' title='bbox 3602 2870 3728 2929; x_wconf 85' lang='lat' dir='ltr'><strong>nobis</strong></span> 
     </span>
    </p>
   </div>
   <div class='ocr_carea' id='block_1_92' title="bbox 2153 2967 3731 3043">
    <p class='ocr_par' dir='ltr' id='par_1_92' title="bbox 2153 2967 3731 3043">
     <span class='ocr_line' id='line_1_92' title="bbox 2153 2967 3731 3043; baseline 0.008 -22"><span class='ocrx_word' id='word_1_610' title='bbox 2153 2967 2403 3039; x_wconf 88' lang='lat' dir='ltr'><strong>quidam</strong></span> <span class='ocrx_word' id='word_1_611' title='bbox 2427 2972 2711 3025; x_wconf 88' lang='lat' dir='ltr'><strong>exeuntes</strong></span> <span class='ocrx_word' id='word_1_612' title='bbox 2735 2972 2989 3025; x_wconf 81' lang='lat' dir='ltr'><strong>Romam</strong></span> <span class='ocrx_word' id='word_1_613' title='bbox 3017 2985 3334 3043; x_wconf 84' lang='lat' dir='ltr'><strong>perrexere</strong></span> <span class='ocrx_word' id='word_1_614' title='bbox 3378 2983 3480 3042; x_wconf 87' lang='lat' dir='ltr'><strong>pro</strong></span> <span class='ocrx_word' id='word_1_615' title='bbox 3524 2967 3617 3021; x_wconf 86' lang='lat' dir='ltr'><strong>hoc</strong></span> <span class='ocrx_word' id='word_1_616' title='bbox 3645 2974 3731 3033; x_wconf 73' lang='grc' dir='ltr'><strong>(Ιυο</strong></span> 
     </span>
    </p>
   </div>
   <div class='ocr_carea' id='block_1_93' title="bbox 2156 3047 3732 3133">
    <p class='ocr_par' dir='ltr' id='par_1_93' title="bbox 2156 3047 3732 3133">
     <span class='ocr_line' id='line_1_93' title="bbox 2156 3047 3732 3133; baseline -0.005 -22"><span class='ocrx_word' id='word_1_617' title='bbox 2156 3057 2274 3111; x_wconf 90' lang='lat' dir='ltr'><strong>Deo</strong></span> <span class='ocrx_word' id='word_1_618' title='bbox 2299 3056 2534 3112; x_wconf 88' lang='lat' dir='ltr'><strong>favente</strong></span> <span class='ocrx_word' id='word_1_619' title='bbox 2557 3057 2835 3128; x_wconf 68' lang='lat' dir='ltr'><strong>praesenti</strong></span> <span class='ocrx_word' id='word_1_620' title='bbox 2863 3057 3130 3114; x_wconf 83' lang='lat' dir='ltr'><strong>fruimini</strong></span> <span class='ocrx_word' id='word_1_621' title='bbox 3162 3063 3430 3133; x_wconf 83' lang='lat' dir='ltr'><strong>patrono.</strong></span> <span class='ocrx_word' id='word_1_622' title='bbox 3478 3052 3607 3121; x_wconf 82' lang='lat' dir='ltr'><strong>Quid</strong></span> <span class='ocrx_word' id='word_1_623' title='bbox 3624 3047 3732 3105; x_wconf 69' lang='lat' dir='ltr'><strong>mni</strong></span> 
     </span>
    </p>
   </div>
   <div class='ocr_carea' id='block_1_94' title="bbox 2152 3140 3731 3222">
    <p class='ocr_par' dir='ltr' id='par_1_94' title="bbox 2152 3140 3731 3222">
     <span class='ocr_line' id='line_1_94' title="bbox 2152 3140 3731 3222; baseline -0.002 -22"><span class='ocrx_word' id='word_1_624' title='bbox 2152 3146 2263 3200; x_wconf 82' lang='lat' dir='ltr'><strong>ta?</strong></span> <span class='ocrx_word' id='word_1_625' title='bbox 2315 3145 2600 3202; x_wconf 88' lang='lat' dir='ltr'><strong>furtivum</strong></span> <span class='ocrx_word' id='word_1_626' title='bbox 2650 3147 2863 3204; x_wconf 88' lang='lat' dir='ltr'><strong>dantes</strong></span> <span class='ocrx_word' id='word_1_627' title='bbox 2913 3149 3199 3220; x_wconf 89' lang='lat' dir='ltr'><strong>pretium,</strong></span> <span class='ocrx_word' id='word_1_628' title='bbox 3250 3147 3553 3222; x_wconf 88' lang='lat' dir='ltr'><strong>quemdam</strong></span> <span class='ocrx_word' id='word_1_629' title='bbox 3607 3140 3731 3211; x_wconf 79' lang='lat' dir='ltr'><strong>cujus</strong></span> 
     </span>
    </p>
   </div>
   <div class='ocr_carea' id='block_1_95' title="bbox 2154 3234 3732 3307">
    <p class='ocr_par' dir='ltr' id='par_1_95' title="bbox 2154 3234 3732 3307">
     <span class='ocr_line' id='line_1_95' title="bbox 2154 3234 3732 3307; baseline -0.002 -18"><span class='ocrx_word' id='word_1_630' title='bbox 2154 3234 2506 3304; x_wconf 86' lang='lat' dir='ltr'><strong>ignoramus</strong></span> <span class='ocrx_word' id='word_1_631' title='bbox 2562 3236 2951 3305; x_wconf 85' lang='lat' dir='ltr'><strong>vocabulum,</strong></span> <span class='ocrx_word' id='word_1_632' title='bbox 3004 3238 3258 3296; x_wconf 85' lang='lat' dir='ltr'><strong>mercati</strong></span> <span class='ocrx_word' id='word_1_633' title='bbox 3298 3241 3431 3294; x_wconf 87' lang='lat' dir='ltr'><strong>sunt</strong></span> <span class='ocrx_word' id='word_1_634' title='bbox 3463 3240 3732 3307; x_wconf 81' lang='lat' dir='ltr'><strong>tyrannum.</strong></span> 
     </span>
    </p>
   </div>
   <div class='ocr_carea' id='block_1_96' title="bbox 2156 3319 3733 3402">
    <p class='ocr_par' dir='ltr' id='par_1_96' title="bbox 2156 3319 3733 3402">
     <span class='ocr_line' id='line_1_96' title="bbox 2156 3319 3733 3402; baseline -0.003 -23"><span class='ocrx_word' id='word_1_635' title='bbox 2156 3324 2325 3379; x_wconf 84' lang='lat' dir='ltr'><strong>Hunc</strong></span> <span class='ocrx_word' id='word_1_636' title='bbox 2356 3324 2435 3379; x_wconf 93' lang='lat' dir='ltr'><strong>ad</strong></span> <span class='ocrx_word' id='word_1_637' title='bbox 2464 3340 2577 3380; x_wconf 90' lang='lat' dir='ltr'><strong>nos</strong></span> <span class='ocrx_word' id='word_1_638' title='bbox 2604 3325 2891 3381; x_wconf 88' lang='lat' dir='ltr'><strong>miserum</strong></span> <span class='ocrx_word' id='word_1_639' title='bbox 2918 3330 2975 3382; x_wconf 91' lang='lat' dir='ltr'><strong>et</strong></span> <span class='ocrx_word' id='word_1_640' title='bbox 3001 3326 3063 3382; x_wconf 92' lang='lat' dir='ltr'><strong>in</strong></span> <span class='ocrx_word' id='word_1_641' title='bbox 3092 3327 3231 3399; x_wconf 90' lang='lat' dir='ltr'><strong>ipso</strong></span> <span class='ocrx_word' id='word_1_642' title='bbox 3256 3326 3468 3402; x_wconf 82' lang='lat' dir='ltr'><strong>pariter</strong></span> <span class='ocrx_word' id='word_1_643' title='bbox 3504 3319 3733 3379; x_wconf 78' lang='lat' dir='ltr'><strong>deduxere</strong></span> 
     </span>
    </p>
   </div>
   <div class='ocr_carea' id='block_1_97' title="bbox 2155 3410 3736 3488">
    <p class='ocr_par' dir='ltr' id='par_1_97' title="bbox 2155 3410 3736 3488">
     <span class='ocr_line' id='line_1_97' title="bbox 2155 3410 3736 3488; baseline -0.001 -22"><span class='ocrx_word' id='word_1_644' title='bbox 2155 3410 2487 3468; x_wconf 88' lang='lat' dir='ltr'><strong>diabolum.</strong></span> <span class='ocrx_word' id='word_1_645' title='bbox 2515 3413 2625 3478; x_wconf 87' lang='lat' dir='ltr'><strong>Qui</strong></span> <span class='ocrx_word' id='word_1_646' title='bbox 2653 3419 2966 3487; x_wconf 88' lang='lat' dir='ltr'><strong>susceptus</strong></span> <span class='ocrx_word' id='word_1_647' title='bbox 3014 3428 3050 3470; x_wconf 89' lang='lat' dir='ltr'><strong>a</strong></span> <span class='ocrx_word' id='word_1_648' title='bbox 3096 3415 3278 3472; x_wconf 90' lang='lat' dir='ltr'><strong>nobis</strong></span> <span class='ocrx_word' id='word_1_649' title='bbox 3325 3413 3551 3488; x_wconf 84' lang='lat' dir='ltr'><strong>quidem</strong></span> <span class='ocrx_word' id='word_1_650' title='bbox 3580 3412 3736 3464; x_wconf 72' lang='lat' dir='ltr'><strong>ests)-</strong></span> 
     </span>
    </p>
   </div>
   <div class='ocr_carea' id='block_1_98' title="bbox 2154 3491 3735 3573">
    <p class='ocr_par' dir='ltr' id='par_1_98' title="bbox 2154 3491 3735 3573">
     <span class='ocr_line' id='line_1_98' title="bbox 2154 3491 3735 3573; baseline -0.002 -20"><span class='ocrx_word' id='word_1_651' title='bbox 2154 3498 2445 3569; x_wconf 88' lang='lat' dir='ltr'><strong>lemniter,</strong></span> <span class='ocrx_word' id='word_1_652' title='bbox 2478 3500 2584 3555; x_wconf 91' lang='lat' dir='ltr'><strong>sed</strong></span> <span class='ocrx_word' id='word_1_653' title='bbox 2612 3503 2730 3556; x_wconf 78' lang='lat' dir='ltr'><strong>Deo</strong></span> <span class='ocrx_word' id='word_1_654' title='bbox 2760 3501 2830 3571; x_wconf 91' lang='lat' dir='ltr'><strong>(si</strong></span> <span class='ocrx_word' id='word_1_655' title='bbox 2859 3501 3055 3557; x_wconf 87' lang='lat' dir='ltr'><strong>dicere</strong></span> <span class='ocrx_word' id='word_1_656' title='bbox 3088 3502 3184 3558; x_wconf 91' lang='lat' dir='ltr'><strong>fas</strong></span> <span class='ocrx_word' id='word_1_657' title='bbox 3210 3504 3300 3573; x_wconf 90' lang='lat' dir='ltr'><strong>sit)</strong></span> <span class='ocrx_word' id='word_1_658' title='bbox 3339 3499 3644 3571; x_wconf 86' lang='lat' dir='ltr'><strong>indignante</strong></span> <span class='ocrx_word' id='word_1_659' title='bbox 3660 3491 3735 3546; x_wconf 63' lang='grc' dir='ltr'><strong>ἀοι</strong></span> 
     </span>
    </p>
   </div>
   <div class='ocr_carea' id='block_1_99' title="bbox 2154 3579 3736 3671">
    <p class='ocr_par' dir='ltr' id='par_1_99' title="bbox 2154 3579 3736 3671">
     <span class='ocr_line' id='line_1_99' title="bbox 2154 3579 3736 3671; baseline 0.004 -28"><span class='ocrx_word' id='word_1_660' title='bbox 2154 3593 2354 3644; x_wconf 88' lang='lat' dir='ltr'><strong>trusus</strong></span> <span class='ocrx_word' id='word_1_661' title='bbox 2387 3589 2821 3671; x_wconf 83' lang='lat' dir='ltr'><strong>miserabiliter.</strong></span> <span class='ocrx_word' id='word_1_662' title='bbox 2854 3595 3004 3648; x_wconf 87' lang='lat' dir='ltr'><strong>Nam</strong></span> <span class='ocrx_word' id='word_1_663' title='bbox 3033 3608 3178 3648; x_wconf 89' lang='lat' dir='ltr'><strong>cum</strong></span> <span class='ocrx_word' id='word_1_664' title='bbox 3204 3591 3389 3649; x_wconf 89' lang='lat' dir='ltr'><strong>nescii</strong></span> <span class='ocrx_word' id='word_1_665' title='bbox 3416 3602 3576 3647; x_wconf 65' lang='lat' dir='ltr'><strong>sacra</strong></span> <span class='ocrx_word' id='word_1_666' title='bbox 3604 3579 3736 3650; x_wconf 40' lang='lat'><strong>&quot;5‘89</strong></span> 
     </span>
    </p>
   </div>
   <div class='ocr_carea' id='block_1_100' title="bbox 2153 3678 3733 3755">
    <p class='ocr_par' dir='ltr' id='par_1_100' title="bbox 2153 3678 3733 3755">
     <span class='ocr_line' id='line_1_100' title="bbox 2153 3678 3733 3755; baseline 0.001 -22"><span class='ocrx_word' id='word_1_667' title='bbox 2153 3678 2246 3733; x_wconf 90' lang='lat' dir='ltr'><strong>nis</strong></span> <span class='ocrx_word' id='word_1_668' title='bbox 2299 3678 2491 3735; x_wconf 81' lang='lat' dir='ltr'><strong>Mariae</strong></span> <span class='ocrx_word' id='word_1_669' title='bbox 2538 3678 2708 3736; x_wconf 91' lang='lat' dir='ltr'><strong>illum</strong></span> <span class='ocrx_word' id='word_1_670' title='bbox 2763 3696 2942 3754; x_wconf 90' lang='lat' dir='ltr'><strong>super</strong></span> <span class='ocrx_word' id='word_1_671' title='bbox 2989 3695 3164 3739; x_wconf 90' lang='lat' dir='ltr'><strong>aram</strong></span> <span class='ocrx_word' id='word_1_672' title='bbox 3194 3680 3661 3755; x_wconf 83' lang='lat' dir='ltr'><strong>imposuissemuS,</strong></span> <span class='ocrx_word' id='word_1_673' title='bbox 3686 3680 3733 3724; x_wconf 74' lang='lat'><strong>80</strong></span> 
     </span>
    </p>
   </div>
   <div class='ocr_carea' id='block_1_101' title="bbox 2153 3757 3734 3846">
    <p class='ocr_par' dir='ltr' id='par_1_101' title="bbox 2153 3757 3734 3846">
     <span class='ocr_line' id='line_1_101' title="bbox 2153 3757 3734 3846; baseline -0.001 -21"><span class='ocrx_word' id='word_1_674' title='bbox 2153 3768 2355 3825; x_wconf 84' lang='lat' dir='ltr'><strong>festive</strong></span> <span class='ocrx_word' id='word_1_675' title='bbox 2385 3769 2957 3841; x_wconf 84' lang='lat' dir='ltr'><strong>composuissemus,</strong></span> <span class='ocrx_word' id='word_1_676' title='bbox 3007 3764 3410 3846; x_wconf 87' lang='lat' dir='ltr'><strong>pransurique</strong></span> <span class='ocrx_word' id='word_1_677' title='bbox 3449 3782 3570 3825; x_wconf 90' lang='lat' dir='ltr'><strong>cum</strong></span> <span class='ocrx_word' id='word_1_678' title='bbox 3606 3757 3734 3837; x_wconf 62' lang='lat' dir='ltr'><strong>pluti-</strong></span> 
     </span>
    </p>
   </div>
   <div class='ocr_carea' id='block_1_102' title="bbox 2152 3846 3734 3931">
    <p class='ocr_par' dir='ltr' id='par_1_102' title="bbox 2152 3846 3734 3931">
     <span class='ocr_line' id='line_1_102' title="bbox 2152 3846 3734 3931; baseline -0.003 -19"><span class='ocrx_word' id='word_1_679' title='bbox 2152 3857 2268 3913; x_wconf 92' lang='lat' dir='ltr'><strong>bus</strong></span> <span class='ocrx_word' id='word_1_680' title='bbox 2295 3857 2401 3930; x_wconf 89' lang='lat' dir='ltr'><strong>qui</strong></span> <span class='ocrx_word' id='word_1_681' title='bbox 2431 3863 2839 3916; x_wconf 90' lang='lat' dir='ltr'><strong>convenerant</strong></span> <span class='ocrx_word' id='word_1_682' title='bbox 2882 3860 3343 3931; x_wconf 87' lang='lat' dir='ltr'><strong>resedissemus,</strong></span> <span class='ocrx_word' id='word_1_683' title='bbox 3390 3858 3460 3915; x_wconf 92' lang='lat' dir='ltr'><strong>de</strong></span> <span class='ocrx_word' id='word_1_684' title='bbox 3497 3852 3658 3912; x_wconf 80' lang='lat' dir='ltr'><strong>subito</strong></span> <span class='ocrx_word' id='word_1_685' title='bbox 3681 3846 3734 3903; x_wconf 69' lang='lat' dir='ltr'><strong>ab</strong></span> 
     </span>
    </p>
   </div>
   <div class='ocr_carea' id='block_1_103' title="bbox 2155 3935 3732 4017">
    <p class='ocr_par' dir='ltr' id='par_1_103' title="bbox 2155 3935 3732 4017">
     <span class='ocr_line' id='line_1_103' title="bbox 2155 3935 3732 4017; baseline -0.003 -15"><span class='ocrx_word' id='word_1_686' title='bbox 2155 3945 2323 4003; x_wconf 88' lang='lat' dir='ltr'><strong>altari</strong></span> <span class='ocrx_word' id='word_1_687' title='bbox 2360 3947 2423 4002; x_wconf 91' lang='lat' dir='ltr'><strong>in</strong></span> <span class='ocrx_word' id='word_1_688' title='bbox 2448 3963 2583 4005; x_wconf 90' lang='lat' dir='ltr'><strong>aere</strong></span> <span class='ocrx_word' id='word_1_689' title='bbox 2602 3948 2852 4017; x_wconf 85' lang='lat' dir='ltr'><strong>levatus,</strong></span> <span class='ocrx_word' id='word_1_690' title='bbox 2877 3948 2938 4005; x_wconf 93' lang='lat' dir='ltr'><strong>in</strong></span> <span class='ocrx_word' id='word_1_691' title='bbox 2959 3952 3181 4008; x_wconf 87' lang='lat' dir='ltr'><strong>terram</strong></span> <span class='ocrx_word' id='word_1_692' title='bbox 3208 3951 3390 4008; x_wconf 90' lang='lat' dir='ltr'><strong>elisus</strong></span> <span class='ocrx_word' id='word_1_693' title='bbox 3419 3962 3543 4004; x_wconf 89' lang='lat' dir='ltr'><strong>cum</strong></span> <span class='ocrx_word' id='word_1_694' title='bbox 3568 3935 3732 4012; x_wconf 70' lang='lat' dir='ltr'><strong>ingenii</strong></span> 
     </span>
    </p>
   </div>
   <div class='ocr_carea' id='block_1_104' title="bbox 2157 4023 3735 4113">
    <p class='ocr_par' dir='ltr' id='par_1_104' title="bbox 2157 4023 3735 4113">
     <span class='ocr_line' id='line_1_104' title="bbox 2157 4023 3735 4113; baseline -0.002 -23"><span class='ocrx_word' id='word_1_695' title='bbox 2157 4034 2408 4092; x_wconf 86' lang='lat' dir='ltr'><strong>stridore</strong></span> <span class='ocrx_word' id='word_1_696' title='bbox 2437 4035 2676 4107; x_wconf 90' lang='lat' dir='ltr'><strong>decidit,</strong></span> <span class='ocrx_word' id='word_1_697' title='bbox 2709 4043 2767 4093; x_wconf 90' lang='lat' dir='ltr'><strong>et</strong></span> <span class='ocrx_word' id='word_1_698' title='bbox 2795 4036 2910 4094; x_wconf 91' lang='lat' dir='ltr'><strong>sibi</strong></span> <span class='ocrx_word' id='word_1_699' title='bbox 2935 4038 3411 4113; x_wconf 89' lang='lat' dir='ltr'><strong>obsequentibus</strong></span> <span class='ocrx_word' id='word_1_700' title='bbox 3437 4034 3529 4110; x_wconf 89' lang='lat' dir='ltr'><strong>qui</strong></span> <span class='ocrx_word' id='word_1_701' title='bbox 3550 4032 3599 4088; x_wconf 88' lang='lat' dir='ltr'><strong>in</strong></span> <span class='ocrx_word' id='word_1_702' title='bbox 3624 4023 3735 4084; x_wconf 75' lang='lat' dir='ltr'><strong>basi-</strong></span> 
     </span>
    </p>
   </div>
   <div class='ocr_carea' id='block_1_105' title="bbox 2154 4114 3735 4202">
    <p class='ocr_par' dir='ltr' id='par_1_105' title="bbox 2154 4114 3735 4202">
     <span class='ocr_line' id='line_1_105' title="bbox 2154 4114 3735 4202; baseline -0.002 -23"><span class='ocrx_word' id='word_1_703' title='bbox 2154 4115 2271 4181; x_wconf 81' lang='lat' dir='ltr'><strong>lica</strong></span> <span class='ocrx_word' id='word_1_704' title='bbox 2297 4131 2732 4196; x_wconf 89' lang='lat' dir='ltr'><strong>remanserant,</strong></span> <span class='ocrx_word' id='word_1_705' title='bbox 2766 4127 3281 4202; x_wconf 86' lang='lat' dir='ltr'><strong>horripilationem</strong></span> <span class='ocrx_word' id='word_1_706' title='bbox 3311 4125 3542 4185; x_wconf 85' lang='lat' dir='ltr'><strong>nimiam</strong></span> <span class='ocrx_word' id='word_1_707' title='bbox 3576 4114 3735 4190; x_wconf 67' lang='lat' dir='ltr'><strong>injecit.</strong></span> 
     </span>
    </p>
   </div>
   <div class='ocr_carea' id='block_1_106' title="bbox 2156 4208 3736 4290">
    <p class='ocr_par' dir='ltr' id='par_1_106' title="bbox 2156 4208 3736 4290">
     <span class='ocr_line' id='line_1_106' title="bbox 2156 4208 3736 4290; baseline -0.004 -21"><span class='ocrx_word' id='word_1_708' title='bbox 2156 4213 2582 4287; x_wconf 84' lang='lat' dir='ltr'><strong>exterritosque</strong></span> <span class='ocrx_word' id='word_1_709' title='bbox 2640 4215 2720 4272; x_wconf 90' lang='lat' dir='ltr'><strong>ab</strong></span> <span class='ocrx_word' id='word_1_710' title='bbox 2768 4216 3017 4274; x_wconf 89' lang='lat' dir='ltr'><strong>ecclesia</strong></span> <span class='ocrx_word' id='word_1_711' title='bbox 3068 4215 3455 4290; x_wconf 82' lang='lat' dir='ltr'><strong>perturbavit.</strong></span> <span class='ocrx_word' id='word_1_712' title='bbox 3506 4208 3598 4278; x_wconf 87' lang='lat' dir='ltr'><strong>Qui</strong></span> <span class='ocrx_word' id='word_1_713' title='bbox 3639 4214 3736 4260; x_wconf 81' lang='lat' dir='ltr'><strong>cum</strong></span> 
     </span>
    </p>
   </div>
   <div class='ocr_carea' id='block_1_107' title="bbox 2156 4298 3739 4380">
    <p class='ocr_par' dir='ltr' id='par_1_107' title="bbox 2156 4298 3739 4380">
     <span class='ocr_line' id='line_1_107' title="bbox 2156 4298 3739 4380; baseline -0.001 -23"><span class='ocrx_word' id='word_1_714' title='bbox 2156 4302 2233 4357; x_wconf 90' lang='lat' dir='ltr'><strong>ad</strong></span> <span class='ocrx_word' id='word_1_715' title='bbox 2261 4316 2373 4357; x_wconf 87' lang='lat' dir='ltr'><strong>nos</strong></span> <span class='ocrx_word' id='word_1_716' title='bbox 2403 4318 2595 4376; x_wconf 89' lang='lat' dir='ltr'><strong>usque</strong></span> <span class='ocrx_word' id='word_1_717' title='bbox 2621 4302 2911 4376; x_wconf 85' lang='lat' dir='ltr'><strong>pallentes</strong></span> <span class='ocrx_word' id='word_1_718' title='bbox 2968 4310 3024 4361; x_wconf 92' lang='lat' dir='ltr'><strong>et</strong></span> <span class='ocrx_word' id='word_1_719' title='bbox 3075 4320 3234 4380; x_wconf 90' lang='lat' dir='ltr'><strong>pene</strong></span> <span class='ocrx_word' id='word_1_720' title='bbox 3263 4303 3554 4363; x_wconf 82' lang='lat' dir='ltr'><strong>exanimes</strong></span> <span class='ocrx_word' id='word_1_721' title='bbox 3586 4298 3739 4351; x_wconf 67' lang='lat' dir='ltr'><strong>inim</strong></span> 
     </span>
    </p>
   </div>
   <div class='ocr_carea' id='block_1_108' title="bbox 2155 4391 3737 4465">
    <p class='ocr_par' dir='ltr' id='par_1_108' title="bbox 2155 4391 3737 4465">
     <span class='ocr_line' id='line_1_108' title="bbox 2155 4391 3737 4465; baseline 0.001 -20"><span class='ocrx_word' id='word_1_722' title='bbox 2155 4394 2285 4446; x_wconf 91' lang='lat' dir='ltr'><strong>sent</strong></span> <span class='ocrx_word' id='word_1_723' title='bbox 2336 4406 2475 4464; x_wconf 70' lang='lat' dir='ltr'><strong>quae</strong></span> <span class='ocrx_word' id='word_1_724' title='bbox 2531 4391 2644 4448; x_wconf 91' lang='lat' dir='ltr'><strong>sibi</strong></span> <span class='ocrx_word' id='word_1_725' title='bbox 2709 4392 3068 4450; x_wconf 88' lang='lat' dir='ltr'><strong>accidissent</strong></span> <span class='ocrx_word' id='word_1_726' title='bbox 3142 4395 3207 4451; x_wconf 91' lang='lat' dir='ltr'><strong>in</strong></span> <span class='ocrx_word' id='word_1_727' title='bbox 3285 4393 3585 4465; x_wconf 82' lang='lat' dir='ltr'><strong>conspectu</strong></span> <span class='ocrx_word' id='word_1_728' title='bbox 3636 4393 3737 4437; x_wconf 66' lang='grc' dir='ltr'><strong>ωηο</strong></span> 
     </span>
    </p>
   </div>
   <div class='ocr_carea' id='block_1_109' title="bbox 2150 4470 3737 4548">
    <p class='ocr_par' dir='ltr' id='par_1_109' title="bbox 2150 4470 3737 4548">
     <span class='ocr_line' id='line_1_109' title="bbox 2150 4470 3737 4548; baseline -0.002 -14"><span class='ocrx_word' id='word_1_729' title='bbox 2150 4483 2365 4535; x_wconf 87' lang='lat' dir='ltr'><strong>ventus</strong></span> <span class='ocrx_word' id='word_1_730' title='bbox 2422 4481 2772 4548; x_wconf 90' lang='lat' dir='ltr'><strong>universalis</strong></span> <span class='ocrx_word' id='word_1_731' title='bbox 2826 4482 3139 4540; x_wconf 89' lang='lat' dir='ltr'><strong>teterrimis</strong></span> <span class='ocrx_word' id='word_1_732' title='bbox 3189 4483 3439 4541; x_wconf 87' lang='lat' dir='ltr'><strong>vocibus</strong></span> <span class='ocrx_word' id='word_1_733' title='bbox 3504 4470 3737 4535; x_wconf 81' lang='lat' dir='ltr'><strong>insanien-</strong></span> 
     </span>
    </p>
   </div>
   <div class='ocr_carea' id='block_1_110' title="bbox 2150 4559 3738 4646">
    <p class='ocr_par' dir='ltr' id='par_1_110' title="bbox 2150 4559 3738 4646">
     <span class='ocr_line' id='line_1_110' title="bbox 2150 4559 3738 4646; baseline -0.009 -21"><span class='ocrx_word' id='word_1_734' title='bbox 2150 4567 2309 4625; x_wconf 88' lang='lat' dir='ltr'><strong>tibus</strong></span> <span class='ocrx_word' id='word_1_735' title='bbox 2367 4568 2587 4625; x_wconf 91' lang='lat' dir='ltr'><strong>similes</strong></span> <span class='ocrx_word' id='word_1_736' title='bbox 2644 4570 2952 4644; x_wconf 87' lang='lat' dir='ltr'><strong>publicare</strong></span> <span class='ocrx_word' id='word_1_737' title='bbox 3009 4576 3340 4646; x_wconf 68' lang='lat' dir='ltr'><strong>coeperunt.</strong></span> <span class='ocrx_word' id='word_1_738' title='bbox 3382 4566 3650 4628; x_wconf 88' lang='lat' dir='ltr'><strong>Silentium</strong></span> <span class='ocrx_word' id='word_1_739' title='bbox 3678 4559 3738 4611; x_wconf 84' lang='lat' dir='ltr'><strong>ut-</strong></span> 
     </span>
    </p>
   </div>
   <div class='ocr_carea' id='block_1_111' title="bbox 2149 4656 3739 4742">
    <p class='ocr_par' dir='ltr' id='par_1_111' title="bbox 2149 4656 3739 4742">
     <span class='ocr_line' id='line_1_111' title="bbox 2149 4656 3739 4742; baseline -0.001 -31"><span class='ocrx_word' id='word_1_740' title='bbox 2149 4659 2288 4728; x_wconf 90' lang='lat' dir='ltr'><strong>pote</strong></span> <span class='ocrx_word' id='word_1_741' title='bbox 2339 4656 2422 4712; x_wconf 91' lang='lat' dir='ltr'><strong>rei</strong></span> <span class='ocrx_word' id='word_1_742' title='bbox 2481 4662 2656 4729; x_wconf 79' lang='lat' dir='ltr'><strong>gestae</strong></span> <span class='ocrx_word' id='word_1_743' title='bbox 2706 4659 2898 4729; x_wconf 89' lang='lat' dir='ltr'><strong>ignari</strong></span> <span class='ocrx_word' id='word_1_744' title='bbox 2947 4659 3265 4718; x_wconf 90' lang='lat' dir='ltr'><strong>innuentes</strong></span> <span class='ocrx_word' id='word_1_745' title='bbox 3314 4658 3624 4717; x_wconf 74' lang='lat' dir='ltr'><strong>nullatenus</strong></span> 
     </span>
    </p>
   </div>
   <div class='ocr_carea' id='block_1_112' title="bbox 2152 4745 3737 4831">
    <p class='ocr_par' dir='ltr' id='par_1_112' title="bbox 2152 4745 3737 4831">
     <span class='ocr_line' id='line_1_112' title="bbox 2152 4745 3737 4831; baseline 0.007 -31"><span class='ocrx_word' id='word_1_746' title='bbox 2152 4749 2355 4801; x_wconf 89' lang='lat' dir='ltr'><strong>serunt</strong></span> <span class='ocrx_word' id='word_1_747' title='bbox 2408 4745 2865 4821; x_wconf 88' lang='lat' dir='ltr'><strong>imperantibus,</strong></span> <span class='ocrx_word' id='word_1_748' title='bbox 2914 4749 3082 4822; x_wconf 90' lang='lat' dir='ltr'><strong>quin,</strong></span> <span class='ocrx_word' id='word_1_749' title='bbox 3134 4750 3288 4819; x_wconf 82' lang='lat' dir='ltr'><strong>sicut</strong></span> <span class='ocrx_word' id='word_1_750' title='bbox 3341 4745 3639 4820; x_wconf 56' lang='lat' dir='ltr'><strong>coeperant:</strong></span> <span class='ocrx_word' id='word_1_751' title='bbox 3687 4746 3737 4831; x_wconf 56' lang='lat' dir='ltr'><strong>‘f‘</strong></span> 
     </span>
    </p>
   </div>
   <div class='ocr_carea' id='block_1_113' title="bbox 2150 4831 3739 4909">
    <p class='ocr_par' dir='ltr' id='par_1_113' title="bbox 2150 4831 3739 4909">
     <span class='ocr_line' id='line_1_113' title="bbox 2150 4831 3739 4909; baseline -0.004 -19"><span class='ocrx_word' id='word_1_752' title='bbox 2150 4840 2422 4892; x_wconf 89' lang='lat' dir='ltr'><strong>reventer</strong></span> <span class='ocrx_word' id='word_1_753' title='bbox 2461 4836 2772 4909; x_wconf 90' lang='lat' dir='ltr'><strong>publicum</strong></span> <span class='ocrx_word' id='word_1_754' title='bbox 2830 4837 3177 4909; x_wconf 74' lang='lat' dir='ltr'><strong>ignominiae</strong></span> <span class='ocrx_word' id='word_1_755' title='bbox 3234 4838 3462 4896; x_wconf 89' lang='lat' dir='ltr'><strong>malum</strong></span> <span class='ocrx_word' id='word_1_756' title='bbox 3519 4831 3739 4889; x_wconf 61' lang='lat' dir='ltr'><strong>clamosis</strong></span> 
     </span>
    </p>
   </div>
   <div class='ocr_carea' id='block_1_114' title="bbox 2150 4912 3742 4999">
    <p class='ocr_par' dir='ltr' id='par_1_114' title="bbox 2150 4912 3742 4999">
     <span class='ocr_line' id='line_1_114' title="bbox 2150 4912 3742 4999; baseline -0.004 -20"><span class='ocrx_word' id='word_1_757' title='bbox 2150 4930 2615 4997; x_wconf 87' lang='lat' dir='ltr'><strong>exsequerentur</strong></span> <span class='ocrx_word' id='word_1_758' title='bbox 2644 4927 2913 4984; x_wconf 89' lang='lat' dir='ltr'><strong>vocibus.</strong></span> <span class='ocrx_word' id='word_1_759' title='bbox 2945 4931 3061 4985; x_wconf 84' lang='lat' dir='ltr'><strong>Nos</strong></span> <span class='ocrx_word' id='word_1_760' title='bbox 3091 4929 3325 4986; x_wconf 85' lang='lat' dir='ltr'><strong>concito</strong></span> <span class='ocrx_word' id='word_1_761' title='bbox 3372 4937 3569 4999; x_wconf 85' lang='lat' dir='ltr'><strong>gressu</strong></span> <span class='ocrx_word' id='word_1_762' title='bbox 3606 4912 3742 4972; x_wconf 65' lang='lat' dir='ltr'><strong>eccle&#39;</strong></span> 
     </span>
    </p>
   </div>
   <div class='ocr_carea' id='block_1_115' title="bbox 2150 5001 3740 5097">
    <p class='ocr_par' dir='ltr' id='par_1_115' title="bbox 2150 5001 3740 5097">
     <span class='ocr_line' id='line_1_115' title="bbox 2150 5001 3740 5097; baseline -0.001 -30"><span class='ocrx_word' id='word_1_763' title='bbox 2150 5013 2301 5068; x_wconf 89' lang='lat' dir='ltr'><strong>siam</strong></span> <span class='ocrx_word' id='word_1_764' title='bbox 2374 5014 2673 5085; x_wconf 88' lang='lat' dir='ltr'><strong>ingressi,</strong></span> <span class='ocrx_word' id='word_1_765' title='bbox 2739 5016 2799 5072; x_wconf 90' lang='lat' dir='ltr'><strong>in</strong></span> <span class='ocrx_word' id='word_1_766' title='bbox 2857 5017 3079 5074; x_wconf 84' lang='lat' dir='ltr'><strong>frustra</strong></span> <span class='ocrx_word' id='word_1_767' title='bbox 3125 5021 3482 5092; x_wconf 86' lang='lat' dir='ltr'><strong>quassatum</strong></span> <span class='ocrx_word' id='word_1_768' title='bbox 3525 5001 3740 5097; x_wconf 47' lang='lat' dir='ltr'><strong>metalli:ll</strong></span> 
     </span>
    </p>
   </div>
   <div class='ocr_carea' id='block_1_116' title="bbox 2149 5093 3739 5181">
    <p class='ocr_par' dir='ltr' id='par_1_116' title="bbox 2149 5093 3739 5181">
     <span class='ocr_line' id='line_1_116' title="bbox 2149 5093 3739 5181; baseline -0.004 -26"><span class='ocrx_word' id='word_1_769' title='bbox 2149 5101 2584 5175; x_wconf 87' lang='lat' dir='ltr'><strong>disjectumque</strong></span> <span class='ocrx_word' id='word_1_770' title='bbox 2612 5103 2800 5172; x_wconf 88' lang='lat' dir='ltr'><strong>illum,</strong></span> <span class='ocrx_word' id='word_1_771' title='bbox 2829 5105 3024 5178; x_wconf 89' lang='lat' dir='ltr'><strong>qualis</strong></span> <span class='ocrx_word' id='word_1_772' title='bbox 3051 5112 3391 5181; x_wconf 86' lang='lat' dir='ltr'><strong>quantusve</strong></span> <span class='ocrx_word' id='word_1_773' title='bbox 3416 5105 3533 5160; x_wconf 87' lang='lat' dir='ltr'><strong>erat</strong></span> <span class='ocrx_word' id='word_1_774' title='bbox 3572 5093 3739 5153; x_wconf 70' lang='lat' dir='ltr'><strong>nostris</strong></span> 
     </span>
    </p>
   </div>
   <div class='ocr_carea' id='block_1_117' title="bbox 2148 5260 3739 5340">
    <p class='ocr_par' dir='ltr' id='par_1_117' title="bbox 2148 5260 3739 5340">
     <span class='ocr_line' id='line_1_117' title="bbox 2148 5260 3739 5340; baseline 0.007 -23"><span class='ocrx_word' id='word_1_775' title='bbox 2148 5260 2517 5340; x_wconf 78' lang='lat' dir='ltr'><strong>Medardensi</strong></span> <span class='ocrx_word' id='word_1_776' title='bbox 2545 5266 2822 5340; x_wconf 63' lang='lat' dir='ltr'><strong>coenobio</strong></span> <span class='ocrx_word' id='word_1_777' title='bbox 2842 5266 3143 5340; x_wconf 85' lang='lat' dir='ltr'><strong>celebrati,</strong></span> <span class='ocrx_word' id='word_1_778' title='bbox 3170 5284 3314 5325; x_wconf 90' lang='lat' dir='ltr'><strong>cum</strong></span> <span class='ocrx_word' id='word_1_779' title='bbox 3340 5281 3469 5338; x_wconf 87' lang='lat' dir='ltr'><strong>cap.</strong></span> 
     </span>
    </p>
   </div>
   <div class='ocr_carea' id='block_1_118' title="bbox 2148 5330 3737 5459">
    <p class='ocr_par' dir='ltr' id='par_1_118' title="bbox 2148 5330 3737 5459">
     <span class='ocr_line' id='line_1_118' title="bbox 2191 5330 3737 5413; baseline -0.006 -25"><span class='ocrx_word' id='word_1_780' title='bbox 2191 5332 2338 5402; x_wconf 91' lang='lat' dir='ltr'><strong>iunt,</strong></span> <span class='ocrx_word' id='word_1_781' title='bbox 2354 5339 2419 5390; x_wconf 91' lang='lat' dir='ltr'><strong>ut</strong></span> <span class='ocrx_word' id='word_1_782' title='bbox 2448 5337 2728 5393; x_wconf 88' lang='lat' dir='ltr'><strong>monachi</strong></span> <span class='ocrx_word' id='word_1_783' title='bbox 2751 5338 2872 5393; x_wconf 93' lang='lat' dir='ltr'><strong>duo</strong></span> <span class='ocrx_word' id='word_1_784' title='bbox 2902 5339 3009 5411; x_wconf 91' lang='lat' dir='ltr'><strong>qui</strong></span> <span class='ocrx_word' id='word_1_785' title='bbox 3037 5330 3286 5413; x_wconf 84' lang='lat' dir='ltr'><strong>Pippino</strong></span> <span class='ocrx_word' id='word_1_786' title='bbox 3316 5330 3467 5408; x_wconf 63' lang='lat' dir='ltr'><strong>fuga:</strong></span> <span class='ocrx_word' id='word_1_787' title='bbox 3491 5330 3737 5403; x_wconf 67' lang='lat' dir='ltr'><strong>adjutores</strong></span> 
     </span>
     <span class='ocr_line' id='line_1_119' title="bbox 2148 5348 3735 5459; baseline -0.001 0"><span class='ocrx_word' id='word_1_788' title='bbox 2148 5348 2400 5459; x_wconf 53' lang='lat' dir='ltr'><strong>Fuerant.</strong></span> <span class='ocrx_word' id='word_1_789' title='bbox 2448 5409 2507 5459; x_wconf 72' lang='lat' dir='ltr'><strong>in</strong></span> <span class='ocrx_word' id='word_1_790' title='bbox 2553 5411 2909 5459; x_wconf 75' lang='lat' dir='ltr'><strong>mmmslerz&#39;n</strong></span> <span class='ocrx_word' id='word_1_791' title='bbox 2953 5411 3049 5459; x_wconf 71' lang='lat' dir='ltr'><strong>sui</strong></span> <span class='ocrx_word' id='word_1_792' title='bbox 3075 5411 3304 5459; x_wconf 69' lang='lat' dir='ltr'><strong>ordinis</strong></span> <span class='ocrx_word' id='word_1_793' title='bbox 3344 5408 3667 5459; x_wconf 73' lang='lat' dir='ltr'><strong>retegentur.</strong></span> <span class='ocrx_word' id='word_1_794' title='bbox 3692 5395 3735 5445; x_wconf 71' lang='grc' dir='ltr'><strong>υί</strong></span> 
     </span>
    </p>
   </div>
   <div class='ocr_carea' id='block_1_119' title="bbox 2173 5395 3735 5487">
    <p class='ocr_par' dir='ltr' id='par_1_119' title="bbox 2173 5395 3735 5487">
     <span class='ocr_line' id='line_1_120' title="bbox 2173 5395 3735 5487; baseline 0.004 -28"><span class='ocrx_word' id='word_1_795' title='bbox 2173 5395 2412 5487; x_wconf 45' lang='grc' dir='ltr'><strong>ιιςιςεὼρζ</strong></span> <span class='ocrx_word' id='word_1_796' title='bbox 2445 5409 2507 5486; x_wconf 52' lang='lat' dir='ltr'><strong>in</strong></span> <span class='ocrx_word' id='word_1_797' title='bbox 2553 5395 3049 5487; x_wconf 37' lang='lat' dir='ltr'><strong>mqqasterg’oisui</strong></span> <span class='ocrx_word' id='word_1_798' title='bbox 3075 5395 3304 5467; x_wconf 36' lang='lat' dir='ltr'><strong>ordinis</strong></span> <span class='ocrx_word' id='word_1_799' title='bbox 3344 5395 3735 5487; x_wconf 48' lang='grc' dir='ltr'><strong>νξὶερεηζζιζιξί</strong></span> 
     </span>
    </p>
   </div>
   <div class='ocr_carea' id='block_1_120' title="bbox 2149 5470 3733 5539">
    <p class='ocr_par' dir='ltr' id='par_1_120' title="bbox 2149 5470 3733 5539">
     <span class='ocr_line' id='line_1_121' title="bbox 2149 5470 3733 5539; baseline -0.008 -9"><span class='ocrx_word' id='word_1_800' title='bbox 2149 5474 2369 5532; x_wconf 88' lang='lat' dir='ltr'><strong>scilicet</strong></span> <span class='ocrx_word' id='word_1_801' title='bbox 2389 5470 2488 5533; x_wconf 85' lang='lat' dir='ltr'><strong>his</strong></span> <span class='ocrx_word' id='word_1_802' title='bbox 2520 5478 2714 5536; x_wconf 90' lang='lat' dir='ltr'><strong>verbis</strong></span> <span class='ocrx_word' id='word_1_803' title='bbox 2742 5479 3124 5539; x_wconf 80' lang='lat' dir='ltr'><strong>excluderent</strong></span> <span class='ocrx_word' id='word_1_804' title='bbox 3162 5470 3519 5539; x_wconf 80' lang='lat' dir='ltr'><strong>monasteria</strong></span> <span class='ocrx_word' id='word_1_805' title='bbox 3544 5470 3733 5528; x_wconf 87' lang='lat' dir='ltr'><strong>clerico-</strong></span> 
     </span>
    </p>
   </div>
   <div class='ocr_carea' id='block_1_121' title="bbox 2146 5552 2889 5609">
    <p class='ocr_par' dir='ltr' id='par_1_121' title="bbox 2146 5552 2889 5609">
     <span class='ocr_line' id='line_1_122' title="bbox 2146 5552 2889 5609; baseline 0.007 -5"><span class='ocrx_word' id='word_1_806' title='bbox 2146 5563 2282 5604; x_wconf 89' lang='lat' dir='ltr'><strong>rum</strong></span> <span class='ocrx_word' id='word_1_807' title='bbox 2311 5564 2418 5605; x_wconf 73' lang='lat' dir='ltr'><strong>seu</strong></span> <span class='ocrx_word' id='word_1_808' title='bbox 2442 5552 2889 5609; x_wconf 88' lang='lat' dir='ltr'><strong>canonicorum.</strong></span> 
     </span>
    </p>
   </div>
  </div>
