  <div class='ocr_page' id='page_1' title='image "/cluster/home/n/w/nwhite01/storage/ocr_20150623/132/hvd.32044054759931/312.png"; bbox 0 0 4034 6190; ppageno 0'>
   <div class='ocr_carea' id='block_1_1' title="bbox 237 94 343 145">
    <p class='ocr_par' dir='ltr' id='par_1_1' title="bbox 237 94 343 145">
     <span class='ocr_line' id='line_1_1' title="bbox 237 94 343 145; baseline 0.009 -1"><span class='ocrx_word' id='word_1_1' title='bbox 237 94 343 145; x_wconf 72' lang='grc'><strong>613</strong></span> 
     </span>
    </p>
   </div>
   <div class='ocr_carea' id='block_1_2' title="bbox 1194 44 2749 163">
    <p class='ocr_par' dir='ltr' id='par_1_2' title="bbox 1194 44 2749 163">
     <span class='ocr_line' id='line_1_2' title="bbox 1194 44 2749 163; baseline 0.006 -25"><span class='ocrx_word' id='word_1_2' title='bbox 1194 44 1300 138; x_wconf 70' lang='lat' dir='ltr'><strong>es</strong></span> <span class='ocrx_word' id='word_1_3' title='bbox 1337 81 1731 141; x_wconf 76' lang='lat' dir='ltr'><strong>TRANSLAT.</strong></span> <span class='ocrx_word' id='word_1_4' title='bbox 1768 85 1823 139; x_wconf 92' lang='lat' dir='ltr'><strong>s.</strong></span> <span class='ocrx_word' id='word_1_5' title='bbox 1867 80 2283 140; x_wconf 73' lang='lat' dir='ltr'><strong>SEBASTIANI</strong></span> <span class='ocrx_word' id='word_1_6' title='bbox 2325 89 2413 163; x_wconf 79' lang='lat' dir='ltr'><strong>ET</strong></span> <span class='ocrx_word' id='word_1_7' title='bbox 2446 92 2505 149; x_wconf 86' lang='lat' dir='ltr'><strong>s.</strong></span> <span class='ocrx_word' id='word_1_8' title='bbox 2546 89 2749 150; x_wconf 78' lang='lat' dir='ltr'><strong>casa.</strong></span> 
     </span>
    </p>
   </div>
   <div class='ocr_carea' id='block_1_3' title="bbox 3630 117 3738 178">
    <p class='ocr_par' dir='ltr' id='par_1_3' title="bbox 3630 117 3738 178">
     <span class='ocr_line' id='line_1_3' title="bbox 3630 117 3738 178; baseline 0.019 -2"><span class='ocrx_word' id='word_1_9' title='bbox 3630 117 3738 178; x_wconf 73' lang='grc'><strong>614</strong></span> 
     </span>
    </p>
   </div>
   <div class='ocr_carea' id='block_1_4' title="bbox 160 196 3736 301">
    <p class='ocr_par' dir='ltr' id='par_1_4' title="bbox 160 196 3736 301">
     <span class='ocr_line' id='line_1_4' title="bbox 160 196 3736 301; baseline 0.004 -37"><span class='ocrx_word' id='word_1_10' title='bbox 160 196 173 197; x_wconf 24' lang='grc' dir='ltr'>ί</span> <span class='ocrx_word' id='word_1_11' title='bbox 235 212 675 301; x_wconf 79' lang='lat' dir='ltr'><strong>congruentem</strong></span> <span class='ocrx_word' id='word_1_12' title='bbox 714 202 964 301; x_wconf 74' lang='lat' dir='ltr'><strong>actibus</strong></span> <span class='ocrx_word' id='word_1_13' title='bbox 1018 210 1298 301; x_wconf 81' lang='lat' dir='ltr'><strong>sanetum</strong></span> <span class='ocrx_word' id='word_1_14' title='bbox 1349 204 1749 301; x_wconf 60' lang='lat' dir='ltr'><strong>inspesimus.</strong></span> <span class='ocrx_word' id='word_1_15' title='bbox 1801 207 1925 262; x_wconf 86' lang='lat' dir='ltr'><strong>Hoc</strong></span> <span class='ocrx_word' id='word_1_16' title='bbox 1956 206 2005 258; x_wconf 82' lang='grc' dir='ltr'><strong>Α</strong></span> <span class='ocrx_word' id='word_1_17' title='bbox 2042 202 2528 301; x_wconf 63' lang='lat' dir='ltr'><strong>retfrequentius&#39;</strong></span> <span class='ocrx_word' id='word_1_18' title='bbox 2544 219 2723 287; x_wconf 88' lang='lat' dir='ltr'><strong>atque</strong></span> <span class='ocrx_word' id='word_1_19' title='bbox 2752 216 3472 298; x_wconf 55' lang='lat' dir='ltr'><strong>magnificentiusquam</strong></span> <span class='ocrx_word' id='word_1_20' title='bbox 3497 253 3576 295; x_wconf 68' lang='grc' dir='ltr'><strong>θο</strong></span> <span class='ocrx_word' id='word_1_21' title='bbox 3597 239 3736 301; x_wconf 63' lang='lat' dir='ltr'><strong>loco</strong></span> 
     </span>
    </p>
   </div>
   <div class='ocr_carea' id='block_1_5' title="bbox 237 292 1931 370">
    <p class='ocr_par' dir='ltr' id='par_1_5' title="bbox 237 292 1931 370">
     <span class='ocr_line' id='line_1_5' title="bbox 237 292 1931 370; baseline -0.005 -13"><span class='ocrx_word' id='word_1_22' title='bbox 237 314 488 357; x_wconf 89' lang='lat' dir='ltr'><strong>rumore</strong></span> <span class='ocrx_word' id='word_1_23' title='bbox 518 295 745 370; x_wconf 87' lang='lat' dir='ltr'><strong>passim</strong></span> <span class='ocrx_word' id='word_1_24' title='bbox 770 292 1174 361; x_wconf 74' lang='lat' dir='ltr'><strong>denotamur,</strong></span> <span class='ocrx_word' id='word_1_25' title='bbox 1201 300 1257 351; x_wconf 87' lang='lat' dir='ltr'><strong>et</strong></span> <span class='ocrx_word' id='word_1_26' title='bbox 1286 294 1655 367; x_wconf 87' lang='lat' dir='ltr'><strong>importabili</strong></span> <span class='ocrx_word' id='word_1_27' title='bbox 1704 296 1931 367; x_wconf 88' lang='lat' dir='ltr'><strong>impro-</strong></span> 
     </span>
    </p>
   </div>
   <div class='ocr_carea' id='block_1_6' title="bbox 236 383 1930 461">
    <p class='ocr_par' dir='ltr' id='par_1_6' title="bbox 236 383 1930 461">
     <span class='ocr_line' id='line_1_6' title="bbox 236 383 1930 461; baseline -0.005 -16"><span class='ocrx_word' id='word_1_28' title='bbox 236 389 410 461; x_wconf 87' lang='lat' dir='ltr'><strong>perio</strong></span> <span class='ocrx_word' id='word_1_29' title='bbox 435 386 777 459; x_wconf 73' lang='lat' dir='ltr'><strong>iaculamur</strong></span> <span class='ocrx_word' id='word_1_30' title='bbox 799 388 1006 456; x_wconf 84' lang='lat' dir='ltr'><strong>atque</strong></span> <span class='ocrx_word' id='word_1_31' title='bbox 1036 383 1478 441; x_wconf 82' lang='lat' dir='ltr'><strong>confundimur.</strong></span> <span class='ocrx_word' id='word_1_32' title='bbox 1517 388 1588 441; x_wconf 90' lang='lat' dir='ltr'><strong>Ut</strong></span> <span class='ocrx_word' id='word_1_33' title='bbox 1612 387 1729 443; x_wconf 89' lang='lat' dir='ltr'><strong>hoc</strong></span> <span class='ocrx_word' id='word_1_34' title='bbox 1783 398 1930 451; x_wconf 89' lang='lat' dir='ltr'><strong>ergo</strong></span> 
     </span>
    </p>
   </div>
   <div class='ocr_carea' id='block_1_7' title="bbox 236 471 1932 549">
    <p class='ocr_par' dir='ltr' id='par_1_7' title="bbox 236 471 1932 549">
     <span class='ocr_line' id='line_1_7' title="bbox 236 471 1932 549; baseline -0.003 -16"><span class='ocrx_word' id='word_1_35' title='bbox 236 477 476 549; x_wconf 88' lang='lat' dir='ltr'><strong>pudore</strong></span> <span class='ocrx_word' id='word_1_36' title='bbox 527 474 762 531; x_wconf 79' lang='lat' dir='ltr'><strong>tandem</strong></span> <span class='ocrx_word' id='word_1_37' title='bbox 826 472 1178 545; x_wconf 81' lang='lat' dir='ltr'><strong>aliquando</strong></span> <span class='ocrx_word' id='word_1_38' title='bbox 1225 488 1425 528; x_wconf 83' lang='lat' dir='ltr'><strong>carere</strong></span> <span class='ocrx_word' id='word_1_39' title='bbox 1472 490 1794 545; x_wconf 83' lang='lat' dir='ltr'><strong>queamus,</strong></span> <span class='ocrx_word' id='word_1_40' title='bbox 1850 471 1932 529; x_wconf 89' lang='lat' dir='ltr'><strong>ad</strong></span> 
     </span>
    </p>
   </div>
   <div class='ocr_carea' id='block_1_8' title="bbox 237 558 1929 635">
    <p class='ocr_par' dir='ltr' id='par_1_8' title="bbox 237 558 1929 635">
     <span class='ocr_line' id='line_1_8' title="bbox 237 558 1929 635; baseline -0.003 -13"><span class='ocrx_word' id='word_1_41' title='bbox 237 570 508 625; x_wconf 80' lang='lat' dir='ltr'><strong>vestram</strong></span> <span class='ocrx_word' id='word_1_42' title='bbox 540 558 959 620; x_wconf 82' lang='lat' dir='ltr'><strong>venerabilem</strong></span> <span class='ocrx_word' id='word_1_43' title='bbox 987 561 1403 635; x_wconf 86' lang='lat' dir='ltr'><strong>paternitatem</strong></span> <span class='ocrx_word' id='word_1_44' title='bbox 1427 562 1781 633; x_wconf 89' lang='lat' dir='ltr'><strong>confugium</strong></span> <span class='ocrx_word' id='word_1_45' title='bbox 1840 563 1929 617; x_wconf 83' lang='lat' dir='ltr'><strong>fa-</strong></span> 
     </span>
    </p>
   </div>
   <div class='ocr_carea' id='block_1_9' title="bbox 237 651 1933 726">
    <p class='ocr_par' dir='ltr' id='par_1_9' title="bbox 237 651 1933 726">
     <span class='ocr_line' id='line_1_9' title="bbox 237 651 1933 726; baseline -0.002 -14"><span class='ocrx_word' id='word_1_46' title='bbox 237 656 466 714; x_wconf 86' lang='lat' dir='ltr'><strong>cimus.</strong></span> <span class='ocrx_word' id='word_1_47' title='bbox 501 653 775 726; x_wconf 76' lang='lat' dir='ltr'><strong>Superest</strong></span> <span class='ocrx_word' id='word_1_48' title='bbox 800 654 881 707; x_wconf 88' lang='lat' dir='ltr'><strong>ut</strong></span> <span class='ocrx_word' id='word_1_49' title='bbox 908 651 1280 709; x_wconf 89' lang='lat' dir='ltr'><strong>destitutioni</strong></span> <span class='ocrx_word' id='word_1_50' title='bbox 1307 653 1526 707; x_wconf 78' lang='lat' dir='ltr'><strong>nostrae</strong></span> <span class='ocrx_word' id='word_1_51' title='bbox 1575 652 1845 724; x_wconf 88' lang='lat' dir='ltr'><strong>compati</strong></span> <span class='ocrx_word' id='word_1_52' title='bbox 1875 656 1933 708; x_wconf 86' lang='lat' dir='ltr'><strong>et</strong></span> 
     </span>
    </p>
   </div>
   <div class='ocr_carea' id='block_1_10' title="bbox 222 738 1933 810">
    <p class='ocr_par' dir='ltr' id='par_1_10' title="bbox 222 738 1933 810">
     <span class='ocr_line' id='line_1_10' title="bbox 222 738 1933 810; baseline -0.002 -9"><span class='ocrx_word' id='word_1_53' title='bbox 222 743 569 801; x_wconf 75' lang='lat' dir='ltr'><strong>subvenire</strong></span> <span class='ocrx_word' id='word_1_54' title='bbox 597 738 912 798; x_wconf 82' lang='lat' dir='ltr'><strong>beatitudo</strong></span> <span class='ocrx_word' id='word_1_55' title='bbox 942 745 1144 797; x_wconf 89' lang='lat' dir='ltr'><strong>vestra</strong></span> <span class='ocrx_word' id='word_1_56' title='bbox 1169 755 1294 797; x_wconf 90' lang='lat' dir='ltr'><strong>non</strong></span> <span class='ocrx_word' id='word_1_57' title='bbox 1321 739 1692 810; x_wconf 78' lang='lat' dir='ltr'><strong>dedignatur.</strong></span> <span class='ocrx_word' id='word_1_58' title='bbox 1727 741 1933 797; x_wconf 89' lang='lat' dir='ltr'><strong>Credi-</strong></span> 
     </span>
    </p>
   </div>
   <div class='ocr_carea' id='block_1_11' title="bbox 240 826 1930 902">
    <p class='ocr_par' dir='ltr' id='par_1_11' title="bbox 240 826 1930 902">
     <span class='ocr_line' id='line_1_11' title="bbox 240 826 1930 902; baseline -0.002 -13"><span class='ocrx_word' id='word_1_59' title='bbox 240 849 387 889; x_wconf 93' lang='lat' dir='ltr'><strong>mus</strong></span> <span class='ocrx_word' id='word_1_60' title='bbox 413 831 633 888; x_wconf 89' lang='lat' dir='ltr'><strong>etenim</strong></span> <span class='ocrx_word' id='word_1_61' title='bbox 658 826 812 885; x_wconf 82' lang='lat' dir='ltr'><strong>teedii</strong></span> <span class='ocrx_word' id='word_1_62' title='bbox 845 829 1040 886; x_wconf 80' lang='lat' dir='ltr'><strong>nostri</strong></span> <span class='ocrx_word' id='word_1_63' title='bbox 1065 845 1179 885; x_wconf 90' lang='lat' dir='ltr'><strong>nos</strong></span> <span class='ocrx_word' id='word_1_64' title='bbox 1202 844 1357 885; x_wconf 88' lang='lat' dir='ltr'><strong>onus</strong></span> <span class='ocrx_word' id='word_1_65' title='bbox 1381 829 1777 902; x_wconf 78' lang='lat' dir='ltr'><strong>exposituros,</strong></span> <span class='ocrx_word' id='word_1_66' title='bbox 1810 829 1862 885; x_wconf 91' lang='lat' dir='ltr'><strong>si</strong></span> <span class='ocrx_word' id='word_1_67' title='bbox 1894 847 1930 886; x_wconf 89' lang='lat' dir='ltr'><strong>a</strong></span> 
     </span>
    </p>
   </div>
   <div class='ocr_carea' id='block_1_12' title="bbox 238 918 1929 990">
    <p class='ocr_par' dir='ltr' id='par_1_12' title="bbox 238 918 1929 990">
     <span class='ocr_line' id='line_1_12' title="bbox 238 918 1929 990; baseline -0.002 -12"><span class='ocrx_word' id='word_1_68' title='bbox 238 922 543 979; x_wconf 81' lang='lat' dir='ltr'><strong>cuaritate</strong></span> <span class='ocrx_word' id='word_1_69' title='bbox 589 924 775 976; x_wconf 87' lang='lat' dir='ltr'><strong>vestra</strong></span> <span class='ocrx_word' id='word_1_70' title='bbox 837 919 1455 990; x_wconf 79' lang='lat' dir='ltr'><strong>quantulumcunque</strong></span> <span class='ocrx_word' id='word_1_71' title='bbox 1529 918 1929 990; x_wconf 78' lang='lat' dir='ltr'><strong>reliquiarum</strong></span> 
     </span>
    </p>
   </div>
   <div class='ocr_carea' id='block_1_13' title="bbox 237 1005 1929 1083">
    <p class='ocr_par' dir='ltr' id='par_1_13' title="bbox 237 1005 1929 1083">
     <span class='ocr_line' id='line_1_13' title="bbox 237 1005 1929 1083; baseline -0.002 -16"><span class='ocrx_word' id='word_1_72' title='bbox 237 1013 385 1083; x_wconf 83' lang='lat' dir='ltr'><strong>ejus</strong></span> <span class='ocrx_word' id='word_1_73' title='bbox 419 1008 725 1066; x_wconf 79' lang='lat' dir='ltr'><strong>consecuti</strong></span> <span class='ocrx_word' id='word_1_74' title='bbox 752 1006 1074 1064; x_wconf 84' lang='lat' dir='ltr'><strong>fuerimus.</strong></span> <span class='ocrx_word' id='word_1_75' title='bbox 1123 1009 1224 1064; x_wconf 80' lang='lat' dir='ltr'><strong>His</strong></span> <span class='ocrx_word' id='word_1_76' title='bbox 1279 1007 1560 1081; x_wconf 83' lang='lat' dir='ltr'><strong>acceptis,</strong></span> <span class='ocrx_word' id='word_1_77' title='bbox 1614 1005 1929 1063; x_wconf 80' lang='lat' dir='ltr'><strong>Rodoinus</strong></span> 
     </span>
    </p>
   </div>
   <div class='ocr_carea' id='block_1_14' title="bbox 241 1097 1926 1171">
    <p class='ocr_par' dir='ltr' id='par_1_14' title="bbox 241 1097 1926 1171">
     <span class='ocr_line' id='line_1_14' title="bbox 241 1097 1926 1171; baseline -0.002 -14"><span class='ocrx_word' id='word_1_78' title='bbox 241 1102 521 1157; x_wconf 84' lang='lat' dir='ltr'><strong>fraterno</strong></span> <span class='ocrx_word' id='word_1_79' title='bbox 549 1100 766 1155; x_wconf 76' lang='lat' dir='ltr'><strong>affectu</strong></span> <span class='ocrx_word' id='word_1_80' title='bbox 789 1112 1158 1171; x_wconf 88' lang='lat' dir='ltr'><strong>compassus</strong></span> <span class='ocrx_word' id='word_1_81' title='bbox 1186 1097 1511 1163; x_wconf 79' lang='lat' dir='ltr'><strong>condoluit,</strong></span> <span class='ocrx_word' id='word_1_82' title='bbox 1544 1103 1601 1153; x_wconf 92' lang='lat' dir='ltr'><strong>et</strong></span> <span class='ocrx_word' id='word_1_83' title='bbox 1644 1113 1787 1155; x_wconf 89' lang='lat' dir='ltr'><strong>cum</strong></span> <span class='ocrx_word' id='word_1_84' title='bbox 1818 1114 1926 1154; x_wconf 90' lang='lat' dir='ltr'><strong>vo-</strong></span> 
     </span>
    </p>
   </div>
   <div class='ocr_carea' id='block_1_15' title="bbox 240 1186 1928 1246">
    <p class='ocr_par' dir='ltr' id='par_1_15' title="bbox 240 1186 1928 1246">
     <span class='ocr_line' id='line_1_15' title="bbox 240 1186 1928 1246; baseline -0.001 -2"><span class='ocrx_word' id='word_1_85' title='bbox 240 1190 481 1246; x_wconf 87' lang='lat' dir='ltr'><strong>luntate</strong></span> <span class='ocrx_word' id='word_1_86' title='bbox 522 1188 701 1244; x_wconf 83' lang='lat' dir='ltr'><strong>Patris</strong></span> <span class='ocrx_word' id='word_1_87' title='bbox 730 1186 997 1243; x_wconf 85' lang='lat' dir='ltr'><strong>Hilduini</strong></span> <span class='ocrx_word' id='word_1_88' title='bbox 1017 1191 1075 1244; x_wconf 90' lang='lat' dir='ltr'><strong>et</strong></span> <span class='ocrx_word' id='word_1_89' title='bbox 1103 1186 1355 1243; x_wconf 83' lang='lat' dir='ltr'><strong>fratrum</strong></span> <span class='ocrx_word' id='word_1_90' title='bbox 1407 1201 1710 1244; x_wconf 88' lang='lat' dir='ltr'><strong>consensu</strong></span> <span class='ocrx_word' id='word_1_91' title='bbox 1761 1187 1928 1243; x_wconf 85' lang='lat' dir='ltr'><strong>auxi-</strong></span> 
     </span>
    </p>
   </div>
   <div class='ocr_carea' id='block_1_16' title="bbox 240 1275 1927 1349">
    <p class='ocr_par' dir='ltr' id='par_1_16' title="bbox 240 1275 1927 1349">
     <span class='ocr_line' id='line_1_16' title="bbox 240 1275 1927 1349; baseline -0.002 -14"><span class='ocrx_word' id='word_1_92' title='bbox 240 1278 403 1335; x_wconf 84' lang='lat' dir='ltr'><strong>lium</strong></span> <span class='ocrx_word' id='word_1_93' title='bbox 430 1279 495 1334; x_wconf 89' lang='lat' dir='ltr'><strong>in</strong></span> <span class='ocrx_word' id='word_1_94' title='bbox 524 1276 831 1345; x_wconf 86' lang='lat' dir='ltr'><strong>agendum</strong></span> <span class='ocrx_word' id='word_1_95' title='bbox 862 1275 1210 1348; x_wconf 90' lang='lat' dir='ltr'><strong>spopondit,</strong></span> <span class='ocrx_word' id='word_1_96' title='bbox 1254 1275 1559 1349; x_wconf 86' lang='lat' dir='ltr'><strong>relataque</strong></span> <span class='ocrx_word' id='word_1_97' title='bbox 1604 1276 1773 1349; x_wconf 87' lang='lat' dir='ltr'><strong>prius</strong></span> <span class='ocrx_word' id='word_1_98' title='bbox 1832 1292 1927 1332; x_wconf 91' lang='lat' dir='ltr'><strong>co-</strong></span> 
     </span>
    </p>
   </div>
   <div class='ocr_carea' id='block_1_17' title="bbox 239 1357 1926 1441">
    <p class='ocr_par' dir='ltr' id='par_1_17' title="bbox 239 1357 1926 1441">
     <span class='ocr_line' id='line_1_17' title="bbox 239 1357 1926 1441; baseline -0.002 -17"><span class='ocrx_word' id='word_1_99' title='bbox 239 1384 385 1424; x_wconf 80' lang='lat' dir='ltr'><strong>ram</strong></span> <span class='ocrx_word' id='word_1_100' title='bbox 411 1365 694 1441; x_wconf 78' lang='lat' dir='ltr'><strong>fratribus</strong></span> <span class='ocrx_word' id='word_1_101' title='bbox 721 1381 927 1430; x_wconf 90' lang='lat' dir='ltr'><strong>causa,</strong></span> <span class='ocrx_word' id='word_1_102' title='bbox 958 1380 1080 1421; x_wconf 89' lang='lat' dir='ltr'><strong>non</strong></span> <span class='ocrx_word' id='word_1_103' title='bbox 1108 1364 1377 1423; x_wconf 84' lang='lat' dir='ltr'><strong>abnuere</strong></span> <span class='ocrx_word' id='word_1_104' title='bbox 1398 1369 1629 1429; x_wconf 91' lang='lat' dir='ltr'><strong>votum,</strong></span> <span class='ocrx_word' id='word_1_105' title='bbox 1677 1357 1926 1438; x_wconf 77' lang='lat' dir='ltr'><strong>insuper</strong></span> 
     </span>
    </p>
   </div>
   <div class='ocr_carea' id='block_1_18' title="bbox 242 1454 1923 1521">
    <p class='ocr_par' dir='ltr' id='par_1_18' title="bbox 242 1454 1923 1521">
     <span class='ocr_line' id='line_1_18' title="bbox 242 1454 1923 1521; baseline -0.002 -7"><span class='ocrx_word' id='word_1_106' title='bbox 242 1462 315 1514; x_wconf 87' lang='lat' dir='ltr'><strong>ut</strong></span> <span class='ocrx_word' id='word_1_107' title='bbox 348 1455 542 1513; x_wconf 81' lang='lat' dir='ltr'><strong>sancti</strong></span> <span class='ocrx_word' id='word_1_108' title='bbox 569 1459 862 1511; x_wconf 86' lang='lat' dir='ltr'><strong>cresceret</strong></span> <span class='ocrx_word' id='word_1_109' title='bbox 914 1455 1108 1512; x_wconf 87' lang='lat' dir='ltr'><strong>cultus</strong></span> <span class='ocrx_word' id='word_1_110' title='bbox 1157 1460 1217 1510; x_wconf 90' lang='lat' dir='ltr'><strong>et</strong></span> <span class='ocrx_word' id='word_1_111' title='bbox 1272 1454 1642 1521; x_wconf 88' lang='lat' dir='ltr'><strong>memoriale,</strong></span> <span class='ocrx_word' id='word_1_112' title='bbox 1696 1456 1812 1511; x_wconf 90' lang='lat' dir='ltr'><strong>hoc</strong></span> <span class='ocrx_word' id='word_1_113' title='bbox 1861 1472 1923 1511; x_wconf 86' lang='lat' dir='ltr'><strong>se</strong></span> 
     </span>
    </p>
   </div>
   <div class='ocr_carea' id='block_1_19' title="bbox 2042 293 3738 402">
    <p class='ocr_par' dir='ltr' id='par_1_19' title="bbox 2042 293 3738 402">
     <span class='ocr_line' id='line_1_19' title="bbox 2042 293 3738 402; baseline 0.025 -57"><span class='ocrx_word' id='word_1_114' title='bbox 2192 293 2586 402; x_wconf 58' lang='lat' dir='ltr'><strong>virtutiferum</strong></span> <span class='ocrx_word' id='word_1_115' title='bbox 2608 302 2739 402; x_wconf 80' lang='lat' dir='ltr'><strong>ejus</strong></span> <span class='ocrx_word' id='word_1_116' title='bbox 2777 320 3005 402; x_wconf 68' lang='lat' dir='ltr'><strong>corpus</strong></span> <span class='ocrx_word' id='word_1_117' title='bbox 3069 305 3285 402; x_wconf 75' lang='lat' dir='ltr'><strong>debita</strong></span> <span class='ocrx_word' id='word_1_118' title='bbox 3305 293 3620 384; x_wconf 39' lang='lat' dir='ltr'><strong>didelium—</strong></span> 
     </span>
    </p>
   </div>
   <div class='ocr_carea' id='block_1_20' title="bbox 2041 380 3735 481">
    <p class='ocr_par' dir='ltr' id='par_1_20' title="bbox 2041 380 3735 481">
     <span class='ocr_line' id='line_1_20' title="bbox 2041 380 3735 481; baseline 0.025 -47"><span class='ocrx_word' id='word_1_119' title='bbox 2041 380 2328 481; x_wconf 73' lang='lat' dir='ltr'><strong>pulcrum</strong></span> <span class='ocrx_word' id='word_1_120' title='bbox 2356 386 2768 462; x_wconf 85' lang='lat' dir='ltr'><strong>frequentatur</strong></span> <span class='ocrx_word' id='word_1_121' title='bbox 2796 393 3156 452; x_wconf 84' lang='lat' dir='ltr'><strong>devotione.</strong></span> <span class='ocrx_word' id='word_1_122' title='bbox 3192 400 3322 461; x_wconf 83' lang='lat' dir='ltr'><strong>Sint</strong></span> <span class='ocrx_word' id='word_1_123' title='bbox 3358 424 3504 481; x_wconf 89' lang='lat' dir='ltr'><strong>ergo</strong></span> <span class='ocrx_word' id='word_1_124' title='bbox 3636 380 3735 476; x_wconf 55' lang='lat' dir='ltr'><strong>in}.</strong></span> 
     </span>
    </p>
   </div>
   <div class='ocr_carea' id='block_1_21' title="bbox 2040 468 3736 578">
    <p class='ocr_par' dir='ltr' id='par_1_21' title="bbox 2040 468 3736 578">
     <span class='ocr_line' id='line_1_21' title="bbox 2040 468 3736 578; baseline 0.025 -55"><span class='ocrx_word' id='word_1_125' title='bbox 2040 468 2135 578; x_wconf 73' lang='lat' dir='ltr'><strong>bis</strong></span> <span class='ocrx_word' id='word_1_126' title='bbox 2158 476 2222 578; x_wconf 70' lang='lat' dir='ltr'><strong>et</strong></span> <span class='ocrx_word' id='word_1_127' title='bbox 2244 473 2357 529; x_wconf 83' lang='lat' dir='ltr'><strong>illis</strong></span> <span class='ocrx_word' id='word_1_128' title='bbox 2707 481 2839 578; x_wconf 84' lang='lat' dir='ltr'><strong>ejus</strong></span> <span class='ocrx_word' id='word_1_129' title='bbox 2886 485 3183 578; x_wconf 66' lang='lat' dir='ltr'><strong>proﬁcua</strong></span> <span class='ocrx_word' id='word_1_130' title='bbox 3229 468 3589 571; x_wconf 61' lang='lat' dir='ltr'><strong>patrocinia,</strong></span> 
     </span>
    </p>
   </div>
   <div class='ocr_carea' id='block_1_22' title="bbox 2041 564 3789 664">
    <p class='ocr_par' dir='ltr' id='par_1_22' title="bbox 2041 564 3789 664">
     <span class='ocr_line' id='line_1_22' title="bbox 2041 564 3789 664; baseline 0.025 -51"><span class='ocrx_word' id='word_1_131' title='bbox 2041 564 2387 660; x_wconf 83' lang='lat' dir='ltr'><strong>nostrorum</strong></span> <span class='ocrx_word' id='word_1_132' title='bbox 2413 567 2769 664; x_wconf 57' lang='lat' dir='ltr'><strong>dapsilitate_</strong></span> <span class='ocrx_word' id='word_1_133' title='bbox 2792 578 3054 644; x_wconf 88' lang='lat' dir='ltr'><strong>patrum</strong></span> <span class='ocrx_word' id='word_1_134' title='bbox 3099 564 3265 641; x_wconf 79' lang='lat' dir='ltr'><strong>illius</strong></span> <span class='ocrx_word' id='word_1_135' title='bbox 3294 589 3439 646; x_wconf 84' lang='lat' dir='ltr'><strong>tanti</strong></span> <span class='ocrx_word' id='word_1_136' title='bbox 3465 564 3734 664; x_wconf 64' lang='lat' dir='ltr'><strong>pignoris</strong></span> <span class='ocrx_word' id='word_1_137' title='bbox 3764 600 3789 621; x_wconf 83' lang='lat'>“</span> 
     </span>
    </p>
   </div>
   <div class='ocr_carea' id='block_1_23' title="bbox 2040 657 2910 734">
    <p class='ocr_par' dir='ltr' id='par_1_23' title="bbox 2040 657 2910 734">
     <span class='ocr_line' id='line_1_23' title="bbox 2040 657 2910 734; baseline 0.018 -32"><span class='ocrx_word' id='word_1_138' title='bbox 2040 657 2373 708; x_wconf 83' lang='lat' dir='ltr'><strong>meruimus</strong></span> <span class='ocrx_word' id='word_1_139' title='bbox 2396 671 2533 712; x_wconf 90' lang='lat' dir='ltr'><strong>esse</strong></span> <span class='ocrx_word' id='word_1_140' title='bbox 2563 657 2910 734; x_wconf 86' lang='lat' dir='ltr'><strong>participes.</strong></span> 
     </span>
    </p>
   </div>
   <div class='ocr_carea' id='block_1_24' title="bbox 2166 747 3112 836">
    <p class='ocr_par' dir='ltr' id='par_1_24' title="bbox 2166 747 3112 836">
     <span class='ocr_line' id='line_1_24' title="bbox 2166 747 3112 836; baseline 0.01 -36"><span class='ocrx_word' id='word_1_141' title='bbox 2166 826 2175 836; x_wconf 33' lang='lat'><em>.</em></span> <span class='ocrx_word' id='word_1_142' title='bbox 2206 827 2241 836; x_wconf 43' lang='grc' dir='ltr'>η</span> <span class='ocrx_word' id='word_1_143' title='bbox 2602 833 2617 836; x_wconf 88' lang='lat'>_</span> <span class='ocrx_word' id='word_1_144' title='bbox 2652 747 2879 808; x_wconf 71' lang='lat' dir='ltr'><strong>CAPUT</strong></span> <span class='ocrx_word' id='word_1_145' title='bbox 2933 753 3112 810; x_wconf 80' lang='lat' dir='ltr'><strong>XLII.</strong></span> 
     </span>
    </p>
   </div>
   <div class='ocr_carea' id='block_1_25' title="bbox 2112 826 3726 925">
    <p class='ocr_par' dir='ltr' id='par_1_25' title="bbox 2112 826 3726 925">
     <span class='ocr_line' id='line_1_25' title="bbox 2112 826 3726 925; baseline 0.025 -46"><span class='ocrx_word' id='word_1_146' title='bbox 2112 826 2387 925; x_wconf 80' lang='lat' dir='ltr'><strong>Vidimus</strong></span> <span class='ocrx_word' id='word_1_147' title='bbox 2417 833 2731 925; x_wconf 82' lang='lat' dir='ltr'><strong>quosdam</strong></span> <span class='ocrx_word' id='word_1_148' title='bbox 2760 854 2872 896; x_wconf 90' lang='lat' dir='ltr'><strong>nec</strong></span> <span class='ocrx_word' id='word_1_149' title='bbox 2902 848 3270 915; x_wconf 84' lang='lat' dir='ltr'><strong>spernendae</strong></span> <span class='ocrx_word' id='word_1_150' title='bbox 3299 852 3610 922; x_wconf 81' lang='lat' dir='ltr'><strong>probitatis</strong></span> <span class='ocrx_word' id='word_1_151' title='bbox 3650 864 3726 920; x_wconf 62' lang='lat' dir='ltr'><strong>vi.</strong></span> 
     </span>
    </p>
   </div>
   <div class='ocr_carea' id='block_1_26' title="bbox 2037 920 3723 1014">
    <p class='ocr_par' dir='ltr' id='par_1_26' title="bbox 2037 920 3723 1014">
     <span class='ocr_line' id='line_1_26' title="bbox 2037 920 3723 1014; baseline 0.027 -48"><span class='ocrx_word' id='word_1_152' title='bbox 2037 930 2134 969; x_wconf 86' lang='lat' dir='ltr'><strong>ros</strong></span> <span class='ocrx_word' id='word_1_153' title='bbox 2164 920 2268 988; x_wconf 85' lang='lat' dir='ltr'><strong>qui</strong></span> <span class='ocrx_word' id='word_1_154' title='bbox 2301 920 2548 1014; x_wconf 51' lang='lat' dir='ltr'><strong>abesses</strong></span> <span class='ocrx_word' id='word_1_155' title='bbox 2569 922 2830 1014; x_wconf 28' lang='lat' dir='ltr'><strong>lcivitatis</strong></span> <span class='ocrx_word' id='word_1_156' title='bbox 2857 936 3202 1005; x_wconf 85' lang='lat' dir='ltr'><strong>venturam,</strong></span> <span class='ocrx_word' id='word_1_157' title='bbox 3224 920 3389 1013; x_wconf 70' lang='lat' dir='ltr'><strong>quod</strong></span> <span class='ocrx_word' id='word_1_158' title='bbox 3438 950 3723 1010; x_wconf 84' lang='lat' dir='ltr'><strong>formida—</strong></span> 
     </span>
    </p>
   </div>
   <div class='ocr_carea' id='block_1_27' title="bbox 2035 1009 3723 1105">
    <p class='ocr_par' dir='ltr' id='par_1_27' title="bbox 2035 1009 3723 1105">
     <span class='ocr_line' id='line_1_27' title="bbox 2035 1009 3723 1105; baseline 0.024 -47"><span class='ocrx_word' id='word_1_159' title='bbox 2035 1019 2193 1074; x_wconf 86' lang='lat' dir='ltr'><strong>mus,</strong></span> <span class='ocrx_word' id='word_1_160' title='bbox 2225 1009 2486 1105; x_wconf 68' lang='lat' dir='ltr'><strong>ruinam</strong></span> <span class='ocrx_word' id='word_1_161' title='bbox 2524 1009 2728 1105; x_wconf 80' lang='lat' dir='ltr'><strong>abhis</strong></span> <span class='ocrx_word' id='word_1_162' title='bbox 2779 1017 3165 1090; x_wconf 80' lang='lat' dir='ltr'><strong>quiaudiere</strong></span> <span class='ocrx_word' id='word_1_163' title='bbox 3209 1009 3270 1085; x_wconf 77' lang='lat' dir='ltr'><strong>se</strong></span> <span class='ocrx_word' id='word_1_164' title='bbox 3322 1040 3723 1105; x_wconf 85' lang='lat' dir='ltr'><strong>protestantur</strong></span> 
     </span>
    </p>
   </div>
   <div class='ocr_carea' id='block_1_28' title="bbox 2035 1096 3723 1195">
    <p class='ocr_par' dir='ltr' id='par_1_28' title="bbox 2035 1096 3723 1195">
     <span class='ocr_line' id='line_1_28' title="bbox 2035 1096 3723 1195; baseline 0.027 -54"><span class='ocrx_word' id='word_1_165' title='bbox 2035 1096 2405 1195; x_wconf 73' lang='lat' dir='ltr'><strong>percepisse.</strong></span> <span class='ocrx_word' id='word_1_166' title='bbox 2431 1096 2746 1160; x_wconf 87' lang='lat' dir='ltr'><strong>Turricula</strong></span> <span class='ocrx_word' id='word_1_167' title='bbox 2770 1113 2897 1165; x_wconf 89' lang='lat' dir='ltr'><strong>erat</strong></span> <span class='ocrx_word' id='word_1_168' title='bbox 2924 1110 2988 1166; x_wconf 91' lang='lat' dir='ltr'><strong>in</strong></span> <span class='ocrx_word' id='word_1_169' title='bbox 3017 1115 3232 1174; x_wconf 85' lang='lat' dir='ltr'><strong>eadem</strong></span> <span class='ocrx_word' id='word_1_170' title='bbox 3262 1096 3431 1195; x_wconf 67' lang='lat' dir='ltr'><strong>urbe,</strong></span> <span class='ocrx_word' id='word_1_171' title='bbox 3481 1096 3723 1185; x_wconf 84' lang='lat' dir='ltr'><strong>orientis</strong></span> 
     </span>
    </p>
   </div>
   <div class='ocr_carea' id='block_1_29' title="bbox 2035 1181 3720 1287">
    <p class='ocr_par' dir='ltr' id='par_1_29' title="bbox 2035 1181 3720 1287">
     <span class='ocr_line' id='line_1_29' title="bbox 2035 1181 3720 1287; baseline 0.021 -52"><span class='ocrx_word' id='word_1_172' title='bbox 2035 1181 2318 1287; x_wconf 65' lang='lat' dir='ltr'><strong>occiduas</strong></span> <span class='ocrx_word' id='word_1_173' title='bbox 2361 1190 2661 1287; x_wconf 78' lang='lat' dir='ltr'><strong>spectans</strong></span> <span class='ocrx_word' id='word_1_174' title='bbox 2714 1194 2949 1266; x_wconf 79' lang='lat' dir='ltr'><strong>plagas,</strong></span> <span class='ocrx_word' id='word_1_175' title='bbox 3007 1218 3187 1275; x_wconf 89' lang='lat' dir='ltr'><strong>super</strong></span> <span class='ocrx_word' id='word_1_176' title='bbox 3240 1181 3430 1280; x_wconf 74' lang='lat' dir='ltr'><strong>quam</strong></span> 
     </span>
    </p>
   </div>
   <div class='ocr_carea' id='block_1_30' title="bbox 2035 1270 3719 1375">
    <p class='ocr_par' dir='ltr' id='par_1_30' title="bbox 2035 1270 3719 1375">
     <span class='ocr_line' id='line_1_30' title="bbox 2035 1270 3719 1375; baseline 0.023 -51"><span class='ocrx_word' id='word_1_177' title='bbox 2035 1270 2395 1375; x_wconf 79' lang='lat' dir='ltr'><strong>ambiguus,</strong></span> <span class='ocrx_word' id='word_1_178' title='bbox 2428 1286 2578 1332; x_wconf 89' lang='lat' dir='ltr'><strong>cum</strong></span> <span class='ocrx_word' id='word_1_179' title='bbox 2603 1279 2730 1349; x_wconf 88' lang='lat' dir='ltr'><strong>jam</strong></span> <span class='ocrx_word' id='word_1_180' title='bbox 2760 1287 2952 1343; x_wconf 90' lang='lat' dir='ltr'><strong>noctis</strong></span> <span class='ocrx_word' id='word_1_181' title='bbox 2975 1270 3155 1349; x_wconf 77' lang='lat' dir='ltr'><strong>tetras</strong></span> <span class='ocrx_word' id='word_1_182' title='bbox 3173 1270 3391 1356; x_wconf 72' lang='lat' dir='ltr'><strong>aurora</strong></span> <span class='ocrx_word' id='word_1_183' title='bbox 3436 1270 3719 1375; x_wconf 57' lang='lat' dir='ltr'><strong>coepisset</strong></span> 
     </span>
    </p>
   </div>
   <div class='ocr_carea' id='block_1_31' title="bbox 2035 1360 3715 1459">
    <p class='ocr_par' dir='ltr' id='par_1_31' title="bbox 2035 1360 3715 1459">
     <span class='ocr_line' id='line_1_31' title="bbox 2035 1360 3715 1459; baseline 0.021 -45"><span class='ocrx_word' id='word_1_184' title='bbox 2035 1360 2286 1459; x_wconf 81' lang='lat' dir='ltr'><strong>umbras</strong></span> <span class='ocrx_word' id='word_1_185' title='bbox 2312 1372 2639 1459; x_wconf 56' lang='lat' dir='ltr'><strong>spargere,</strong></span> <span class='ocrx_word' id='word_1_186' title='bbox 2674 1373 2945 1431; x_wconf 85' lang='lat' dir='ltr'><strong>terribilis</strong></span> <span class='ocrx_word' id='word_1_187' title='bbox 2992 1384 3296 1441; x_wconf 68' lang='lat' dir='ltr'><strong>sententias</strong></span> <span class='ocrx_word' id='word_1_188' title='bbox 3354 1392 3438 1445; x_wconf 90' lang='lat' dir='ltr'><strong>ter</strong></span> <span class='ocrx_word' id='word_1_189' title='bbox 3464 1360 3715 1459; x_wconf 38' lang='lat' dir='ltr'><strong>ingenii;</strong></span> 
     </span>
    </p>
   </div>
   <div class='ocr_carea' id='block_1_32' title="bbox 2032 1446 3707 1549">
    <p class='ocr_par' dir='ltr' id='par_1_32' title="bbox 2032 1446 3707 1549">
     <span class='ocr_line' id='line_1_32' title="bbox 2032 1446 3707 1549; baseline 0.02 -47"><span class='ocrx_word' id='word_1_190' title='bbox 2032 1455 2237 1549; x_wconf 65' lang='lat' dir='ltr'><strong>natam</strong></span> <span class='ocrx_word' id='word_1_191' title='bbox 2268 1446 2557 1549; x_wconf 69' lang='lat' dir='ltr'><strong>profudit</strong></span> <span class='ocrx_word' id='word_1_192' title='bbox 2584 1472 2794 1515; x_wconf 89' lang='lat' dir='ltr'><strong>vocem</strong></span> <span class='ocrx_word' id='word_1_193' title='bbox 2825 1462 3033 1520; x_wconf 90' lang='lat' dir='ltr'><strong>dicens</strong></span> <span class='ocrx_word' id='word_1_194' title='bbox 3067 1485 3082 1522; x_wconf 88' lang='lat'><strong><em>:</em></strong></span> <span class='ocrx_word' id='word_1_195' title='bbox 3128 1471 3240 1533; x_wconf 70' lang='lat' dir='ltr'><strong>Vw,</strong></span> <span class='ocrx_word' id='word_1_196' title='bbox 3271 1488 3380 1543; x_wconf 74' lang='lat' dir='ltr'><strong>vce,</strong></span> <span class='ocrx_word' id='word_1_197' title='bbox 3440 1446 3707 1549; x_wconf 43' lang='lat'><strong>033113;,</strong></span> 
     </span>
    </p>
   </div>
   <div class='ocr_carea' id='block_1_33' title="bbox 240 1537 3704 1631">
    <p class='ocr_par' dir='ltr' id='par_1_33' title="bbox 240 1537 3704 1631">
     <span class='ocr_line' id='line_1_33' title="bbox 240 1537 3704 1631; baseline 0.02 -79"><span class='ocrx_word' id='word_1_198' title='bbox 240 1546 580 1619; x_wconf 55' lang='lat' dir='ltr'><strong>plurimum</strong></span> <span class='ocrx_word' id='word_1_199' title='bbox 610 1545 889 1600; x_wconf 63' lang='lat' dir='ltr'><strong>dixerunt</strong></span> <span class='ocrx_word' id='word_1_200' title='bbox 915 1561 1138 1600; x_wconf 44' lang='lat' dir='ltr'><strong>amare.</strong></span> <span class='ocrx_word' id='word_1_201' title='bbox 1173 1544 1320 1600; x_wconf 66' lang='grc' dir='ltr'>ωηά</span> <span class='ocrx_word' id='word_1_202' title='bbox 1348 1544 1923 1600; x_wconf 69' lang='lat' dir='ltr'><strong>denuodomnoab.</strong></span> <span class='ocrx_word' id='word_1_203' title='bbox 1957 1557 1999 1609; x_wconf 78' lang='grc' dir='ltr'><strong>Β</strong></span> <span class='ocrx_word' id='word_1_204' title='bbox 2031 1537 2615 1631; x_wconf 41' lang='lat' dir='ltr'><strong>.Suessi0,~80doma</strong></span> <span class='ocrx_word' id='word_1_205' title='bbox 2667 1550 2732 1601; x_wconf 91' lang='lat' dir='ltr'><strong>ut</strong></span> <span class='ocrx_word' id='word_1_206' title='bbox 2781 1548 2925 1605; x_wconf 86' lang='lat' dir='ltr'><strong>olim</strong></span> <span class='ocrx_word' id='word_1_207' title='bbox 2978 1557 3037 1608; x_wconf 91' lang='lat' dir='ltr'><strong>et</strong></span> <span class='ocrx_word' id='word_1_208' title='bbox 3086 1537 3415 1616; x_wconf 68' lang='lat' dir='ltr'><strong>Gomorrlia</strong></span> <span class='ocrx_word' id='word_1_209' title='bbox 3471 1537 3704 1631; x_wconf 61' lang='lat' dir='ltr'><strong>validis;</strong></span> 
     </span>
    </p>
   </div>
   <div class='ocr_carea' id='block_1_34' title="bbox 243 1631 1922 1705">
    <p class='ocr_par' dir='ltr' id='par_1_34' title="bbox 243 1631 1922 1705">
     <span class='ocr_line' id='line_1_34' title="bbox 243 1631 1922 1705; baseline -0.001 -15"><span class='ocrx_word' id='word_1_210' title='bbox 243 1635 378 1690; x_wconf 87' lang='lat' dir='ltr'><strong>bati</strong></span> <span class='ocrx_word' id='word_1_211' title='bbox 402 1650 544 1690; x_wconf 90' lang='lat' dir='ltr'><strong>cum</strong></span> <span class='ocrx_word' id='word_1_212' title='bbox 570 1631 941 1699; x_wconf 88' lang='lat' dir='ltr'><strong>innotuisset,</strong></span> <span class='ocrx_word' id='word_1_213' title='bbox 975 1636 1032 1688; x_wconf 90' lang='lat' dir='ltr'><strong>et</strong></span> <span class='ocrx_word' id='word_1_214' title='bbox 1060 1632 1157 1687; x_wconf 88' lang='lat' dir='ltr'><strong>ille</strong></span> <span class='ocrx_word' id='word_1_215' title='bbox 1182 1632 1439 1689; x_wconf 86' lang='lat' dir='ltr'><strong>fratrum</strong></span> <span class='ocrx_word' id='word_1_216' title='bbox 1470 1646 1655 1704; x_wconf 88' lang='lat' dir='ltr'><strong>super</strong></span> <span class='ocrx_word' id='word_1_217' title='bbox 1677 1634 1791 1689; x_wconf 90' lang='lat' dir='ltr'><strong>hoc</strong></span> <span class='ocrx_word' id='word_1_218' title='bbox 1815 1649 1922 1705; x_wconf 92' lang='lat' dir='ltr'><strong>po-</strong></span> 
     </span>
    </p>
   </div>
   <div class='ocr_carea' id='block_1_35' title="bbox 244 1721 1921 1793">
    <p class='ocr_par' dir='ltr' id='par_1_35' title="bbox 244 1721 1921 1793">
     <span class='ocr_line' id='line_1_35' title="bbox 244 1721 1921 1793; baseline -0.001 -14"><span class='ocrx_word' id='word_1_219' title='bbox 244 1722 637 1781; x_wconf 84' lang='lat' dir='ltr'><strong>stulationem</strong></span> <span class='ocrx_word' id='word_1_220' title='bbox 671 1722 751 1778; x_wconf 89' lang='lat' dir='ltr'><strong>ab</strong></span> <span class='ocrx_word' id='word_1_221' title='bbox 777 1737 848 1777; x_wconf 92' lang='lat' dir='ltr'><strong>eo</strong></span> <span class='ocrx_word' id='word_1_222' title='bbox 875 1737 1118 1793; x_wconf 90' lang='lat' dir='ltr'><strong>quoque</strong></span> <span class='ocrx_word' id='word_1_223' title='bbox 1141 1721 1526 1793; x_wconf 84' lang='lat' dir='ltr'><strong>percepisset,</strong></span> <span class='ocrx_word' id='word_1_224' title='bbox 1560 1721 1806 1777; x_wconf 87' lang='lat' dir='ltr'><strong>linteum</strong></span> <span class='ocrx_word' id='word_1_225' title='bbox 1832 1722 1921 1777; x_wconf 91' lang='lat' dir='ltr'><strong>eis</strong></span> 
     </span>
    </p>
   </div>
   <div class='ocr_carea' id='block_1_36' title="bbox 243 1808 1922 1885">
    <p class='ocr_par' dir='ltr' id='par_1_36' title="bbox 243 1808 1922 1885">
     <span class='ocr_line' id='line_1_36' title="bbox 243 1808 1922 1885; baseline -0.001 -17"><span class='ocrx_word' id='word_1_226' title='bbox 243 1828 359 1885; x_wconf 87' lang='lat' dir='ltr'><strong>per</strong></span> <span class='ocrx_word' id='word_1_227' title='bbox 386 1810 771 1867; x_wconf 82' lang='lat' dir='ltr'><strong>collationem</strong></span> <span class='ocrx_word' id='word_1_228' title='bbox 788 1808 1147 1865; x_wconf 70' lang='lat' dir='ltr'><strong>venerabilis</strong></span> <span class='ocrx_word' id='word_1_229' title='bbox 1178 1809 1429 1866; x_wconf 84' lang='lat' dir='ltr'><strong>Rothadi</strong></span> <span class='ocrx_word' id='word_1_230' title='bbox 1460 1809 1765 1876; x_wconf 85' lang='lat' dir='ltr'><strong>antistitis,</strong></span> <span class='ocrx_word' id='word_1_231' title='bbox 1797 1828 1922 1883; x_wconf 92' lang='lat' dir='ltr'><strong>quo</strong></span> 
     </span>
    </p>
   </div>
   <div class='ocr_carea' id='block_1_37' title="bbox 246 1897 1921 1970">
    <p class='ocr_par' dir='ltr' id='par_1_37' title="bbox 246 1897 1921 1970">
     <span class='ocr_line' id='line_1_37' title="bbox 246 1897 1921 1970; baseline -0.001 -13"><span class='ocrx_word' id='word_1_232' title='bbox 246 1901 495 1957; x_wconf 84' lang='lat' dir='ltr'><strong>viviﬁca</strong></span> <span class='ocrx_word' id='word_1_233' title='bbox 520 1899 797 1955; x_wconf 89' lang='lat' dir='ltr'><strong>membra</strong></span> <span class='ocrx_word' id='word_1_234' title='bbox 823 1898 1103 1970; x_wconf 87' lang='lat' dir='ltr'><strong>martyris</strong></span> <span class='ocrx_word' id='word_1_235' title='bbox 1117 1898 1383 1955; x_wconf 86' lang='lat' dir='ltr'><strong>involuta</strong></span> <span class='ocrx_word' id='word_1_236' title='bbox 1398 1897 1664 1961; x_wconf 76' lang='lat' dir='ltr'><strong>fuerant.</strong></span> <span class='ocrx_word' id='word_1_237' title='bbox 1689 1899 1921 1956; x_wconf 87' lang='lat' dir='ltr'><strong>confer-</strong></span> 
     </span>
    </p>
   </div>
   <div class='ocr_carea' id='block_1_38' title="bbox 248 1987 1920 2063">
    <p class='ocr_par' dir='ltr' id='par_1_38' title="bbox 248 1987 1920 2063">
     <span class='ocr_line' id='line_1_38' title="bbox 248 1987 1920 2063; baseline -0.001 -17"><span class='ocrx_word' id='word_1_238' title='bbox 248 1991 300 2046; x_wconf 90' lang='lat' dir='ltr'><strong>ri</strong></span> <span class='ocrx_word' id='word_1_239' title='bbox 324 1989 630 2063; x_wconf 72' lang='lat' dir='ltr'><strong>prtecepit.</strong></span> <span class='ocrx_word' id='word_1_240' title='bbox 661 1988 772 2054; x_wconf 89' lang='lat' dir='ltr'><strong>Qui</strong></span> <span class='ocrx_word' id='word_1_241' title='bbox 800 1988 947 2044; x_wconf 91' lang='lat' dir='ltr'><strong>dum</strong></span> <span class='ocrx_word' id='word_1_242' title='bbox 979 1987 1056 2043; x_wconf 92' lang='lat' dir='ltr'><strong>ad</strong></span> <span class='ocrx_word' id='word_1_243' title='bbox 1078 2003 1232 2059; x_wconf 91' lang='lat' dir='ltr'><strong>opus</strong></span> <span class='ocrx_word' id='word_1_244' title='bbox 1254 1988 1607 2044; x_wconf 86' lang='lat' dir='ltr'><strong>assisterent</strong></span> <span class='ocrx_word' id='word_1_245' title='bbox 1624 1992 1682 2044; x_wconf 89' lang='lat' dir='ltr'><strong>et</strong></span> <span class='ocrx_word' id='word_1_246' title='bbox 1708 1988 1920 2045; x_wconf 90' lang='lat' dir='ltr'><strong>lintum</strong></span> 
     </span>
    </p>
   </div>
   <div class='ocr_carea' id='block_1_39' title="bbox 244 2075 1925 2150">
    <p class='ocr_par' dir='ltr' id='par_1_39' title="bbox 244 2075 1925 2150">
     <span class='ocr_line' id='line_1_39' title="bbox 244 2075 1925 2150; baseline 0 -15"><span class='ocrx_word' id='word_1_247' title='bbox 244 2080 326 2135; x_wconf 88' lang='lat' dir='ltr'><strong>de</strong></span> <span class='ocrx_word' id='word_1_248' title='bbox 351 2080 525 2135; x_wconf 89' lang='lat' dir='ltr'><strong>theca</strong></span> <span class='ocrx_word' id='word_1_249' title='bbox 551 2077 890 2150; x_wconf 88' lang='lat' dir='ltr'><strong>petentibus</strong></span> <span class='ocrx_word' id='word_1_250' title='bbox 918 2075 1297 2132; x_wconf 85' lang='lat' dir='ltr'><strong>tribuendum</strong></span> <span class='ocrx_word' id='word_1_251' title='bbox 1324 2077 1685 2148; x_wconf 88' lang='lat' dir='ltr'><strong>proferrent,</strong></span> <span class='ocrx_word' id='word_1_252' title='bbox 1704 2078 1781 2133; x_wconf 82' lang='lat' dir='ltr'><strong>illi</strong></span> <span class='ocrx_word' id='word_1_253' title='bbox 1810 2080 1925 2135; x_wconf 89' lang='lat' dir='ltr'><strong>ira-</strong></span> 
     </span>
    </p>
   </div>
   <div class='ocr_carea' id='block_1_40' title="bbox 244 2164 1924 2240">
    <p class='ocr_par' dir='ltr' id='par_1_40' title="bbox 244 2164 1924 2240">
     <span class='ocr_line' id='line_1_40' title="bbox 244 2164 1924 2240; baseline -0.001 -15"><span class='ocrx_word' id='word_1_254' title='bbox 244 2168 476 2225; x_wconf 87' lang='lat' dir='ltr'><strong>cundia</strong></span> <span class='ocrx_word' id='word_1_255' title='bbox 507 2167 799 2230; x_wconf 82' lang='lat' dir='ltr'><strong>succensi,</strong></span> <span class='ocrx_word' id='word_1_256' title='bbox 831 2166 1115 2238; x_wconf 87' lang='lat' dir='ltr'><strong>reliquias</strong></span> <span class='ocrx_word' id='word_1_257' title='bbox 1148 2164 1357 2234; x_wconf 90' lang='lat' dir='ltr'><strong>sancti,</strong></span> <span class='ocrx_word' id='word_1_258' title='bbox 1381 2181 1507 2221; x_wconf 88' lang='lat' dir='ltr'><strong>non</strong></span> <span class='ocrx_word' id='word_1_259' title='bbox 1533 2166 1764 2237; x_wconf 89' lang='lat' dir='ltr'><strong>linteos,</strong></span> <span class='ocrx_word' id='word_1_260' title='bbox 1794 2169 1924 2240; x_wconf 88' lang='lat' dir='ltr'><strong>qui-</strong></span> 
     </span>
    </p>
   </div>
   <div class='ocr_carea' id='block_1_41' title="bbox 247 2255 1921 2327">
    <p class='ocr_par' dir='ltr' id='par_1_41' title="bbox 247 2255 1921 2327">
     <span class='ocr_line' id='line_1_41' title="bbox 247 2255 1921 2327; baseline -0.001 -12"><span class='ocrx_word' id='word_1_261' title='bbox 247 2259 369 2315; x_wconf 89' lang='lat' dir='ltr'><strong>bus</strong></span> <span class='ocrx_word' id='word_1_262' title='bbox 393 2257 457 2313; x_wconf 93' lang='lat' dir='ltr'><strong>in</strong></span> <span class='ocrx_word' id='word_1_263' title='bbox 490 2272 600 2313; x_wconf 87' lang='lat' dir='ltr'><strong>sua</strong></span> <span class='ocrx_word' id='word_1_264' title='bbox 624 2256 869 2327; x_wconf 83' lang='lat' dir='ltr'><strong>regione</strong></span> <span class='ocrx_word' id='word_1_265' title='bbox 899 2255 1295 2321; x_wconf 88' lang='lat' dir='ltr'><strong>abundarent,</strong></span> <span class='ocrx_word' id='word_1_266' title='bbox 1331 2271 1395 2310; x_wconf 91' lang='lat' dir='ltr'><strong>se</strong></span> <span class='ocrx_word' id='word_1_267' title='bbox 1425 2257 1723 2326; x_wconf 79' lang='lat' dir='ltr'><strong>expetisse</strong></span> <span class='ocrx_word' id='word_1_268' title='bbox 1759 2257 1921 2313; x_wconf 80' lang='lat' dir='ltr'><strong>dixe-</strong></span> 
     </span>
    </p>
   </div>
   <div class='ocr_carea' id='block_1_42' title="bbox 248 2344 1920 2412">
    <p class='ocr_par' dir='ltr' id='par_1_42' title="bbox 248 2344 1920 2412">
     <span class='ocr_line' id='line_1_42' title="bbox 248 2344 1920 2412; baseline -0.001 -8"><span class='ocrx_word' id='word_1_269' title='bbox 248 2351 414 2404; x_wconf 83' lang='lat' dir='ltr'><strong>runt.</strong></span> <span class='ocrx_word' id='word_1_270' title='bbox 446 2345 677 2412; x_wconf 83' lang='lat' dir='ltr'><strong>Quibus</strong></span> <span class='ocrx_word' id='word_1_271' title='bbox 700 2361 841 2400; x_wconf 90' lang='lat' dir='ltr'><strong>cum</strong></span> <span class='ocrx_word' id='word_1_272' title='bbox 869 2362 905 2401; x_wconf 90' lang='lat' dir='ltr'><strong>a</strong></span> <span class='ocrx_word' id='word_1_273' title='bbox 934 2344 1459 2400; x_wconf 87' lang='lat' dir='ltr'><strong>circumstantibus</strong></span> <span class='ocrx_word' id='word_1_274' title='bbox 1486 2344 1773 2401; x_wconf 87' lang='lat' dir='ltr'><strong>fratribus</strong></span> <span class='ocrx_word' id='word_1_275' title='bbox 1797 2362 1920 2402; x_wconf 91' lang='lat' dir='ltr'><strong>non</strong></span> 
     </span>
    </p>
   </div>
   <div class='ocr_carea' id='block_1_43' title="bbox 246 2434 1918 2507">
    <p class='ocr_par' dir='ltr' id='par_1_43' title="bbox 246 2434 1918 2507">
     <span class='ocr_line' id='line_1_43' title="bbox 246 2434 1918 2507; baseline -0.001 -14"><span class='ocrx_word' id='word_1_276' title='bbox 246 2436 425 2507; x_wconf 66' lang='lat' dir='ltr'><strong>alter,</strong></span> <span class='ocrx_word' id='word_1_277' title='bbox 457 2436 569 2491; x_wconf 90' lang='lat' dir='ltr'><strong>sed</strong></span> <span class='ocrx_word' id='word_1_278' title='bbox 597 2436 649 2490; x_wconf 90' lang='lat' dir='ltr'><strong>is</strong></span> <span class='ocrx_word' id='word_1_279' title='bbox 679 2451 810 2491; x_wconf 89' lang='lat' dir='ltr'><strong>esse</strong></span> <span class='ocrx_word' id='word_1_280' title='bbox 838 2436 1196 2501; x_wconf 83' lang='lat' dir='ltr'><strong>ﬁrmaretur,</strong></span> <span class='ocrx_word' id='word_1_281' title='bbox 1227 2448 1352 2504; x_wconf 89' lang='lat' dir='ltr'><strong>quo</strong></span> <span class='ocrx_word' id='word_1_282' title='bbox 1381 2450 1419 2489; x_wconf 89' lang='lat' dir='ltr'><strong>a</strong></span> <span class='ocrx_word' id='word_1_283' title='bbox 1443 2436 1635 2490; x_wconf 85' lang='lat' dir='ltr'><strong>Roma</strong></span> <span class='ocrx_word' id='word_1_284' title='bbox 1651 2434 1792 2491; x_wconf 90' lang='lat' dir='ltr'><strong>illuc</strong></span> <span class='ocrx_word' id='word_1_285' title='bbox 1819 2453 1918 2491; x_wconf 82' lang='lat' dir='ltr'><strong>us-</strong></span> 
     </span>
    </p>
   </div>
   <div class='ocr_carea' id='block_1_44' title="bbox 244 2521 1921 2598">
    <p class='ocr_par' dir='ltr' id='par_1_44' title="bbox 244 2521 1921 2598">
     <span class='ocr_line' id='line_1_44' title="bbox 244 2521 1921 2598; baseline -0.001 -17"><span class='ocrx_word' id='word_1_286' title='bbox 244 2541 374 2598; x_wconf 85' lang='lat' dir='ltr'><strong>que</strong></span> <span class='ocrx_word' id='word_1_287' title='bbox 402 2526 536 2594; x_wconf 82' lang='lat' dir='ltr'><strong>ejus</strong></span> <span class='ocrx_word' id='word_1_288' title='bbox 579 2524 1028 2580; x_wconf 87' lang='lat' dir='ltr'><strong>sanctissimum</strong></span> <span class='ocrx_word' id='word_1_289' title='bbox 1071 2537 1291 2595; x_wconf 89' lang='lat' dir='ltr'><strong>corpus</strong></span> <span class='ocrx_word' id='word_1_290' title='bbox 1318 2521 1396 2577; x_wconf 90' lang='lat' dir='ltr'><strong>ad</strong></span> <span class='ocrx_word' id='word_1_291' title='bbox 1442 2538 1514 2577; x_wconf 92' lang='lat' dir='ltr'><strong>os</strong></span> <span class='ocrx_word' id='word_1_292' title='bbox 1565 2523 1921 2580; x_wconf 83' lang='lat' dir='ltr'><strong>intrinsecus</strong></span> 
     </span>
    </p>
   </div>
   <div class='ocr_carea' id='block_1_45' title="bbox 248 2610 1924 2679">
    <p class='ocr_par' dir='ltr' id='par_1_45' title="bbox 248 2610 1924 2679">
     <span class='ocr_line' id='line_1_45' title="bbox 248 2610 1924 2679; baseline 0.001 -10"><span class='ocrx_word' id='word_1_293' title='bbox 248 2612 467 2669; x_wconf 76' lang='lat' dir='ltr'><strong>fuisset</strong></span> <span class='ocrx_word' id='word_1_294' title='bbox 491 2612 845 2679; x_wconf 83' lang='lat' dir='ltr'><strong>obductum,</strong></span> <span class='ocrx_word' id='word_1_295' title='bbox 873 2612 1039 2668; x_wconf 91' lang='lat' dir='ltr'><strong>nulla</strong></span> <span class='ocrx_word' id='word_1_296' title='bbox 1075 2611 1305 2667; x_wconf 86' lang='lat' dir='ltr'><strong>ratione</strong></span> <span class='ocrx_word' id='word_1_297' title='bbox 1324 2610 1409 2666; x_wconf 88' lang='lat' dir='ltr'><strong>eis</strong></span> <span class='ocrx_word' id='word_1_298' title='bbox 1438 2611 1808 2668; x_wconf 86' lang='lat' dir='ltr'><strong>satisfactum</strong></span> <span class='ocrx_word' id='word_1_299' title='bbox 1830 2618 1924 2670; x_wconf 87' lang='lat' dir='ltr'><strong>est</strong></span> 
     </span>
    </p>
   </div>
   <div class='ocr_carea' id='block_1_46' title="bbox 248 2699 1916 2774">
    <p class='ocr_par' dir='ltr' id='par_1_46' title="bbox 248 2699 1916 2774">
     <span class='ocr_line' id='line_1_46' title="bbox 248 2699 1916 2774; baseline 0.001 -17"><span class='ocrx_word' id='word_1_300' title='bbox 248 2708 323 2758; x_wconf 88' lang='lat' dir='ltr'><strong>ut</strong></span> <span class='ocrx_word' id='word_1_301' title='bbox 340 2702 491 2757; x_wconf 90' lang='lat' dir='ltr'><strong>illud</strong></span> <span class='ocrx_word' id='word_1_302' title='bbox 520 2699 1677 2774; x_wconf 76' lang='lat' dir='ltr'><strong>reciperent.Audistis,iuquiunt,domni</strong></span> <span class='ocrx_word' id='word_1_303' title='bbox 1696 2704 1916 2772; x_wconf 87' lang='lat' dir='ltr'><strong>Patres,</strong></span> 
     </span>
    </p>
   </div>
   <div class='ocr_carea' id='block_1_47' title="bbox 242 2788 1917 2862">
    <p class='ocr_par' dir='ltr' id='par_1_47' title="bbox 242 2788 1917 2862">
     <span class='ocr_line' id='line_1_47' title="bbox 242 2788 1917 2862; baseline 0.001 -16"><span class='ocrx_word' id='word_1_304' title='bbox 242 2793 380 2862; x_wconf 84' lang='lat' dir='ltr'><strong>jam</strong></span> <span class='ocrx_word' id='word_1_305' title='bbox 432 2795 559 2846; x_wconf 85' lang='lat' dir='ltr'><strong>toto</strong></span> <span class='ocrx_word' id='word_1_306' title='bbox 612 2790 746 2846; x_wconf 87' lang='lat' dir='ltr'><strong>orbi</strong></span> <span class='ocrx_word' id='word_1_307' title='bbox 773 2790 1154 2846; x_wconf 85' lang='lat' dir='ltr'><strong>notissimam</strong></span> <span class='ocrx_word' id='word_1_308' title='bbox 1197 2788 1619 2844; x_wconf 86' lang='lat' dir='ltr'><strong>confusionem</strong></span> <span class='ocrx_word' id='word_1_309' title='bbox 1648 2795 1917 2847; x_wconf 88' lang='lat' dir='ltr'><strong>nostram</strong></span> 
     </span>
    </p>
   </div>
   <div class='ocr_carea' id='block_1_48' title="bbox 246 2876 1990 2956">
    <p class='ocr_par' dir='ltr' id='par_1_48' title="bbox 246 2876 1990 2956">
     <span class='ocr_line' id='line_1_48' title="bbox 246 2876 1990 2956; baseline 0 -21"><span class='ocrx_word' id='word_1_310' title='bbox 246 2896 441 2953; x_wconf 83' lang='lat' dir='ltr'><strong>quam</strong></span> <span class='ocrx_word' id='word_1_311' title='bbox 473 2883 672 2935; x_wconf 89' lang='lat' dir='ltr'><strong>vestro</strong></span> <span class='ocrx_word' id='word_1_312' title='bbox 702 2878 997 2935; x_wconf 82' lang='lat' dir='ltr'><strong>beneficio</strong></span> <span class='ocrx_word' id='word_1_313' title='bbox 1055 2876 1490 2935; x_wconf 64' lang='lat' dir='ltr'><strong>aestimavimus</strong></span> <span class='ocrx_word' id='word_1_314' title='bbox 1541 2877 1913 2935; x_wconf 89' lang='lat' dir='ltr'><strong>diluendam.</strong></span> <span class='ocrx_word' id='word_1_315' title='bbox 1950 2902 1990 2956; x_wconf 74' lang='grc' dir='ltr'>ο</span> 
     </span>
    </p>
   </div>
   <div class='ocr_carea' id='block_1_49' title="bbox 249 2968 1920 3026">
    <p class='ocr_par' dir='ltr' id='par_1_49' title="bbox 249 2968 1920 3026">
     <span class='ocr_line' id='line_1_49' title="bbox 249 2968 1920 3026; baseline 0.002 -4"><span class='ocrx_word' id='word_1_316' title='bbox 249 2976 373 3025; x_wconf 67' lang='grc' dir='ltr'><strong>ιλιιιι</strong></span> <span class='ocrx_word' id='word_1_317' title='bbox 398 2970 715 3026; x_wconf 84' lang='lat' dir='ltr'><strong>inhonesta</strong></span> <span class='ocrx_word' id='word_1_318' title='bbox 745 2973 951 3025; x_wconf 90' lang='lat' dir='ltr'><strong>nostra</strong></span> <span class='ocrx_word' id='word_1_319' title='bbox 977 2968 1265 3024; x_wconf 90' lang='lat' dir='ltr'><strong>innovare</strong></span> <span class='ocrx_word' id='word_1_320' title='bbox 1331 2968 1637 3023; x_wconf 88' lang='lat' dir='ltr'><strong>conamini</strong></span> <span class='ocrx_word' id='word_1_321' title='bbox 1667 2969 1695 3023; x_wconf 86' lang='lat'><strong>?</strong></span> <span class='ocrx_word' id='word_1_322' title='bbox 1742 2969 1920 3026; x_wconf 89' lang='lat' dir='ltr'><strong>liceat</strong></span> 
     </span>
    </p>
   </div>
   <div class='ocr_carea' id='block_1_50' title="bbox 246 3056 1920 3132">
    <p class='ocr_par' dir='ltr' id='par_1_50' title="bbox 246 3056 1920 3132">
     <span class='ocr_line' id='line_1_50' title="bbox 246 3056 1920 3132; baseline -0.001 -17"><span class='ocrx_word' id='word_1_323' title='bbox 246 3075 364 3116; x_wconf 82' lang='lat' dir='ltr'><strong>nos</strong></span> <span class='ocrx_word' id='word_1_324' title='bbox 394 3064 592 3115; x_wconf 87' lang='lat' dir='ltr'><strong>vestra</strong></span> <span class='ocrx_word' id='word_1_325' title='bbox 614 3075 754 3115; x_wconf 90' lang='lat' dir='ltr'><strong>cum</strong></span> <span class='ocrx_word' id='word_1_326' title='bbox 785 3058 976 3128; x_wconf 88' lang='lat' dir='ltr'><strong>gratia</strong></span> <span class='ocrx_word' id='word_1_327' title='bbox 1002 3057 1265 3132; x_wconf 88' lang='lat' dir='ltr'><strong>patriam</strong></span> <span class='ocrx_word' id='word_1_328' title='bbox 1296 3072 1421 3112; x_wconf 92' lang='lat' dir='ltr'><strong>non</strong></span> <span class='ocrx_word' id='word_1_329' title='bbox 1440 3056 1807 3125; x_wconf 80' lang='lat' dir='ltr'><strong>ingeminata</strong></span> <span class='ocrx_word' id='word_1_330' title='bbox 1830 3058 1920 3114; x_wconf 90' lang='lat' dir='ltr'><strong>lu-</strong></span> 
     </span>
    </p>
   </div>
   <div class='ocr_carea' id='block_1_51' title="bbox 246 3145 1916 3219">
    <p class='ocr_par' dir='ltr' id='par_1_51' title="bbox 246 3145 1916 3219">
     <span class='ocr_line' id='line_1_51' title="bbox 246 3145 1916 3219; baseline -0.001 -14"><span class='ocrx_word' id='word_1_331' title='bbox 246 3148 471 3210; x_wconf 88' lang='lat' dir='ltr'><strong>dibrio,</strong></span> <span class='ocrx_word' id='word_1_332' title='bbox 499 3149 581 3205; x_wconf 89' lang='lat' dir='ltr'><strong>ita</strong></span> <span class='ocrx_word' id='word_1_333' title='bbox 610 3152 675 3203; x_wconf 91' lang='lat' dir='ltr'><strong>ut</strong></span> <span class='ocrx_word' id='word_1_334' title='bbox 700 3149 1000 3217; x_wconf 89' lang='lat' dir='ltr'><strong>venimus,</strong></span> <span class='ocrx_word' id='word_1_335' title='bbox 1014 3145 1329 3219; x_wconf 83' lang='lat' dir='ltr'><strong>expeditos</strong></span> <span class='ocrx_word' id='word_1_336' title='bbox 1351 3145 1562 3202; x_wconf 90' lang='lat' dir='ltr'><strong>redire.</strong></span> <span class='ocrx_word' id='word_1_337' title='bbox 1583 3146 1916 3218; x_wconf 82' lang='lat' dir='ltr'><strong>Rodoinus,</strong></span> 
     </span>
    </p>
   </div>
   <div class='ocr_carea' id='block_1_52' title="bbox 250 3226 1918 3303">
    <p class='ocr_par' dir='ltr' id='par_1_52' title="bbox 250 3226 1918 3303">
     <span class='ocr_line' id='line_1_52' title="bbox 250 3226 1918 3303; baseline -0.001 -10"><span class='ocrx_word' id='word_1_338' title='bbox 250 3226 584 3297; x_wconf 87' lang='lat' dir='ltr'><strong>concitatos</strong></span> <span class='ocrx_word' id='word_1_339' title='bbox 597 3235 839 3291; x_wconf 89' lang='lat' dir='ltr'><strong>illorum</strong></span> <span class='ocrx_word' id='word_1_340' title='bbox 866 3240 1075 3292; x_wconf 88' lang='lat' dir='ltr'><strong>contra</strong></span> <span class='ocrx_word' id='word_1_341' title='bbox 1095 3250 1156 3290; x_wconf 91' lang='lat' dir='ltr'><strong>se</strong></span> <span class='ocrx_word' id='word_1_342' title='bbox 1170 3234 1408 3290; x_wconf 85' lang='lat' dir='ltr'><strong>animos</strong></span> <span class='ocrx_word' id='word_1_343' title='bbox 1428 3234 1666 3303; x_wconf 89' lang='lat' dir='ltr'><strong>videns,</strong></span> <span class='ocrx_word' id='word_1_344' title='bbox 1697 3250 1806 3291; x_wconf 91' lang='lat' dir='ltr'><strong>nec</strong></span> <span class='ocrx_word' id='word_1_345' title='bbox 1829 3251 1918 3291; x_wconf 90' lang='lat' dir='ltr'><strong>sa-</strong></span> 
     </span>
    </p>
   </div>
   <div class='ocr_carea' id='block_1_53' title="bbox 252 3322 1919 3395">
    <p class='ocr_par' dir='ltr' id='par_1_53' title="bbox 252 3322 1919 3395">
     <span class='ocr_line' id='line_1_53' title="bbox 252 3322 1919 3395; baseline -0.002 -12"><span class='ocrx_word' id='word_1_346' title='bbox 252 3325 650 3383; x_wconf 82' lang='lat' dir='ltr'><strong>tisfactionem</strong></span> <span class='ocrx_word' id='word_1_347' title='bbox 675 3340 853 3395; x_wconf 88' lang='lat' dir='ltr'><strong>agere</strong></span> <span class='ocrx_word' id='word_1_348' title='bbox 879 3325 1023 3381; x_wconf 87' lang='lat' dir='ltr'><strong>satis</strong></span> <span class='ocrx_word' id='word_1_349' title='bbox 1077 3338 1324 3392; x_wconf 86' lang='lat' dir='ltr'><strong>curans,</strong></span> <span class='ocrx_word' id='word_1_350' title='bbox 1373 3322 1622 3379; x_wconf 89' lang='lat' dir='ltr'><strong>linteum</strong></span> <span class='ocrx_word' id='word_1_351' title='bbox 1671 3323 1919 3392; x_wconf 89' lang='lat' dir='ltr'><strong>diligen-</strong></span> 
     </span>
    </p>
   </div>
   <div class='ocr_carea' id='block_1_54' title="bbox 253 3410 1916 3486">
    <p class='ocr_par' dir='ltr' id='par_1_54' title="bbox 253 3410 1916 3486">
     <span class='ocr_line' id='line_1_54' title="bbox 253 3410 1916 3486; baseline -0.001 -16"><span class='ocrx_word' id='word_1_352' title='bbox 253 3415 373 3470; x_wconf 84' lang='lat' dir='ltr'><strong>tius</strong></span> <span class='ocrx_word' id='word_1_353' title='bbox 398 3413 698 3486; x_wconf 86' lang='lat' dir='ltr'><strong>replicans</strong></span> <span class='ocrx_word' id='word_1_354' title='bbox 721 3413 934 3468; x_wconf 87' lang='lat' dir='ltr'><strong>cistula</strong></span> <span class='ocrx_word' id='word_1_355' title='bbox 963 3410 1271 3480; x_wconf 77' lang='lat' dir='ltr'><strong>recolligit,</strong></span> <span class='ocrx_word' id='word_1_356' title='bbox 1294 3425 1419 3466; x_wconf 87' lang='lat' dir='ltr'><strong>non</strong></span> <span class='ocrx_word' id='word_1_357' title='bbox 1442 3410 1525 3468; x_wconf 90' lang='lat' dir='ltr'><strong>ita</strong></span> <span class='ocrx_word' id='word_1_358' title='bbox 1576 3428 1637 3467; x_wconf 91' lang='lat' dir='ltr'><strong>se</strong></span> <span class='ocrx_word' id='word_1_359' title='bbox 1687 3411 1916 3469; x_wconf 88' lang='lat' dir='ltr'><strong>domini</strong></span> 
     </span>
    </p>
   </div>
   <div class='ocr_carea' id='block_1_55' title="bbox 254 3500 1917 3575">
    <p class='ocr_par' dir='ltr' id='par_1_55' title="bbox 254 3500 1917 3575">
     <span class='ocr_line' id='line_1_55' title="bbox 254 3500 1917 3575; baseline -0.002 -15"><span class='ocrx_word' id='word_1_360' title='bbox 254 3503 349 3560; x_wconf 89' lang='lat' dir='ltr'><strong>sui</strong></span> <span class='ocrx_word' id='word_1_361' title='bbox 367 3502 730 3575; x_wconf 82' lang='lat' dir='ltr'><strong>vilipendere</strong></span> <span class='ocrx_word' id='word_1_362' title='bbox 752 3503 1018 3571; x_wconf 88' lang='lat' dir='ltr'><strong>tegmina</strong></span> <span class='ocrx_word' id='word_1_363' title='bbox 1047 3501 1274 3565; x_wconf 88' lang='lat' dir='ltr'><strong>dicens,</strong></span> <span class='ocrx_word' id='word_1_364' title='bbox 1300 3500 1600 3573; x_wconf 85' lang='lat' dir='ltr'><strong>simulque</strong></span> <span class='ocrx_word' id='word_1_365' title='bbox 1629 3500 1917 3571; x_wconf 87' lang='lat' dir='ltr'><strong>adjiciens</strong></span> 
     </span>
    </p>
   </div>
   <div class='ocr_carea' id='block_1_56' title="bbox 252 3590 1917 3666">
    <p class='ocr_par' dir='ltr' id='par_1_56' title="bbox 252 3590 1917 3666">
     <span class='ocr_line' id='line_1_56' title="bbox 252 3590 1917 3666; baseline -0.002 -18"><span class='ocrx_word' id='word_1_366' title='bbox 252 3593 566 3666; x_wconf 87' lang='lat' dir='ltr'><strong>quoniam,</strong></span> <span class='ocrx_word' id='word_1_367' title='bbox 598 3592 730 3648; x_wconf 88' lang='lat' dir='ltr'><strong>aliis</strong></span> <span class='ocrx_word' id='word_1_368' title='bbox 760 3592 983 3664; x_wconf 87' lang='lat' dir='ltr'><strong>quibus</strong></span> <span class='ocrx_word' id='word_1_369' title='bbox 1028 3592 1090 3647; x_wconf 89' lang='lat' dir='ltr'><strong>in</strong></span> <span class='ocrx_word' id='word_1_370' title='bbox 1139 3595 1379 3664; x_wconf 87' lang='lat' dir='ltr'><strong>pectore</strong></span> <span class='ocrx_word' id='word_1_371' title='bbox 1424 3590 1725 3646; x_wconf 87' lang='lat' dir='ltr'><strong>robustior</strong></span> <span class='ocrx_word' id='word_1_372' title='bbox 1765 3590 1917 3646; x_wconf 84' lang='lat' dir='ltr'><strong>ﬁdes</strong></span> 
     </span>
    </p>
   </div>
   <div class='ocr_carea' id='block_1_57' title="bbox 252 3674 1916 3748">
    <p class='ocr_par' dir='ltr' id='par_1_57' title="bbox 252 3674 1916 3748">
     <span class='ocr_line' id='line_1_57' title="bbox 252 3674 1916 3748; baseline -0.001 -10"><span class='ocrx_word' id='word_1_373' title='bbox 252 3682 496 3748; x_wconf 86' lang='lat' dir='ltr'><strong>valeret,</strong></span> <span class='ocrx_word' id='word_1_374' title='bbox 527 3681 716 3738; x_wconf 89' lang='lat' dir='ltr'><strong>satius</strong></span> <span class='ocrx_word' id='word_1_375' title='bbox 740 3674 840 3737; x_wconf 84' lang='lat' dir='ltr'><strong>his</strong></span> <span class='ocrx_word' id='word_1_376' title='bbox 860 3680 1296 3737; x_wconf 81' lang='lat' dir='ltr'><strong>communicari</strong></span> <span class='ocrx_word' id='word_1_377' title='bbox 1324 3679 1631 3735; x_wconf 86' lang='lat' dir='ltr'><strong>deberent.</strong></span> <span class='ocrx_word' id='word_1_378' title='bbox 1659 3678 1745 3734; x_wconf 90' lang='lat' dir='ltr'><strong>llli</strong></span> <span class='ocrx_word' id='word_1_379' title='bbox 1775 3695 1916 3736; x_wconf 90' lang='lat' dir='ltr'><strong>vero</strong></span> 
     </span>
    </p>
   </div>
   <div class='ocr_carea' id='block_1_58' title="bbox 250 3767 1916 3828">
    <p class='ocr_par' dir='ltr' id='par_1_58' title="bbox 250 3767 1916 3828">
     <span class='ocr_line' id='line_1_58' title="bbox 250 3767 1916 3828; baseline -0.001 -1"><span class='ocrx_word' id='word_1_380' title='bbox 250 3787 326 3828; x_wconf 89' lang='lat' dir='ltr'><strong>eo</strong></span> <span class='ocrx_word' id='word_1_381' title='bbox 355 3770 581 3826; x_wconf 88' lang='lat' dir='ltr'><strong>ibidem</strong></span> <span class='ocrx_word' id='word_1_382' title='bbox 608 3770 706 3827; x_wconf 90' lang='lat' dir='ltr'><strong>die</strong></span> <span class='ocrx_word' id='word_1_383' title='bbox 735 3769 1091 3826; x_wconf 88' lang='lat' dir='ltr'><strong>commorati</strong></span> <span class='ocrx_word' id='word_1_384' title='bbox 1122 3772 1431 3825; x_wconf 88' lang='lat' dir='ltr'><strong>cernentes</strong></span> <span class='ocrx_word' id='word_1_385' title='bbox 1457 3767 1542 3823; x_wconf 90' lang='lat' dir='ltr'><strong>nil</strong></span> <span class='ocrx_word' id='word_1_386' title='bbox 1567 3784 1630 3824; x_wconf 89' lang='lat' dir='ltr'><strong>se</strong></span> <span class='ocrx_word' id='word_1_387' title='bbox 1680 3767 1743 3823; x_wconf 92' lang='lat' dir='ltr'><strong>in</strong></span> <span class='ocrx_word' id='word_1_388' title='bbox 1799 3768 1916 3825; x_wconf 91' lang='lat' dir='ltr'><strong>hoc</strong></span> 
     </span>
    </p>
   </div>
   <div class='ocr_carea' id='block_1_59' title="bbox 253 3855 1913 3932">
    <p class='ocr_par' dir='ltr' id='par_1_59' title="bbox 253 3855 1913 3932">
     <span class='ocr_line' id='line_1_59' title="bbox 253 3855 1913 3932; baseline -0.001 -19"><span class='ocrx_word' id='word_1_389' title='bbox 253 3859 412 3915; x_wconf 85' lang='lat' dir='ltr'><strong>facto</strong></span> <span class='ocrx_word' id='word_1_390' title='bbox 438 3858 781 3931; x_wconf 77' lang='lat' dir='ltr'><strong>profecisse,</strong></span> <span class='ocrx_word' id='word_1_391' title='bbox 799 3857 1174 3932; x_wconf 74' lang='lat' dir='ltr'><strong>paenitudine</strong></span> <span class='ocrx_word' id='word_1_392' title='bbox 1203 3857 1318 3913; x_wconf 86' lang='lat' dir='ltr'><strong>acti</strong></span> <span class='ocrx_word' id='word_1_393' title='bbox 1344 3855 1680 3912; x_wconf 88' lang='lat' dir='ltr'><strong>senioribus</strong></span> <span class='ocrx_word' id='word_1_394' title='bbox 1709 3855 1913 3912; x_wconf 85' lang='lat' dir='ltr'><strong>accitis</strong></span> 
     </span>
    </p>
   </div>
   <div class='ocr_carea' id='block_1_60' title="bbox 250 3945 1914 4020">
    <p class='ocr_par' dir='ltr' id='par_1_60' title="bbox 250 3945 1914 4020">
     <span class='ocr_line' id='line_1_60' title="bbox 250 3945 1914 4020; baseline -0.001 -17"><span class='ocrx_word' id='word_1_395' title='bbox 250 3948 556 4020; x_wconf 82' lang='lat' dir='ltr'><strong>supplices</strong></span> <span class='ocrx_word' id='word_1_396' title='bbox 578 3948 972 4006; x_wconf 83' lang='lat' dir='ltr'><strong>obsecravere</strong></span> <span class='ocrx_word' id='word_1_397' title='bbox 1010 3950 1311 4020; x_wconf 87' lang='lat' dir='ltr'><strong>quatenus</strong></span> <span class='ocrx_word' id='word_1_398' title='bbox 1360 3961 1475 4018; x_wconf 88' lang='lat' dir='ltr'><strong>pro</strong></span> <span class='ocrx_word' id='word_1_399' title='bbox 1527 3945 1615 4002; x_wconf 90' lang='lat' dir='ltr'><strong>eis</strong></span> <span class='ocrx_word' id='word_1_400' title='bbox 1666 3949 1914 4017; x_wconf 88' lang='lat' dir='ltr'><strong>paterna</strong></span> 
     </span>
    </p>
   </div>
   <div class='ocr_carea' id='block_1_61' title="bbox 247 4034 1914 4110">
    <p class='ocr_par' dir='ltr' id='par_1_61' title="bbox 247 4034 1914 4110">
     <span class='ocr_line' id='line_1_61' title="bbox 247 4034 1914 4110; baseline -0.001 -17"><span class='ocrx_word' id='word_1_401' title='bbox 247 4037 470 4110; x_wconf 82' lang='lat' dir='ltr'><strong>pietate</strong></span> <span class='ocrx_word' id='word_1_402' title='bbox 498 4036 664 4109; x_wconf 88' lang='lat' dir='ltr'><strong>apud</strong></span> <span class='ocrx_word' id='word_1_403' title='bbox 709 4037 909 4092; x_wconf 88' lang='lat' dir='ltr'><strong>virum</strong></span> <span class='ocrx_word' id='word_1_404' title='bbox 961 4036 1382 4092; x_wconf 87' lang='lat' dir='ltr'><strong>intercessores</strong></span> <span class='ocrx_word' id='word_1_405' title='bbox 1436 4034 1773 4101; x_wconf 83' lang='lat' dir='ltr'><strong>existerent,</strong></span> <span class='ocrx_word' id='word_1_406' title='bbox 1838 4050 1914 4091; x_wconf 91' lang='lat' dir='ltr'><strong>ne</strong></span> 
     </span>
    </p>
   </div>
   <div class='ocr_carea' id='block_1_62' title="bbox 248 4123 1913 4193">
    <p class='ocr_par' dir='ltr' id='par_1_62' title="bbox 248 4123 1913 4193">
     <span class='ocr_line' id='line_1_62' title="bbox 248 4123 1913 4193; baseline -0.004 -10"><span class='ocrx_word' id='word_1_407' title='bbox 248 4132 378 4183; x_wconf 84' lang='lat' dir='ltr'><strong>tam</strong></span> <span class='ocrx_word' id='word_1_408' title='bbox 409 4125 598 4181; x_wconf 89' lang='lat' dir='ltr'><strong>tristes</strong></span> <span class='ocrx_word' id='word_1_409' title='bbox 622 4130 679 4181; x_wconf 91' lang='lat' dir='ltr'><strong>et</strong></span> <span class='ocrx_word' id='word_1_410' title='bbox 708 4124 881 4181; x_wconf 90' lang='lat' dir='ltr'><strong>vacui</strong></span> <span class='ocrx_word' id='word_1_411' title='bbox 911 4125 972 4181; x_wconf 91' lang='lat' dir='ltr'><strong>in</strong></span> <span class='ocrx_word' id='word_1_412' title='bbox 1005 4140 1115 4181; x_wconf 88' lang='lat' dir='ltr'><strong>sua</strong></span> <span class='ocrx_word' id='word_1_413' title='bbox 1141 4140 1178 4180; x_wconf 91' lang='lat' dir='ltr'><strong>a</strong></span> <span class='ocrx_word' id='word_1_414' title='bbox 1206 4128 1412 4180; x_wconf 88' lang='lat' dir='ltr'><strong>sancto</strong></span> <span class='ocrx_word' id='word_1_415' title='bbox 1438 4123 1537 4179; x_wconf 89' lang='lat' dir='ltr'><strong>illo</strong></span> <span class='ocrx_word' id='word_1_416' title='bbox 1565 4123 1698 4179; x_wconf 91' lang='lat' dir='ltr'><strong>loco</strong></span> <span class='ocrx_word' id='word_1_417' title='bbox 1719 4138 1913 4193; x_wconf 85' lang='lat' dir='ltr'><strong>regre-</strong></span> 
     </span>
    </p>
   </div>
   <div class='ocr_carea' id='block_1_63' title="bbox 247 4210 1909 4288">
    <p class='ocr_par' dir='ltr' id='par_1_63' title="bbox 247 4210 1909 4288">
     <span class='ocr_line' id='line_1_63' title="bbox 247 4210 1909 4288; baseline -0.002 -17"><span class='ocrx_word' id='word_1_418' title='bbox 247 4214 313 4271; x_wconf 91' lang='lat' dir='ltr'><strong>di</strong></span> <span class='ocrx_word' id='word_1_419' title='bbox 344 4219 708 4288; x_wconf 87' lang='lat' dir='ltr'><strong>paterentur.</strong></span> <span class='ocrx_word' id='word_1_420' title='bbox 767 4219 838 4270; x_wconf 83' lang='lat' dir='ltr'><strong>At</strong></span> <span class='ocrx_word' id='word_1_421' title='bbox 877 4213 1183 4270; x_wconf 81' lang='lat' dir='ltr'><strong>Rodoinus</strong></span> <span class='ocrx_word' id='word_1_422' title='bbox 1218 4230 1464 4270; x_wconf 90' lang='lat' dir='ltr'><strong>suorum</strong></span> <span class='ocrx_word' id='word_1_423' title='bbox 1496 4210 1775 4286; x_wconf 87' lang='lat' dir='ltr'><strong>precibus</strong></span> <span class='ocrx_word' id='word_1_424' title='bbox 1804 4210 1909 4268; x_wconf 89' lang='lat' dir='ltr'><strong>ﬂe-</strong></span> 
     </span>
    </p>
   </div>
   <div class='ocr_carea' id='block_1_64' title="bbox 246 4300 1909 4377">
    <p class='ocr_par' dir='ltr' id='par_1_64' title="bbox 246 4300 1909 4377">
     <span class='ocr_line' id='line_1_64' title="bbox 246 4300 1909 4377; baseline -0.001 -17"><span class='ocrx_word' id='word_1_425' title='bbox 246 4320 386 4372; x_wconf 71' lang='lat' dir='ltr'><strong>xus,</strong></span> <span class='ocrx_word' id='word_1_426' title='bbox 418 4319 545 4361; x_wconf 84' lang='lat' dir='ltr'><strong>non</strong></span> <span class='ocrx_word' id='word_1_427' title='bbox 574 4307 763 4360; x_wconf 89' lang='lat' dir='ltr'><strong>totum</strong></span> <span class='ocrx_word' id='word_1_428' title='bbox 790 4309 852 4360; x_wconf 91' lang='lat' dir='ltr'><strong>ut</strong></span> <span class='ocrx_word' id='word_1_429' title='bbox 881 4303 1068 4377; x_wconf 91' lang='lat' dir='ltr'><strong>prius,</strong></span> <span class='ocrx_word' id='word_1_430' title='bbox 1100 4302 1211 4360; x_wconf 89' lang='lat' dir='ltr'><strong>sed</strong></span> <span class='ocrx_word' id='word_1_431' title='bbox 1251 4308 1485 4376; x_wconf 89' lang='lat' dir='ltr'><strong>partem</strong></span> <span class='ocrx_word' id='word_1_432' title='bbox 1528 4300 1909 4359; x_wconf 88' lang='lat' dir='ltr'><strong>sacerdotum</strong></span> 
     </span>
    </p>
   </div>
   <div class='ocr_carea' id='block_1_65' title="bbox 244 4390 1909 4462">
    <p class='ocr_par' dir='ltr' id='par_1_65' title="bbox 244 4390 1909 4462">
     <span class='ocr_line' id='line_1_65' title="bbox 244 4390 1909 4462; baseline -0.001 -14"><span class='ocrx_word' id='word_1_433' title='bbox 244 4391 539 4448; x_wconf 85' lang='lat' dir='ltr'><strong>manibus</strong></span> <span class='ocrx_word' id='word_1_434' title='bbox 584 4394 806 4448; x_wconf 88' lang='lat' dir='ltr'><strong>sectam</strong></span> <span class='ocrx_word' id='word_1_435' title='bbox 864 4390 1071 4461; x_wconf 90' lang='lat' dir='ltr'><strong>largiri</strong></span> <span class='ocrx_word' id='word_1_436' title='bbox 1108 4390 1302 4462; x_wconf 84' lang='lat' dir='ltr'><strong>jussit.</strong></span> <span class='ocrx_word' id='word_1_437' title='bbox 1367 4394 1559 4456; x_wconf 86' lang='lat' dir='ltr'><strong>Quam</strong></span> <span class='ocrx_word' id='word_1_438' title='bbox 1583 4390 1664 4446; x_wconf 89' lang='lat' dir='ltr'><strong>illi</strong></span> <span class='ocrx_word' id='word_1_439' title='bbox 1721 4390 1909 4447; x_wconf 90' lang='lat' dir='ltr'><strong>multo</strong></span> 
     </span>
    </p>
   </div>
   <div class='ocr_carea' id='block_1_66' title="bbox 243 4479 1911 4554">
    <p class='ocr_par' dir='ltr' id='par_1_66' title="bbox 243 4479 1911 4554">
     <span class='ocr_line' id='line_1_66' title="bbox 243 4479 1911 4554; baseline -0.001 -18"><span class='ocrx_word' id='word_1_440' title='bbox 243 4480 573 4554; x_wconf 84' lang='lat' dir='ltr'><strong>gratiosius</strong></span> <span class='ocrx_word' id='word_1_441' title='bbox 602 4496 786 4553; x_wconf 88' lang='lat' dir='ltr'><strong>quam</strong></span> <span class='ocrx_word' id='word_1_442' title='bbox 817 4483 952 4537; x_wconf 88' lang='lat' dir='ltr'><strong>ante</strong></span> <span class='ocrx_word' id='word_1_443' title='bbox 984 4480 1212 4537; x_wconf 85' lang='lat' dir='ltr'><strong>devotis</strong></span> <span class='ocrx_word' id='word_1_444' title='bbox 1236 4479 1376 4536; x_wconf 85' lang='lat' dir='ltr'><strong>ﬁdei</strong></span> <span class='ocrx_word' id='word_1_445' title='bbox 1405 4479 1703 4553; x_wconf 83' lang='lat' dir='ltr'><strong>mysteriis</strong></span> <span class='ocrx_word' id='word_1_446' title='bbox 1757 4480 1911 4536; x_wconf 77' lang='lat' dir='ltr'><strong>exci-</strong></span> 
     </span>
    </p>
   </div>
   <div class='ocr_carea' id='block_1_67' title="bbox 240 4568 1912 4645">
    <p class='ocr_par' dir='ltr' id='par_1_67' title="bbox 240 4568 1912 4645">
     <span class='ocr_line' id='line_1_67' title="bbox 240 4568 1912 4645; baseline -0.001 -18"><span class='ocrx_word' id='word_1_447' title='bbox 240 4569 505 4645; x_wconf 80' lang='lat' dir='ltr'><strong>pientes,</strong></span> <span class='ocrx_word' id='word_1_448' title='bbox 537 4574 593 4626; x_wconf 90' lang='lat' dir='ltr'><strong>et</strong></span> <span class='ocrx_word' id='word_1_449' title='bbox 616 4570 943 4626; x_wconf 86' lang='lat' dir='ltr'><strong>honorifice</strong></span> <span class='ocrx_word' id='word_1_450' title='bbox 974 4572 1313 4644; x_wconf 64' lang='lat' dir='ltr'><strong>praeparato</strong></span> <span class='ocrx_word' id='word_1_451' title='bbox 1347 4568 1565 4625; x_wconf 88' lang='lat' dir='ltr'><strong>sacello</strong></span> <span class='ocrx_word' id='word_1_452' title='bbox 1620 4584 1912 4641; x_wconf 87' lang='lat' dir='ltr'><strong>reponen-</strong></span> 
     </span>
    </p>
   </div>
   <div class='ocr_carea' id='block_1_68' title="bbox 243 4659 1909 4731">
    <p class='ocr_par' dir='ltr' id='par_1_68' title="bbox 243 4659 1909 4731">
     <span class='ocr_line' id='line_1_68' title="bbox 243 4659 1909 4731; baseline -0.001 -15"><span class='ocrx_word' id='word_1_453' title='bbox 243 4667 363 4723; x_wconf 82' lang='lat' dir='ltr'><strong>tes,</strong></span> <span class='ocrx_word' id='word_1_454' title='bbox 386 4660 706 4721; x_wconf 78' lang='lat' dir='ltr'><strong>missarum</strong></span> <span class='ocrx_word' id='word_1_455' title='bbox 734 4660 1038 4717; x_wconf 87' lang='lat' dir='ltr'><strong>solemniis</strong></span> <span class='ocrx_word' id='word_1_456' title='bbox 1063 4661 1306 4719; x_wconf 88' lang='lat' dir='ltr'><strong>nomine</strong></span> <span class='ocrx_word' id='word_1_457' title='bbox 1322 4660 1604 4731; x_wconf 87' lang='lat' dir='ltr'><strong>martyris</strong></span> <span class='ocrx_word' id='word_1_458' title='bbox 1624 4659 1731 4715; x_wconf 90' lang='lat' dir='ltr'><strong>rite</strong></span> <span class='ocrx_word' id='word_1_459' title='bbox 1755 4660 1909 4715; x_wconf 90' lang='lat' dir='ltr'><strong>cele-</strong></span> 
     </span>
    </p>
   </div>
   <div class='ocr_carea' id='block_1_69' title="bbox 242 4748 1908 4822">
    <p class='ocr_par' dir='ltr' id='par_1_69' title="bbox 242 4748 1908 4822">
     <span class='ocr_line' id='line_1_69' title="bbox 242 4748 1908 4822; baseline 0 -17"><span class='ocrx_word' id='word_1_460' title='bbox 242 4749 459 4816; x_wconf 75' lang='lat' dir='ltr'><strong>bratis,</strong></span> <span class='ocrx_word' id='word_1_461' title='bbox 493 4749 767 4821; x_wconf 82' lang='lat' dir='ltr'><strong>religiosa</strong></span> <span class='ocrx_word' id='word_1_462' title='bbox 789 4766 994 4806; x_wconf 90' lang='lat' dir='ltr'><strong>secum</strong></span> <span class='ocrx_word' id='word_1_463' title='bbox 1042 4749 1410 4822; x_wconf 87' lang='lat' dir='ltr'><strong>hymnorum</strong></span> <span class='ocrx_word' id='word_1_464' title='bbox 1468 4748 1743 4803; x_wconf 89' lang='lat' dir='ltr'><strong>melodiis</strong></span> <span class='ocrx_word' id='word_1_465' title='bbox 1790 4748 1908 4805; x_wconf 84' lang='lat' dir='ltr'><strong>fra-</strong></span> 
     </span>
    </p>
   </div>
   <div class='ocr_carea' id='block_1_70' title="bbox 246 4837 1905 4910">
    <p class='ocr_par' dir='ltr' id='par_1_70' title="bbox 246 4837 1905 4910">
     <span class='ocr_line' id='line_1_70' title="bbox 246 4837 1905 4910; baseline -0.001 -14"><span class='ocrx_word' id='word_1_466' title='bbox 246 4845 415 4896; x_wconf 86' lang='lat' dir='ltr'><strong>trum</strong></span> <span class='ocrx_word' id='word_1_467' title='bbox 445 4840 765 4896; x_wconf 88' lang='lat' dir='ltr'><strong>comitante</strong></span> <span class='ocrx_word' id='word_1_468' title='bbox 811 4844 1050 4896; x_wconf 88' lang='lat' dir='ltr'><strong>caterva</strong></span> <span class='ocrx_word' id='word_1_469' title='bbox 1081 4840 1164 4897; x_wconf 84' lang='lat' dir='ltr'><strong>sic</strong></span> <span class='ocrx_word' id='word_1_470' title='bbox 1203 4840 1475 4895; x_wconf 88' lang='lat' dir='ltr'><strong>feruntur</strong></span> <span class='ocrx_word' id='word_1_471' title='bbox 1526 4837 1603 4893; x_wconf 90' lang='lat' dir='ltr'><strong>ad</strong></span> <span class='ocrx_word' id='word_1_472' title='bbox 1640 4838 1905 4910; x_wconf 88' lang='lat' dir='ltr'><strong>propria.</strong></span> 
     </span>
    </p>
   </div>
   <div class='ocr_carea' id='block_1_71' title="bbox 246 4920 1907 5009">
    <p class='ocr_par' dir='ltr' id='par_1_71' title="bbox 246 4920 1907 5009">
     <span class='ocr_line' id='line_1_71' title="bbox 246 4920 1907 5009; baseline -0.002 -23"><span class='ocrx_word' id='word_1_473' title='bbox 246 4920 383 5009; x_wconf 86' lang='lat' dir='ltr'><strong>Quo</strong></span> <span class='ocrx_word' id='word_1_474' title='bbox 406 4946 546 4992; x_wconf 86' lang='lat' dir='ltr'><strong>cum</strong></span> <span class='ocrx_word' id='word_1_475' title='bbox 573 4931 1003 5004; x_wconf 75' lang='lat' dir='ltr'><strong>pervenissent,</strong></span> <span class='ocrx_word' id='word_1_476' title='bbox 1036 4930 1364 4987; x_wconf 88' lang='lat' dir='ltr'><strong>multarum</strong></span> <span class='ocrx_word' id='word_1_477' title='bbox 1394 4928 1681 4985; x_wconf 90' lang='lat' dir='ltr'><strong>virtutum</strong></span> <span class='ocrx_word' id='word_1_478' title='bbox 1727 4932 1783 4984; x_wconf 91' lang='lat' dir='ltr'><strong>et</strong></span> <span class='ocrx_word' id='word_1_479' title='bbox 1812 4945 1907 4983; x_wconf 88' lang='lat' dir='ltr'><strong>sa-</strong></span> 
     </span>
    </p>
   </div>
   <div class='ocr_carea' id='block_1_72' title="bbox 247 5016 1913 5091">
    <p class='ocr_par' dir='ltr' id='par_1_72' title="bbox 247 5016 1913 5091">
     <span class='ocr_line' id='line_1_72' title="bbox 247 5016 1913 5091; baseline -0.002 -14"><span class='ocrx_word' id='word_1_480' title='bbox 247 5020 509 5077; x_wconf 83' lang='lat' dir='ltr'><strong>nitatum</strong></span> <span class='ocrx_word' id='word_1_481' title='bbox 536 5019 728 5089; x_wconf 87' lang='lat' dir='ltr'><strong>gratia</strong></span> <span class='ocrx_word' id='word_1_482' title='bbox 756 5017 1077 5076; x_wconf 86' lang='lat' dir='ltr'><strong>clariﬁcata</strong></span> <span class='ocrx_word' id='word_1_483' title='bbox 1098 5018 1350 5091; x_wconf 85' lang='lat' dir='ltr'><strong>pignora</strong></span> <span class='ocrx_word' id='word_1_484' title='bbox 1384 5017 1573 5090; x_wconf 84' lang='lat' dir='ltr'><strong>ipsius</strong></span> <span class='ocrx_word' id='word_1_485' title='bbox 1608 5016 1831 5073; x_wconf 89' lang='lat' dir='ltr'><strong>meritis</strong></span> <span class='ocrx_word' id='word_1_486' title='bbox 1855 5023 1913 5075; x_wconf 89' lang='lat' dir='ltr'><strong>et</strong></span> 
     </span>
    </p>
   </div>
   <div class='ocr_carea' id='block_1_73' title="bbox 246 5106 1909 5181">
    <p class='ocr_par' dir='ltr' id='par_1_73' title="bbox 246 5106 1909 5181">
     <span class='ocr_line' id='line_1_73' title="bbox 246 5106 1909 5181; baseline -0.002 -17"><span class='ocrx_word' id='word_1_487' title='bbox 246 5108 497 5164; x_wconf 89' lang='lat' dir='ltr'><strong>nomine</strong></span> <span class='ocrx_word' id='word_1_488' title='bbox 542 5107 982 5181; x_wconf 70' lang='lat' dir='ltr'><strong>praeeminentis</strong></span> <span class='ocrx_word' id='word_1_489' title='bbox 1048 5107 1265 5176; x_wconf 80' lang='lat' dir='ltr'><strong>fastigii</strong></span> <span class='ocrx_word' id='word_1_490' title='bbox 1306 5106 1798 5162; x_wconf 88' lang='lat' dir='ltr'><strong>contradiderunt</strong></span> <span class='ocrx_word' id='word_1_491' title='bbox 1849 5106 1909 5161; x_wconf 91' lang='lat' dir='ltr'><strong>in</strong></span> 
     </span>
    </p>
   </div>
   <div class='ocr_carea' id='block_1_74' title="bbox 250 5192 1914 5269">
    <p class='ocr_par' dir='ltr' id='par_1_74' title="bbox 250 5192 1914 5269">
     <span class='ocr_line' id='line_1_74' title="bbox 250 5192 1914 5269; baseline -0.001 -16"><span class='ocrx_word' id='word_1_492' title='bbox 250 5196 417 5253; x_wconf 91' lang='lat' dir='ltr'><strong>aula.</strong></span> <span class='ocrx_word' id='word_1_493' title='bbox 451 5192 557 5253; x_wconf 89' lang='lat' dir='ltr'><strong>Ubi</strong></span> <span class='ocrx_word' id='word_1_494' title='bbox 581 5212 770 5269; x_wconf 87' lang='lat' dir='ltr'><strong>usque</strong></span> <span class='ocrx_word' id='word_1_495' title='bbox 791 5195 851 5251; x_wconf 90' lang='lat' dir='ltr'><strong>in</strong></span> <span class='ocrx_word' id='word_1_496' title='bbox 882 5195 1242 5253; x_wconf 89' lang='lat' dir='ltr'><strong>hodiernum</strong></span> <span class='ocrx_word' id='word_1_497' title='bbox 1271 5196 1400 5267; x_wconf 89' lang='lat' dir='ltr'><strong>ejus</strong></span> <span class='ocrx_word' id='word_1_498' title='bbox 1450 5193 1663 5251; x_wconf 86' lang='lat' dir='ltr'><strong>merita</strong></span> <span class='ocrx_word' id='word_1_499' title='bbox 1710 5195 1914 5263; x_wconf 79' lang='lat' dir='ltr'><strong>vigent</strong></span> 
     </span>
    </p>
   </div>
   <div class='ocr_carea' id='block_1_75' title="bbox 251 5284 1912 5359">
    <p class='ocr_par' dir='ltr' id='par_1_75' title="bbox 251 5284 1912 5359">
     <span class='ocr_line' id='line_1_75' title="bbox 251 5284 1912 5359; baseline -0.001 -16"><span class='ocrx_word' id='word_1_500' title='bbox 251 5284 536 5359; x_wconf 88' lang='lat' dir='ltr'><strong>gloriosa,</strong></span> <span class='ocrx_word' id='word_1_501' title='bbox 558 5285 882 5359; x_wconf 88' lang='lat' dir='ltr'><strong>palmaque</strong></span> <span class='ocrx_word' id='word_1_502' title='bbox 914 5285 1199 5343; x_wconf 89' lang='lat' dir='ltr'><strong>virtutum</strong></span> <span class='ocrx_word' id='word_1_503' title='bbox 1222 5286 1353 5358; x_wconf 89' lang='lat' dir='ltr'><strong>ejus</strong></span> <span class='ocrx_word' id='word_1_504' title='bbox 1376 5284 1778 5358; x_wconf 89' lang='lat' dir='ltr'><strong>multipliciter</strong></span> <span class='ocrx_word' id='word_1_505' title='bbox 1808 5284 1912 5341; x_wconf 81' lang='lat' dir='ltr'><strong>flo-</strong></span> 
     </span>
    </p>
   </div>
   <div class='ocr_carea' id='block_1_76' title="bbox 312 5408 1918 5485">
    <p class='ocr_par' dir='ltr' id='par_1_76' title="bbox 312 5408 1918 5485">
     <span class='ocr_line' id='line_1_76' title="bbox 312 5408 1918 5485; baseline 0 -23"><span class='ocrx_word' id='word_1_506' title='bbox 312 5408 465 5479; x_wconf 75' lang='grc'>(476)</span> <span class='ocrx_word' id='word_1_507' title='bbox 497 5411 563 5465; x_wconf 89' lang='lat' dir='ltr'><strong>Et</strong></span> <span class='ocrx_word' id='word_1_508' title='bbox 585 5415 781 5466; x_wconf 87' lang='lat' dir='ltr'><strong>tamen</strong></span> <span class='ocrx_word' id='word_1_509' title='bbox 815 5410 876 5465; x_wconf 91' lang='lat' dir='ltr'><strong>in</strong></span> <span class='ocrx_word' id='word_1_510' title='bbox 900 5410 1241 5485; x_wconf 74' lang='lat' dir='ltr'><strong>Qhronicor.</strong></span> <span class='ocrx_word' id='word_1_511' title='bbox 1267 5409 1593 5485; x_wconf 79' lang='lat' dir='ltr'><strong>Turonensi</strong></span> <span class='ocrx_word' id='word_1_512' title='bbox 1621 5408 1693 5462; x_wconf 88' lang='lat' dir='ltr'><strong>de</strong></span> <span class='ocrx_word' id='word_1_513' title='bbox 1739 5409 1918 5485; x_wconf 71' lang='lat' dir='ltr'><strong>gestis</strong></span> 
     </span>
    </p>
   </div>
   <div class='ocr_carea' id='block_1_77' title="bbox 239 5480 1920 5557">
    <p class='ocr_par' dir='ltr' id='par_1_77' title="bbox 239 5480 1920 5557">
     <span class='ocr_line' id='line_1_77' title="bbox 239 5480 1920 5557; baseline 0 -22"><span class='ocrx_word' id='word_1_514' title='bbox 239 5483 747 5557; x_wconf 57' lang='lat' dir='ltr'><strong>i‘tortmannorum</strong></span> <span class='ocrx_word' id='word_1_515' title='bbox 780 5482 940 5555; x_wconf 91' lang='lat' dir='ltr'><strong>apud</strong></span> <span class='ocrx_word' id='word_1_516' title='bbox 977 5481 1294 5538; x_wconf 84' lang='lat' dir='ltr'><strong>Chesnium</strong></span> <span class='ocrx_word' id='word_1_517' title='bbox 1320 5480 1551 5557; x_wconf 74' lang='lat' dir='ltr'><strong>legitur,</strong></span> <span class='ocrx_word' id='word_1_518' title='bbox 1576 5484 1739 5536; x_wconf 87' lang='lat' dir='ltr'><strong>Dano</strong></span> <span class='ocrx_word' id='word_1_519' title='bbox 1758 5494 1786 5533; x_wconf 89' lang='lat' dir='ltr'><strong>s</strong></span> <span class='ocrx_word' id='word_1_520' title='bbox 1806 5495 1866 5535; x_wconf 88' lang='lat' dir='ltr'><strong>se</strong></span> <span class='ocrx_word' id='word_1_521' title='bbox 1881 5480 1920 5557; x_wconf 59' lang='grc' dir='ltr'><strong>ᾗ</strong></span> 
     </span>
    </p>
   </div>
   <div class='ocr_carea' id='block_1_78' title="bbox 235 5552 1914 5623">
    <p class='ocr_par' dir='ltr' id='par_1_78' title="bbox 235 5552 1914 5623">
     <span class='ocr_line' id='line_1_78' title="bbox 235 5552 1914 5623; baseline -0.001 -15"><span class='ocrx_word' id='word_1_522' title='bbox 235 5552 660 5618; x_wconf 76' lang='lat' dir='ltr'><strong>Nortmannos,</strong></span> <span class='ocrx_word' id='word_1_523' title='bbox 694 5552 853 5610; x_wconf 77' lang='lat' dir='ltr'><strong>anno</strong></span> <span class='ocrx_word' id='word_1_524' title='bbox 878 5557 978 5609; x_wconf 70' lang='lat'><strong>8355</strong></span> <span class='ocrx_word' id='word_1_525' title='bbox 1005 5560 1277 5611; x_wconf 66' lang='lat' dir='ltr'><strong>sanctum</strong></span> <span class='ocrx_word' id='word_1_526' title='bbox 1306 5552 1675 5623; x_wconf 72' lang='lat' dir='ltr'><strong>Quintinum,</strong></span> <span class='ocrx_word' id='word_1_527' title='bbox 1709 5558 1763 5608; x_wconf 83' lang='lat' dir='ltr'><strong>et</strong></span> <span class='ocrx_word' id='word_1_528' title='bbox 1789 5552 1914 5621; x_wconf 69' lang='lat' dir='ltr'><strong>ur:</strong></span> 
     </span>
    </p>
   </div>
   <div class='ocr_carea' id='block_1_79' title="bbox 2032 1625 3709 1711">
    <p class='ocr_par' dir='ltr' id='par_1_79' title="bbox 2032 1625 3709 1711">
     <span class='ocr_line' id='line_1_79' title="bbox 2032 1625 3709 1711; baseline 0.018 -32"><span class='ocrx_word' id='word_1_529' title='bbox 2032 1625 2264 1695; x_wconf 91' lang='lat' dir='ltr'><strong>ignium</strong></span> <span class='ocrx_word' id='word_1_530' title='bbox 2300 1625 2574 1687; x_wconf 84' lang='lat' dir='ltr'><strong>ﬂammis</strong></span> <span class='ocrx_word' id='word_1_531' title='bbox 2607 1640 3075 1711; x_wconf 81' lang='lat' dir='ltr'><strong>concremanda,</strong></span> <span class='ocrx_word' id='word_1_532' title='bbox 3099 1648 3157 1698; x_wconf 89' lang='lat' dir='ltr'><strong>et</strong></span> <span class='ocrx_word' id='word_1_533' title='bbox 3183 1645 3245 1700; x_wconf 90' lang='lat' dir='ltr'><strong>in</strong></span> <span class='ocrx_word' id='word_1_534' title='bbox 3268 1663 3492 1705; x_wconf 89' lang='lat' dir='ltr'><strong>vacuos</strong></span> <span class='ocrx_word' id='word_1_535' title='bbox 3540 1625 3709 1708; x_wconf 49' lang='lat' dir='ltr'><strong>favit;</strong></span> 
     </span>
    </p>
   </div>
   <div class='ocr_carea' id='block_1_80' title="bbox 2030 1714 3703 1809">
    <p class='ocr_par' dir='ltr' id='par_1_80' title="bbox 2030 1714 3703 1809">
     <span class='ocr_line' id='line_1_80' title="bbox 2030 1714 3703 1809; baseline 0.017 -40"><span class='ocrx_word' id='word_1_536' title='bbox 2030 1714 2228 1770; x_wconf 88' lang='lat' dir='ltr'><strong>larum</strong></span> <span class='ocrx_word' id='word_1_537' title='bbox 2254 1714 2489 1772; x_wconf 86' lang='lat' dir='ltr'><strong>cineres</strong></span> <span class='ocrx_word' id='word_1_538' title='bbox 2517 1720 2847 1789; x_wconf 85' lang='lat' dir='ltr'><strong>redigenda</strong></span> <span class='ocrx_word' id='word_1_539' title='bbox 2874 1726 2886 1779; x_wconf 85' lang='grc' dir='ltr'><strong><em>ι</em></strong></span> <span class='ocrx_word' id='word_1_540' title='bbox 2912 1728 3104 1785; x_wconf 88' lang='lat' dir='ltr'><strong>Invisa</strong></span> <span class='ocrx_word' id='word_1_541' title='bbox 3134 1747 3243 1787; x_wconf 91' lang='lat' dir='ltr'><strong>nec</strong></span> <span class='ocrx_word' id='word_1_542' title='bbox 3300 1751 3335 1789; x_wconf 90' lang='lat' dir='ltr'><strong>a</strong></span> <span class='ocrx_word' id='word_1_543' title='bbox 3387 1752 3703 1809; x_wconf 83' lang='lat' dir='ltr'><strong>quoquam</strong></span> 
     </span>
    </p>
   </div>
   <div class='ocr_carea' id='block_1_81' title="bbox 2032 1806 3703 1895">
    <p class='ocr_par' dir='ltr' id='par_1_81' title="bbox 2032 1806 3703 1895">
     <span class='ocr_line' id='line_1_81' title="bbox 2032 1806 3703 1895; baseline 0.014 -33"><span class='ocrx_word' id='word_1_544' title='bbox 2032 1806 2274 1895; x_wconf 80' lang='lat' dir='ltr'><strong>cognita</strong></span> <span class='ocrx_word' id='word_1_545' title='bbox 2294 1821 2577 1877; x_wconf 86' lang='lat' dir='ltr'><strong>persona,</strong></span> <span class='ocrx_word' id='word_1_546' title='bbox 2612 1811 2704 1866; x_wconf 90' lang='lat' dir='ltr'><strong>sui</strong></span> <span class='ocrx_word' id='word_1_547' title='bbox 2728 1811 2908 1869; x_wconf 78' lang='lat' dir='ltr'><strong>ofﬁcii</strong></span> <span class='ocrx_word' id='word_1_548' title='bbox 2940 1821 3224 1889; x_wconf 83' lang='lat' dir='ltr'><strong>mysterio</strong></span> <span class='ocrx_word' id='word_1_549' title='bbox 3250 1806 3473 1891; x_wconf 79' lang='lat' dir='ltr'><strong>functa,</strong></span> <span class='ocrx_word' id='word_1_550' title='bbox 3529 1806 3703 1895; x_wconf 73' lang='lat' dir='ltr'><strong>gestu</strong></span> 
     </span>
    </p>
   </div>
   <div class='ocr_carea' id='block_1_82' title="bbox 2032 1892 3700 1975">
    <p class='ocr_par' dir='ltr' id='par_1_82' title="bbox 2032 1892 3700 1975">
     <span class='ocr_line' id='line_1_82' title="bbox 2032 1892 3700 1975; baseline 0.016 -28"><span class='ocrx_word' id='word_1_551' title='bbox 2032 1892 2252 1949; x_wconf 85' lang='lat' dir='ltr'><strong>celebri</strong></span> <span class='ocrx_word' id='word_1_552' title='bbox 2282 1896 2476 1952; x_wconf 88' lang='lat' dir='ltr'><strong>tenuis</strong></span> <span class='ocrx_word' id='word_1_553' title='bbox 2507 1915 2635 1954; x_wconf 82' lang='lat' dir='ltr'><strong>sese</strong></span> <span class='ocrx_word' id='word_1_554' title='bbox 2667 1902 3008 1971; x_wconf 74' lang='lat' dir='ltr'><strong>perabdidit</strong></span> <span class='ocrx_word' id='word_1_555' title='bbox 3034 1909 3216 1964; x_wconf 89' lang='lat' dir='ltr'><strong>auris.</strong></span> <span class='ocrx_word' id='word_1_556' title='bbox 3246 1911 3412 1968; x_wconf 87' lang='lat' dir='ltr'><strong>Hanc</strong></span> <span class='ocrx_word' id='word_1_557' title='bbox 3466 1892 3700 1975; x_wconf 75' lang='lat' dir='ltr'><strong>lethife-</strong></span> 
     </span>
    </p>
   </div>
   <div class='ocr_carea' id='block_1_83' title="bbox 2035 1988 3697 2070">
    <p class='ocr_par' dir='ltr' id='par_1_83' title="bbox 2035 1988 3697 2070">
     <span class='ocr_line' id='line_1_83' title="bbox 2035 1988 3697 2070; baseline 0.014 -34"><span class='ocrx_word' id='word_1_558' title='bbox 2035 1999 2163 2038; x_wconf 90' lang='lat' dir='ltr'><strong>ram</strong></span> <span class='ocrx_word' id='word_1_559' title='bbox 2212 2000 2423 2040; x_wconf 89' lang='lat' dir='ltr'><strong>vocem</strong></span> <span class='ocrx_word' id='word_1_560' title='bbox 2464 1988 2571 2059; x_wconf 88' lang='lat' dir='ltr'><strong>qui</strong></span> <span class='ocrx_word' id='word_1_561' title='bbox 2629 1993 2768 2045; x_wconf 90' lang='lat' dir='ltr'><strong>tunc</strong></span> <span class='ocrx_word' id='word_1_562' title='bbox 2816 1997 3143 2065; x_wconf 81' lang='lat' dir='ltr'><strong>antequam</strong></span> <span class='ocrx_word' id='word_1_563' title='bbox 3190 1997 3478 2056; x_wconf 77' lang='lat' dir='ltr'><strong>diesceret</strong></span> <span class='ocrx_word' id='word_1_564' title='bbox 3520 2002 3697 2070; x_wconf 89' lang='lat' dir='ltr'><strong>(sicut</strong></span> 
     </span>
    </p>
   </div>
   <div class='ocr_carea' id='block_1_84' title="bbox 2032 2072 3693 2150">
    <p class='ocr_par' dir='ltr' id='par_1_84' title="bbox 2032 2072 3693 2150">
     <span class='ocr_line' id='line_1_84' title="bbox 2032 2072 3693 2150; baseline 0.013 -25"><span class='ocrx_word' id='word_1_565' title='bbox 2032 2072 2459 2146; x_wconf 80' lang='lat' dir='ltr'><strong>praemisimus)</strong></span> <span class='ocrx_word' id='word_1_566' title='bbox 2491 2076 2732 2147; x_wconf 89' lang='lat' dir='ltr'><strong>vigilare</strong></span> <span class='ocrx_word' id='word_1_567' title='bbox 2781 2083 3077 2150; x_wconf 86' lang='lat' dir='ltr'><strong>poterant,</strong></span> <span class='ocrx_word' id='word_1_568' title='bbox 3137 2084 3494 2143; x_wconf 85' lang='lat' dir='ltr'><strong>horribiliter</strong></span> <span class='ocrx_word' id='word_1_569' title='bbox 3536 2089 3693 2147; x_wconf 83' lang='lat' dir='ltr'><strong>into-</strong></span> 
     </span>
    </p>
   </div>
   <div class='ocr_carea' id='block_1_85' title="bbox 2030 2165 3693 2241">
    <p class='ocr_par' dir='ltr' id='par_1_85' title="bbox 2030 2165 3693 2241">
     <span class='ocr_line' id='line_1_85' title="bbox 2030 2165 3693 2241; baseline 0.011 -27"><span class='ocrx_word' id='word_1_570' title='bbox 2030 2165 2301 2223; x_wconf 90' lang='lat' dir='ltr'><strong>nantem.</strong></span> <span class='ocrx_word' id='word_1_571' title='bbox 2334 2178 2458 2218; x_wconf 92' lang='lat' dir='ltr'><strong>non</strong></span> <span class='ocrx_word' id='word_1_572' title='bbox 2488 2165 2686 2221; x_wconf 88' lang='lat' dir='ltr'><strong>solum</strong></span> <span class='ocrx_word' id='word_1_573' title='bbox 2712 2166 2772 2222; x_wconf 91' lang='lat' dir='ltr'><strong>in</strong></span> <span class='ocrx_word' id='word_1_574' title='bbox 2822 2167 2957 2239; x_wconf 89' lang='lat' dir='ltr'><strong>ipsa</strong></span> <span class='ocrx_word' id='word_1_575' title='bbox 3016 2171 3161 2227; x_wconf 90' lang='lat' dir='ltr'><strong>urbe</strong></span> <span class='ocrx_word' id='word_1_576' title='bbox 3213 2174 3430 2241; x_wconf 82' lang='lat' dir='ltr'><strong>civiles,</strong></span> <span class='ocrx_word' id='word_1_577' title='bbox 3478 2192 3693 2233; x_wconf 88' lang='lat' dir='ltr'><strong>verum</strong></span> 
     </span>
    </p>
   </div>
   <div class='ocr_carea' id='block_1_86' title="bbox 2032 2249 3692 2336">
    <p class='ocr_par' dir='ltr' id='par_1_86' title="bbox 2032 2249 3692 2336">
     <span class='ocr_line' id='line_1_86' title="bbox 2032 2249 3692 2336; baseline 0.011 -32"><span class='ocrx_word' id='word_1_578' title='bbox 2032 2249 2365 2308; x_wconf 86' lang='lat' dir='ltr'><strong>suburbani</strong></span> <span class='ocrx_word' id='word_1_579' title='bbox 2394 2268 2886 2325; x_wconf 83' lang='lat' dir='ltr'><strong>quaquaversum</strong></span> <span class='ocrx_word' id='word_1_580' title='bbox 2911 2257 3195 2327; x_wconf 90' lang='lat' dir='ltr'><strong>degentes</strong></span> <span class='ocrx_word' id='word_1_581' title='bbox 3220 2262 3483 2319; x_wconf 84' lang='lat' dir='ltr'><strong>audiere.</strong></span> <span class='ocrx_word' id='word_1_582' title='bbox 3505 2264 3692 2336; x_wconf 68' lang='lat' dir='ltr'><strong>Cujus</strong></span> 
     </span>
    </p>
   </div>
   <div class='ocr_carea' id='block_1_87' title="bbox 2032 2338 3689 2419">
    <p class='ocr_par' dir='ltr' id='par_1_87' title="bbox 2032 2338 3689 2419">
     <span class='ocr_line' id='line_1_87' title="bbox 2032 2338 3689 2419; baseline 0.01 -26"><span class='ocrx_word' id='word_1_583' title='bbox 2032 2338 2196 2394; x_wconf 89' lang='lat' dir='ltr'><strong>fama</strong></span> <span class='ocrx_word' id='word_1_584' title='bbox 2223 2339 2298 2395; x_wconf 87' lang='lat' dir='ltr'><strong>de</strong></span> <span class='ocrx_word' id='word_1_585' title='bbox 2313 2341 2557 2412; x_wconf 83' lang='lat' dir='ltr'><strong>regione</strong></span> <span class='ocrx_word' id='word_1_586' title='bbox 2586 2343 2648 2399; x_wconf 93' lang='lat' dir='ltr'><strong>in</strong></span> <span class='ocrx_word' id='word_1_587' title='bbox 2678 2345 2986 2414; x_wconf 89' lang='lat' dir='ltr'><strong>regionem</strong></span> <span class='ocrx_word' id='word_1_588' title='bbox 3024 2349 3346 2419; x_wconf 87' lang='lat' dir='ltr'><strong>pervolans</strong></span> <span class='ocrx_word' id='word_1_589' title='bbox 3398 2353 3689 2411; x_wconf 88' lang='lat' dir='ltr'><strong>omnibus</strong></span> 
     </span>
    </p>
   </div>
   <div class='ocr_carea' id='block_1_88' title="bbox 2032 2427 3689 2515">
    <p class='ocr_par' dir='ltr' id='par_1_88' title="bbox 2032 2427 3689 2515">
     <span class='ocr_line' id='line_1_88' title="bbox 2032 2427 3689 2515; baseline 0.01 -32"><span class='ocrx_word' id='word_1_590' title='bbox 2032 2427 2417 2487; x_wconf 87' lang='lat' dir='ltr'><strong>celeberrima</strong></span> <span class='ocrx_word' id='word_1_591' title='bbox 2446 2431 2601 2489; x_wconf 87' lang='lat' dir='ltr'><strong>facta</strong></span> <span class='ocrx_word' id='word_1_592' title='bbox 2653 2438 2759 2489; x_wconf 90' lang='lat' dir='ltr'><strong>est.</strong></span> <span class='ocrx_word' id='word_1_593' title='bbox 2821 2437 3015 2500; x_wconf 86' lang='lat' dir='ltr'><strong>Quam</strong></span> <span class='ocrx_word' id='word_1_594' title='bbox 3064 2453 3196 2494; x_wconf 88' lang='lat' dir='ltr'><strong>rem</strong></span> <span class='ocrx_word' id='word_1_595' title='bbox 3249 2455 3285 2494; x_wconf 88' lang='lat' dir='ltr'><strong>a</strong></span> <span class='ocrx_word' id='word_1_596' title='bbox 3327 2440 3533 2497; x_wconf 87' lang='lat' dir='ltr'><strong>multis</strong></span> <span class='ocrx_word' id='word_1_597' title='bbox 3579 2444 3689 2515; x_wconf 88' lang='lat' dir='ltr'><strong>qui</strong></span> 
     </span>
    </p>
   </div>
   <div class='ocr_carea' id='block_1_89' title="bbox 2029 2516 3690 2600">
    <p class='ocr_par' dir='ltr' id='par_1_89' title="bbox 2029 2516 3690 2600">
     <span class='ocr_line' id='line_1_89' title="bbox 2029 2516 3690 2600; baseline 0.008 -27"><span class='ocrx_word' id='word_1_598' title='bbox 2029 2516 2247 2573; x_wconf 88' lang='lat' dir='ltr'><strong>nostris</strong></span> <span class='ocrx_word' id='word_1_599' title='bbox 2279 2519 2627 2591; x_wconf 88' lang='lat' dir='ltr'><strong>superfuere</strong></span> <span class='ocrx_word' id='word_1_600' title='bbox 2646 2522 3016 2593; x_wconf 89' lang='lat' dir='ltr'><strong>temporibus</strong></span> <span class='ocrx_word' id='word_1_601' title='bbox 3034 2524 3162 2582; x_wconf 88' lang='lat' dir='ltr'><strong>sine</strong></span> <span class='ocrx_word' id='word_1_602' title='bbox 3186 2528 3528 2600; x_wconf 88' lang='lat' dir='ltr'><strong>suspicione</strong></span> <span class='ocrx_word' id='word_1_603' title='bbox 3552 2530 3690 2587; x_wconf 86' lang='lat' dir='ltr'><strong>falsi</strong></span> 
     </span>
    </p>
   </div>
   <div class='ocr_carea' id='block_1_90' title="bbox 2031 2606 3689 2688">
    <p class='ocr_par' dir='ltr' id='par_1_90' title="bbox 2031 2606 3689 2688">
     <span class='ocr_line' id='line_1_90' title="bbox 2031 2606 3689 2688; baseline 0.009 -27"><span class='ocrx_word' id='word_1_604' title='bbox 2031 2621 2302 2662; x_wconf 90' lang='lat' dir='ltr'><strong>consono</strong></span> <span class='ocrx_word' id='word_1_605' title='bbox 2332 2606 2523 2663; x_wconf 87' lang='lat' dir='ltr'><strong>relatu</strong></span> <span class='ocrx_word' id='word_1_606' title='bbox 2547 2608 2766 2676; x_wconf 88' lang='lat' dir='ltr'><strong>audivi,</strong></span> <span class='ocrx_word' id='word_1_607' title='bbox 2800 2625 3058 2683; x_wconf 88' lang='lat' dir='ltr'><strong>eamque</strong></span> <span class='ocrx_word' id='word_1_608' title='bbox 3086 2613 3231 2671; x_wconf 86' lang='lat' dir='ltr'><strong>huic</strong></span> <span class='ocrx_word' id='word_1_609' title='bbox 3272 2615 3441 2688; x_wconf 86' lang='lat' dir='ltr'><strong>operi</strong></span> <span class='ocrx_word' id='word_1_610' title='bbox 3468 2617 3689 2676; x_wconf 51' lang='lat' dir='ltr'><strong>adnec.</strong></span> 
     </span>
    </p>
   </div>
   <div class='ocr_carea' id='block_1_91' title="bbox 2030 2694 3691 2765">
    <p class='ocr_par' dir='ltr' id='par_1_91' title="bbox 2030 2694 3691 2765">
     <span class='ocr_line' id='line_1_91' title="bbox 2030 2694 3691 2765; baseline 0.01 -16"><span class='ocrx_word' id='word_1_611' title='bbox 2030 2694 2272 2750; x_wconf 88' lang='lat' dir='ltr'><strong>tendam</strong></span> <span class='ocrx_word' id='word_1_612' title='bbox 2291 2700 2489 2752; x_wconf 89' lang='lat' dir='ltr'><strong>ratum</strong></span> <span class='ocrx_word' id='word_1_613' title='bbox 2514 2696 2660 2752; x_wconf 74' lang='lat' dir='ltr'><strong>duxi</strong></span> <span class='ocrx_word' id='word_1_614' title='bbox 2680 2697 2759 2753; x_wconf 91' lang='lat' dir='ltr'><strong>ad</strong></span> <span class='ocrx_word' id='word_1_615' title='bbox 2775 2700 3205 2759; x_wconf 85' lang='lat' dir='ltr'><strong>correctionem</strong></span> <span class='ocrx_word' id='word_1_616' title='bbox 3231 2704 3505 2763; x_wconf 86' lang='lat' dir='ltr'><strong>omnium</strong></span> <span class='ocrx_word' id='word_1_617' title='bbox 3525 2721 3691 2765; x_wconf 59' lang='grc' dir='ltr'><strong>θεων</strong></span> 
     </span>
    </p>
   </div>
   <div class='ocr_carea' id='block_1_92' title="bbox 2028 2783 3689 2868">
    <p class='ocr_par' dir='ltr' id='par_1_92' title="bbox 2028 2783 3689 2868">
     <span class='ocr_line' id='line_1_92' title="bbox 2028 2783 3689 2868; baseline 0.01 -30"><span class='ocrx_word' id='word_1_618' title='bbox 2028 2783 2169 2839; x_wconf 91' lang='lat' dir='ltr'><strong>dem</strong></span> <span class='ocrx_word' id='word_1_619' title='bbox 2199 2784 2411 2839; x_wconf 89' lang='lat' dir='ltr'><strong>urbem</strong></span> <span class='ocrx_word' id='word_1_620' title='bbox 2436 2784 2920 2853; x_wconf 87' lang='lat' dir='ltr'><strong>inhabitantium,</strong></span> <span class='ocrx_word' id='word_1_621' title='bbox 2970 2791 3236 2847; x_wconf 77' lang='lat' dir='ltr'><strong>maxime</strong></span> <span class='ocrx_word' id='word_1_622' title='bbox 3287 2793 3528 2855; x_wconf 85' lang='lat' dir='ltr'><strong>illorum</strong></span> <span class='ocrx_word' id='word_1_623' title='bbox 3580 2796 3689 2868; x_wconf 86' lang='lat' dir='ltr'><strong>qui</strong></span> 
     </span>
    </p>
   </div>
   <div class='ocr_carea' id='block_1_93' title="bbox 2029 2871 3688 2948">
    <p class='ocr_par' dir='ltr' id='par_1_93' title="bbox 2029 2871 3688 2948">
     <span class='ocr_line' id='line_1_93' title="bbox 2029 2871 3688 2948; baseline 0.009 -22"><span class='ocrx_word' id='word_1_624' title='bbox 2029 2887 2090 2927; x_wconf 92' lang='lat' dir='ltr'><strong>se</strong></span> <span class='ocrx_word' id='word_1_625' title='bbox 2123 2871 2466 2943; x_wconf 88' lang='lat' dir='ltr'><strong>turpissimo</strong></span> <span class='ocrx_word' id='word_1_626' title='bbox 2491 2877 2549 2928; x_wconf 91' lang='lat' dir='ltr'><strong>et</strong></span> <span class='ocrx_word' id='word_1_627' title='bbox 2574 2878 2803 2930; x_wconf 84' lang='lat' dir='ltr'><strong>naturae</strong></span> <span class='ocrx_word' id='word_1_628' title='bbox 2855 2875 3137 2948; x_wconf 89' lang='lat' dir='ltr'><strong>improbo</strong></span> <span class='ocrx_word' id='word_1_629' title='bbox 3157 2879 3403 2937; x_wconf 87' lang='lat' dir='ltr'><strong>crimine</strong></span> <span class='ocrx_word' id='word_1_630' title='bbox 3457 2882 3688 2941; x_wconf 64' lang='lat' dir='ltr'><strong>{eadem</strong></span> 
     </span>
    </p>
   </div>
   <div class='ocr_carea' id='block_1_94' title="bbox 2028 2962 3690 3043">
    <p class='ocr_par' dir='ltr' id='par_1_94' title="bbox 2028 2962 3690 3043">
     <span class='ocr_line' id='line_1_94' title="bbox 2028 2962 3690 3043; baseline 0.008 -27"><span class='ocrx_word' id='word_1_631' title='bbox 2028 2976 2150 3017; x_wconf 91' lang='lat' dir='ltr'><strong>non</strong></span> <span class='ocrx_word' id='word_1_632' title='bbox 2180 2966 2459 3016; x_wconf 89' lang='lat' dir='ltr'><strong>verentur</strong></span> <span class='ocrx_word' id='word_1_633' title='bbox 2492 2978 2504 3015; x_wconf 92' lang='lat'><strong>:</strong></span> <span class='ocrx_word' id='word_1_634' title='bbox 2539 2965 2597 3017; x_wconf 89' lang='lat' dir='ltr'><strong>et</strong></span> <span class='ocrx_word' id='word_1_635' title='bbox 2624 2962 2738 3017; x_wconf 93' lang='lat' dir='ltr'><strong>hoc</strong></span> <span class='ocrx_word' id='word_1_636' title='bbox 2793 2963 2955 3019; x_wconf 91' lang='lat' dir='ltr'><strong>idem</strong></span> <span class='ocrx_word' id='word_1_637' title='bbox 3007 2964 3127 3038; x_wconf 88' lang='lat' dir='ltr'><strong>ipsi</strong></span> <span class='ocrx_word' id='word_1_638' title='bbox 3182 2970 3384 3024; x_wconf 88' lang='lat' dir='ltr'><strong>Patres</strong></span> <span class='ocrx_word' id='word_1_639' title='bbox 3434 2974 3497 3026; x_wconf 90' lang='lat' dir='ltr'><strong>et</strong></span> <span class='ocrx_word' id='word_1_640' title='bbox 3537 2987 3690 3043; x_wconf 70' lang='lat' dir='ltr'><strong>pras-</strong></span> 
     </span>
    </p>
   </div>
   <div class='ocr_carea' id='block_1_95' title="bbox 2027 3049 3683 3132">
    <p class='ocr_par' dir='ltr' id='par_1_95' title="bbox 2027 3049 3683 3132">
     <span class='ocr_line' id='line_1_95' title="bbox 2027 3049 3683 3132; baseline 0.008 -27"><span class='ocrx_word' id='word_1_641' title='bbox 2027 3049 2377 3105; x_wconf 81' lang='lat' dir='ltr'><strong>decessores</strong></span> <span class='ocrx_word' id='word_1_642' title='bbox 2450 3051 2638 3108; x_wconf 89' lang='lat' dir='ltr'><strong>nostri</strong></span> <span class='ocrx_word' id='word_1_643' title='bbox 2680 3051 2823 3131; x_wconf 88' lang='lat' dir='ltr'><strong>_qui</strong></span> <span class='ocrx_word' id='word_1_644' title='bbox 2897 3052 3074 3109; x_wconf 82' lang='lat' dir='ltr'><strong>nobis</strong></span> <span class='ocrx_word' id='word_1_645' title='bbox 3136 3054 3252 3113; x_wconf 86' lang='lat' dir='ltr'><strong>ista</strong></span> <span class='ocrx_word' id='word_1_646' title='bbox 3331 3058 3683 3132; x_wconf 82' lang='lat' dir='ltr'><strong>narrabant,</strong></span> 
     </span>
    </p>
   </div>
   <div class='ocr_carea' id='block_1_96' title="bbox 2028 3138 3687 3221">
    <p class='ocr_par' dir='ltr' id='par_1_96' title="bbox 2028 3138 3687 3221">
     <span class='ocr_line' id='line_1_96' title="bbox 2028 3138 3687 3221; baseline 0.005 -27"><span class='ocrx_word' id='word_1_647' title='bbox 2028 3138 2254 3194; x_wconf 90' lang='lat' dir='ltr'><strong>meritis</strong></span> <span class='ocrx_word' id='word_1_648' title='bbox 2292 3142 2350 3194; x_wconf 88' lang='lat' dir='ltr'><strong>et</strong></span> <span class='ocrx_word' id='word_1_649' title='bbox 2401 3138 2736 3196; x_wconf 84' lang='lat' dir='ltr'><strong>interventu</strong></span> <span class='ocrx_word' id='word_1_650' title='bbox 2780 3140 2960 3211; x_wconf 89' lang='lat' dir='ltr'><strong>hujus</strong></span> <span class='ocrx_word' id='word_1_651' title='bbox 3003 3144 3192 3201; x_wconf 87' lang='lat' dir='ltr'><strong>nostri</strong></span> <span class='ocrx_word' id='word_1_652' title='bbox 3549 3164 3687 3221; x_wconf 86' lang='lat' dir='ltr'><strong>pro-</strong></span> 
     </span>
    </p>
   </div>
   <div class='ocr_carea' id='block_1_97' title="bbox 2027 3226 3687 3307">
    <p class='ocr_par' dir='ltr' id='par_1_97' title="bbox 2027 3226 3687 3307">
     <span class='ocr_line' id='line_1_97' title="bbox 2027 3226 3687 3307; baseline 0.007 -23"><span class='ocrx_word' id='word_1_653' title='bbox 2027 3227 2266 3284; x_wconf 88' lang='lat' dir='ltr'><strong>tectoris</strong></span> <span class='ocrx_word' id='word_1_654' title='bbox 2316 3226 2710 3299; x_wconf 74' lang='lat' dir='ltr'><strong>deputabunt,</strong></span> <span class='ocrx_word' id='word_1_655' title='bbox 2769 3228 2934 3301; x_wconf 93' lang='lat' dir='ltr'><strong>quod</strong></span> <span class='ocrx_word' id='word_1_656' title='bbox 2989 3247 3379 3307; x_wconf 89' lang='lat' dir='ltr'><strong>nequaquam</strong></span> <span class='ocrx_word' id='word_1_657' title='bbox 3424 3235 3542 3299; x_wconf 81' lang='lat' dir='ltr'><strong>hoc</strong></span> <span class='ocrx_word' id='word_1_658' title='bbox 3573 3254 3687 3298; x_wconf 86' lang='lat' dir='ltr'><strong>sua</strong></span> 
     </span>
    </p>
   </div>
   <div class='ocr_carea' id='block_1_98' title="bbox 2028 3317 3687 3395">
    <p class='ocr_par' dir='ltr' id='par_1_98' title="bbox 2028 3317 3687 3395">
     <span class='ocr_line' id='line_1_98' title="bbox 2028 3317 3687 3395; baseline 0.009 -24"><span class='ocrx_word' id='word_1_659' title='bbox 2028 3320 2441 3390; x_wconf 88' lang='lat' dir='ltr'><strong>tempestatate</strong></span> <span class='ocrx_word' id='word_1_660' title='bbox 2467 3317 2781 3390; x_wconf 87' lang='lat' dir='ltr'><strong>impletum</strong></span> <span class='ocrx_word' id='word_1_661' title='bbox 2806 3321 2957 3385; x_wconf 76' lang='grc'>(476)</span> <span class='ocrx_word' id='word_1_662' title='bbox 2981 3319 3284 3380; x_wconf 88' lang='lat' dir='ltr'><strong>videbant.</strong></span> <span class='ocrx_word' id='word_1_663' title='bbox 3308 3323 3687 3395; x_wconf 86' lang='lat' dir='ltr'><strong>Adjiciebant</strong></span> 
     </span>
    </p>
   </div>
   <div class='ocr_carea' id='block_1_99' title="bbox 2029 3404 3684 3479">
    <p class='ocr_par' dir='ltr' id='par_1_99' title="bbox 2029 3404 3684 3479">
     <span class='ocr_line' id='line_1_99' title="bbox 2029 3404 3684 3479; baseline 0.007 -18"><span class='ocrx_word' id='word_1_664' title='bbox 2029 3408 2314 3477; x_wconf 79' lang='lat' dir='ltr'><strong>praeterea</strong></span> <span class='ocrx_word' id='word_1_665' title='bbox 2337 3404 2695 3477; x_wconf 89' lang='lat' dir='ltr'><strong>priusquam</strong></span> <span class='ocrx_word' id='word_1_666' title='bbox 2717 3404 2813 3461; x_wconf 88' lang='lat' dir='ltr'><strong>ille</strong></span> <span class='ocrx_word' id='word_1_667' title='bbox 2843 3409 3034 3465; x_wconf 81' lang='lat' dir='ltr'><strong>Roma</strong></span> <span class='ocrx_word' id='word_1_668' title='bbox 3079 3410 3491 3479; x_wconf 85' lang='lat' dir='ltr'><strong>deveheretur,</strong></span> <span class='ocrx_word' id='word_1_669' title='bbox 3547 3416 3684 3472; x_wconf 87' lang='lat' dir='ltr'><strong>hor-</strong></span> 
     </span>
    </p>
   </div>
   <div class='ocr_carea' id='block_1_100' title="bbox 2026 3494 3684 3576">
    <p class='ocr_par' dir='ltr' id='par_1_100' title="bbox 2026 3494 3684 3576">
     <span class='ocr_line' id='line_1_100' title="bbox 2026 3494 3684 3576; baseline 0.004 -26"><span class='ocrx_word' id='word_1_670' title='bbox 2026 3494 2245 3550; x_wconf 90' lang='lat' dir='ltr'><strong>rendas</strong></span> <span class='ocrx_word' id='word_1_671' title='bbox 2266 3494 2486 3565; x_wconf 68' lang='lat' dir='ltr'><strong>saepius</strong></span> <span class='ocrx_word' id='word_1_672' title='bbox 2514 3494 2597 3550; x_wconf 90' lang='lat' dir='ltr'><strong>ibi</strong></span> <span class='ocrx_word' id='word_1_673' title='bbox 2621 3494 3021 3565; x_wconf 88' lang='lat' dir='ltr'><strong>reproborum</strong></span> <span class='ocrx_word' id='word_1_674' title='bbox 3050 3499 3369 3569; x_wconf 87' lang='lat' dir='ltr'><strong>spirituum</strong></span> <span class='ocrx_word' id='word_1_675' title='bbox 3419 3518 3528 3574; x_wconf 85' lang='lat' dir='ltr'><strong>per</strong></span> <span class='ocrx_word' id='word_1_676' title='bbox 3556 3504 3684 3576; x_wconf 76' lang='lat' dir='ltr'><strong>pla-</strong></span> 
     </span>
    </p>
   </div>
   <div class='ocr_carea' id='block_1_101' title="bbox 2030 3581 3683 3658">
    <p class='ocr_par' dir='ltr' id='par_1_101' title="bbox 2030 3581 3683 3658">
     <span class='ocr_line' id='line_1_101' title="bbox 2030 3581 3683 3658; baseline 0.007 -21"><span class='ocrx_word' id='word_1_677' title='bbox 2030 3586 2151 3638; x_wconf 88' lang='lat' dir='ltr'><strong>teas</strong></span> <span class='ocrx_word' id='word_1_678' title='bbox 2206 3597 2432 3653; x_wconf 87' lang='lat' dir='ltr'><strong>perque</strong></span> <span class='ocrx_word' id='word_1_679' title='bbox 2477 3582 2639 3637; x_wconf 66' lang='lat' dir='ltr'><strong>aedes</strong></span> <span class='ocrx_word' id='word_1_680' title='bbox 2692 3581 2995 3638; x_wconf 88' lang='lat' dir='ltr'><strong>illusiones</strong></span> <span class='ocrx_word' id='word_1_681' title='bbox 3042 3584 3386 3658; x_wconf 86' lang='lat' dir='ltr'><strong>importune</strong></span> <span class='ocrx_word' id='word_1_682' title='bbox 3450 3591 3683 3649; x_wconf 87' lang='lat' dir='ltr'><strong>civibus</strong></span> 
     </span>
    </p>
   </div>
   <div class='ocr_carea' id='block_1_102' title="bbox 2025 3670 3684 3746">
    <p class='ocr_par' dir='ltr' id='par_1_102' title="bbox 2025 3670 3684 3746">
     <span class='ocr_line' id='line_1_102' title="bbox 2025 3670 3684 3746; baseline 0.007 -19"><span class='ocrx_word' id='word_1_683' title='bbox 2025 3670 2423 3731; x_wconf 79' lang='lat' dir='ltr'><strong>machinatas.</strong></span> <span class='ocrx_word' id='word_1_684' title='bbox 2455 3671 2570 3727; x_wconf 88' lang='lat' dir='ltr'><strong>Sed</strong></span> <span class='ocrx_word' id='word_1_685' title='bbox 2620 3686 2692 3726; x_wconf 90' lang='lat' dir='ltr'><strong>eo</strong></span> <span class='ocrx_word' id='word_1_686' title='bbox 2740 3670 3013 3729; x_wconf 86' lang='lat' dir='ltr'><strong>veniente</strong></span> <span class='ocrx_word' id='word_1_687' title='bbox 3065 3690 3258 3746; x_wconf 87' lang='lat' dir='ltr'><strong>vapor</strong></span> <span class='ocrx_word' id='word_1_688' title='bbox 3303 3675 3482 3733; x_wconf 91' lang='lat' dir='ltr'><strong>veluti</strong></span> <span class='ocrx_word' id='word_1_689' title='bbox 3530 3679 3684 3739; x_wconf 86' lang='lat' dir='ltr'><strong>fumi</strong></span> 
     </span>
    </p>
   </div>
   <div class='ocr_carea' id='block_1_103' title="bbox 2025 3758 3681 3832">
    <p class='ocr_par' dir='ltr' id='par_1_103' title="bbox 2025 3758 3681 3832">
     <span class='ocr_line' id='line_1_103' title="bbox 2025 3758 3681 3832; baseline 0.006 -16"><span class='ocrx_word' id='word_1_690' title='bbox 2025 3775 2337 3826; x_wconf 89' lang='lat' dir='ltr'><strong>evanuere,</strong></span> <span class='ocrx_word' id='word_1_691' title='bbox 2372 3759 2652 3817; x_wconf 89' lang='lat' dir='ltr'><strong>universa</strong></span> <span class='ocrx_word' id='word_1_692' title='bbox 2671 3758 2874 3832; x_wconf 87' lang='lat' dir='ltr'><strong>quieta</strong></span> <span class='ocrx_word' id='word_1_693' title='bbox 2902 3762 3332 3820; x_wconf 86' lang='lat' dir='ltr'><strong>serveritudine</strong></span> <span class='ocrx_word' id='word_1_694' title='bbox 3385 3764 3681 3825; x_wconf 82' lang='lat' dir='ltr'><strong>beneﬁcio</strong></span> 
     </span>
    </p>
   </div>
   <div class='ocr_carea' id='block_1_104' title="bbox 2024 3848 3681 3928">
    <p class='ocr_par' dir='ltr' id='par_1_104' title="bbox 2024 3848 3681 3928">
     <span class='ocr_line' id='line_1_104' title="bbox 2024 3848 3681 3928; baseline 0.006 -24"><span class='ocrx_word' id='word_1_695' title='bbox 2024 3849 2154 3920; x_wconf 90' lang='lat' dir='ltr'><strong>ejus</strong></span> <span class='ocrx_word' id='word_1_696' title='bbox 2178 3849 2364 3918; x_wconf 90' lang='lat' dir='ltr'><strong>vulgo</strong></span> <span class='ocrx_word' id='word_1_697' title='bbox 2388 3848 2702 3921; x_wconf 87' lang='lat' dir='ltr'><strong>disposita,</strong></span> <span class='ocrx_word' id='word_1_698' title='bbox 2751 3851 2808 3905; x_wconf 92' lang='lat' dir='ltr'><strong>et</strong></span> <span class='ocrx_word' id='word_1_699' title='bbox 2858 3848 3145 3907; x_wconf 87' lang='lat' dir='ltr'><strong>humanis</strong></span> <span class='ocrx_word' id='word_1_700' title='bbox 3191 3854 3528 3912; x_wconf 88' lang='lat' dir='ltr'><strong>commodis</strong></span> <span class='ocrx_word' id='word_1_701' title='bbox 3553 3856 3681 3928; x_wconf 87' lang='lat' dir='ltr'><strong>pla-</strong></span> 
     </span>
    </p>
   </div>
   <div class='ocr_carea' id='block_1_105' title="bbox 2024 3936 2795 4010">
    <p class='ocr_par' dir='ltr' id='par_1_105' title="bbox 2024 3936 2795 4010">
     <span class='ocr_line' id='line_1_105' title="bbox 2024 3936 2795 4010; baseline -0.001 -16"><span class='ocrx_word' id='word_1_702' title='bbox 2024 3937 2160 3996; x_wconf 90' lang='lat' dir='ltr'><strong>cido</strong></span> <span class='ocrx_word' id='word_1_703' title='bbox 2188 3936 2487 3995; x_wconf 89' lang='lat' dir='ltr'><strong>famulatu</strong></span> <span class='ocrx_word' id='word_1_704' title='bbox 2514 3937 2795 4010; x_wconf 75' lang='lat' dir='ltr'><strong>praestita.</strong></span> 
     </span>
    </p>
   </div>
   <div class='ocr_carea' id='block_1_106' title="bbox 2286 4016 3082 4086">
    <p class='ocr_par' dir='ltr' id='par_1_106' title="bbox 2286 4016 3082 4086">
     <span class='ocr_line' id='line_1_106' title="bbox 2286 4016 3082 4086; baseline 0.006 -5"><span class='ocrx_word' id='word_1_705' title='bbox 2286 4016 2289 4017; x_wconf 14' lang='grc' dir='ltr'><em>ν</em></span> <span class='ocrx_word' id='word_1_706' title='bbox 2628 4028 2851 4084; x_wconf 83' lang='lat' dir='ltr'><strong>CAPUT</strong></span> <span class='ocrx_word' id='word_1_707' title='bbox 2890 4026 3082 4086; x_wconf 84' lang='lat' dir='ltr'><strong>XLIII.</strong></span> 
     </span>
    </p>
   </div>
   <div class='ocr_carea' id='block_1_107' title="bbox 2096 4115 3682 4196">
    <p class='ocr_par' dir='ltr' id='par_1_107' title="bbox 2096 4115 3682 4196">
     <span class='ocr_line' id='line_1_107' title="bbox 2096 4115 3682 4196; baseline 0.006 -26"><span class='ocrx_word' id='word_1_708' title='bbox 2096 4119 2382 4190; x_wconf 71' lang='lat' dir='ltr'><strong>Prteterea</strong></span> <span class='ocrx_word' id='word_1_709' title='bbox 2400 4115 2783 4172; x_wconf 84' lang='lat' dir='ltr'><strong>memorandi</strong></span> <span class='ocrx_word' id='word_1_710' title='bbox 2810 4116 3060 4173; x_wconf 70' lang='lat' dir='ltr'><strong>Caesaris</strong></span> <span class='ocrx_word' id='word_1_711' title='bbox 3119 4119 3460 4179; x_wconf 88' lang='lat' dir='ltr'><strong>Chlodovici</strong></span> <span class='ocrx_word' id='word_1_712' title='bbox 3483 4124 3682 4196; x_wconf 91' lang='lat' dir='ltr'><strong>qualis</strong></span> 
     </span>
    </p>
   </div>
   <div class='ocr_carea' id='block_1_108' title="bbox 2022 4205 3683 4283">
    <p class='ocr_par' dir='ltr' id='par_1_108' title="bbox 2022 4205 3683 4283">
     <span class='ocr_line' id='line_1_108' title="bbox 2022 4205 3683 4283; baseline 0.006 -22"><span class='ocrx_word' id='word_1_713' title='bbox 2022 4210 2325 4279; x_wconf 90' lang='lat' dir='ltr'><strong>quantave</strong></span> <span class='ocrx_word' id='word_1_714' title='bbox 2358 4205 2514 4262; x_wconf 90' lang='lat' dir='ltr'><strong>circa</strong></span> <span class='ocrx_word' id='word_1_715' title='bbox 2556 4210 2832 4263; x_wconf 89' lang='lat' dir='ltr'><strong>sanctum</strong></span> <span class='ocrx_word' id='word_1_716' title='bbox 2859 4205 3094 4265; x_wconf 87' lang='lat' dir='ltr'><strong>devotio</strong></span> <span class='ocrx_word' id='word_1_717' title='bbox 3122 4209 3315 4280; x_wconf 82' lang='lat' dir='ltr'><strong>fuerit,</strong></span> <span class='ocrx_word' id='word_1_718' title='bbox 3343 4210 3683 4283; x_wconf 87' lang='lat' dir='ltr'><strong>largissima</strong></span> 
     </span>
    </p>
   </div>
   <div class='ocr_carea' id='block_1_109' title="bbox 2021 4294 3682 4374">
    <p class='ocr_par' dir='ltr' id='par_1_109' title="bbox 2021 4294 3682 4374">
     <span class='ocr_line' id='line_1_109' title="bbox 2021 4294 3682 4374; baseline 0.005 -23"><span class='ocrx_word' id='word_1_719' title='bbox 2021 4296 2221 4369; x_wconf 89' lang='lat' dir='ltr'><strong>operis</strong></span> <span class='ocrx_word' id='word_1_720' title='bbox 2242 4294 2517 4367; x_wconf 88' lang='lat' dir='ltr'><strong>patefecit</strong></span> <span class='ocrx_word' id='word_1_721' title='bbox 2540 4295 3185 4370; x_wconf 79' lang='lat' dir='ltr'><strong>exsecutio.Comperto</strong></span> <span class='ocrx_word' id='word_1_722' title='bbox 3209 4313 3477 4374; x_wconf 89' lang='lat' dir='ltr'><strong>namque</strong></span> <span class='ocrx_word' id='word_1_723' title='bbox 3496 4301 3682 4359; x_wconf 90' lang='lat' dir='ltr'><strong>divini</strong></span> 
     </span>
    </p>
   </div>
   <div class='ocr_carea' id='block_1_110' title="bbox 2023 4384 3682 4457">
    <p class='ocr_par' dir='ltr' id='par_1_110' title="bbox 2023 4384 3682 4457">
     <span class='ocr_line' id='line_1_110' title="bbox 2023 4384 3682 4457; baseline 0.004 -16"><span class='ocrx_word' id='word_1_724' title='bbox 2023 4384 2288 4442; x_wconf 90' lang='lat' dir='ltr'><strong>numinis</strong></span> <span class='ocrx_word' id='word_1_725' title='bbox 2315 4384 2633 4457; x_wconf 66' lang='lat' dir='ltr'><strong>praesentia</strong></span> <span class='ocrx_word' id='word_1_726' title='bbox 2651 4400 2759 4457; x_wconf 91' lang='lat' dir='ltr'><strong>per</strong></span> <span class='ocrx_word' id='word_1_727' title='bbox 2776 4388 3108 4457; x_wconf 81' lang='lat' dir='ltr'><strong>martyrem</strong></span> <span class='ocrx_word' id='word_1_728' title='bbox 3128 4388 3342 4446; x_wconf 79' lang='lat' dir='ltr'><strong>Christi</strong></span> <span class='ocrx_word' id='word_1_729' title='bbox 3367 4390 3682 4446; x_wconf 87' lang='lat' dir='ltr'><strong>incircum-</strong></span> 
     </span>
    </p>
   </div>
   <div class='ocr_carea' id='block_1_111' title="bbox 2022 4471 3678 4549">
    <p class='ocr_par' dir='ltr' id='par_1_111' title="bbox 2022 4471 3678 4549">
     <span class='ocr_line' id='line_1_111' title="bbox 2022 4471 3678 4549; baseline 0.002 -20"><span class='ocrx_word' id='word_1_730' title='bbox 2022 4476 2241 4546; x_wconf 87' lang='lat' dir='ltr'><strong>scripta</strong></span> <span class='ocrx_word' id='word_1_731' title='bbox 2270 4471 2415 4528; x_wconf 89' lang='lat' dir='ltr'><strong>inibi</strong></span> <span class='ocrx_word' id='word_1_732' title='bbox 2437 4472 2662 4546; x_wconf 90' lang='lat' dir='ltr'><strong>patrari</strong></span> <span class='ocrx_word' id='word_1_733' title='bbox 2692 4472 3002 4539; x_wconf 88' lang='lat' dir='ltr'><strong>miracula,</strong></span> <span class='ocrx_word' id='word_1_734' title='bbox 3033 4475 3220 4544; x_wconf 88' lang='lat' dir='ltr'><strong>regali</strong></span> <span class='ocrx_word' id='word_1_735' title='bbox 3270 4480 3486 4533; x_wconf 82' lang='lat' dir='ltr'><strong>exutus</strong></span> <span class='ocrx_word' id='word_1_736' title='bbox 3532 4492 3678 4549; x_wconf 84' lang='lat' dir='ltr'><strong>pur-</strong></span> 
     </span>
    </p>
   </div>
   <div class='ocr_carea' id='block_1_112' title="bbox 2022 4560 3697 4636">
    <p class='ocr_par' dir='ltr' id='par_1_112' title="bbox 2022 4560 3697 4636">
     <span class='ocr_line' id='line_1_112' title="bbox 2022 4560 3697 4636; baseline 0.001 -18"><span class='ocrx_word' id='word_1_737' title='bbox 2022 4577 2177 4635; x_wconf 89' lang='lat' dir='ltr'><strong>pura</strong></span> <span class='ocrx_word' id='word_1_738' title='bbox 2206 4561 2748 4634; x_wconf 87' lang='lat' dir='ltr'><strong>calceamentisque</strong></span> <span class='ocrx_word' id='word_1_739' title='bbox 2778 4560 2945 4616; x_wconf 87' lang='lat' dir='ltr'><strong>tertio</strong></span> <span class='ocrx_word' id='word_1_740' title='bbox 2976 4560 3161 4618; x_wconf 90' lang='lat' dir='ltr'><strong>ferme</strong></span> <span class='ocrx_word' id='word_1_741' title='bbox 3190 4562 3391 4636; x_wconf 89' lang='lat' dir='ltr'><strong>lapide</strong></span> <span class='ocrx_word' id='word_1_742' title='bbox 3420 4563 3697 4635; x_wconf 87' lang='lat' dir='ltr'><strong>rejectis,-</strong></span> 
     </span>
    </p>
   </div>
   <div class='ocr_carea' id='block_1_113' title="bbox 2021 4650 3681 4724">
    <p class='ocr_par' dir='ltr' id='par_1_113' title="bbox 2021 4650 3681 4724">
     <span class='ocr_line' id='line_1_113' title="bbox 2021 4650 3681 4724; baseline 0.001 -16"><span class='ocrx_word' id='word_1_743' title='bbox 2021 4668 2161 4708; x_wconf 89' lang='lat' dir='ltr'><strong>cum</strong></span> <span class='ocrx_word' id='word_1_744' title='bbox 2189 4651 2444 4722; x_wconf 91' lang='lat' dir='ltr'><strong>conjuge</strong></span> <span class='ocrx_word' id='word_1_745' title='bbox 2474 4650 2654 4706; x_wconf 87' lang='lat' dir='ltr'><strong>nudis</strong></span> <span class='ocrx_word' id='word_1_746' title='bbox 2684 4650 2762 4706; x_wconf 92' lang='lat' dir='ltr'><strong>ad</strong></span> <span class='ocrx_word' id='word_1_747' title='bbox 2788 4650 3217 4706; x_wconf 88' lang='lat' dir='ltr'><strong>monasterium</strong></span> <span class='ocrx_word' id='word_1_748' title='bbox 3237 4668 3361 4724; x_wconf 88' lang='lat' dir='ltr'><strong>quo</strong></span> <span class='ocrx_word' id='word_1_749' title='bbox 3374 4653 3505 4723; x_wconf 87' lang='lat' dir='ltr'><strong>jam</strong></span> <span class='ocrx_word' id='word_1_750' title='bbox 3523 4650 3681 4709; x_wconf 87' lang='lat' dir='ltr'><strong>loca-</strong></span> 
     </span>
    </p>
   </div>
   <div class='ocr_carea' id='block_1_114' title="bbox 2021 4739 3679 4814">
    <p class='ocr_par' dir='ltr' id='par_1_114' title="bbox 2021 4739 3679 4814">
     <span class='ocr_line' id='line_1_114' title="bbox 2021 4739 3679 4814; baseline -0.001 -16"><span class='ocrx_word' id='word_1_751' title='bbox 2021 4745 2116 4798; x_wconf 91' lang='lat' dir='ltr'><strong>tus</strong></span> <span class='ocrx_word' id='word_1_752' title='bbox 2142 4742 2356 4811; x_wconf 88' lang='lat' dir='ltr'><strong>fuerat,</strong></span> <span class='ocrx_word' id='word_1_753' title='bbox 2384 4740 2672 4814; x_wconf 87' lang='lat' dir='ltr'><strong>processit</strong></span> <span class='ocrx_word' id='word_1_754' title='bbox 2699 4739 2918 4811; x_wconf 81' lang='lat' dir='ltr'><strong>plantis</strong></span> <span class='ocrx_word' id='word_1_755' title='bbox 2945 4755 2958 4792; x_wconf 90' lang='lat'>:</span> <span class='ocrx_word' id='word_1_756' title='bbox 2992 4740 3212 4812; x_wconf 89' lang='lat' dir='ltr'><strong>etquia</strong></span> <span class='ocrx_word' id='word_1_757' title='bbox 3231 4740 3468 4814; x_wconf 77' lang='lat' dir='ltr'><strong>aliquas</strong></span> <span class='ocrx_word' id='word_1_758' title='bbox 3507 4741 3679 4811; x_wconf 82' lang='lat' dir='ltr'><strong>flagi-</strong></span> 
     </span>
    </p>
   </div>
   <div class='ocr_carea' id='block_1_115' title="bbox 2022 4827 3678 4903">
    <p class='ocr_par' dir='ltr' id='par_1_115' title="bbox 2022 4827 3678 4903">
     <span class='ocr_line' id='line_1_115' title="bbox 2022 4827 3678 4903; baseline -0.001 -16"><span class='ocrx_word' id='word_1_759' title='bbox 2022 4831 2209 4887; x_wconf 90' lang='lat' dir='ltr'><strong>tiosos</strong></span> <span class='ocrx_word' id='word_1_760' title='bbox 2237 4829 2510 4887; x_wconf 90' lang='lat' dir='ltr'><strong>audierat</strong></span> <span class='ocrx_word' id='word_1_761' title='bbox 2537 4828 2881 4903; x_wconf 84' lang='lat' dir='ltr'><strong>imperatrix</strong></span> <span class='ocrx_word' id='word_1_762' title='bbox 2905 4827 3106 4884; x_wconf 83' lang='lat' dir='ltr'><strong>Judith</strong></span> <span class='ocrx_word' id='word_1_763' title='bbox 3152 4829 3212 4885; x_wconf 85' lang='lat' dir='ltr'><strong>vi</strong></span> <span class='ocrx_word' id='word_1_764' title='bbox 3248 4830 3518 4902; x_wconf 81' lang='lat' dir='ltr'><strong>quadam</strong></span> <span class='ocrx_word' id='word_1_765' title='bbox 3564 4831 3678 4887; x_wconf 84' lang='lat' dir='ltr'><strong>im-</strong></span> 
     </span>
    </p>
   </div>
   <div class='ocr_carea' id='block_1_116' title="bbox 2021 4914 3682 4994">
    <p class='ocr_par' dir='ltr' id='par_1_116' title="bbox 2021 4914 3682 4994">
     <span class='ocr_line' id='line_1_116' title="bbox 2021 4914 3682 4994; baseline -0.001 -17"><span class='ocrx_word' id='word_1_766' title='bbox 2021 4916 2389 4994; x_wconf 82' lang='lat' dir='ltr'><strong>praefocabili</strong></span> <span class='ocrx_word' id='word_1_767' title='bbox 2416 4917 2477 4974; x_wconf 94' lang='lat' dir='ltr'><strong>in</strong></span> <span class='ocrx_word' id='word_1_768' title='bbox 2507 4920 2802 4973; x_wconf 88' lang='lat' dir='ltr'><strong>conventu</strong></span> <span class='ocrx_word' id='word_1_769' title='bbox 2830 4914 3074 4989; x_wconf 84' lang='lat' dir='ltr'><strong>publico</strong></span> <span class='ocrx_word' id='word_1_770' title='bbox 3100 4916 3353 4975; x_wconf 88' lang='lat' dir='ltr'><strong>crimina</strong></span> <span class='ocrx_word' id='word_1_771' title='bbox 3392 4934 3503 4975; x_wconf 91' lang='lat' dir='ltr'><strong>sua</strong></span> <span class='ocrx_word' id='word_1_772' title='bbox 3522 4918 3682 4976; x_wconf 77' lang='lat' dir='ltr'><strong>dete-</strong></span> 
     </span>
    </p>
   </div>
   <div class='ocr_carea' id='block_1_117' title="bbox 2022 5005 3679 5081">
    <p class='ocr_par' dir='ltr' id='par_1_117' title="bbox 2022 5005 3679 5081">
     <span class='ocr_line' id='line_1_117' title="bbox 2022 5005 3679 5081; baseline -0.005 -14"><span class='ocrx_word' id='word_1_773' title='bbox 2022 5010 2197 5081; x_wconf 81' lang='lat' dir='ltr'><strong>xisse,</strong></span> <span class='ocrx_word' id='word_1_774' title='bbox 2229 5014 2286 5067; x_wconf 90' lang='lat' dir='ltr'><strong>et</strong></span> <span class='ocrx_word' id='word_1_775' title='bbox 2313 5008 2435 5065; x_wconf 90' lang='lat' dir='ltr'><strong>odii</strong></span> <span class='ocrx_word' id='word_1_776' title='bbox 2460 5007 2643 5064; x_wconf 91' lang='lat' dir='ltr'><strong>livore</strong></span> <span class='ocrx_word' id='word_1_777' title='bbox 2675 5005 2918 5063; x_wconf 91' lang='lat' dir='ltr'><strong>interius</strong></span> <span class='ocrx_word' id='word_1_778' title='bbox 2947 5010 3224 5077; x_wconf 88' lang='lat' dir='ltr'><strong>perustos</strong></span> <span class='ocrx_word' id='word_1_779' title='bbox 3268 5006 3474 5081; x_wconf 81' lang='lat' dir='ltr'><strong>palam</strong></span> <span class='ocrx_word' id='word_1_780' title='bbox 3517 5014 3679 5067; x_wconf 63' lang='lat' dir='ltr'><strong>exta,-</strong></span> 
     </span>
    </p>
   </div>
   <div class='ocr_carea' id='block_1_118' title="bbox 2022 5093 3682 5166">
    <p class='ocr_par' dir='ltr' id='par_1_118' title="bbox 2022 5093 3682 5166">
     <span class='ocr_line' id='line_1_118' title="bbox 2022 5093 3682 5166; baseline 0.001 -11"><span class='ocrx_word' id='word_1_781' title='bbox 2022 5100 2144 5156; x_wconf 87' lang='lat' dir='ltr'><strong>rius</strong></span> <span class='ocrx_word' id='word_1_782' title='bbox 2174 5098 2498 5156; x_wconf 86' lang='lat' dir='ltr'><strong>metuendo</strong></span> <span class='ocrx_word' id='word_1_783' title='bbox 2524 5096 2701 5152; x_wconf 84' lang='lat' dir='ltr'><strong>nimis</strong></span> <span class='ocrx_word' id='word_1_784' title='bbox 2738 5093 3012 5151; x_wconf 76' lang='lat' dir='ltr'><strong>examine</strong></span> <span class='ocrx_word' id='word_1_785' title='bbox 3032 5095 3189 5166; x_wconf 86' lang='lat' dir='ltr'><strong>ignis</strong></span> <span class='ocrx_word' id='word_1_786' title='bbox 3211 5096 3513 5154; x_wconf 78' lang='lat' dir='ltr'><strong>atrocibus</strong></span> <span class='ocrx_word' id='word_1_787' title='bbox 3542 5114 3682 5157; x_wconf 81' lang='lat' dir='ltr'><strong>con-</strong></span> 
     </span>
    </p>
   </div>
   <div class='ocr_carea' id='block_1_119' title="bbox 2024 5184 3675 5260">
    <p class='ocr_par' dir='ltr' id='par_1_119' title="bbox 2024 5184 3675 5260">
     <span class='ocr_line' id='line_1_119' title="bbox 2024 5184 3675 5260; baseline -0.001 -14"><span class='ocrx_word' id='word_1_788' title='bbox 2024 5188 2296 5254; x_wconf 86' lang='lat' dir='ltr'><strong>cremari,</strong></span> <span class='ocrx_word' id='word_1_789' title='bbox 2327 5202 2439 5260; x_wconf 90' lang='lat' dir='ltr'><strong>pro</strong></span> <span class='ocrx_word' id='word_1_790' title='bbox 2468 5201 2539 5240; x_wconf 89' lang='lat' dir='ltr'><strong>eo</strong></span> <span class='ocrx_word' id='word_1_791' title='bbox 2554 5184 2719 5258; x_wconf 87' lang='lat' dir='ltr'><strong>quod</strong></span> <span class='ocrx_word' id='word_1_792' title='bbox 2747 5184 3105 5257; x_wconf 83' lang='lat' dir='ltr'><strong>priusquam</strong></span> <span class='ocrx_word' id='word_1_793' title='bbox 3132 5185 3265 5243; x_wconf 89' lang='lat' dir='ltr'><strong>loco</strong></span> <span class='ocrx_word' id='word_1_794' title='bbox 3306 5186 3675 5258; x_wconf 89' lang='lat' dir='ltr'><strong>devenirent,</strong></span> 
     </span>
    </p>
   </div>
   <div class='ocr_carea' id='block_1_120' title="bbox 2026 5274 3679 5349">
    <p class='ocr_par' dir='ltr' id='par_1_120' title="bbox 2026 5274 3679 5349">
     <span class='ocr_line' id='line_1_120' title="bbox 2026 5274 3679 5349; baseline -0.001 -13"><span class='ocrx_word' id='word_1_795' title='bbox 2026 5296 2273 5336; x_wconf 90' lang='lat' dir='ltr'><strong>suorum</strong></span> <span class='ocrx_word' id='word_1_796' title='bbox 2296 5276 2614 5334; x_wconf 89' lang='lat' dir='ltr'><strong>criminum</strong></span> <span class='ocrx_word' id='word_1_797' title='bbox 2637 5274 2934 5348; x_wconf 90' lang='lat' dir='ltr'><strong>appetitus</strong></span> <span class='ocrx_word' id='word_1_798' title='bbox 2978 5274 3177 5349; x_wconf 86' lang='lat' dir='ltr'><strong>dignis</strong></span> <span class='ocrx_word' id='word_1_799' title='bbox 3228 5278 3679 5336; x_wconf 84' lang='lat' dir='ltr'><strong>confessionum</strong></span> 
     </span>
    </p>
   </div>
   <div class='ocr_carea' id='block_1_121' title="bbox 2029 5402 3681 5475">
    <p class='ocr_par' dir='ltr' id='par_1_121' title="bbox 2029 5402 3681 5475">
     <span class='ocr_line' id='line_1_121' title="bbox 2029 5402 3681 5475; baseline 0.001 -15"><span class='ocrx_word' id='word_1_800' title='bbox 2029 5407 2150 5462; x_wconf 83' lang='lat' dir='ltr'><strong>bem</strong></span> <span class='ocrx_word' id='word_1_801' title='bbox 2178 5402 2501 5459; x_wconf 78' lang='lat' dir='ltr'><strong>Suessionis</strong></span> <span class='ocrx_word' id='word_1_802' title='bbox 2529 5408 2584 5457; x_wconf 74' lang='lat' dir='ltr'><strong>et</strong></span> <span class='ocrx_word' id='word_1_803' title='bbox 2617 5403 2888 5458; x_wconf 80' lang='lat' dir='ltr'><strong>Parisius</strong></span> <span class='ocrx_word' id='word_1_804' title='bbox 2915 5418 3046 5459; x_wconf 81' lang='lat' dir='ltr'><strong>cum</strong></span> <span class='ocrx_word' id='word_1_805' title='bbox 3078 5406 3384 5475; x_wconf 77' lang='lat' dir='ltr'><strong>adjacenh&#39;</strong></span> <span class='ocrx_word' id='word_1_806' title='bbox 3408 5405 3681 5462; x_wconf 73' lang='lat' dir='ltr'><strong>(made-</strong></span> 
     </span>
    </p>
   </div>
   <div class='ocr_carea' id='block_1_122' title="bbox 2026 5475 3679 5605">
    <p class='ocr_par' dir='ltr' id='par_1_122' title="bbox 2026 5475 3679 5605">
     <span class='ocr_line' id='line_1_122' title="bbox 2026 5475 3679 5605; baseline 0.001 -73"><span class='ocrx_word' id='word_1_807' title='bbox 2026 5475 2316 5605; x_wconf 50' lang='grc' dir='ltr'><strong>ἓινῖιιτιέςεξ</strong></span> <span class='ocrx_word' id='word_1_808' title='bbox 2344 5479 2397 5531; x_wconf 77' lang='lat' dir='ltr'><strong>et</strong></span> <span class='ocrx_word' id='word_1_809' title='bbox 2428 5475 2821 5532; x_wconf 78' lang='lat' dir='ltr'><strong>combussisse.</strong></span> <span class='ocrx_word' id='word_1_810' title='bbox 2856 5476 2942 5531; x_wconf 81' lang='lat' dir='ltr'><strong>An</strong></span> <span class='ocrx_word' id='word_1_811' title='bbox 2974 5481 3315 5549; x_wconf 88' lang='lat' dir='ltr'><strong>portentum</strong></span> <span class='ocrx_word' id='word_1_812' title='bbox 3344 5477 3457 5534; x_wconf 86' lang='lat' dir='ltr'><strong>hoc</strong></span> <span class='ocrx_word' id='word_1_813' title='bbox 3473 5480 3679 5549; x_wconf 85' lang='lat' dir='ltr'><strong>postea</strong></span> 
     </span>
     <span class='ocr_line' id='line_1_123' title="bbox 2052 5563 3555 5605; baseline 0 0"><span class='ocrx_word' id='word_1_814' title='bbox 2052 5563 2120 5605; x_wconf 85' lang='lat' dir='ltr'><strong>ac</strong></span> <span class='ocrx_word' id='word_1_815' title='bbox 2149 5563 2252 5603; x_wconf 87' lang='lat' dir='ltr'><strong>um</strong></span> <span class='ocrx_word' id='word_1_816' title='bbox 2387 5579 2390 5582; x_wconf 61' lang='lat'><strong><em>~</em></strong></span> <span class='ocrx_word' id='word_1_817' title='bbox 3302 5579 3306 5583; x_wconf 91' lang='grc'>·</span> <span class='ocrx_word' id='word_1_818' title='bbox 3554 5574 3555 5577; x_wconf 79' lang='lat'>‘</span> 
     </span>
    </p>
   </div>
  </div>
