4034 6190
371 20 430 80 6-1
443 27 473 82 5

1336 19 1663 78 ODILONIS
1702 17 2010 78 MONACHI
2055 11 2110 76 S.
2155 14 2466 76 MEDARDI
2508 16 2865 79 SUESSION.

370 163 442 203 ac
470 145 835 220 paenitentiae
865 145 1142 202 remediis
1170 158 1444 199 coercere
1475 142 1874 215 neglexissent
1897 160 1910 209 ;
1931 158 2035 198 an-
2065 143 2112 195 Α
2146 141 2405 198 cteribus
2437 147 2773 210 exaratum,
2830 141 3192 214 laminisque
3249 141 3470 198 mctalli
3527 143 3806 214 ejusdem

370 238 610 294 xietatis
622 237 822 294 nimia:
837 235 1111 310 procellis
1123 233 1433 304 elisa,cum
1447 233 2030 305 prtecognovissetil-

367 325 466 382 luc
480 330 776 383 Caesarem
789 325 896 379 iter
908 323 1364 394 disponere,nec
1379 337 1442 377 se
1455 321 1534 376 ab
1563 337 1634 378 eo
1673 322 1904 394 absque
1939 321 2027 377 sui

369 415 589 470 rubore
605 411 802 469 dirimi
818 425 1020 483 posse;
1035 413 1220 466 totam
1235 425 1296 464 se
1311 410 1388 466 ad
1402 409 1724 482 propitiam
1743 409 2030 482 Redemp~

371 503 513 558 toris
529 499 777 557 contulit
796 497 1628 571 omnipotentiam,agensque
1686 515 1824 554 cum
1855 514 2030 554 vene-

368 583 655 646 rabilibus
667 590 753 659 (47
761 587 810 658 6)
827 587 1240 644 sacerdotibus
1254 587 1568 659 culparum
1582 603 1827 643 suarum
1843 603 2031 643 secre-

369 678 409 733 ti
423 675 691 749 mysterii
705 692 1095 745 munus,cum
1109 675 1428 733 Psalmista
1439 676 1654 732 orabat
1666 681 1727 733 ut
1740 676 1818 732 ab
1829 676 2029 732 occul-

368 766 439 822 tis
451 766 574 821 suis
586 751 866 822 mundari
876 770 952 833 ,et
965 766 1043 822 ab
1056 765 1264 822 alienis
1281 770 1606 822 mereretur
1618 765 1868 822 absolvi.
1879 765 2034 842 Elee-

368 871 763 928 mosynarum
776 855 999 911 interea
1018 855 1334 928 impendiis
1360 859 1831 927 caeterorumque
1843 855 2031 911 bono-

368 962 504 1002 rum
530 962 782 1019 operum
816 945 1282 1001 exhibitionibus
1315 961 1421 1017 per
1445 945 1707 1018 spatium
1740 944 2028 1016 interjecti

367 1035 655 1107 temporis
673 1033 839 1106 quod
861 1033 1644 1106 prtescierat,incunctanter
1664 1049 1911 1106 operam
1930 1033 2028 1088 de-

370 1123 496 1179 dit:
555 1123 760 1195 sicque
808 1122 1077 1193 demum,
1140 1121 1428 1192 religiosae
1479 1121 1776 1193 majestati
1831 1123 2029 1178 votiva

365 1227 567 1267 comes
597 1210 827 1280 effecta,
855 1209 932 1265 ad
960 1210 1147 1266 sancti
1175 1209 1452 1281 martyris
1491 1209 1696 1266 limina
1727 1209 2027 1282 praeclaris

364 1298 589 1354 meritis
620 1297 925 1369 prmeipua
949 1297 1308 1370 properavit.
1343 1298 1614 1370 Cumque
1653 1298 1827 1353 Abba
1858 1314 2024 1354 reve-

365 1385 741 1441 rentissimus
771 1386 1107 1441 Hilduimus
1150 1390 1206 1441 et
1259 1386 1508 1441 fratrum
1551 1392 1764 1442 ornata
1811 1388 2026 1442 cohors

363 1478 540 1530 tantae
571 1473 900 1530 celsitudini
921 1475 1479 1545 assurgens,festivo
1491 1479 1786 1548 apparatu
1814 1476 2024 1532 utrius-

362 1578 480 1635 que
505 1578 713 1618 eorum
743 1578 851 1634 pro
878 1561 1108 1617 foribus
1133 1578 1379 1618 servans
1421 1563 1744 1619 adventum
1777 1564 2022 1630 veniret,

361 1656 419 1708 et
450 1651 694 1707 tandem
727 1656 1035 1722 susceptos
1059 1650 1137 1705 ad
1159 1651 1433 1706 tumbam
1485 1653 1766 1724 martyris
1787 1653 2024 1708 canoris

361 1739 612 1795 vocibus
671 1740 1093 1811 concrepando
1141 1739 1494 1805 deduceret;
1551 1740 1608 1796 in
1639 1741 1850 1797 humili
1900 1758 2024 1814 quo

362 1828 764 1884 eranthabitu
797 1828 1099 1884 solotenus
1127 1845 1262 1884 cum
1301 1829 1489 1885 multa
1533 1829 1826 1886 nobilium
1872 1831 2023 1903 pha-

360 1917 540 1988 lange
572 1915 886 1972 substratis
925 1917 1200 1973 cominus
1255 1917 1370 1972 sibi
1427 1917 1644 1990 palliis,
1695 1923 2023 1992 antequam

359 2006 665 2076 margines
695 2005 1049 2075 attingerent
1095 2007 1316 2072 altaris,
1351 2007 1650 2079 extemplo
1703 2009 1767 2064 in
1806 2008 2021 2065 faciem

361 2098 620 2160 ruentes,
653 2094 1068 2163 gemebundus
1101 2111 1170 2150 ac
1209 2093 1616 2166 lacrymarum
1671 2113 1802 2152 rore
1856 2113 2024 2152 man-

358 2184 533 2240 didas
559 2199 766 2256 preces
797 2183 995 2240 militis
1016 2184 1202 2256 ipsius
1224 2185 1433 2240 merita
1453 2186 1802 2253 rocolentes,
1826 2174 2024 2260 pium-

358 2288 476 2345 que
505 2273 961 2330 intercessorem
1005 2273 1350 2329 invocantes
1398 2274 1716 2331 universali
1769 2277 2022 2332 Domino

358 2361 671 2433 protractis
692 2362 960 2435 suspiriis
991 2360 1274 2418 effudere.
1304 2362 1442 2418 Inde
1467 2363 1547 2420 ab
1577 2364 1847 2420 oratione
1895 2381 2022 2419 sur-

359 2455 587 2519 gentes,
619 2465 798 2506 versu
827 2467 1096 2521 congruo
1135 2452 1407 2507 omnium
1449 2451 1852 2509 assistentium
1881 2459 2020 2510 voto

358 2555 569 2596 eorum
601 2540 1062 2596 commendatur
1091 2539 1302 2596 oratio.
1365 2541 1545 2611 Igitur
1592 2542 1795 2598 aulam
1839 2547 2018 2599 tanta:

359 2627 705 2684 sublimitati
752 2627 1059 2700 provisam
1136 2627 1503 2698 introgressi,
1571 2629 1906 2702 imperialia
1963 2636 2018 2687 et

356 2732 428 2775 ea
455 2733 592 2790 quae
647 2721 788 2773 tunc
829 2716 1078 2772 cultiora
1137 2716 1299 2772 fuere
1357 2723 1713 2774 ornamenta
1735 2718 2016 2787 reinduti,

2143 229 2374 302 absque
2404 230 2763 288 admistione
2817 231 3112 304 cujusque
3158 229 3423 285 matoriei
3475 229 3809 301 inclusum,

2145 317 2814 391 thymiamateriumque
2857 320 2928 374 4ο
2979 322 3038 375 et
3089 321 3122 374 8
3175 317 3480 390 syclorum
3527 319 3810 390 ejusdem

2141 405 2377 479 speciei,
2404 412 2463 462 et
2489 412 2723 464 vastam
2765 408 2876 466 olei
2935 408 3293 481 amphoram
3350 407 3429 464 ad
3480 408 3812 467 luminaria

2141 494 2581 564 concinnanda,
2607 500 2807 552 mente
2834 494 3283 570 promptissima
3299 494 3516 553 obtulit
3547 515 3563 564 ;
3600 513 3811 554 mone-

2140 587 2263 639 tam
2289 583 2468 641 etiam
2499 583 2806 656 publicam
2833 601 2974 641 cum
3003 585 3324 641 incudibus
3350 585 3500 657 (480)
3522 591 3585 642 et
3613 591 3814 660 trape-

2139 676 2331 728 zetam
2363 677 2652 745 perpetuo
2690 673 2985 731 famulatu
3017 673 3206 730 sacris
3243 673 3433 747 ipsius
3481 674 3812 733 decet-vitu-

2138 775 2271 814 ram
2320 759 2606 817 subdidit.
2666 760 2984 818 Abbatiam
3035 776 3281 835 quoque
3337 764 3812 837 protomartyris

2141 849 2424 920 Stephani
2451 849 2811 906 Cauciacum
2869 851 3038 922 (481),
3088 865 3224 922 quae
3278 850 3808 923 septingentarum

2138 937 2501 994 familiarum
2527 954 2655 995 esse
2701 939 3070 1012 perhibetur,
3122 938 3202 995 ad
3249 939 3455 1012 templi
3503 940 3807 998 fabricam

2139 1025 2520 1098 spatiandam
2547 1025 2730 1112 dedit,
2761 1032 2818 1083 et
2839 1026 3327 1100 praeceptoregiaa
3339 1028 3810 1085 auctoritatisne

2137 1131 2176 1170 a
2203 1114 2471 1186 quolibet
2497 1116 2814 1172 temerario
2831 1115 3222 1188 abriperetur,
3241 1132 3382 1172 cum
3402 1117 3811 1174 obtestatione

2137 1208 2194 1259 et
2217 1204 2614 1260 anathematis
2638 1204 3027 1261 innodatione
3051 1205 3256 1261 annuli
3287 1205 3379 1261 sui
3401 1205 3811 1279 impressione

2136 1293 2372 1362 signato
2407 1292 2730 1350 roboravit.
2765 1293 2938 1360 Quod
2959 1310 3097 1350 sum
3125 1293 3340 1366 saepius
3364 1296 3811 1354 monasterium

2135 1381 2437 1448 inviseret,
2476 1386 2640 1439 tanta
2656 1381 2957 1439 devotioni
2983 1382 3250 1456 pristinae
3288 1384 3696 1456 postmodum
3729 1387 3812 1442 in-

2066 1495 2104 1547 B
2135 1474 2439 1525 crementa
2467 1469 2705 1540 adjecit,
2731 1475 2794 1526 ut
2821 1486 2962 1526 cum
3010 1470 3279 1544 quadam
3321 1471 3422 1528 die
3465 1472 3549 1528 ad
3579 1479 3809 1530 sanctis

2134 1559 2368 1631 Sophise
2403 1560 2543 1627 (482)
2577 1558 2892 1633 capellam,
2915 1576 3049 1633 quas
3077 1559 3298 1633 palatio
3328 1562 3579 1633 (483-84)
3614 1562 3806 1620 inbe-

2133 1647 2325 1716 rebat,
2351 1653 2632 1704 oraturus
2659 1648 3027 1721 procederet,
3068 1649 3147 1706 ad
3199 1650 3382 1708 limen
3441 1651 3801 1723 substiterit,

2133 1753 2392 1810 eamque
2415 1754 2452 1794 a
2494 1737 2638 1794 foris
2682 1737 2930 1794 intuitus
2968 1739 3320 1812 optavivum
3374 1739 3537 1797 illico
3593 1742 3805 1812 David,

2133 1842 2257 1900 quo
2281 1826 2341 1882 in
2387 1827 2789 1883 construendo
2835 1827 3067 1884 Domini
3108 1827 3504 1885 tabernaculo
3559 1831 3811 1888 anhela-

2133 1914 2254 1981 bat,
2288 1914 2507 1970 baculo
2535 1915 2810 1972 ﬂaventis
2839 1915 2969 1972 auri
2998 1915 3238 1972 innixus
3266 1917 3688 1976 docantaverit
3715 1919 3806 1976 di-

2133 2019 2274 2060 cens
2299 2021 2311 2059 :
2341 2005 2486 2060 Haec
2510 2006 2741 2076 requies
2765 2020 2895 2061 mea
2926 2007 2986 2060 in
3008 2007 3290 2062 saeculum
3315 2009 3552 2077 saeculi,
3567 2007 3671 2064 hic
3695 2009 3804 2065 Ita-

2136 2093 2332 2148 bitabo
2359 2093 2644 2164 quoniam
2665 2093 2819 2163 elegi
2845 2109 2973 2149 eam
2999 2093 3188 2163 (Psal.
3222 2109 3420 2163 cum,
3444 2098 3556 2163 14).
3591 2095 3807 2152 Mirum

2131 2181 2293 2237 dictu
2323 2182 2334 2236 !
2369 2181 2549 2238 veluti
2577 2182 2909 2238 assistentis
2937 2182 3216 2256 martyris
3245 2183 3375 2240 haec
3403 2190 3616 2241 essent
3643 2191 3805 2242 auri-

2130 2269 2244 2324 bus
2292 2269 2454 2338 data,
2478 2269 2669 2342 ipsius
2723 2269 2996 2341 ejusdem
3043 2271 3186 2327 solis
3238 2272 3473 2346 vesperi
3515 2273 3804 2345 prodiere

2131 2357 2454 2427 magniﬁca
2478 2357 2928 2431 triumphatoris
2958 2359 3181 2430 egregii
3205 2360 3520 2430 signorum
3545 2365 3802 2436 tropea.

2129 2449 2276 2503 Nam
2307 2445 2639 2503 octodecim
2671 2463 2850 2503 sexus
2881 2449 3195 2520 utriusque
3243 2449 3572 2507 sanitatum
3627 2467 3806 2508 cura-

2129 2535 2318 2592 tiones
2355 2551 2618 2610 praesens
2647 2535 2762 2592 sub
2781 2536 2994 2594 eadem
3015 2542 3210 2607 nocte,
3240 2537 3606 2611 priusquam
3629 2539 3804 2597 cubi-

2130 2631 2255 2682 tum
2281 2642 2528 2699 pergere
2555 2625 2939 2700 disposuerit,
2990 2642 3232 2684 cernere
3256 2629 3614 2701 promeruit.
3645 2631 3803 2687 Con-

2127 2715 2446 2772 tuebantur
2474 2715 2722 2772 istorum
2750 2715 3136 2786 glaucomina
3165 2716 3386 2787 fugatis
3413 2717 3686 2774 tenebris
3706 2718 3803 2790 ju-

356 2810 412 2862 et
439 2805 778 2862 diademate
809 2804 1053 2892 compti,
1105 2804 1430 2860 missarum
1486 2805 1776 2862 solemnia
1824 2809 2018 2863 Caesar
2050 2840 2091 2892 ο
2124 2805 2268 2862 bare
2297 2803 2591 2861 rutilantis
2619 2804 2864 2860 luminis
2903 2804 3279 2878 splendentia
3311 2823 3325 2861 :
3385 2805 3654 2864 aliorum
3685 2823 3803 2865 un-

356 2892 781 2950 consistorium
836 2891 1134 2947 scandens
1190 2893 1253 2946 in
1305 2892 1531 2948 honore
1563 2895 1842 2966 martyris
1881 2895 2016 2952 fecit

355 2979 680 3037 decantari.
718 2980 826 3043 Qui
885 2996 1023 3036 cum
1090 2981 1168 3036 ad
1225 2981 1615 3052 Evangelium
1649 2987 1899 3040 ventum
1927 2991 2015 3041 est

353 3069 601 3126 calicem
631 3084 883 3124 aureum
919 3085 1055 3124 cum
1077 3074 1317 3142 patena,
1350 3071 1534 3143 patris
1563 3072 1655 3127 sui
1684 3073 1878 3144 Magni
1903 3077 2010 3130 Ca-

352 3158 461 3215 roli
491 3163 1015 3228 monogrammate
1046 3161 1190 3230 (478)
1222 3159 1528 3230 insignita,
1555 3161 1838 3218 manibus
1869 3180 2011 3237 pro-

354 3247 498 3320 priis
528 3247 681 3302 inter
709 3246 1037 3318 legendum
1068 3249 1351 3320 ponderis
1403 3249 1658 3320 ingentis
1686 3252 1892 3322 tenuit,
1955 3257 2012 3310 et

352 3351 492 3392 cum
515 3335 817 3391 oblatione
848 3335 1148 3392 sacranda
1177 3336 1372 3393 eidem
1414 3338 1656 3394 dicavit.
1715 3343 1850 3398 Post
1905 3358 2008 3398 ex-

350 3423 669 3496 pletionem
694 3439 940 3496 quoque
972 3423 1266 3480 celebrem
1294 3426 1370 3481 ad
1402 3427 1650 3498 vestigia
1686 3429 1818 3500 ejus
1868 3447 2008 3488 cum

348 3513 607 3583 conjuge
638 3511 905 3568 accessit.
944 3512 1071 3580 Ubi,
1101 3529 1240 3568 cum
1274 3531 1402 3570 sese
1449 3515 1684 3588 prolixa
1739 3519 2007 3576 oratione

348 3604 467 3658 Deo
497 3616 608 3674 per
653 3604 932 3657 sanctum
963 3602 1576 3676 commendavissent,
1629 3607 2009 3680 complexiva

345 3695 401 3746 et
443 3689 609 3746 omni
658 3705 788 3745 aevo
843 3689 1285 3748 reminiscenda
1335 3691 1655 3750 devotione
1740 3695 2004 3765 singilla-

345 3776 449 3832 tim
508 3794 545 3833 a
597 3781 910 3834 stemmate
959 3795 1149 3851 usque
1197 3779 1556 3839 subuculam
1609 3783 1771 3840 cultu
1820 3787 2006 3858 regali

344 3865 779 3940 exuti,uterque
800 3868 1052 3941 martyri
1065 3869 1210 3926 inibi
1226 3875 1820 3944 reposuere.Textum
1836 3875 2005 3932 dein-

343 3969 486 4026 ceps
517 3970 827 4012 sacrorum
859 3957 1318 4028 Evangeliorum
1349 3961 1496 4033 (479)
1544 3962 1740 4018 aureis
1793 3963 2005 4021 chara-

414 4091 562 4161 (477)
591 4089 862 4147 Pluribus
888 4093 1300 4151 sacerdotibus
1329 4112 1453 4153 non
1478 4113 1614 4155 raro
1643 4101 1768 4153 tum
1795 4097 1995 4157 ﬁebat.

2124 2911 2227 2951 cas
2253 2910 2470 2950 manus
2499 2899 2558 2950 et
2583 2894 2813 2952 arentia
2840 2894 3090 2952 brachia
3111 2895 3249 2952 laxa
3281 2915 3295 2964 ;
3324 2912 3501 2953 suras
3543 2913 3803 2956 enerves

2122 2990 2180 3039 et
2207 2984 2450 3054 vestigia
2475 2987 2694 3041 retorta
2717 2985 2919 3055 vigore
2947 2984 3144 3055 magis
3165 2985 3310 3043 dato
3333 3002 3526 3060 quam
3547 2987 3798 3046 reddito

2121 3072 2401 3129 directius
2430 3077 2716 3145 protensa
2752 3072 3202 3146 ;quorumdam
3255 3090 3433 3130 aures
3491 3075 3801 3146 sanguine

2121 3160 2390 3227 ﬂuentes,
2423 3175 2575 3232 quas
2602 3159 2863 3217 surditas
2887 3160 3119 3218 diutina
3147 3160 3570 3234 damnaverat,
3625 3155 3799 3220 nunc

2118 3247 2268 3304 lenis
2295 3252 2354 3304 et
2383 3247 2574 3304 tenuis
2606 3263 2792 3305 sonus
2811 3248 3378 3322 approbabatvalde
3405 3251 3794 3325 perspicuas;

2117 3338 2450 3410 pessimum
2476 3337 2538 3394 in
2557 3337 2850 3410 quodam,
2882 3337 2988 3394 sed
3017 3337 3321 3395 devictum
3359 3343 3418 3396 et
3461 3340 3796 3399 exclusum

2115 3429 2386 3500 potenter
2415 3427 2720 3483 sinistrum
2751 3427 3047 3500 spiritum,
3085 3427 3265 3500 leprss
3305 3427 3583 3486 maculas
3630 3430 3790 3488 abo-

2114 3516 2248 3573 litas
2273 3516 2595 3572 furentium
2621 3515 2967 3590 insipientes
2989 3516 3096 3572 rite
3124 3516 3468 3574 demutatas
3523 3524 3789 3577 mentes.

2115 3605 2216 3662 His
2245 3605 2324 3663 ad
2347 3610 2551 3664 votum
2579 3605 2793 3663 fruitus
2817 3608 3012 3663 Caesar
3040 3606 3206 3663 nullo
3230 3607 3672 3666 incredulitatis
3701 3627 3794 3668 er-

2114 3710 2248 3751 rore
2277 3695 2408 3766 ejus
2437 3699 2676 3768 pectore
2707 3699 3007 3766 movente,
3039 3695 3262 3752 amoris
3289 3696 3562 3770 supremi
3590 3703 3652 3754 et
3704 3699 3793 3755 in-

2113 3782 2537 3857 comparabilis
2549 3782 2830 3839 affectum
2842 3797 2986 3854 erga
3011 3787 3343 3856 martyrem
3370 3790 3658 3842 sanctum
3671 3786 3794 3845 sol-

2111 3871 2265 3928 licite
2295 3872 2357 3928 in
2373 3875 2682 3946 posterum
2711 3887 2774 3928 se
2801 3872 3056 3930 devovet
3103 3878 3632 3932 conservaturum.
3692 3881 3788 3934 ln-

2112 3961 2477 4018 enarrabiles
2503 3961 2762 4032 gemitus
2793 3966 2851 4019 et
2875 3961 3136 4035 suspiria
3157 3962 3408 4018 ﬂetuum
3438 3963 3674 4020 nimbis
3701 3981 3790 4023 m-

2111 4100 2534 4182 gnitumnunc
2557 4098 3166 4182 prioratus‘abbat‘ise,
3217 4099 3599 4182 nterim-densi
3625 4103 3787 4182 sui:

344 4162 577 4245 §ecreta
605 4167 991 4245 peccatorum
1022 4166 1336 4233 confessio,
1353 4167 1752 4239 utprobatum
1773 4168 1834 4225 in
1848 4173 1999 4228 Prte-
2033 4190 2078 4245 ι)
2104 4162 2319 4245 fectus.
2347 4172 2522 4245 istius
2538 4162 2882 4245 monasterii
2908 4175 2965 4245 et
2984 4162 3271 4245 Bettoleni
3294 4171 3427 4245 ejus
3448 4172 3700 4245 abbatis
3718 4174 3787 4231 ﬁt

342 4231 561 4288 faticne
583 4231 782 4289 s'aaculi
803 4250 886 4289 Ill.

411 4303 556 4386 (478)
585 4305 1324 4386 Μοηοεςιρωωὲξλείςηιιω
1354 4323 1712 4386 ξθαίηοωᾳη
1736 4312 1996 4384 cujusvis

339 4376 651 4464 proprium
681 4377 966 4464 continuo
990 4376 1322 4458 litterarum
1342 4378 1528 4464 ductu
1549 4376 1996 4464 scriptum.Qu_o

340 4445 641 4504 scribendi
671 4461 887 4573 genere
911 4448 1143 4520 primus
1173 4448 1473 4521 eregibus
1496 4445 1712 4510 nostris
1743 4445 1996 4512 usus'vi-

337 4517 510 4574 detur
536 4522 686 4574 Caro
712 4535 782 4574 us
814 4522 1082 4574 Magnus.

381 4533 510 4576 Cllll‘
536 4533 686 4574 uaro

409 4590 556 4660 (479)
581 4588 881 4660 Hactenus
909 4588 972 4645 in
1000 4607 1070 4648 eo
1101 4591 1462 4648 monasterio
1501 4599 1844 4651 asservatur
1885 4596 1992 4654 iste

335 4658 504 4744 liber,
538 4658 646 4716 sed
664 4659 1158 4744 laminis'tantum
1180 4663 1474 4744 argenteis
1493 4670 1992 4744 coopertus,quas

337 4734 684 4806 lngrannus
695 4731 887 4806 abbas
908 4733 1034 4806 ﬁeri
1065 4731 1316 4803 curavit,
1347 4731 1627 4806 opposita
1645 4736 1758 4792 hac
1788 4731 1992 4794 inscri-

381 4802 537 4886 tione
561 4819 584 4892 ,ε
617 4803 761 4886 Haec
791 4803 1001 4892 ιαρᾳέιξ
1024 4806 1196 4892 ηας-ια
1217 4802 1754 4892 estppflngrapno
1778 4809 1991 4892 abpgte

337 4873 518 4941 hujus
553 4873 670 4929 loci
681 4889 840 4930 anno
868 4873 1077 4945 li68,A
1089 4877 1374 4933 lexandri
1395 4873 1559 4933 tertii
1586 4882 1669 4942 10,
1692 4881 1866 4950 regni
1876 4882 1993 4936 Lu-

335 4943 532 5025 (ζουῷί
547 4944 815 5025 junioris
830 4950 918 5025 23.
943 4947 1188 5025 litorum
1212 4948 1626 5025 autemjpsum
1646 4949 1988 5025 obtulitLu-

335 5013 576 5092 dpvicus
603 5014 932 5092 imperator
945 5017 1373 5092 B.Sebastiar}o
1404 5013 1465 5074 iri
1493 5022 1824 5092 receptione
1837 5025 1990 5092 ejus-

334 5083 778 5165 (Iem_1nar§yris
809 5089 1026 5165 inclyti
1034 5095 1089 5145 et
1099 5104 1278 5165 papae
1293 5089 1571 5161 Gregorii
1582 5083 1746 5147 u'rbis
1757 5083 1983 5165 ﬁcitur.

405 5153 838 5237 (-igpMdeoque
853 5153 956 5227 jus
981 5153 1775 5237 condendsemonetseauod
1797 5163 1984 5237 etiam

331 5225 607 5308 pluribus
633 5225 868 5308 ordinis
893 5231 1077 5286 nostri
1091 5225 1777 5308 emnobiisconce'ss'um.
1794 5235 1985 5308 Hujus

333 5297 588 5378 monetae
607 5297 940 5378 specimina
963 5301 1505 5378 quaedameahibet
1526 5303 1810 5378 Claudius
1847 5297 1985 5364 D'or-

330 5370 528 5442 maius
539 5368 706 5442 initio
717 5368 1005 5442 secunda;
1010 5371 1194 5442 partis
1204 5371 1462 5429 historiae
1481 5377 1871 5434 Sueessionen
1879 5379 1978 5436 sis.

398 5441 552 5521 (481)
577 5439 974 5497 Cauciacense
1002 5439 1455 5521 monasterium,
1493 5446 1674 5521 vulgo
1736 5449 1980 5521 Choizy,

321 5513 512 5584 paulo
571 5525 758 5584 supr}!
780 5580 790 5584 Α
813 5511 1260 5584 compendium,
1292 5512 1410 5571 fere
1446 5511 1545 5575 ad
1598 5511 1980 5578 Conﬂuentes

313 5580 549 5648 hones
572 5580 916 5656 in'tltsiam,
949 5580 1304 5644 Childeberti
1333 5588 1482 5647 tertii
1507 5590 1814 5666 sepultura
1831 5591 1979 5650 insi-

712 4535 782 4600 _us
814 4522 1082 4600 Magnus.

2106 4241 2405 4316 mentioin
2422 4243 2548 4298 Vita
2575 4244 2631 4298 S.
2648 4242 2991 4316 D_ra_usionis
3005 4242 3275 4316 episcopi
3293 4241 3781 4316 Suessionensis.

2177 4314 2325 4385 (482)
2364 4315 2657 4371 Hactenus
2677 4312 2844 4396 istius
2871 4312 3112 4386 capellae
3142 4312 3453 4396 parietinis

2177 4389 2454 4444 persunt.
2490 4389 2547 4440 et
2593 4383 2912 4444 collegium
2941 4400 3375 4441 canomcorum
3412 4386 3472 4442 S.
3586 4387 3780 4444 plina.

2107 4383 2454 4467 supersunt,
2490 4389 2547 4467 et
2593 4383 2912 4467 collegium
2941 4383 3375 4467 canonicorum
3397 4386 3472 4467 _S.
3501 4383 3780 4460 Sophim,

2103 4454 2275 4580 ctgus
2303 4456 2365 4513 in
2394 4454 2584 4537 oratio
2615 4454 2861 4512 Walteri
2889 4456 3229 4537 lvetotensis
3287 4455 3543 4538 caedem,
3574 4454 3779 4542 quam

2101 4542 2140 4584 a
2201 4527 2452 4612 lothario
2478 4543 2674 4612 primo
2700 4526 2934 4612 factam
2950 4542 3181 4612 primus
3212 4533 3473 4612 asseruit
3498 4531 3540 4612 β
3551 4545 3780 4600 uagin-

2099 4613 2215 4654 nus
2245 4597 2543 4671 patratam
2565 4597 2753 4671 fuisse
2773 4597 2967 4654 aiuntI
2994 4598 3252 4671 lnbrevi
3292 4598 3592 4671 Chronico
3642 4597 3781 4658 ino-

2099 4668 2338 4742 nastérii
2365 4668 2619 4742 ecclesia
2668 4673 2887 4742 sanctae
2943 4669 3176 4742 Sophia;
3202 4669 3488 4742 apudUS.
3537 4672 3778 4730 leder-

2272 4739 2350 4797 ab
2375 4739 2622 4796 Arnulfo
2637 4740 2922 4813 episcopo
2933 4739 3095 4796 anno
3122 4739 3263 4797 liii
3276 4739 3561 4799 dedicata
3579 4742 3776 4801 fuisse

2141 4828 2214 4867 lCl
2243 4828 2331 4867 ur.

2141 4828 2331 4868 lClIlll‘.

2167 4883 2405 4956 (483-84)
2467 4882 2614 4956 Hinc
2665 4887 2830 4955 patet
2868 4882 3025 4956 regis
3053 4883 3344 4956 palatium
3388 4883 3774 4956 monasterio

2097 4952 2450 5024 adjunctum
2481 4952 2687 5009 fuisse:
2721 4952 2962 5011 Nomen“
2984 4952 3273 5010 hactenus
3323 4955 3538 5011 retinet
3591 4954 3772 5012 locus

2097 5025 2644 5107 prope_orat_orium
2676 5030 2899 5107 sanctae
2931 5026 3188 5107 Sophim,
3232 5025 3398 5099 quod
3455 5041 3533 5107 eis.
3564 5025 3766 5107 im-

2097 5094 2938 5176 tioneConstantinopolitane
2977 5094 3573 5176 ejusdem—nominis
3605 5097 3772 5176 basi-

2094 5164 2221 5222 licae
2247 5166 2642 5240 imperatoriae
2663 5164 2754 5240 ita
2771 5164 3137 5223 dictum'est.
3169 5170 3249 5224 Eo
3275 5167 3332 5222 in
3363 5167 3594 5240 palatio
3643 5171 3766 5225 Leo

2094 5237 2350 5310 papalY
2373 5237 2601 5310 aliquot
2639 5237 2766 5310 dies
2818 5243 3089 5295 moratus
3118 5243 3231 5310 rest
3283 5237 3444 5310 anno
3494 5239 3626 5306 804,
3687 5255 3764 5296 ex

2093 5308 2422 5365 Annalibus
2471 5308 2898 5378 Mettensibus;
2961 5309 3206 5366 Carolus
3283 5308 3500 5367 Calvus
3556 5324 3762 5367 annos

2094 5381 2196 5454 843
2223 5379 2450 5452 legatos
2483 5380 2716 5454 Nicolai
2750 5397 2921 5454 papae
2976 5381 3117 5454 ipso
3138 5380 3502 5454 monasterio
3559 5381 3760 5454 hono-

2094 5449 2260 5526 riﬁce
2286 5449 2540 5526 recepit,
2597 5449 2944 5526 ibidemque
2995 5449 3331 5510 Ludovicus
3368 5468 3492 5526 rex
3547 5451 3760 5526 blattis

2091 5519 2326 5604 Domini
2347 5519 2666 5582 celebravit
2689 5519 2866 5583 anno'
2889 5527 3014 5594 878,
3072 5539 3146 5580 ex
3195 5521 3532 5581 Annalibus
3564 5523 3755 5582 Bel-tio

2088 5606 2286 5650 manis
2297 5636 2306 5647 .
