3940 6184
230 112 323 152 ’ςῆ

153 176 257 251 θη
324 236 333 244 .

1082 174 1171 227 DE
1207 171 1593 229 TRANSLAT.
1636 152 1709 225 s.‘
1738 165 2164 223 SEBASTIANI.
2209 167 2292 221 er
2332 167 2389 222 s.
2431 165 2643 223 eaea.

3474 177 3580 230 eis
3628 154 3635 161 ’

151 272 369 377 spersa
394 293 818 365 multiplicans,
847 310 987 351 eum
1020 296 1201 351 veluti
1250 286 1429 352 carne
1455 299 1810 367 praesentem
1842 293 1887 345 A
1923 303 2061 345 cum
2083 304 2323 345 summa
2347 290 2762 363 prospectione
2793 289 3110 346 custodum
3133 292 3397 364 patebat,
3421 294 3578 351 insc-

147 388 421 451 cerneret
447 383 778 447 excolebat,
806 384 1201 441 venerabatur
1219 389 1277 442 et
1323 384 1763 457 deprecabatur
1796 402 1809 451 ;

148 472 385 546 etguia
412 470 538 527 sine
565 472 932 528 htesitatioue
955 474 1120 546 quod
1153 474 1573 547 expostulabat
1600 471 1812 528 donari

149 561 231 618 ab
254 577 330 623 eo
354 560 467 615 sibi
497 575 676 632 posse
702 561 970 631 credidit,
1002 562 1123 618 voti
1146 579 1397 635 compos
1426 562 1671 618 effectus
1701 560 1810 616 idi-

149 666 336 722 psum
364 648 619 722 adeptus
650 654 738 705 est
781 650 1113 706 salubriter.
1177 651 1329 717 Quid
1387 657 1591 709 autem
1639 651 1813 707 fuerit

148 737 431 810 quodita
454 753 593 793 eum
626 752 872 807 rogasse
899 739 1316 811 prtemisimus,
1367 739 1546 796 series
1600 740 1812 795 subse-

146 844 366 900 quens,
418 827 541 882 imo
578 825 740 882 idem
797 826 857 882 in
917 828 1064 884 serie
1118 828 1579 885 secretissimum
1631 845 1810 885 suum

146 921 389 975 enarret
406 920 871 972 sacramentum.

264 1046 271 1051 .
756 1007 983 1061 CAPUT
1020 1007 1209 1061 XLIV.

218 1116 250 1147 α
282 1096 525 1164 Fractus
555 1092 784 1148 robusti
814 1093 957 1149 olim
990 1093 1217 1150 brachii
1235 1095 1383 1151 vires
1407 1111 1522 1166 ego
1555 1095 1808 1153 Ludovi-

145 1182 504 1251 cus,Caesar
549 1182 873 1254 imperator
915 1187 1238 1252 Augustus,
1270 1184 1368 1240 Dei
1425 1184 1809 1258 dispensante

146 1270 346 1339 gratia
372 1269 507 1327 orbi
529 1273 801 1326 Romano
830 1270 1158 1343 imperans,
1182 1288 1321 1328 cum
1347 1272 1463 1328 late
1521 1273 1582 1329 in
1612 1289 1807 1346 popu-

146 1359 247 1421 los
256 1359 415 1431 juris
433 1357 706 1415 habenas
735 1359 1190 1415 immoderatius
1238 1360 1689 1432 relaxavissem,
1716 1362 1807 1418 in-

144 1447 461 1519 dulgentia
510 1455 715 1505 nostra
764 1448 1017 1520 quidam
1067 1448 1341 1505 dissoluti
1390 1449 1808 1525 impugnando

147 1538 452 1609 pietatem,
464 1536 834 1594 infidelitatis
849 1552 1177 1610 prorupere
1188 1538 1618 1595 crudelitatem.
1636 1540 1809 1606 Quod

1920 378 2007 435 dit
2033 378 2237 435 animo
2261 378 2396 434 illac
2422 379 2523 435 ire.
2554 382 2683 445 Quo
2711 397 2850 437 cum
2879 380 3250 437 devenissem
3303 380 3578 440 omnium

1919 468 2179 538 vestigiis
2204 460 2573 542 provolutus,
2610 470 2806 525 morbi
2836 485 2957 542 quo
2988 468 3292 528 atﬁciebar
3333 471 3578 544 plagam

1918 557 2165 613 medicis
2196 557 2565 630 sapientibus
2594 558 2786 614 retuli.
2822 558 3052 624 Quibus
3082 564 3143 615 ut
3180 563 3392 633 quanti
3422 562 3578 619 leva-

1920 644 2097 702 minis
2123 646 2286 719 apud
2303 645 2593 719 propitios
2615 646 2899 703 dominos
2922 646 3260 704 obtinerent
3284 650 3580 724 supplica-

1918 733 1998 802 vi,
2029 737 2088 790 et
2114 739 2180 790 ut
2198 749 2308 807 pro
2338 734 2541 806 requie
2572 734 2847 805 conjugis
2870 751 3059 808 quam
3086 743 3431 810 exemptam
3457 739 3578 795 vita

1920 822 2274 892 arbitrabar,
2302 823 2517 879 missas
2565 823 2951 891 celebrarent,
3002 829 3058 881 et
3110 827 3389 883 attentius
3446 844 3578 884 ora-

1918 916 2070 981 rent,
2096 910 2499 967 venerabilem
2531 910 2975 981 religiositatem
2999 928 3210 969 eorum
3237 914 3459 971 obnixe
3490 915 3576 971 ef-

1919 999 2202 1069 ﬂagitavi.
2233 999 2341 1065 Qui
2371 998 2794 1055 afﬂictionibus
2826 1003 2884 1055 et
2932 1000 3184 1057 miseriis
3235 1002 3385 1058 meis
3432 1019 3575 1076 pru-

1917 1088 2126 1144 denter
2153 1088 2480 1161 compassi,
2511 1104 2617 1159 per
2642 1089 2851 1145 merita
2879 1093 2937 1144 et
2976 1088 3375 1146 interventum
3401 1107 3574 1147 sanc-

1916 1180 2115 1233 torum
2185 1176 2406 1249 quibus
2470 1176 2905 1246 deserviebant,
2987 1177 3168 1235 veluti
3237 1178 3576 1237 futurorum

1918 1266 2147 1339 praescii
2171 1265 2513 1339 proximam
2543 1266 2849 1340 pollicitati
2870 1272 3010 1324 sunt
3048 1267 3128 1324 ab
3158 1269 3575 1343 Omnipotente

1918 1356 2263 1413 adfuturam
2294 1355 2612 1424 medelam,
2675 1357 2724 1412 si
2754 1360 2953 1414 tamen
2998 1358 3138 1414 fidei
3188 1360 3575 1416 sacramentis

1918 1445 2191 1502 animum
2249 1445 2798 1502 accommodarem.
2862 1446 2953 1503 Sic
3010 1447 3090 1503 ab
3119 1448 3203 1503 eis
3256 1448 3411 1505 bene
3440 1465 3577 1505 eon-

1917 1533 2170 1590 fortatus
2191 1539 2330 1607 post
2358 1534 2689 1591 orationem
2714 1535 2792 1592 ab
2823 1535 2935 1590 illis
2961 1536 3257 1593 deductus
3308 1538 3465 1594 notis
3492 1555 3577 1594 er-

148 1625 389 1689 malum
412 1641 486 1681 eo
510 1641 702 1699 usque
730 1624 1043 1682 incanduit
1066 1630 1134 1681 ut
1165 1626 1328 1699 ipsos
1374 1643 1619 1701 quoque
1662 1644 1809 1702 prze-
1841 1638 1885 1695 Β
1918 1621 2138 1694 gastuli
2167 1627 2373 1690 antris,
2394 1622 2476 1679 ita
2504 1622 2749 1679 demum
2773 1641 2906 1680 sum
2929 1626 3255 1681 restitutus.
3283 1628 3575 1699 Sequente

147 1714 359 1783 dulces
387 1718 562 1770 natos
609 1729 779 1771 meos
809 1714 869 1769 in
921 1730 1018 1770 me
1070 1714 1272 1771 saevire
1303 1716 1720 1789 compulerint,
1753 1722 1810 1774 et

147 1819 359 1863 secum
381 1803 457 1859 de
486 1819 630 1859 nece
662 1803 753 1859 sui
797 1803 1080 1873 genitoris
1129 1808 1379 1862 tractare
1426 1804 1686 1863 fecerint.
1719 1807 1808 1863 Ad

147 1892 353 1956 locum
382 1894 465 1948 sic
495 1892 643 1948 forte
670 1892 923 1960 venitur,
954 1893 1060 1965 qui
1089 1909 1163 1949 ex
1209 1900 1423 1950 eventu
1448 1899 1638 1968 ruptae
1667 1895 1808 1951 fidei

148 1982 322 2054 pacis
352 1988 409 2039 et
427 1987 941 2039 sacramentorum
971 1984 1532 2054 Mentitus-campus
1562 1986 1706 2057 (485)
1735 2002 1808 2041 ex

150 2074 303 2132 tunc.
323 2071 675 2144 appellatur.
713 2071 816 2127 Hic
848 2088 942 2127 me
967 2071 1165 2128 omnis
1188 2088 1341 2145 pene
1387 2087 1663 2129 meorum
1702 2074 1811 2130 mi-

145 2156 570 2217 lituurmanus
592 2159 895 2231 deserens,
925 2176 1017 2231 eo,
1040 2166 1106 2216 ut
1133 2160 1326 2230 retuli,
1356 2161 1686 2233 perduellio
1742 2161 1808 2217 fi-

146 2244 265 2302 lios
292 2263 464 2304 meos
482 2248 851 2305 horrendum
880 2247 1113 2306 facinus
1138 2249 1406 2318 involvit,
1454 2253 1512 2305 et
1539 2250 1810 2322 praefices

148 2334 393 2396 sceleris
418 2353 548 2394 esse
576 2338 815 2408 delegit,
842 2338 1062 2394 insonti
1089 2338 1235 2393 mihi
1265 2337 1453 2394 multa
1483 2339 1660 2395 morti
1708 2339 1812 2395 ob-

148 2426 336 2493 noxia
357 2426 762 2500 imputantes;
794 2444 832 2484 a
852 2443 1168 2499 nunquam
1199 2427 1353 2483 laesis
1408 2427 1812 2500 multipliciter

144 2512 332 2571 laesus
359 2520 417 2570 et
457 2516 724 2583 delusus,
783 2514 1189 2571 nefandorum
1235 2519 1479 2573 actuum
1538 2531 1811 2573 meorum

144 2618 281 2659 non
308 2603 653 2675 immemor,
680 2603 1028 2676 δεᾳυίεεὶωο
1058 2604 1159 2658 Dei
1184 2602 1411 2674 judicio
1441 2604 1570 2660 hanc
1594 2620 1692 2660 me
1718 2604 1810 2661 di-

144 2706 269 2761 gne
286 2692 522 2766 perpeti
552 2692 1039 2759 comminiscens,
1068 2708 1245 2748 casus
1274 2694 1685 2766 aequanimiter
1736 2695 1814 2751 fe-

142 2781 383 2841 rebam.
440 2782 774 2838 Suessionis
817 2782 1118 2838 civitatem
1170 2782 1387 2839 deinde
1438 2782 1681 2841 inimica
1710 2800 1811 2841 eo-

140 2870 324 2939 hoete
342 2869 612 2939 vallatus,
635 2870 716 2928 ad
745 2875 1092 2928 sanctorum
1122 2871 1511 2929 dominorum
1536 2889 1813 2930 meorum

1916 1712 2107 1769 noctis
2134 1712 2352 1768 umbra
2370 1712 2629 1781 cogitatu
2654 1713 2862 1768 sedulo
2876 1713 3245 1771 lucicomum
3266 1715 3574 1773 desidera-

1916 1801 2061 1858 bam
2090 1817 2330 1857 cernere
2359 1800 2525 1856 sidus
2559 1820 2571 1857 :
2606 1802 3031 1875 ingressusque
3062 1808 3282 1860 sanctae
3310 1800 3575 1862 Trinitati

1917 1892 2063 1964 (487)
2091 1890 2355 1947 vicinum
2386 1883 2639 1947 carceris
2686 1891 3033 1960 oratorium,
3066 1898 3202 1965 post
3254 1894 3575 1951 matutina-

1916 1980 2037 2037 lem
2065 1978 2466 2052 expletionem
2494 1979 2656 2035 solus
2685 1979 2830 2036 inibi
2869 1986 3250 2053 pernoctans,
3281 1998 3421 2040 cum
3470 1998 3578 2055 per

1919 2069 2239 2127 fenestram
2290 2073 2455 2125 extra
2510 2069 2789 2125 intuitum
2855 2069 3194 2141 dirigerem,
3245 2072 3577 2146 quemdam

1918 2159 2238 2217 custodum
2268 2158 2421 2215 ultra
2444 2159 2599 2214 vires
2628 2159 2925 2215 immerito
2955 2164 3159 2217 tamen
3205 2161 3354 2218 mihi
3403 2161 3579 2217 infes-

1919 2252 2069 2318 tum,
2096 2246 2209 2302 sub
2235 2245 2481 2302 imbrice
2508 2246 2786 2302 cominus
2814 2246 2988 2302 video
3007 2247 3329 2319 jacentem,
3369 2253 3445 2319 et,
3503 2266 3578 2305 ne

1919 2337 2012 2393 vel
2060 2335 2408 2411 permodico
2440 2336 2717 2391 maceriei
2757 2334 3052 2392 foramine
3108 2336 3394 2407 elaberer,
3446 2338 3579 2411 ipso

1920 2426 2078 2479 statu
2098 2439 2332 2479 servare
2346 2423 2703 2497 cupientem.
2730 2428 2919 2491 Quem
2942 2442 3157 2482 somno
3187 2430 3243 2483 et
3274 2443 3443 2483 mero
3491 2444 3581 2483 so-

1919 2511 2112 2585 pitum
2128 2511 2607 2585 deprehendens,
2626 2513 2778 2570 inter
2799 2514 2919 2571 alta
2940 2515 3138 2571 cordis
3158 2516 3416 2588 suspiria
3436 2516 3577 2573 ridi-

1921 2600 2473 2658 culummihiomen
2488 2602 2700 2659 melius
2726 2608 3043 2677 aspectans
3068 2604 3355 2661 oboritur.
3391 2605 3581 2662 Enim-

1920 2707 2061 2747 vero
2077 2691 2314 2747 cumita
2343 2691 2629 2749 diffusum
2666 2693 2971 2750 solotenus
3000 2699 3057 2751 et
3085 2695 3214 2766 ejus
3236 2711 3441 2752 ensem
3464 2696 3580 2753 fre-

1919 2781 2503 2865 quentbcervicalis,
2541 2798 2663 2855 quo
2711 2783 3085 2856 superfuerat
3121 2785 3446 2858 expositus,
3496 2803 3583 2843 re-

1920 2870 2103 2944 pulsu
2120 2871 2385 2928 viderem
2401 2887 2586 2944 penes
2604 2872 2959 2929 fundamina
2969 2873 3230 2931 basilicae
3246 2874 3579 2948 impexum,

143 2959 502 3021 conobium
531 2959 858 3033 perductus
907 2976 1064 3028 sum,
1119 2966 1175 3017 et
1229 2961 1374 3034 quia
1411 2962 1679 3020 sciebant
1716 2980 1813 3021 me
1848 2989 1891 3047 ο
1922 2960 2149 3016 scalam
2180 2960 2407 3016 concite
2428 2977 2564 3033 qua:
2600 2960 2679 3018 ad
2716 2962 3135 3019 accendendas
3164 2963 3326 3020 faros
3357 2965 3581 3035 angulo

144 3048 327 3106 illum
371 3048 567 3107 lecum
623 3048 869 3119 diligere
915 3048 1267 3122 plurimum,
1342 3051 1814 3110 consiliabantur

142 3138 307 3205 inibi
327 3154 425 3195 me
453 3138 697 3196 fortuitu
721 3142 860 3212 post
876 3138 1358 3212 desperationem
1390 3146 1603 3214 sponte
1640 3158 1814 3200 arma

143 3226 511 3302 pom'turum.
545 3230 675 3295 Quo
703 3244 844 3285 cum
874 3245 972 3285 me
1010 3228 1256 3303 publica
1299 3230 1575 3288 custodia
1622 3238 1812 3290 arcta-

140 3318 401 3386 vissent,
427 3322 726 3392 quatenus
751 3318 920 3391 quod
949 3317 1162 3375 callide
1201 3322 1605 3378 tractaverant
1631 3337 1812 3394 opere

140 3412 665 3478 consummarent,
685 3407 986 3481 quosdam
1013 3407 1424 3466 submiserunt
1441 3410 1548 3483 qui
1565 3426 1809 3468 uxorem

140 3499 306 3567 (486)
333 3512 537 3555 meam
559 3497 622 3554 in
648 3497 1011 3555 monasterio
1049 3496 1354 3568 virginum
1383 3500 1811 3557 sanctimonia-

139 3586 271 3647 lem
296 3585 518 3643 factam
541 3585 639 3642 vel
667 3585 856 3659 (quod
879 3585 1076 3643 verius
1124 3586 1451 3658 audissent)
1509 3592 1810 3645 mortuam

142 3674 303 3733 mihi
324 3673 687 3732 nuntiarent.
720 3673 934 3730 Filium
956 3689 1202 3747 quoque
1248 3690 1453 3731 meum
1488 3675 1812 3748 parvulum

141 3768 211 3820 et
232 3763 619 3820 innocentem
660 3762 943 3819 Carolum
970 3762 1148 3818 bonae
1203 3761 1423 3818 indolis
1470 3762 1812 3834 puerulum,

140 3866 338 3925 qnam
361 3855 655 3909 noverant
680 3867 803 3924 prae
831 3850 1115 3908 omnibus
1139 3850 1287 3907 mihi
1307 3852 1811 3920 amantissimum,

141 3947 465 4001 auulsum
519 3944 578 3998 et
626 3941 1068 3999 monachorum
1119 3940 1429 3998 firmarent
1484 3941 1661 3997 coctili
1712 3942 1814 3998 ad-

142 4030 387 4089 ninun.
416 4030 589 4096 Quod
618 4044 732 4100 ego
760 4028 1033 4096 audiens,
1091 4032 1149 4085 et
1193 4044 1292 4085 me
1337 4028 1639 4085 continere
1688 4044 1813 4086 non

140 4119 387 4187 valens,
403 4120 629 4193 quippe
654 4118 760 4193 qui
783 4117 951 4189 regni
975 4117 1191 4175 decore
1217 4117 1526 4192 spoliatus,
1555 4119 1814 4191 conjuge

141 4209 447 4283 privabis,
471 4207 714 4282 ﬁlioque
740 4223 934 4265 essem
964 4207 1231 4275 orbatus,
1265 4206 1479 4263 diebus
1507 4222 1631 4264 non
1660 4223 1812 4281 pau-

141 4300 233 4375 cis
263 4298 506 4371 cjulans
520 4298 686 4355 nullo
707 4297 1082 4355 consolatore
1108 4297 1341 4366 fruitus,
1359 4296 1667 4369 languoris
1687 4299 1813 4356 vio-

140 4388 471 4447 lentissimi
498 4387 789 4461 paulatim
812 4403 911 4443 me
953 4386 1395 4461 persentiebam
1443 4402 1516 4443 ex
1572 4388 1814 4445 tristitiae

140 4464 574 4549 magnitudine
594 4477 835 4534 aestibus
867 4475 1041 4533 aduri
1085 4493 1099 4531 :
1130 4480 1189 4532 et
1212 4474 1357 4549 quia
1379 4478 1598 4548 praeter
1625 4476 1814 4531 Deum

139 4556 595 4625 consolatorem
622 4564 928 4622 neminem
957 4563 1179 4621 habere
1202 4567 1499 4638 poteram,
1524 4562 1816 4637 quoniam

140 4656 409 4731 quidem
437 4654 637 4711 aditus
664 4658 722 4711 et
743 4652 1116 4727 colloquium
1145 4652 1483 4723 negabatur
1506 4651 1814 4722 omnibus,

144 4747 230 4804 ad
248 4732 583 4803 ecclesiam
607 4748 841 4803 tantum
869 4748 928 4801 et
950 4743 1030 4801 ad
1053 4743 1264 4800 fratres
1292 4759 1433 4800 raro
1459 4742 1577 4810 via,
1600 4746 1659 4799 et
1683 4741 1819 4814 ipsa

223 4992 385 5079 G85)
395 4995 711 5079 :l'heganus
723 4994 791 5079 in
801 5009 934 5079 cap.
954 4996 1022 5050 42
1038 4997 1497 5079 vocatcampum
1504 5006 1817 5079 magnum,

145 5062 262 5143 qui
281 5062 547 5125 estinter:
559 5067 608 5143 ᾼ
618 5062 989 5139 rgentarium
1000 5070 1058 5143 et
1069 5064 1517 5143 Basiteam,_q_ui
1524 5079 1707 5143 usque
1720 5062 1819 5118 ho-

145 5135 252 5196 ilie
265 5145 523 5197 vocatur
544 5135 805 5208 Campus
834 5136 1150 5203 mendacii,
1165 5151 1228 5193 eo
1245 5135 1517 5208 quodjbi
1530 5136 1821 5205 plurimo-

147 5151 252 5211 die
265 5151 523 5197 vocatur
544 5151 805 5208 campus
834 5151 1228 5203 menaacn,eo
1245 5151 1402 5261 guoa
1432 5151 1511 5190 τοι
1530 5151 1821 5205 pun-imo-

147 5227 293 5271 rum
320 5210 586 5289 ﬁdet-{tas
616 5210 912 5289 exstincta
943 5208 1038 5289 sit.
1069 5210 1219 5289 bege
1291 5220 1361 5261 ac
1389 5206 1464 5289 de
1493 5221 1556 5289 re
1582 5209 1822 5277 Anony-

144 5276 332 5358 φιμιὶ
362 5280 600 5358 inlibro
628 5280 704 5338 de
730 5276 1559 5358 Yita_Ludo_vici‘Aug‘u‘stiad.
1588 5276 1818 5358 annum

145 5356 299 5419 833L
319 5356 379 5419 et
403 5351 626 5408 librum
649 5368 709 5412 ιι,
737 5350 812 5407 de
838 5349 1026 5407 Gestis
1056 5348 1245 5405 Walae
1277 5347 1514 5403 abbatis
1546 5347 1717 5419 infra.

226 5417 386 5498 (ηε)
405 5422 605 5491 Judith
635 5422 874 5489 scilicet,
894 5422 1066 5498 cujus
1085 5418 1402 5498 occasione
1422 5422 1508 5498 t_ot
1555 5417 1821 5498 excitatae

148 5489 441 5568 procellae
456 5489 612 5568 sunt,
628 5510 763 5568 qua:
776 5508 939 5568 anno
950 5489 1058 5568 830
1066 5491 1330 5568 primum
1353 5490 1412 5568 i_n
1428 5489 1753 5568 Laudunen
1761 5503 1822 5568 se

148 5510 441 5568 procellae
456 5510 612 5562 sunt,
673 5511 763 5550 ωε
776 5510 939 5549 anno
950 5510 1055 5549 δδυ
1066 5510 1330 5564 primum
1353 5510 1412 5546 ω
1430 5510 1822 5570 Lauauneuse

148 5566 603 5631 monasterium
740 5564 930 5621 Mariae
977 5567 1228 5631 retrusa,
1277 5560 1417 5618 dein
1464 5561 1715 5618 Pietavrs
1761 5574 1823 5615 in

149 5636 515 5695 coenobium
548 5639 604 5694 S.
634 5634 1037 5706 Radegundis,
1067 5633 1238 5690 tertio
1266 5637 1403 5706 post
1429 5648 1590 5690 anno
1620 5632 1823 5688 Derto-

531 5728 777 5782 PATROL.
820 5724 1077 5780 CXXXII.

1922 3049 2115 3106 fuerat
2133 3050 2395 3123 reposita
2414 3049 2679 3118 subiens,
2734 3050 3068 3107 funiculum
3103 3052 3223 3109 otio
3246 3055 3579 3126 torpentem

1922 3154 2103 3204 super
2127 3155 2164 3195 a
2192 3138 2578 3212 laquearibus
2602 3138 2787 3195 solvi:
2812 3139 3208 3214 cominusque
3233 3141 3437 3198 hastas
3454 3143 3583 3216 qui-

1920 3227 2037 3285 bus
2051 3227 2268 3285 vexilla
2315 3232 2583 3300 tempore
2632 3228 2979 3285 litaniarum
3022 3228 3267 3287 ferenda
3298 3236 3581 3304 aptantur

1919 3317 2321 3391 conspiciens,
2354 3317 2458 3374 uni
2468 3333 2676 3374 earum
2700 3317 3033 3374 funiculum
3050 3335 3189 3375 cum
3210 3318 3430 3393 laqueo
3443 3321 3582 3376 sub-

1921 3408 2101 3464 nexui
2117 3424 2343 3481 perque
2363 3407 2642 3465 eamdem
2664 3406 2984 3464 fenestram
3005 3408 3140 3479 jeci.
3173 3412 3291 3465 Hac
3311 3425 3580 3483 compre-

1919 3497 2181 3554 hensum
2189 3501 2316 3553 arte
2338 3512 2691 3554 mucronem
2707 3496 2941 3566 sustuli,
2965 3497 3148 3570 inque
3164 3497 3315 3554 altas
3331 3504 3388 3554 et
3408 3515 3585 3571 squa-

1921 3586 2108 3643 lentes
2124 3586 2236 3642 feci
2252 3586 2467 3656 jactari
2492 3585 2761 3651 latrinas,
2794 3589 3130 3657 vocatoque
3152 3586 3283 3656 ejus
3313 3586 3577 3653 nomine,

1922 3674 2019 3732 aio
2041 3674 2120 3730 ad
2142 3690 2284 3729 eum
2318 3690 2330 3728 :
2356 3676 2399 3730 Ο
2427 3678 2649 3743 custos,
2673 3671 2923 3744 pervigil
2946 3676 3185 3727 tuorum
3214 3687 3352 3743 spes
3370 3672 3584 3728 ﬁdissi-

1921 3780 2045 3833 ma,
2077 3761 2364 3833 vigilasne
2384 3764 2412 3819 ?
2441 3761 2533 3817 Ad
2557 3761 2687 3817 haec
2712 3760 2808 3816 ille
2833 3778 2845 3815 :
2877 3759 3084 3829 Vigilo,
3112 3765 3168 3816 et
3198 3760 3350 3817 bene
3377 3760 3578 3831 vigilo.

1923 3853 2031 3909 Cui
2055 3852 2271 3909 iterum
2301 3866 2451 3921 ego:
2480 3853 2549 3908 Et
2569 3849 2716 3923 quid
2738 3849 2914 3906 struis
2945 3849 2973 3905 ?
3003 3852 3070 3905 Et
3109 3849 3204 3906 ille
3255 3868 3268 3905 :
3326 3849 3481 3916 Quid
3509 3850 3584 3906 de

1922 3941 2035 4009 his,
2068 3940 2282 4014 inquit,
2316 3940 2471 3997 tibi?
2499 3942 2726 3996 Rursus
2745 3954 2858 4010 ego
2878 3955 2892 3993 :
2911 3939 2969 3994 Si
2987 3938 3091 3995 tibi
3106 3939 3253 3996 forte
3272 3939 3584 4012 repentina

1922 4029 2245 4088 necessitas
2267 4032 2523 4101 cogeret,
2550 4027 2798 4084 forsitan
2828 4026 3064 4097 gladius
3089 4043 3277 4085 manu
3321 4026 3582 4084 abesset.

1924 4120 2027 4177 Illo
2044 4118 2123 4176 ad
2144 4122 2326 4192 caput
2347 4116 2598 4175 brachia
2616 4119 2997 4173 convertente
3026 4120 3084 4173 et
3107 4132 3245 4173 eum
3275 4117 3394 4173 huc
3422 4116 3586 4174 illuc-

1921 4224 2040 4282 que
2069 4207 2422 4281 quaeritante
2455 4224 2468 4261 :
2500 4206 2559 4262 Si
2584 4222 2702 4268 me.
2724 4205 2865 4272 dixi,
2887 4205 2972 4263 sic
3002 4206 3383 4274 custodisses,
3407 4206 3587 4264 hodie

1922 4313 2021 4354 me
2060 4312 2447 4369 nequaquam
2475 4295 2572 4351 hic
2627 4294 2964 4351 habuisses.
3013 4294 3337 4367 Quidquid,
3370 4294 3588 4367 inquit-

1922 4385 2073 4444 illud
2091 4389 2180 4442 est
2205 4384 2374 4458 quod
2397 4384 2474 4440 de
2486 4399 2774 4440 mucrone
2793 4387 3114 4450 actumest,
3130 4383 3272 4439 satis
3287 4398 3587 4455 superque

1923 4480 1982 4533 te
2012 4479 2077 4531 ut
2101 4474 2310 4545 jussus
2339 4490 2475 4530 sum
2504 4472 2759 4542 servavi,
2784 4476 2841 4528 et
2861 4486 3099 4529 servare
3124 4469 3352 4527 curabo
3374 4474 3430 4526 et
3449 4484 3584 4539 ego.

1922 4562 2087 4620 Vade
2110 4576 2274 4632 ergo,
2304 4565 2362 4618 et
2387 4560 2449 4617 in
2478 4574 2726 4616 munere
2750 4558 3050 4615 fidelitatis
3078 4556 3259 4628 hujus
3275 4561 3334 4613 et
3361 4555 3588 4625 vigilia-

1922 4668 2060 4710 rum
2089 4656 2330 4709 tuarum
2359 4650 2459 4706 illo
2488 4649 2550 4706 in
2577 4647 2711 4705 loco
2740 4646 3099 4720 competenti
3122 4644 3589 4703 armamentorio

1925 4757 2108 4815 quem
2131 4740 2379 4813 turpiter
2400 4737 2656 4795 amisisti
2672 4736 2951 4806 recollige
2966 4750 3338 4796 mucronem.
3366 4734 3590 4791 Eadem

1926 5006 2071 5047 nam
2091 4989 2351 5059 relegata
2371 4991 2477 5044 est.
2501 4986 2747 5064 Carolus
2773 5000 2913 5041 vero
2930 4981 3179 5064 Prumite
3202 4982 3589 5064 commenda,

1929 5067 2021 5119 tus
2051 5065 2156 5127 est,
2189 5053 2298 5116 n'ec
2328 5063 2531 5115 tamen
2560 5062 2855 5125 attonsus,
2882 5060 2941 5111 ut
2982 5053 3197 5125 legitur
3223 5053 3285 5108 in
3315 5054 3442 5111 Vita
3488 5057 3591 5111 Lu-

1926 5130 2425 5214 doxi93.Aesusﬁ-
2722 5213 2726 5214 ,
2804 5213 2836 5214 η
2879 5198 2888 5208 .
2931 5197 3290 5214 -
3387 5213 3420 5214 η
3455 5198 3496 5214 ,.

2000 5204 2150 5275 (487)
2178 5201 2547 5275 Hincgnarus
2577 5213 2738 5255 anno
2786 5201 3310 5275 sutepiscopatus
3343 5201 3592 5275 septimo

1929 5267 2219 5345 synodum
2249 5273 2458 5329 habuit
2490 5268 3068 5345 compijouinqiatem
3081 5267 3248 5345 apud
3263 5267 3593 5345 Syessioni-

1931 5339 2060 5401 cam
2078 5344 2279 5399 urbem
2296 5345 2357 5398 in
2372 5342 2729 5397 monasterio
2740 5341 2797 5394 S.
2814 5339 3106 5405 Medardi,
3126 5340 3187 5393 in
3202 5339 3446 5396 ecclesia
3457 5355 3596 5395 san-

1932 5422 2041 5473 ctae
2080 5415 2391 5470 Trinitatis
2420 5413 2642 5468 honore
2674 5417 2936 5479 sacrata,
2982 5413 3125 5465 teste
3160 5409 3502 5466 Frodoardo
3532 5411 3592 5464 in

1934 5485 2196 5543 Historiae
2228 5484 2328 5540 lib.
2363 5500 2445 5552 in,
2486 5498 2618 5555 cap.
2647 5485 2720 5555 2;
2764 5498 2901 5555 quae
2930 5480 3186 5540 ecclesia
3215 5481 3334 5538 alia
3381 5485 3507 5537 erat
3558 5496 3595 5535 a

1976 5556 2265 5630 rincipali,
2297 5572 2431 5629 quae
2454 5554 2730 5630 B._Ma_riae
2763 5554 2996 5630 sacrata
3023 5557 3170 5630 erat,
3190 5557 3258 5630 ut
3268 5555 3504 5609 constat
3521 5566 3595 5606 ex

1976 5574 2265 5630 rmcrpau,
2297 5574 2431 5629 quae
2455 5574 2513 5610 υ.
2543 5574 2730 5610 maritae
2763 5574 2996 5610 sacrata
3023 5574 3170 5621 erat,
3192 5574 3280 5609 ιιι(

1932 5574 2140 5687 Εῐιειιὶε
2172 5625 2671 5684 exauctorationis
2702 5624 2979 5681 Ludovici
3010 5622 3280 5695 Augusti.

3253 5710 3343 5767 20.
