3940 6184
475 148 580 200 619

1433 136 1760 194 ODILONIS
1801 135 2108 192 MONACHI
2141 134 2210 190 ,S.
2257 135 2570 192 MEDARDI
2615 134 2965 191 SUESSION.
3673 159 3745 210 620

473 270 605 344 ipsa
631 267 728 324 die
747 265 996 340 quidam
1023 263 1271 319 fratrum
1301 261 1701 334 explorantes,
1723 259 1902 316 totius
1931 273 2127 314 causae
2161 261 2204 312 Α
2239 255 2534 328 derarem,
2558 263 2615 314 et
2642 259 2898 316 vicinam
2930 259 3329 320 desolationem
3367 281 3522 337 quam
3548 276 3742 341 prem-

477 375 624 413 mere
646 355 906 412 veritatis
933 357 1198 408 tenorem
1223 365 1330 422 per
1363 348 1752 410 Harduinum,
1777 346 1880 419 qui
1932 345 2130 418 quoti-

475 447 656 502 diano
687 438 1010 498 ministerio
1034 443 1170 495 ante
1201 455 1298 494 me
1325 437 1540 493 missas
1586 437 1838 509 psallere
1887 449 2132 490 consue-

481 539 658 602 verat,
691 529 908 602 scripto
936 527 1246 583 miserunt.
1279 529 1548 598 Cumque
1579 526 1653 581 de
1682 541 1846 580 more
1877 523 1926 580 ei
1961 522 2129 580 obla-

479 625 660 679 tiones
693 621 838 688 (488)
868 621 988 674 Deo
1016 617 1392 683 mactandas,
1422 616 1685 672 maxime
1714 631 1823 688 pro
1853 613 2128 682 conjugis

473 727 618 767 meae
649 707 1045 772 absolutione,
1073 721 1263 779 quam
1290 704 1572 762 humanis
1589 706 1934 775 exemptam
1951 700 2130 758 rebus

466 797 814 863 credebam,
846 795 1124 853 oti‘errem
1158 812 1171 862 ;
1216 793 1309 850 ille
1341 810 1540 849 meam
1569 793 1801 858 cautius
1833 791 2132 858 stringens

471 882 744 956 manum,
773 902 943 942 secus
973 884 1157 941 altare
1177 899 1310 940 esse
1330 885 1480 954 (489)
1502 883 1668 940 dixit.
1697 885 1827 938 Post
1848 895 2132 936 consum-

473 981 701 1035 matam
725 975 1004 1042 hostiam,
1037 989 1250 1029 omnes
1265 989 1406 1028 cum
1433 973 1593 1028 foras
1616 971 1837 1039 egressi
1859 969 2132 1050 fuissent,

475 1066 709 1123 substiti
741 1065 924 1132 solus,
956 1068 1012 1118 et
1041 1061 1260 1118 sacello
1287 1061 1616 1135 projectam
1640 1060 1926 1130 colligens
1977 1064 2133 1114 rotu-

471 1158 616 1226 lam,
648 1155 842 1211 vivere
871 1169 1140 1219 uxorem,
1169 1157 1226 1208 et
1252 1151 1333 1207 nil
1360 1152 1418 1206 in
1451 1151 1638 1206 filium
1671 1166 1874 1206 meum
1916 1147 2132 1204 sinistri

471 1248 786 1316 operatum
811 1241 1086 1310 cognovi,
1119 1246 1175 1296 et
1195 1239 1502 1312 perplures
1551 1240 1800 1310 jamque
1859 1235 2130 1310 pueniteri

469 1333 636 1406 quod
669 1332 854 1390 taliter
883 1331 1068 1386 ﬁdem
1088 1330 1374 1402 ruperint,
1403 1335 1458 1385 et
1503 1347 1539 1386 a
1591 1346 1686 1386 me
1729 1325 2126 1388 discesserint.

469 1417 886 1488 ferocibusque
917 1414 1134 1471 animis
1163 1413 1431 1471 certatim
1477 1413 1910 1470 restitutionem
1961 1411 2129 1480 regni

472 1501 684 1558 moliri.
713 1502 903 1568 Quod,
943 1505 1058 1558 Deo
1087 1503 1321 1560 favente
1353 1518 1563 1573 resque
1591 1501 1653 1556 in
1677 1499 1888 1556 melius
1905 1515 2010 1570 per
2031 1515 2127 1552 os-

2238 361 2392 416 ram,
2424 346 2845 414 formidarem;
2901 363 3066 404 reum
3094 365 3185 406 me
3225 367 3386 424 super
3415 354 3511 411 hoc
3553 358 3746 433 inveniri,

2239 449 2470 506 proque
2498 435 2612 490 hoc
2643 435 2874 495 aeternis
2906 436 3198 508 suppliciis
3226 439 3469 497 damnari
3495 443 3559 498 ab
3577 445 3652 502 illo
3669 466 3745 506 me

2247 523 2508 589 tuebam,
2553 524 2660 596 qui
2685 524 3095 582 universorum
3129 531 3328 582 Auctor
3354 535 3568 588 exstaret
3590 535 3648 590 'et
3683 543 3750 594 lio-

2240 611 2462 681 minus,
2511 613 2818 686 judexque
2863 619 3138 669 venturus
3186 615 3470 688 unicuique
3509 625 3748 682 secundum

2241 716 2425 772 opera
2455 706 2608 760 esset
2628 701 2990 760 redditurus.
3026 703 3117 759 ille
3151 703 3322 761 taliter
3349 721 3432 761 me
3454 707 3628 764 tristari
3661 729 3751 768 con.

2241 789 2516 862 spiciens,
2573 790 2796 846 diutius
2837 791 3081 864 quidem
3131 793 3443 850 consultum
3481 798 3639 865 tenuit,
3673 807 3752 856 erat

2243 877 2403 932 enim
2441 877 2529 932 vir
2575 877 2636 933 in
2693 879 2976 934 omnibus
3029 878 3404 936 ﬁdelissimus.
3451 884 3508 936 Et
3537 900 3644 939 cum
3671 886 3750 954 jam

2243 966 2614 1022 uberrimum
2647 984 2918 1022 me.-rum
2952 966 3152 1024 ﬂetum
3180 967 3412 1024 imbrem
3454 969 3575 1026 ferre
3617 976 3751 1045 nequi-

2241 1060 2347 1122 ret,
2400 1057 2528 1128 ipse
2579 1073 2822 1129 quoque
2872 1074 2942 1112 ex
2991 1057 3102 1112 hoc
3154 1063 3434 1128 permotus
3473 1059 3753 1132 inlacrymas

2242 1143 2355 1200 ruit
2383 1161 2394 1200 :
2429 1145 2600 1213 Quid,
2626 1145 2839 1217 inquit,
2870 1145 3092 1218 optime
3123 1149 3327 1212 Caesar,
3358 1146 3450 1202 tibi
3476 1155 3524 1202 et
3555 1149 3642 1205 tuis
3665 1167 3751 1220 gra-

2244 1233 2386 1291 viter
2413 1234 2706 1292 destitutis
2736 1235 2863 1290 haec
2894 1235 3173 1306 prodesse
3200 1237 3644 1308 poterunt?perte
3661 1257 3750 1296 con-

2240 1323 2596 1382 solabuntur
2627 1324 2902 1382 universi.
2937 1323 3201 1386 Hilaritas
3255 1329 3348 1380 tua
3374 1325 3419 1382 si
3444 1327 3627 1383 mmstis
3649 1343 3756 1400 pain-

2235 1409 2360 1480 bat,
2387 1411 2658 1468 dolorem
2680 1428 2926 1469 omnem
2959 1411 3300 1468 evacuabat.
3353 1413 3480 1482 Noli,
3507 1413 3691 1472 domine
3720 1423 3756 1471 et

2237 1499 2658 1569 gloriosissime
2685 1500 3031 1574 imperator,
3061 1500 3178 1558 noli
3207 1501 3314 1558 hoc
3340 1501 3506 1558 servis
3526 1504 3618 1560 tuis
3639 1503 3758 1560 letha-

471 1590 700 1642 tcntum
727 1591 1072 1642 sanctorum
1100 1602 1348 1642 suorum
1387 1585 1859 1652 transfundcnte,
1891 1583 1966 1640 ad
1999 1598 2128 1656 per-
2159 1608 2201 1665 Β
2233 1588 2305 1646 lis
2336 1590 2574 1648 tristitiae
2607 1591 2822 1648 vulnus
2875 1591 2937 1646 in
2968 1595 3042 1654 te,
3077 1590 3171 1647 cui
3217 1607 3439 1648 summa
3481 1608 3667 1664 semper
3699 1594 3756 1663 ju.

475 1674 690 1734 fectum
748 1673 1068 1739 deduxere.
1132 1677 1345 1730 Verum
1401 1690 1758 1746 quanquam
1811 1671 2123 1742 augustius

475 1757 642 1827 regni
668 1762 1018 1830 recuperato
1045 1758 1280 1828 fastigio
1325 1759 1586 1832 pristinae
1642 1757 1944 1828 dignitatis
1998 1770 2126 1828 per-

475 1847 699 1903 fruerer
737 1847 945 1919 gloria,
988 1863 1262 1904 meorum
1317 1853 1580 1904 attamen
1628 1863 1750 1903 non
1807 1845 2128 1902 immemor

475 1935 752 1987 votorum
806 1948 874 1988 ac
923 1931 1356 2006 precationum,
1434 1932 1656 2004 quibus
1717 1930 2128 1988 excellentissi-

477 2037 644 2076 mum
675 2024 1002 2092 martyrem
1057 2019 1474 2078 Sebastianum
1507 2036 1884 2090 rogaveram,
1922 2025 1979 2075 et
2030 2035 2126 2078 me

472 2104 884 2162 incunctanter
937 2107 1324 2178 accepturum
1390 2104 1729 2160 credebam.
1781 2108 2126 2174 lnsurgente

473 2209 680 2247 rursus
709 2191 1038 2264 perduellio
1063 2210 1201 2249 cum
1235 2193 1457 2265 passim
1488 2193 1653 2261 regni
1683 2191 1970 2266 quietudo
1993 2208 2126 2264 pro-

473 2281 860 2348 pngnaretur,
895 2280 952 2332 et
979 2276 1146 2350 pacis
1189 2277 1582 2350 tranquillitas
1641 2276 2124 2348 confunderetur,

472 2381 580 2440 pro
610 2364 702 2420 his
733 2369 1009 2422 sanctum
1032 2365 1493 2439 supplicaturus,
1530 2365 1605 2422 ad
1651 2366 2000 2438 praedictum
2034 2383 2126 2421 ac-

474 2449 622 2504 cessi
655 2449 874 2505 locum.
907 2452 972 2505 Et
998 2449 1140 2522 quia
1165 2466 1580 2523 smpenumcro
1607 2455 1661 2506 et
1711 2449 2127 2522 hujuscemodi

473 2538 718 2611 privatis
746 2555 853 2594 seu
881 2537 1134 2612 publicis
1165 2539 1298 2611 ejus
1327 2546 1666 2613 praepotens
1691 2539 1979 2613 auxilium
2009 2539 2130 2595 fue-

473 2610 604 2678 ram
632 2610 930 2696 expertus,
961 2639 1142 2696 super
1170 2610 1262 2678 bis
1292 2610 1534 2696 q—noq—uc
1568 2610 1808 2680 solitum
1848 2641 1969 2700 quo
2017 2624 2126 2679 im-
2198 2653 2209 2668 κ

474 2711 675 2784 pertiri
731 2712 1080 2781 dignaretur
1162 2713 1456 2785 precabar
1525 2713 1772 2769 enixius.
1855 2713 2130 2769 Proxima

473 2801 680 2853 ruente
707 2802 880 2852 nocte
910 2795 1056 2852 illud
1082 2795 1248 2869 quod
1278 2803 1414 2852 ante
1445 2797 1570 2852 dies
1601 2813 1976 2866 rogaveram,
2029 2813 2132 2854 no-

473 2889 684 2942 cturno
705 2885 834 2941 visu
865 2884 1092 2958 accipio
1125 2884 1584 2942 evidentissimis
1642 2886 1876 2941 iudiciis
1925 2886 2004 2942 ab
2061 2903 2131 2942 eo

475 2971 726 3042 caelitus,
759 2974 824 3027 ut
845 2987 999 3041 reor,
1028 2971 1176 3026 mihi
1229 2971 1636 3026 condonatum

479 3060 817 3131 gruentium
846 3059 1110 3116 cladium
1137 3052 1314 3116 ruina
1342 3060 1507 3116 nulla
1553 3065 1852 3132 pateretur
1900 3061 2131 3117 ratione

477 3147 710 3217 optatas
738 3143 884 3199 inibi
913 3143 1217 3218 duplicare
1244 3159 1466 3213 moras,
1499 3144 1638 3200 hinc
1686 3145 1989 3214 digressus
2046 3145 2132 3200 di-

389 3301 402 3308 _
478 3232 754 3289 scrimine
793 3249 889 3289 me
918 3248 1028 3306 pro
1055 3232 1395 3289 commissis
1430 3251 1464 3288 a
1515 3235 1632 3289 Deo
1664 3233 1900 3306 pOpnlis
1949 3239 2132 3290 tenta-

477 3317 622 3373 bam
651 3316 1022 3391 impendere,
1047 3321 1104 3372 et
1118 3316 1448 3386 certamini,
1475 3317 1518 3372 si
1545 3333 1636 3372 res
1663 3318 1976 3386 exegisset,
2006 3319 2133 3374 viri-

475 3406 606 3462 liter
624 3405 924 3462 exhibere.
963 3405 1109 3462 Hinc
1147 3421 1245 3462 me
1275 3406 1752 3480 proficiscentem
1777 3408 2132 3480 praepositus

477 3490 660 3562 hujus
680 3489 824 3547 almi
853 3489 1085 3562 collegii
1122 3491 1444 3547 Tentherns
1481 3491 1726 3546 nomine
1761 3498 2128 3564 prosecutus,

479 3579 664 3635 nostri
693 3595 896 3636 comes
949 3578 1320 3636 efﬁciebatur
1361 3580 1601 3635 itineris.
1642 3581 1916 3652 Cumque
1945 3599 2131 3654 penes

478 3679 576 3720 me
605 3665 916 3737 equitaret,
944 3668 1002 3719 et
1023 3663 1283 3736 procula
1311 3668 1520 3722 sancto
1539 3663 1672 3720 loco
1693 3664 2034 3722 divellerem
2045 3682 2130 3730 ur,

479 3756 660 3826 caput
698 3758 1070 3826 retorquens,
1133 3757 1190 3808 et
1247 3752 1305 3808 in
1360 3753 1641 3810 eumdem
1693 3755 1866 3826 (proh
1891 3755 2064 3812 dolor
2093 3757 2134 3828 t)

477 3836 756 3893 ultimum
785 3843 1098 3909 aspectum
1120 3842 1490 3900 convertens,
1519 3837 1711 3894 intimi
1759 3839 1956 3895 cordis
1983 3857 2135 3896 mm-

477 3941 612 3982 rore
648 3924 941 3994 turbatus,
991 3930 1580 3996 superexcrescentes
1627 3927 1942 3998 profundae
1990 3947 2135 3986 mm-

482 4007 648 4063 stitiee
677 4007 894 4064 ﬂuctus
922 4007 1191 4064 inhibere
1244 4008 1398 4064 ultra
1445 4025 1566 4064 non
1617 4009 1796 4065 valui.
1855 4011 2053 4069 Tristis
2077 4019 2136 4070 et

480 4109 740 4150 mcerens
793 4111 1032 4152 amaras
1075 4095 1408 4153 fundebam
1459 4097 1785 4170 lacrymas,
1844 4099 2136 4159 lethaliter

481 4177 820 4246 conclusus,
846 4179 995 4252 quid
1021 4180 1326 4250 agendum
1355 4181 1502 4238 mihi
1531 4181 1728 4254 potius
1781 4182 1932 4242 foret
1959 4187 2132 4244 valde

481 4281 828 4363 suspensus.
859 4271 1071 4363 Votum
1097 4273 1314 4363 sancto.
1351 4269 1732 4363 devoveram,
1780 4274 1960 4363 cujus
1996 4293 2134 4350 ope-
2165 4310 2206 4363 υ

477 4350 651 4408 randi
680 4350 842 4409 diem
873 4352 1189 4426 prie-fixum
1217 4352 1520 4412 videbam.
1557 4355 1702 4412 Vites
1741 4356 1819 4412 ab
1849 4375 1920 4415 eo
1947 4358 2132 4419 ﬁnem

476 4453 886 4514 perceptarum,
915 4443 1088 4511 cujus
1117 4458 1216 4500 me
1245 4445 1578 4515 transgredi
1597 4461 1721 4502 non
1740 4445 1916 4506 licere
1939 4455 2130 4508 metas

478 4525 764 4585 sciebam.
795 4527 1064 4601 Denique
1091 4527 1486 4588 commissum
1508 4529 1660 4594 mihi.
1698 4533 1944 4603 regendi
1974 4537 2136 4594 Chri-

475 4616 738 4674 stianum
764 4633 802 4676 a
829 4621 950 4676 Deo
977 4618 1298 4691 imperium
1321 4619 1487 4676 haud
1537 4620 1915 4692 ignorabam,
1960 4627 2133 4699 cujus

474 4716 668 4776 usque
697 4701 852 4760 adeo
878 4719 1018 4761 cum
1047 4719 1291 4760 omnem
1311 4703 1658 4764 labefactari
1699 4707 1910 4766 orbem
1933 4713 2130 4772 consi-

545 4858 688 4938 (488)
721 4859 983 4915 Hostiam
1008 4876 1314 4938 vocamus.
1336 4861 1481 4938 {line
1502 4862 1848 4938 intelligitur
1869 4866 2130 4938 viguisse

472 4928 650 5009 etiam
675 4933 798 4985 tum
823 4946 1054 5009 morem
1079 4947 1263 5004 penes
1289 4930 1475 5009 laicos
1505 4928 2036 5009 offerendihosﬁas
2066 4943 2128 5000 in

472 5001 657 5076 missa
671 5001 1150 5076 consecrandus,
1185 5019 1312 5076 seu,
1343 5008 1404 5058 ut
1424 5003 1846 5076 loquebantur,
1863 5016 2130 5070 mactan-

472 5067 583 5151 das
600 5070 1090 5151 etimmolandas.
1111 5067 1268 5151 Ordo
1282 5067 1586 5130 Roman‘us
1607 5093 1618 5131 :
1637 5067 2019 5151 Apportmﬂe
2032 5067 2129 5141 ti;-

472 5137 822 5225 cliidiacono
843 5143 1075 5225 oblatas
1117 5147 1180 5200 in
1200 5151 1448 5215 patena,
1489 5161 1526 5202 a
1555 5137 2124 5225 ῃιιιῖοξίηιηκοῖἁιᾶὲ,

470 5215 585 5284 etc.
609 5211 966 5284 Quanquam
995 5215 1172 5271 etiam
1200 5211 1595 5272 consecrandi
1622 5218 1808 5274 verbo
1837 5238 1960 5280 non
1990 5211 2126 5284 raro

1698 2990 1710 3026 :
1768 2976 1992 3027 etcum
2048 2972 2131 3026 in-
2159 2959 2202 3013 ο

2235 1679 2530 1746 cunditas,
2563 1679 2762 1738 vultus
2787 1679 3154 1736 serenissimi
3205 1679 3603 1738 obnubilatione
3623 1681 3757 1753 palam

2235 1773 2549 1826 ostentare.
2581 1768 2705 1824 Hoc
2734 1773 2974 1826 tuorum
2999 1767 3254 1826 multum
3291 1767 3458 1826 corda
3496 1769 3758 1841 brachiaque
3819 1788 3829 1807 ι

2235 1855 2653 1925 dissolventur,
2703 1856 2966 1914 hostium
3016 1857 3172 1914 vires
3248 1855 3452 1914 robora
3505 1855 3757 1928 concipient

2237 1943 2546 2014 Singulare
2571 1944 2634 2004 id
2689 1945 2985 2004 duntaxat
3015 1945 3131 2002 tuis
3176 1960 3302 2002 esse
3352 1943 3510 2002 debet
3541 1946 3758 2005 secretum.

2235 2034 2400 2106 quod
2430 2033 2512 2092 ita
2567 2034 2650 2092 tui
2700 2033 2958 2107 pectoris
3006 2033 3248 2092 turbare
3292 2032 3466 2106 potuit
3497 2031 3762 2090 latissimum

2235 2139 2592 2196 semperque
2635 2123 3078 2196 quietissimum
3123 2127 3353 2180 statum.
3405 2122 3494 2178 His
3515 2120 3715 2184 fortasse,
3731 2114 3763 2170 Ii

2235 2211 2484 2268 ﬁdeliter
2509 2211 2591 2268 tui
2612 2211 2916 2284 compassi
2969 2210 3205 2278 fuerint,
3265 2209 3486 2266 dabitur
3525 2213 3579 2266 ut
3619 2217 3764 2262 conso-

2233 2299 2472 2357 lationis
2523 2299 2788 2356 remedia
2831 2299 3072 2359 valeant
3109 2298 3360 2372 reperire
3419 2315 3431 2354 :
3482 2301 3531 2356 et
3574 2295 3613 2354 si
3652 2306 3764 2348 secus

2237 2388 2363 2446 ﬁeri
2393 2387 2682 2460 nequibit,
2707 2388 2900 2446 levius
2928 2389 3232 2461 deinceps,
3259 2403 3390 2442 eum
3413 2386 3566 2455 hujus
3600 2382 3662 2440 rei
3681 2379 3765 2452 plu-

2237 2494 2331 2534 res
2353 2478 2644 2550 cosperint
2661 2477 2814 2534 efﬁci
2845 2478 3189 2551 participes,
3219 2477 3382 2533 feres.
3413 2480 3539 2532 'l‘um
3556 2488 3643 2542 ego
3679 2483 3766 2541 qua

2239 2565 2400 2622 ﬁdeli
2420 2582 2709 2624 noveram
2751 2566 3142 2638 persuasione
3171 2565 3323 2622 edita
3353 2562 3673 2620 consolatorie
3695 2553 3766 2612 mei

2240 2655 2424 2712 verba
2449 2656 2804 2729 suscipiens,
2837 2655 2890 2714 ei
2917 2672 3173 2716 causam
3199 2654 3439 2720 reddidi,
3465 2658 3514 2709 et
3550 2649 3661 2723 quid
3681 2646 3769 2702 late

2241 2749 2329 2802 ret
2353 2745 2552 2803 corde.
2583 2745 2779 2803 detexi
2805 2747 3080 2818 protinus
3105 2761 3226 2802 ore.
3281 2749 3540 2802 Sanctum
3562 2739 3688 2797 illum
3719 2735 3769 2791 le

2241 2851 2380 2892 cum
2410 2850 2508 2892 me
2536 2835 2836 2892 amavisse
2861 2834 3191 2907 plurimum
3217 2835 3356 2901 dixi,
3380 2847 3540 2906 quem
3560 2844 3654 2886 non
3677 2824 3772 2882 ultra

2241 2939 2338 2982 me
2366 2923 2582 2992 videre,
2609 2923 2798 2980 sancti
2829 2925 3114 2998 martyris
3129 2937 3479 2993 agnoveram
3500 2913 3760 2978 reveletiono

2243 3014 2453 3070 Votum
2467 3011 2717 3084 insuper
2745 3011 2999 3080 vovisse,
3019 3013 3200 3083 cujus
3211 3011 3472 3068 etfeetum
3482 3002 3776 3082 prohibebat

2241 3099 2547 3158 ﬂuctuatio
2567 3099 2764 3157 collati
2776 3099 3010 3172 imperii
3035 3119 3048 3156 :
3079 3107 3142 3158 et
3155 3101 3267 3158 nisi
3293 3094 3562 3156 formidini
3579 3091 3639 3150 ab
3655 3085 3772 3146 host.

2240 3187 2356 3244 bus
2377 3188 2792 3262 imputaretur,
2815 3193 2922 3246 aut
2944 3189 3075 3260 ejus
3097 3189 3284 3262 (quod
3301 3201 3474 3260 supra
3486 3182 3776 3248 modumper

2243 3277 2677 3336 timescendum
2709 3280 2856 3350 erat)
2885 3278 2964 3336 ab
2989 3278 3404 3351 Omnipotente
3429 3274 3578 3332 ruina
3595 3269 3773 3360 ἔξω

2244 3371 2353 3436 tur;
2373 3382 2564 3436 arma,
2576 3382 2913 3440 purpuram
2929 3371 2986 3422 et
3017 3370 3342 3424 stemmata
3357 3379 3528 3440 quam
3559 3355 3778 3418 libeﬂtiiii-

2242 3455 2572 3514 meibidem
2585 3471 2682 3514 me
2709 3454 3014 3529 deponere
3045 3456 3198 3528 (490)
3229 3455 3494 3514 voluisse.
3535 3447 3644 3509 Inde
3667 3443 3775 3535 abet!

2243 3561 2381 3600 cum
2394 3543 2693 3600 salubrius
2707 3543 3024 3602 consilium
3053 3543 3186 3604 dari
3219 3542 3446 3618 expetii,
3477 3539 3573 3597 tale
3602 3543 3775 3609 ρωεεμι

2244 3636 2494 3702 Bonum,
2529 3633 2742 3706 inquit,
2771 3637 2980 3690 votum
3011 3638 3208 3702 tuum,
3242 3628 3621 3706 gloriosissime
3635 3624 3776 3685 CW:

2245 3723 2346 3778 sed
2362 3722 2511 3781 sicut
2524 3723 2735 3780 beatus
2745 3721 2921 3779 docet
2935 3722 3277 3793 Gregorius,
3291 3720 3428 3780 nihil
3464 3721 3567 3778 Deo
3586 3713 3708 3772 bona
3717 3720 3779 3760 το-

2243 3811 2468 3870 luntate
2479 3811 2676 3870 ditius.
2703 3814 2982 3883 Magnum
3007 3812 3262 3885 quidem
3290 3816 3376 3868 est
3406 3804 3556 3882 quod
3567 3807 3699 3876 optas
3723 3809 3777 3850 r0-

2244 3901 2516 3958 nuntiare
2529 3900 2768 3972 saeculo,
2787 3905 2844 3956 et
2853 3900 3142 3958 omnibus
3154 3917 3292 3974 quae
3303 3885 3780 3974 possides,siquidem

2242 4007 2350 4063 per
2363 3990 2477 4046 hoc
2490 3988 2968 4047 Christiimitator
2977 4005 3113 4046 esse
3124 3991 3556 4063 posses.Vcrum
3565 3977 3778 4038 multorum

2242 4079 2405 4136 salus
2421 4095 2458 4136 a
2477 4078 2702 4152 quibus
2712 4077 3034 4152 perﬁcitur,
3049 4077 3402 4152 multiplicia
3412 4076 3468 4132 in
3479 4067 3781 4156 singulisprf
3864 4065 3865 4108 l

2241 4169 2366 4227 mia
2394 4149 2732 4241 pollicetur:
2750 4167 2899 4224 illud
2928 4167 3054 4236 tibi,
3096 4149 3265 4226 istud
3289 4163 3553 4224 omnibus
3596 4149 3780 4216 consuli!-

2240 4261 2521 4329 Magnum
2541 4257 2706 4326 illud,
2741 4257 2848 4314 sed
2869 4257 3208 4316 maximum
3237 4262 3326 4314 est
3349 4252 3516 4312 istud.
3544 4249 3643 4306 Hoc
3661 4242 3782 4333 simil

2241 4353 2438 4422 potest
2455 4348 2692 4422 operari
2720 4347 3014 4412 voluntas,
3045 4348 3112 4406 in
3137 4349 3254 4406 isto
3293 4348 3497 4421 poterit
3523 4343 3784 4432 mutuam"

2239 4437 2504 4510 Denique
2531 4438 2595 4494 in
2625 4441 2744 4494 Deo
2763 4435 2826 4494 id
2842 4436 2952 4494 fuit
2970 4437 3250 4496 mirabile
3263 4435 3478 4508 magis,
3493 4427 3635 4506 quod

2243 4534 2335 4586 tus
2349 4532 2440 4586 est
2455 4528 2606 4586 mori
2615 4543 2726 4601 pro
2743 4527 2945 4584 servis.
2963 4528 3282 4587 Charitatis
3293 4527 3647 4598 augmentum
3655 4522 3785 4580 mall“

2195 4627 2198 4630 ’
2240 4618 2400 4676 idem
2427 4617 2556 4691 ipse
2574 4617 3018 4676 commendavit
3035 4634 3190 4684 esse,
3211 4618 3261 4675 si
3275 4616 3410 4691 quis
3425 4629 3526 4688 pro
3549 4609 3690 4666 fratre
3709 4609 3786 4656 non

2239 4707 2571 4766 dubitasset
2589 4707 2856 4764 animam
2883 4722 3106 4780 ponere
3133 4726 3148 4778 ;
3181 4707 3321 4766 fecit
3346 4702 3505 4780 quod
3525 4693 3788 4758 docuit?”
3864 4763 3865 4768 η

2238 4875 2458 5071 refigi!)
2481 4941 2604 4996 Huc
2625 4937 2936 4996 referenda
2968 4942 3108 5020 sunt
3139 4935 3441 5020 Anonymi
3475 4928 3629 5007 verba
3649 4916 3790 5042 mil:

2238 5015 2306 5069 Vi
2335 5030 2372 5070 a
2401 5012 2479 5071 ad
2505 5027 2734 5070 annum
2763 5013 2886 5071 8H,
2917 5007 3019 5066 ubi
3051 5013 3134 5066 ait
3161 5008 3522 5067 Ludovicum
3549 5013 3633 5071 anl
3663 4993 3790 5071 θεῷ,

2237 5007 2372 5071 Vita
2401 5007 2479 5071 ad
2505 5027 2734 5070 annum
2763 5013 2886 5078 8H,
2917 5007 3019 5066 ubi
3051 5009 3134 5066 ait
3161 5007 3522 5067 Ludovicum
3549 5013 3633 5058 avi
3663 5007 3791 5068 bark"?

2236 5084 2444 5162 manui
2471 5081 2689 5162 imitari
2712 5080 2984 5162 gestiisse
2997 5079 3393 5162 memorabile
3405 5069 3791 5162 eaemplpnj‘,‘

2236 5134 2782 5238 seminasse;
2803 5134 3356 5238 subeas—«lives
3363 5134 3655 5238 r919???
3665 5134 3792 5238 ἓξὲξ

2235 5205 3524 5296 ξιᾘῖὧῖὖῐνίὲιῖῌῆξέθίξῥῖιὲιῇᾇὶιεῖἱήῖόῖῂαιηίο
3535 5227 3651 5296 cuin
3664 5205 3796 5296 tegi}?

471 5280 818 5371 utebantur:
846 5286 998 5339 Usus
1031 5285 1124 5341 ille
1147 5285 1437 5371 afferendi
1463 5288 1696 5371 hostias
1727 5291 1949 5371 diuti_us
1995 5280 2124 5371 per:

469 5358 760 5426 severavit
783 5369 968 5426 penes
999 5358 1348 5422 monachos,
1379 5364 1443 5414 ut
1471 5365 1704 5418 constat
1732 5378 1804 5418 ex
1860 5358 2123 5424 Consue-

467 5423 752 5504 indigum
784 5423 1268 5504 Cluniacensium
1298 5428 1397 5484 lib.
1422 5446 1481 5496 ιι,
1508 5446 1645 5504 cap.
1676 5436 1764 5504 30.

536 5495 688 5566 (489)
710 5497 946 5574 Nempe'
961 5498 1216 5574 rotulam
1236 5495 1654 5574 seurotulum,
1679 5503 1740 5560 id
1757 5512 1844 5564 est
1866 5510 2119 5570 schedu-

466 5565 614 5635 lam,
647 5583 769 5640 qua
789 5565 1162 5642 de'conjugis
1191 5573 1248 5628 et
1273 5570 1376 5628 ﬁlii
1433 5573 1621 5631 salute
1642 5565 1875 5636 'certior
1908 5565 2122 5640 redde-

2233 5299 2324 5354 nis
2347 5315 2466 5353 sua:
2482 5284 2831 5368 hominibus
2837 5284 3087 5368 jubenté
3100 5309 3244 5368 eum
3269 5293 3424 5350 ὑπείη
3441 5284 3794 5368 ηιονξᾳξξςῄιρξι

2233 5351 2289 5426 (ᾗ
2305 5351 2529 5443 iiIi—{esse
2542 5351 2812 5443 omnibus
2825 5351 3029 5443 diebus
3047 5351 3185 5424 vitae
3212 5351 3343 5443 sua?
3361 5381 3375 5432 ;
3406 5359 3588 5443 renuit

2234 5425 2526 5498 Comensi!
2542 5439 2842 5497 voluntati
2871 5453 3094 5504 eorum,
3144 5425 3374 5492 nolens'
3391 5431 3591 5490 scilicet
3610 5429 3708 5504 tul}!
3729 5425 3796 5469 in"

2237 5494 2534 5570 micorum
2547 5494 2768 5568 cedere
2797 5494 3093 5582 perﬁdiae,
3104 5523 3177 5564 ex
3206 5505 3468 5577 Thegani
3493 5513 3611 5574 cap.
3633 5494 3701 5550 43-
