3940 6184
176 92 257 147 621

889 85 977 139 DE
1003 87 1368 144 TRANSLAT
1400 88 1456 144 S.
1491 87 1891 143 SEBASTIANI
1925 87 2007 142 ΕΤ
2040 90 2093 141 S.
2130 88 2332 173 GBEG.
2361 117 2429 125 —
2457 85 2830 141 APPENDIX.

3479 98 3588 149 6‘22

179 210 327 269 nobis
363 202 631 260 animam
674 206 890 278 posuit.
930 210 1166 266 Pertulit
1203 211 1487 268 Dominus
1536 215 1812 278 mortem,
1855 214 1899 264 Α
1928 208 2101 281 logus
2132 211 2373 267 tandem
2403 210 2679 266 thematis
2721 211 2900 281 hujus
2934 211 3067 285 styli
3094 214 3454 272 verecundia
3482 217 3591 272 im-

180 305 234 356 ut
266 309 465 352 servus
485 293 1156 368 reciperetdignitatem,
1182 315 1301 354 non
1326 299 1657 355 necessitati
1685 315 1815 353 suc-

186 384 472 451 cumbens,
506 379 611 435 sed
668 381 949 454 plasmati
1007 402 1117 440 suo
1168 386 1546 442 inet’fabiliter
1598 386 1815 442 subve-

186 476 350 533 niens.
384 470 553 538 Quod
586 486 916 544 sequamur
944 475 1310 548 exemplum,
1342 476 1401 532 in
1459 492 1587 532 sese
1617 482 1816 532 osten-

185 566 274 632 dit,
299 569 348 617 et
377 560 541 616 danti
571 576 820 631 operam
851 562 1116 634 palmam
1150 564 1410 620 victoriae
1442 566 1733 638 promisit,
1763 570 1820 621 et

185 665 517 726 permanens
564 649 879 722 praemium
935 654 1219 724 reposuit.
1283 654 1430 721 Quia
1490 671 1633 725 ergo
1686 671 1815 726 gre-

184 760 299 813 gem
355 755 532 793 suum
589 738 863 806 regimini
918 747 1114 797 vestro
1168 743 1498 811 commisit;
1557 760 1666 817 pro
1723 761 1815 813 eo,

180 832 221 887 si
272 844 502 885 necesse
558 827 646 887 sit.
704 845 894 901 usque
945 830 1023 885 ad
1078 836 1329 887 mortem
1385 832 1815 889 decertandum

180 919 329 976 vobis
371 917 602 987 insigne
659 916 765 971 erit
807 922 986 991 atque
1033 920 1353 977 laudabile.
1406 922 1499 977 His
1548 922 1814 977 luculen-

179 1015 252 1065 ter
278 1024 310 1063 a
349 1006 632 1079 przedicto
677 1006 801 1061 viro
831 1007 1154 1064 instructus
1185 1014 1241 1065 et
1273 1010 1496 1067 fortiter
1538 1011 1598 1066 in
1631 1027 1813 1079 agen-

176 1100 305 1153 dum
363 1096 688 1164 animatus,
722 1112 816 1151 me
865 1096 1075 1153 iterum
1135 1098 1469 1172 iterumque
1524 1101 1817 1155 sanctitati

176 1188 314 1242 illius
368 1190 425 1240 et
488 1184 735 1240 fratrum
795 1187 1071 1241 attentius
1112 1189 1569 1253 commendans,
1605 1193 1814 1245 tamet-

172 1278 214 1331 si
258 1292 374 1331 non
427 1280 493 1329 ut
543 1278 679 1329 ante
732 1275 927 1341 tristis,
984 1292 1105 1331 non
1167 1283 1363 1333 tamen
1418 1279 1570 1333 adeo
1622 1277 1814 1334 disce-

172 1364 295 1419 dere
349 1362 491 1417 hinc
557 1361 841 1434 prtevalui
897 1362 1113 1418 laetus:
1197 1365 1422 1439 quippe
1481 1366 1585 1438 qui
1661 1382 1815 1439 quos

169 1453 479 1507 dilexeram
535 1450 730 1519 unice,
764 1466 1117 1523 supremum
1167 1469 1263 1508 me
1306 1453 1579 1519 sciebam
1628 1458 1815 1509 trans-

171 1540 382 1596 mittere
409 1539 562 1596 vale.
593 1562 618 1588 ››

780 1630 1004 1683 CAPUT
1031 1631 1195 1684 XLV.

228 1717 401 1785 Igitur
460 1732 598 1771 cum
651 1716 774 1771 haec
829 1716 1110 1772 fratribus
1167 1717 1355 1773 aetatis
1409 1723 1465 1775 et
1514 1719 1815 1790 religionis

162 1805 359 1862 merito
390 1804 758 1878 primoribus
785 1804 972 1861 relata
994 1805 1261 1873 fuissent,
1293 1811 1619 1880 martyrem
1646 1825 1813 1864 sanc-

162 1899 277 1949 tum
324 1894 688 1950 unanimiter
725 1894 1101 1951 exorandum
1159 1896 1611 1967 constituerunt,
1660 1915 1809 1971 qua-

151 1988 321 2039 tenus
370 1985 504 2054 ejus
557 1983 823 2046 oracula,
875 1983 923 2038 si
975 2000 1223 2058 quoquo
1280 1985 1462 2042 modo
1518 1987 1643 2041 ﬁeri
1678 2002 1811 2060 pos-

159 2077 257 2137 set,
335 2088 551 2128 eorum
622 2072 681 2127 in
755 2072 1009 2129 salutem
1082 2078 1452 2129 verterentur
1526 2074 1587 2130 in
1672 2076 1806 2131 alia.

160 2161 319 2225 Quod
380 2178 523 2217 cum
565 2161 807 2218 sollicite
847 2168 1157 2235 peractum
1206 2164 1299 2232 sit,
1340 2163 1507 2233 digni
1548 2170 1812 2221 attamen

156 2249 497 2305 nullatenus
574 2266 754 2323 super
819 2251 933 2306 hoc
1009 2251 1193 2306 auditi
1272 2251 1455 2317 fuere,
1521 2254 1812 2325 quoniam

156 2338 395 2409 quidem
461 2340 574 2395 hoc
630 2338 1170 2411 pmdestinationis
1223 2356 1539 2412 nunquam
1598 2342 1812 2397 immu-

154 2428 343 2483 tandae
372 2427 643 2483 constitit
673 2426 791 2481 Dei.
830 2431 977 2482 Nam
1011 2427 1226 2482 eodem
1256 2427 1462 2484 itinere
1516 2434 1721 2486 contra
1752 2430 1814 2483 ti-

152 2515 283 2571 lium
332 2515 677 2584 legitimum
725 2520 782 2569 et
836 2515 1279 2587 homonymum
1328 2516 1555 2573 ducens
1599 2518 1813 2574 exerci-

153 2588 288 2674 tum',
318 2604 386 2658 in
442 2603 709 2675 quadam
752 2602 950 2658 insula
1004 2603 1185 2659 Rheni
1236 2605 1378 2676 (491)
1432 2606 1551 2662 vita
1609 2623 1816 2680 corpo-

153 2693 249 2747 rali
308 2692 583 2759 functus,
631 2708 978 2764 perennem,
1036 2698 1097 2747 ut
1145 2708 1364 2758 remur,
1412 2711 1549 2749 cum
1609 2700 1814 2751 sancto

149 2797 321 2852 quem
356 2780 823 2852 incomparabili
852 2783 1035 2836 fuerat
1059 2797 1264 2837 amore
1290 2782 1658 2855 complexus,
1683 2783 1812 2853 ejus

152 2870 503 2926 meritorum
567 2868 815 2924 obtentu
874 2874 961 2925 est
1021 2870 1293 2943 adeptus.
1353 2872 1531 2942 Cujus
1588 2872 1813 2927 exuviae

150 2960 320 3015 Mettis
352 2960 415 3014 in
454 2957 702 3014 basilica
733 2959 924 3014 sancti
952 2958 1194 3023 Arnulﬁ,
1230 2975 1266 3014 a
1296 2976 1417 3033 quo
1444 2976 1632 3031 genus
1667 2961 1813 3031 (.192)

146 3048 417 3119 duxerat,
456 3048 789 3113 celebratae,
813 3052 934 3104 tam
965 3065 1152 3121 opum
1181 3050 1575 3122 pretiosarum
1605 3066 1816 3123 quam-

144 3153 253 3210 que
298 3138 601 3195 ﬁscorum
646 3138 936 3208 regalium
990 3138 1275 3194 ditatione
1325 3146 1465 3197 sunt
1510 3139 1815 3209 insigniter

144 3229 611 3285 commendatae.
642 3231 706 3284 Et
737 3228 1048 3303 quoniam,
1085 3216 1148 3284 ut
1173 3246 1243 3283 eo
1276 3230 1687 3286 manifestante
1718 3247 1811 3287 co-

140 3318 491 3385 gnovimus,
522 3322 727 3373 votum
757 3317 992 3390 explere
1022 3318 1235 3385 renuit,
1272 3336 1379 3374 nec
1412 3320 1577 3375 toties
1606 3336 1815 3393 perop-

140 3410 327 3463 tatum
361 3405 701 3481 sepultura:
727 3405 927 3461 locum
959 3406 1017 3461 in
1046 3406 1256 3478 fundo,
1285 3409 1562 3481 martyris
1593 3407 1812 3463 habere

146 3497 499 3566 promeruit.
1022 3505 1049 3517 ’

765 3586 987 3641 CAPUT
1016 3584 1204 3639 XLVI.

207 3674 411 3731 Totius
435 3672 606 3730 orbis
628 3671 879 3729 Romani
898 3673 1167 3747 principe
1200 3673 1323 3729 vita
1365 3675 1663 3744 exempto,
1689 3672 1811 3745 epi-

210 3871 356 3939 (491)
408 3872 616 3941 Prope
648 3865 1262 3941 Alngilenheimginfra
1318 3867 1697 3938 Magontiam,
1742 3883 1816 3922 ex

141 3937 481 3996 Annalibus
519 3937 831 3995 FuldenSis
861 3944 917 3994 et
940 3937 1310 3994 Bertinianis.

206 4015 355 4079 (492)
394 4012 462 4067 td
502 4012 696 4067 cuivis
740 4015 1198 4079 notum,nempe
1233 4025 1301 4064 ex
1330 4008 1594 4079 Angiliso
1628 4010 1683 4065 S.
1717 4013 1817 4064 Ar-

140 4082 278 4140 nulﬁ
310 4080 444 4141 filio
480 4081 780 4156 processit
809 4081 1098 4155 Pippinus
1124 4080 1560 4138 Haristallensis
1596 4080 1812 4151 dictus,

1928 298 2180 371 pellente
2206 299 2525 373 ponendus
2552 303 2657 354 est.
2696 299 3000 373 Siquidem
3034 308 3329 374 quantum
3356 304 3434 359 ad
3465 322 3591 362 me-

1926 388 2105 445 ritum
2138 390 2282 446 tanti
2321 389 2599 461 martyris
2628 393 2685 445 et
2712 389 2791 445 ad
2838 392 3101 447 materiae
3148 397 3374 465 spectat
3403 393 3592 464 digni-

1927 481 2129 549 tatem,
2163 485 2393 535 mutum
2454 484 2541 534 est
2578 494 2758 534 omne
2814 480 2979 551 quod
3021 479 3095 536 de
3126 496 3198 537 eo
3244 484 3592 553 quatumvis

1926 566 2194 624 humana
2250 568 2533 624 facundia
2578 567 2687 622 fari
2733 572 2952 638 potest,
2994 569 3283 641 quoniam
3344 572 3591 643 quidem

1926 657 2121 711 omnis
2149 673 2345 712 sermo
2390 658 2695 711 humanus
2724 654 2967 711 inferior
2995 659 3083 712 est
3130 654 3307 713 laude
3347 660 3588 716 crelesti.

1925 745 2120 800 Pauca
2155 744 2403 817 quidem
2452 754 2593 799 sunt
2634 760 2766 817 quae
2810 744 2885 799 de
2929 761 3000 799 eo
3044 746 3311 801 oratione
3365 746 3591 804 inculta

1925 838 2280 904 prosecutus
2330 850 2485 897 sum,
2519 831 2785 904 pluriora
2826 837 2887 888 et
2935 848 3088 904 pene
3128 831 3590 891 innumerabilia

1924 919 2242 977 fastidiosis
2271 921 2592 978 lectoribus
2618 921 2933 991 ignoscens
2951 920 3470 978 omisi.Enimvero
3493 941 3587 978 su-

1924 1016 2124 1083 perest
2156 1012 2508 1067 hodietenus
2536 1012 2597 1065 in
2645 1010 3137 1085 chartophylacio
3187 1016 3392 1067 nostro
3424 1013 3588 1068 sche-

1924 1098 2066 1155 dula
2097 1100 2347 1155 Rodoini
2378 1099 2456 1155 ad
2488 1098 2965 1154 memorabiliem
2998 1097 3341 1154 Hilduinnm
3400 1099 3582 1155 abba-

1922 1191 2040 1242 tem
2072 1189 2443 1257 transmissa,
2478 1188 2535 1242 in
2566 1203 2688 1259 qua
2714 1203 3036 1243 numerosa
3063 1186 3393 1259 plurimum
3423 1188 3583 1261 capi-

1924 1275 2204 1332 tulatione
2224 1277 2507 1333 virtutum
2535 1276 2663 1346 ejus
2682 1275 2943 1347 insignia
2968 1275 3236 1332 breviata
3256 1277 3586 1348 personali-

1922 1369 2009 1421 ter
2046 1366 2345 1421 habentur
2392 1365 2633 1431 inserta,
2667 1381 2928 1438 quorum
2972 1381 3211 1421 summa
3251 1366 3309 1421 in
3365 1383 3585 1423 conum

1923 1453 2463 1523 redacta,surgitin
2493 1453 2758 1509 millibus
2784 1457 3045 1525 quatuor
3078 1457 3315 1509 centum
3351 1459 3587 1526 septua-

1854 1564 1892 1616 η
1923 1541 2103 1611 ginta.
2142 1546 2340 1614 Itaque
2390 1545 2513 1597 tam
2549 1540 2777 1611 ingenti
2804 1541 3055 1596 materia
3099 1540 3309 1610 victus,
3334 1558 3583 1597 manum

1922 1631 2010 1686 ori
2039 1646 2373 1703 opponens,
2408 1629 2829 1686 eruditioribus
2859 1629 3209 1701 quibusque
3238 1634 3417 1701 atque
3447 1629 3587 1685 doc-

1925 1719 2191 1789 tioribus,
2224 1724 2281 1775 et
2308 1720 2412 1792 qui
2465 1717 2726 1775 necdum
2766 1718 2828 1773 in
2870 1717 3027 1773 hanc
3058 1716 3255 1773 lucem
3285 1716 3581 1791 prodiere,

1922 1808 2379 1863 succedentibus
2422 1824 2613 1880 usque
2644 1807 2704 1862 in
2735 1808 2920 1863 ﬁnem
2964 1805 3166 1862 saeculi
3212 1806 3583 1879 temporibus

1921 1896 2045 1952 haec
2074 1897 2278 1953 omnia
2307 1896 2622 1952 tractanda
2663 1895 2954 1969 relinquo.
2992 1896 3255 1968 Quisque
3295 1911 3441 1951 sane
3475 1896 3588 1951 fas-

1920 1986 2171 2041 tidiosus
2201 1985 2436 2042 lautiori
2463 1984 2663 2041 edulio
2716 1984 2947 2057 appetis
2992 1984 3211 2051 satiari,
3245 1986 3408 2045 hunc
3456 2001 3585 2039 nos-

1920 2074 2379 2131 trumfurfurem
2418 2079 2806 2148 postponens,
2849 2071 3207 2129 sanctissimi
3232 2072 3415 2128 Patris
3455 2077 3590 2128 Am-

1921 2163 2104 2219 brosii
2124 2180 2298 2236 opus,
2323 2162 2486 2235 quod
2523 2162 2597 2217 de
2645 2161 2828 2232 hujus
2868 2159 3173 2233 triumpho
3210 2159 3429 2215 czelibis
3468 2161 3589 2215 cdi-

1922 2251 2024 2317 dit,
2040 2252 2368 2324 inquirens,
2391 2250 2453 2306 in
2471 2267 2541 2306 eo
2573 2248 2830 2322 reperies
2856 2248 3147 2303 ferculum
3175 2247 3461 2303 ditissime
3498 2265 3583 2303 re-

1922 2339 2158 2405 fertum,
2192 2339 2363 2410 cujus
2400 2337 2684 2393 delicioso
2730 2337 3063 2393 admodum
3110 2335 3342 2406 siligine
3382 2336 3585 2409 palato

1926 2427 2139 2482 mentis
2161 2427 2479 2495 degustato
2505 2424 2931 2481 delectabiliter
2955 2424 3176 2497 poteris
3207 2424 3487 2495 saginari.

1997 2551 2288 2624 Explicuit
2311 2550 2611 2624 epitomen
2633 2548 3062 2624 miraculorum
3090 2548 3419 2624 Sebastiani
3450 2566 3590 2620 ago-

1926 2619 2102 2678 nistze
2117 2619 2505 2692 insignissimi
2532 2640 2543 2676 :
2579 2621 2752 2692 cujus
2784 2636 3007 2676 nomen
3038 2635 3113 2675 ex
3144 2619 3361 2689 Argivo
3390 2620 3450 2675 in
3484 2624 3587 2677 La-

1924 2694 2116 2749 tinum
2144 2694 2472 2762 impcrialz‘s
2507 2692 2626 2747 sive
2665 2692 3090 2761 imperatorias
3125 2706 3371 2757 sonans,
3405 2708 3588 2748 aureo

1924 2764 2077 2845 illius
2108 2764 2413 2845 iunnaculi
2444 2763 2595 2845 agni
2620 2762 3405 2845 voluminencharacteribus
3458 2779 3588 2845 spe-

1924 2836 2269 2891 ciosissimis
2300 2835 2553 2889 habetur
2581 2834 2888 2889 insertum.
2928 2836 2992 2888 Et
3030 2832 3165 2889 ideo
3212 2832 3409 2889 laudis
3455 2832 3585 2904 ejus

1874 2919 1893 2971 j
1925 2906 2103 2978 plena
2133 2912 2221 2961 est
2243 2911 2412 2978 terra,
2447 2910 2502 2960 et
2528 2903 2876 2978 memoriale
2907 2905 3037 2974 ejus
3065 2919 3189 2978 non
3212 2903 3585 2978 derelinque-

1924 2975 2017 3033 tur
2041 2978 2100 3033 in
2133 2977 2370 3043 saecula,
2395 2976 2685 3048 quoniam
2705 2980 2918 3046 regnat
2934 2991 3072 3030 cum
3095 2975 3324 3032 Christo
3346 2975 3587 3032 feliciter

1923 3048 1981 3103 in
2009 3053 2229 3104 aeterna
2259 3047 2465 3117 gloria.
2501 3053 2707 3103 Amen.

2444 3172 2537 3227 Ea:
2566 3172 2765 3228 codice
2786 3172 3048 3227 Joliano.

1985 3303 2274 3359 Gondacri
2292 3300 3579 3375 monachi,martyrmemorande,memento,

1995 3392 2205 3450 Codice
2235 3393 2336 3464 qui
2363 3408 2549 3464 parvo
2579 3391 2861 3446 virtutum
2893 3393 3210 3445 stemmata
3237 3387 3443 3459 scripsi

1998 3482 2193 3537 Laude
2225 3487 2346 3549 tua,
2374 3479 2602 3551 possim
2631 3494 2754 3551 quo
2784 3493 3038 3548 regnum
3071 3475 3357 3531 scandere
3386 3475 3517 3530 coeli

1993 3572 2100 3641 Adj
2113 3575 2246 3625 utus
2258 3568 2474 3624 sanctis
2496 3567 2795 3639 precibus,
2810 3581 3070 3637 quarum
3082 3563 3393 3634 juvamine
3412 3562 3583 3617 multi

1996 3656 2270 3731 Corporis
2293 3672 2364 3712 ac
2386 3655 2602 3712 animae
2626 3656 2945 3726 captarunt
2972 3666 3225 3707 munera
3246 3650 3400 3707 lmta.

1923 3880 1995 3919 ex
2039 3858 2313 3933 Pippino
2334 3854 2579 3933 Carolus
2609 3854 2891 3933 princeps
2921 3855 3327 3933 cognomento
3369 3850 3584 3933 Tudps,

1924 3950 1994 3990 ex
2024 3921 2232 3988 Carolo
2258 3928 2541 4003 Pippinus
2572 3921 2675 3983 rex
2703 3921 2896 3984 Caroli
2926 3921 3121 3995 Magni
3167 3927 3357 3995 pater,
3395 3921 3587 3978 Ludo-

1921 4004 2036 4060 vici
2063 4018 2235 4060 avus.

150 4198 3567 4227 _____________________________—___________

1568 4299 2167 4409 APPENDIX

428 4485 527 4540 De
560 4481 868 4571 miraculis
899 4482 1092 4537 sancti
1122 4480 1415 4552 Gregorii,
1447 4480 1635 4552 deque
1663 4478 1976 4536 nonnullis
2025 4475 2163 4533 aliis
2198 4470 2451 4529 ρωποι)ἱὶ
2486 4468 2684 4525 sancti
2706 4465 2988 4523 Medardz’
3009 4462 3299 4534 reliquiis.

210 4700 257 4751 t.
288 4699 540 4767 Exstat
562 4694 625 4767 in
672 4694 1113 4767 appendice__ad
1148 4698 1379 4767 tomum
1410 4695 1453 4749 ll
1484 4692 1819 4767 MartiiBol-
1852 4693 1894 4745 D
1934 4688 2127 4767 maria;
2154 4691 2283 4744 tum
2329 4702 2368 4757 p

140 4764 412 4836 laudiani
433 4765 685 4836 libellus
697 4764 774 4821 de
784 4764 1074 4822 Miraculis
1088 4765 1275 4821 sancti
1291 4764 1551 4836 Gregorii
1571 4764 1827 4836 scriptus

140 4835 213 4891 ab
239 4834 576 4910 anonymo
588 4836 988 4910 Medardensis
1006 4836 1262 4910 caenobi‘i
1284 4834 1592 4910 monacho
1602 4834 1829 4910 circiter

141 4924 373 4986 annum
415 4905 676 4986 1150,in
701 4908 922 4986 quibus
951 4906 1550 4986 constantiaregina,
1569 4905 1829 4986 Botberti

143 4980 527 5050 Francorum
540 4980 698 5048 regis
720 4976 856 5050 conj
866 4995 965 5047 ux,
979 4978 1054 5034 de
1070 4978 1351 5050 ornando
1364 4976 1555 5050 sancti
1568 4976 1829 5047 Gregorii

138 5048 337 5108 loculo
361 5047 697 5108 admonita
716 5047 960 5115 dicitur;
986 5047 1287 5106 Fulcosius
1318 5065 1427 5105 seu
1456 5048 1636 5105 Fuleo
1660 5053 1829 5106 Sues-

141 5122 446 5195 sionensis
495 5121 816 5195 episcopus
850 5120 928 5175 ob
960 5119 1222 5195 direptas
1248 5119 1595 5195 monasterii
1644 5118 1828 5176 facul-

140 5196 287 5248 tates
322 5194 410 5250 ab
445 5191 673 5264 eodem
706 5191 920 5264 sancto
961 5191 1281 5264 increpitus
1312 5207 1473 5247 anno
1521 5191 1831 5264 1025,_quo

140 5264 491 5321 Richardus
525 5263 721 5319 abbas
752 5263 885 5318 loco
916 5261 1169 5332 praeerat
1194 5280 1205 5315 :
1236 5278 1397 5317 anno
1436 5265 1565 5316 1126
1591 5261 1831 5315 Josleno

139 5335 465 5408 episeopo,
502 5334 725 5408 abbate
756 5332 1115 5408 Ga_ufrido,_<_«
1143 5334 1248 5408 qui
1278 5338 1486 5408 postea
1515 5332 1833 5408 cpiscOpus

140 5402 621 5479 Catalaunensis
659 5405 906 5479 elaruit,
936 5427 988 5479 ηΔ
1012 5402 1298 5479 reliquiis
1324 5407 1383 5479 _S.
1420 5402 1681 5472 Gregorii
1722 5417 1834 5479 per

140 5479 360 5535 urbem
397 5477 672 5533 solemni
702 5491 929 5550 pompa
955 5475 1164 5531 delatis
1160 5476 1368 5602 1‘pestis
1388 5489 1685 5548 repressa.
1705 5476 1835 5538 Qua

140 5548 213 5602 de
241 5554 421 5602 peste
453 5548 762 5602 habemus
792 5547 1011 5602 librum
1042 5547 1115 5601 de
1212 5547 1449 5602 iraculis
1492 5562 1605 5602 one
1648 5544 1835 5600 beatae

140 5548 213 5606 de
241 5554 421 5623 peste
453 5544 762 5604 habemus
792 5544 1011 5603 librum
1042 5547 1115 5601 de
1160 5544 1476 5603 Miraculis—
1492 5562 1605 5619 ope
1648 5544 1835 5600 beatae

2373 4682 2601 4755 atratis,
2634 4680 3023 4755 quemJHﬂugo
3056 4671 3605 4755 _r‘arsitus_coinpo-

1934 4742 2069 4815 s—uit:
2086 4742 2349 4815 Demuui
2376 4771 2448 4810 ex
2474 4742 2631 4809 Actis
2654 4742 2854 4824 sancti
2875 4742 3135 4824 Gqsvvini
3156 4742 3391 4824 abbatis
3416 4742 3603 4824 Aqu‘i:

1934 4808 2487 4885 Eidéiini‘éﬁlidiidr
2514 4824 2643 4898 ejus
2674 4819 2899 4898 curatio
2926 4818 3086 4898 facta
3119 4831 3191 4896 eo
3222 4813 3283 4898 in
3314 4811 3466 4898 loco,
3486 4808 3607 4898 ubi

1936 4882 2063 4957 tuin
2076 4882 2259 4954 Prior
2275 4902 2418 4963 erat,
2450 4882 2673 4951 meritis
2700 4888 2962 4958 Gregorii
2990 4886 3201 4956 Magni.
3232 4885 3371 4949 Quae
3395 4882 3490 4937 hic
3522 4882 3609 4936 in-

1937 4972 2168 5028 dicasse
2203 4968 2480 5025 sufticiat.
2666 5033 2674 5036 ,
2733 5034 2745 5036 Α
2807 5031 2821 5036 _
2918 5030 2955 5036 __
3169 5026 3221 5036 ,,

2007 5022 2387 5099 {Esaiae
2410 5038 2471 5093 in
2493 5033 2678 5091 sancti
2701 5030 2961 5087 Medardi
2990 5026 3432 5099 cmnobiumex
3460 5022 3607 5099 urbe

1942 5094 2452 5183 nobs—Ehem
2472 5102 2891 5183 suntreliquiae
2912 5105 3259 5183 sanctorum
3282 5094 3611 5183 Tiburtii‘et

1939 5164 2439 5250 alio—rumihcujus
2470 5177 2554 5250 rei
2574 5164 2883 5250 historiam
2914 5171 2990 5250 ab
3024 5168 3271 5250 0dilone
3293 5164 3607 5250 .monacho

1934 5238 2727 5326 jamlaudatoudescriptam
2772 5244 2885 5299 hoc
2929 5243 3063 5326 loco
3094 5238 3610 5326 subjiciamxltegi

1942 5308 2116 5382 etiam
2142 5308 2431 5393 anonymi
2459 5308 2775 5393 cujusdam
2805 5308 3309 5393 nai‘i'atipneiii'ile
3345 5308 3609 5393 iyaﬁone

1942 5396 2209 5468 corporis
2232 5383 2423 5468 sancti
2466 5383 2834 5468 Gildardihet
2863 5385 3073 5459 capitis
3121 5383 3315 5468 sancti
3338 5383 3611 5468 hin-1ng

1945 5448 2531 5533 itot'homagensium
2562 5448 2957 5533 pontiﬁcum;
2985 5472 3057 5513 eo
3116 5456 3273 5533 facta
3318 5448 3611 5533 regnante

1944 5516 2399 5600 SI-Bidiiaﬁva‘;
2412 5516 2632 5605 quibus
2658 5530 2847 5584 fusius
2869 5516 3189 5583 referendis
3218 5540 3285 5577 su
3294 5516 3609 5593 pefsedeo.
