3940 6184
330 210 431 263 623
1297 191 1622 250 ODII.ONIS
1651 182 1961 244 MONACHI
1995 183 2051 238 S.
2083 182 2393 236 MEDARDI
2433 180 2665 236 SUES‘?)
2689 179 2827 234 ION.
3683 176 3783 230 624

437 335 696 400 INCIPIT
728 346 1065 396 EPISTOLA
1093 324 1430 392 ODILONIS
1451 342 1543 388 AD
1578 320 2025 396 INGBANNUM,
2057 307 2143 379 de
2171 306 2476 378 adventu
2509 311 2578 377 et
2609 302 3068 398 susceptione
3091 322 3477 396 corporum
3502 306 3781 371 sancto-

341 468 497 517 rum
530 450 916 536 martyrum
942 436 1267 521 Tiburtii,
1309 430 1701 505 Marcellini
1739 436 1807 499 et
1844 423 2055 507 Petri,
2091 420 2531 493 Marcelliani
2575 428 2645 491 et
2697 417 2943 505 Marci,
3003 416 3200 536 Preti
3247 413 3777 536 et-Hyaci‘u‘thi,

342 559 539 631 Marii
589 565 655 627 et
697 528 1024 647 Marthae,
1070 550 1371 623 Audiinx
1420 557 1486 618 et
1528 546 1843 631 Abacuc,
1890 536 2209 615 Abdonis
2252 544 2319 608 et
2362 535 2644 624 Sennis,
2692 558 2851 628 quae
2885 538 2993 605 est
3022 531 3248 627 pridie
3281 531 3447 603 ldus
3481 528 3682 601 Julii.

415 711 431 760 l
450 748 460 760 .
494 703 708 761 Omnia
736 718 873 775 quae
901 700 1200 767 dicuntur,
1221 712 1609 770 nequaquam
1633 697 1803 750 certae
1829 688 2007 745 ratio-
2037 686 2083 738 Α
2112 682 2474 775 Aquisgrani
2508 679 2886 775 palatiihsub
2942 684 3217 775 tempore
3253 679 3402 775 inter
3455 676 3783 775 prandium

340 795 433 850 nis
464 792 813 849 auctoritate
854 789 1287 845 discutiuntur:
1318 804 1451 859 quae
1483 800 1620 839 vero
1649 781 1777 837 visa
1802 778 2008 833 dicun-

343 888 458 954 tur,
488 882 691 938 audita
716 880 1068 945 referuntur,
1098 876 1306 933 habita
1324 875 1830 937 demonstrantur,
1862 866 2008 922 veri-

341 972 490 1028 dicis
541 968 947 1027 sanctionibus
975 966 1308 1040 approbata
1359 963 1701 1018 creduntur.
1756 956 2006 1014 Proinde

349 1060 495 1133 quia
524 1058 693 1114 multi
719 1057 906 1112 multa
933 1057 1259 1127 loquuntur
1288 1053 1361 1108 de
1390 1052 1702 1107 beatorum
1736 1044 2009 1103 Marcelli-

357 1150 416 1205 ni
439 1154 495 1205 et
532 1147 701 1216 Petri,
729 1144 1103 1213 Marcelliani,
1138 1143 1333 1208 Marci,
1369 1140 1527 1196 l’roti
1576 1143 1632 1195 et
1673 1133 2003 1209 Hyacinthi,

351 1238 511 1295 Marii
569 1240 624 1292 et
667 1236 922 1297 Marthae,
957 1233 1209 1288 Audifax
1259 1236 1314 1285 et
1355 1230 1615 1291 Abacuc,
1650 1224 1915 1281 Abdonis
1953 1226 2010 1277 et

345 1325 554 1381 Sennis
589 1327 926 1396 martyrum
956 1320 1342 1377 translatione
1389 1318 1465 1373 ab
1521 1317 1665 1373 urbe
1715 1319 1903 1370 Roma
1948 1311 2004 1365 in

343 1413 578 1481 Gallias,
610 1409 1125 1484 etrepausationis
1156 1424 1360 1464 eorum
1395 1407 1593 1461 locum
1635 1404 1725 1459 vel
1767 1420 1828 1457 se
1878 1416 2007 1456 nes-

346 1504 464 1559 cire
495 1501 894 1570 dissimulant,
923 1504 980 1555 et
1026 1499 1392 1569 negligenter
1441 1491 1879 1550 dissimulanan
1926 1490 2009 1544 in-

346 1591 576 1646 vidiose
604 1590 908 1659 abnegant
939 1589 951 1642 ἱ
985 1603 1183 1660 operae
1214 1586 1470 1658 pra-tium
1519 1583 1647 1648 fuit,
1682 1585 1746 1636 ut
1776 1579 1849 1635 de
1884 1583 2009 1634 tan-

348 1685 547 1736 torum
577 1677 871 1750 corporali
901 1675 1218 1749 praesentia
1264 1673 1479 1729 Christi
1508 1671 1784 1738 militum,
1826 1674 1882 1723 et
1913 1684 2006 1722 vc-

349 1769 491 1824 ritas
520 1767 605 1823 rei
631 1766 932 1836 ambiguae
979 1764 1363 1827 satisfaceret,
1395 1767 1448 1816 et
1495 1758 1896 1815 dubitantium
1938 1757 2005 1810 li—

353 1858 458 1914 des
499 1856 579 1913 ad
630 1871 901 1911 amorem
949 1858 1283 1925 martyrum
1333 1850 1630 1906 credendo
1683 1849 1742 1903 in
1799 1846 2008 1902 melius

353 1946 685 2019 proliceret.
719 1943 1115 1999 Nihilominus
1154 1946 1209 1996 et
1241 1940 1394 1996 beati
1442 1938 1683 1995 'l‘iburtii
1730 1935 2008 2007 martyris

2114 772 2290 844 plura
2320 787 2460 827 cum
2491 769 2881 843 optimatibus
2914 769 3035 825 suis
3062 767 3369 841 loquendo
3411 782 3677 823 exorsus
3703 770 3785 822 est

2114 860 2277 928 regio
2310 876 2499 916 more.
2550 860 2706 916 Inter
2734 875 2871 932 quae
2918 857 3180 930 plurima
3229 856 3558 913 verborum
3608 854 3784 911 collo-

2115 948 2280 1022 quia,
2315 949 2511 1004 subito
2540 949 2601 1003 in
2628 947 2787 1004 beati
2842 946 3177 1005 Sebastiani
3220 944 3501 1017 martyris
3533 944 3785 1016 impegit

2117 1037 2521 1094 translationis
2573 1037 2815 1106 gaudia,
2849 1041 2907 1092 et
2954 1035 3240 1092 virtutum
3291 1034 3484 1107 ipsius
3528 1048 3777 1103 magna-

2116 1125 2213 1181 lia.
2253 1129 2326 1180 De
2358 1124 2639 1194 neglectis
2669 1141 2913 1198 quoque
2939 1129 3277 1195 martyrum
3302 1122 3617 1196 sepulcris,
3644 1138 3785 1193 quo

2117 1231 2251 1270 rum
2283 1219 2483 1271 Romae
2516 1217 2728 1284 ingens
2779 1218 2935 1270 esset
2976 1214 3169 1287 copia,
3201 1213 3508 1285 prolixitas
3555 1228 3785 1268 sermo-

2118 1303 2210 1358 nis
2242 1303 2627 1376 subsequitur
2657 1319 2780 1358 non
2827 1302 3096 1358 minima.
3151 1305 3393 1357 Factum
3424 1307 3512 1357 est
3552 1307 3783 1371 autem,

2117 1392 2263 1448 dum
2293 1393 2421 1447 haec
2471 1396 2807 1463 agerentur,
2841 1396 2901 1447 ut
2930 1390 3180 1464 quidam
3228 1390 3519 1446 diaconus
3558 1396 3783 1445 sanctae

2119 1484 2400 1538 Romanae
2455 1482 2745 1549 Ecclesiae,
2804 1481 3045 1537 nomine
3099 1480 3420 1536 Deusdona
3476 1496 3582 1552 pro
3659 1480 3783 1535 suis

2117 1572 2575 1627 necessitatibus
2602 1572 2759 1641 regis
2808 1571 2997 1627 adiret
3041 1569 3468 1642 imploraturus
3517 1570 3787 1626 clemenc

2118 1660 2281 1716 tiam.
2319 1663 2469 1715 Dum
2498 1676 2633 1716 vero
2663 1660 2886 1715 diutius
2909 1660 2971 1737 in
3003 1659 3227 1732 palatio
3256 1663 3605 1726 moraretur,
3639 1675 3785 1715 cum

2118 1749 2374 1805 Einardo
2401 1750 2637 1815 abbate,
2671 1748 2875 1821 palatii
2908 1748 3126 1818 regalis
3158 1748 3379 1805 scilicet
3425 1748 3781 1817 domestico,

2116 1836 2577 1893 familiaritatem
2618 1836 2772 1893 illius
2793 1852 2917 1909 prae
2943 1836 3168 1893 caeteris
3210 1835 3484 1909 palatinis
3532 1852 3782 1909 prome-

2117 1926 2250 1993 ruit,
2312 1931 2370 1982 et
2437 1941 2681 1981 omnem
2764 1925 3152 1982 humanitatis
3216 1925 3643 1982 exhibitionem
3703 1925 3782 1981 ab

353 2014 666 2099 adventus,
728 2037 785 2088 et
832 2030 1099 2103 exceptio
1155 2028 1419 2101 corporis
1468 2027 1597 2097 ejus
1652 2023 2007 2081 rationando
2042 2038 2082 2089 Β
2118 2015 2329 2071 eodem
2375 2015 2594 2103 abbate
2640 2014 2767 2071 sine
2814 2014 2937 2072 ulla.
2960 2015 3467 2103 improperatione
3490 2016 3780 2087 suscepit.

354 2122 477 2194 (sic)
529 2120 904 2189 describitur,
937 2125 993 2175 et
1034 2118 1294 2188 gloriosa
1339 2121 1683 2171 sanctarum
1729 2113 2007 2186 reliquia-

354 2227 488 2266 rum
520 2209 812 2282 depositio
846 2207 1128 2265 Hermetis
1159 2211 1217 2262 et
1244 2205 1479 2275 Juliaui,
1511 2220 1634 2259 non
1666 2202 1882 2258 minori
1907 2203 2007 2256 de-

352 2299 589 2355 votione
620 2314 759 2353 cum
807 2297 1067 2369 praefatis
1107 2296 1326 2350 sanctis
1384 2294 1744 2364 martyribus
1793 2291 2009 2347 descri-

354 2389 555 2445 bendo
616 2386 951 2459 suscipitur.
987 2385 1372 2441 Vehementer
1399 2383 1556 2438 enim
1611 2383 1915 2451 condecet,
1948 2385 2013 2436 ut

354 2494 613 2551 quorum
642 2492 763 2532 una
797 2475 905 2530 fuit
933 2474 1211 2530 voluntas
1245 2471 1632 2528 transferendi
1665 2488 1728 2526 se
1776 2471 1834 2526 in
1878 2470 2008 2526 Gal-

354 2565 484 2633 lias,
514 2569 569 2621 et
600 2563 777 2620 unius
804 2562 997 2619 locelli
1027 2562 1263 2617 devexit
1291 2560 1614 2633 quantitas,
1648 2560 1753 2615 fiat
1790 2559 2009 2614 adven-

354 2659 448 2710 tus
475 2659 530 2710 et
561 2652 946 2725 depositionis
978 2650 1256 2706 eorumin
1280 2648 1642 2704 monasterio
1666 2652 2008 2704 sanctorum

351 2743 607 2800 Medardi
651 2747 707 2797 et
753 2740 1105 2809 Sebastiani,
1134 2744 1311 2812 atque
1358 2757 1531 2811 Impar.
1581 2737 1835 2808 Gregorii
1890 2753 2009 2793 una

359 2832 694 2904 eademque
722 2829 1065 2903 principalis
1090 2828 1302 2883 laetitiae
1331 2826 1692 2882 solemnitas.

723 2970 920 3008 INCIPIT
948 2967 1323 3007 NARRATIONIS
1358 2968 1436 3004 ιλιι
1448 2966 1638 3005 LtIGUS.

418 3078 766 3134 2.00minus
784 3082 838 3133 et
866 3080 1167 3145 Augustus
1191 3080 1391 3132 noster
1417 3075 1686 3130 videlicet
1712 3076 1888 3130 totius
1910 3092 2004 3130 or-

349 3167 444 3223 bis
478 3166 727 3222 Romani
761 3165 1058 3238 princeps,
1112 3168 1594 3236 Francorumque
1642 3163 1810 3233 regni
1838 3168 2007 3236 pater

348 3256 644 3330 piisimus,
664 3255 800 3311 felix
832 3259 888 3309 et
915 3253 1200 3326 providus
1228 3253 1553 3325 imperator
1574 3252 1749 3308 totius
1771 3267 2007 3308 monar-

2118 2105 2272 2160 Inter
2351 2104 2476 2158 haec
2546 2102 2697 2159 dum
2754 2107 2963 2177 aperto
3018 2108 3264 2176 propter
3317 2102 3480 2176 quod
3528 2110 3786 2159 venerat

2118 2194 2357 2263 negotio
2389 2196 2642 2249 Romam
2671 2192 2863 2249 redire
2914 2191 3279 2266 disponeret,
3327 2192 3405 2249 ab
3429 2192 3644 2248 eodem
3680 2194 3787 2249 ab-

2117 2282 2253 2337 bate
2281 2281 2469 2336 multa
2493 2280 2748 2338 donaria
2772 2281 2995 2353 recepit
3020 2281 3084 2338 in
3112 2298 3223 2339 sua
3250 2284 3306 2337 et
3333 2281 3586 2337 maxime
3622 2281 3788 2337 mulo

2119 2373 2317 2425 torum
2338 2368 2658 2441 praesentia
2682 2368 2761 2425 ad
2791 2369 3223 2441 perliciendam
3252 2384 3374 2425 suae
3420 2369 3789 2426 reversionis

2118 2457 2510 2527 diligentiam.

2189 2550 2242 2602 4.
2281 2546 2455 2617 Igitur
2484 2546 2559 2602 de
2589 2546 2950 2620 Aquisgrani
2978 2547 3200 2621 palatio
3230 2547 3491 2621 profecti,
3524 2549 3793 2619 praedic-

2120 2638 2210 2691 tus
2242 2634 2462 2713 scilicet
2486 2634 2676 2691 abbas
2705 2635 3015 2705 Einardus,
3038 2640 3095 2693 et
3119 2636 3403 2709 praefatus
3427 2640 3655 2691 sanctae
3678 2640 3795 2693 Bo-

2117 2740 2314 2780 mauae
2342 2724 2614 2780 Ecclesiae
2645 2724 2962 2797 diaconus,
2991 2724 3073 2782 ad
3097 2729 3424 2796 Augustam
3455 2742 3657 2797 usque
3695 2743 3793 2782 ur-

2115 2813 2255 2869 bem
2289 2815 2645 2869 Suessorum
2673 2814 3049 2886 perveniunt.
3084 2801 3167 2870 Ea
3209 2818 3547 2887 tempestate
3597 2814 3792 2871 dom-

2115 2918 2229 2957 nus
2259 2902 2585 2974 imperator
2613 2901 2694 2958 ob
2724 2917 2998 2958 amorem
3025 2901 3231 2975 inclyti
3257 2903 3531 2975 martyris
3560 2903 3793 2960 Sebas-

2118 2989 2259 3045 tiani
2287 3007 2426 3046 cum
2447 2990 2613 3046 omni
2637 2994 2934 3063 apparatu
2953 2994 3011 3047 et
3049 3007 3298 3047 suorum
3325 3007 3653 3064 procerum
3684 3010 3792 3049 co-

2114 3077 2328 3134 mitatu
2374 3079 2433 3134 in
2485 3078 2854 3135 monasterio
2899 3078 3217 3137 devenerat
3259 3079 3444 3136 sancti
3489 3079 3794 3149 Medardi,

2114 3172 2389 3224 sanctum
2403 3169 2632 3225 Pascha
2647 3173 2828 3243 prout
2843 3169 3222 3242 eompetebat
3234 3170 3621 3228 devotissime.
3636 3172 3799 3228 cete-

2111 3257 2570 3314 braturus.Hinc
2591 3258 2936 3331 spectaculo
2962 3258 3052 3315 vir
3074 3259 3428 3317 venerandae
3463 3262 3792 3318 memoria

349 3345 519 3417 chiae,
542 3343 875 3400 Ludovicus
910 3341 1148 3409 scilicet,
1177 3342 1333 3397 illius
1351 3345 1619 3412 augustae
1642 3345 1698 3397 et
1722 3357 2005 3396 veneran-
2033 3386 2075 3440 Ο
2114 3345 2422 3401 Hilduinus
2445 3345 2637 3402 abbas
2658 3346 2867 3405 aderat
2898 3347 2960 3403 in
2983 3348 3287 3416 omnibus,
3309 3350 3411 3423 qui
3435 3352 3490 3405 et
3518 3350 3791 3420 prandio-

347 3434 440 3491 dae
463 3433 773 3489 memoriae
794 3431 985 3488 Caroli
1030 3431 1222 3502 Magni
1268 3430 1448 3499 ﬁlius,
1481 3430 1583 3503 qui
1624 3430 1701 3519 ad
1743 3430 2003 3485 liberan-

345 3524 492 3580 dum
518 3523 727 3579 orbem
750 3520 1074 3594 tyrannicis
1095 3519 1627 3589 moderationibus,
1654 3524 1710 3575 et
1736 3520 1813 3575 ad
1836 3536 2001 3575 com-

342 3612 660 3687 primenda
687 3610 1020 3667 domestica
1047 3609 1207 3667 mala
1238 3609 1451 3666 divinae
1482 3608 1887 3682 dispositionis
1906 3625 2002 3664 su-

342 3703 628 3759 blimatus
650 3704 739 3758 est
760 3701 969 3772 gratia,
994 3704 1319 3773 postquam
1341 3698 1571 3755 Paterni
1611 3698 1871 3771 suscepit
1889 3698 2001 3753 im-

341 3793 488 3865 perii
511 3790 936 3863 gubernacula,
963 3790 1139 3846 totius
1175 3793 1393 3846 sanctae
1416 3788 1687 3844 Ecclesiae
1710 3787 1915 3843 fideles
1949 3791 2006 3843 et

342 3880 497 3935 ﬁlios
519 3895 626 3952 per
647 3881 908 3951 quatuor
929 3878 1141 3933 mundi
1194 3877 1438 3933 climata
1461 3875 1561 3949 pio
1589 3875 2002 3932 moderamine

342 3968 614 4039 provexit
664 3967 740 4021 ad
789 3983 1062 4038 supernae
1103 3966 1393 4022 fecilitatis
1433 3963 1858 4021 emolumenta.
1901 3964 2004 4021 Hic

345 4053 457 4108 sibi
478 4053 706 4109 collatae
728 4053 953 4109 virtutis
975 4057 1031 4109 et
1062 4053 1265 4122 gratiae
1285 4068 1556 4121 munera,
1579 4051 1843 4108 honestae
1865 4052 2005 4108 fidei

343 4141 564 4214 pariter
587 4145 644 4196 et
668 4141 1031 4197 documenta
1061 4142 1245 4205 dedit,
1278 4147 1336 4198 et
1377 4145 1732 4198 ornamenta
1774 4141 2007 4213 religio-

344 4230 436 4286 nis
466 4229 903 4309 ecclestiasticae
940 4230 1338 4303 multipliciter
1368 4230 1807 4288 condecoravit.
1831 4230 2006 4288 Multa

286 4358 291 4361 »
341 4335 584 4393 quoque
615 4334 868 4392 corpora
899 4323 1246 4374 sanctorum
1277 4319 1350 4374 de
1370 4319 1644 4393 pluribus
1670 4320 1847 4376 Italiae
1870 4336 2005 4392 par-

343 4409 505 4465 tibus
533 4408 591 4463 in
622 4423 809 4478 regna
833 4411 1195 4464 Francorum
1226 4408 1450 4477 detulit,
1485 4408 1587 4464 ubi
1616 4409 1880 4466 maxime
1899 4426 2006 4483 po-

338 4499 519 4573 pulus
540 4498 845 4555 nobilitate
878 4499 1512 4571 superbus,armorum
1542 4500 1881 4555 strenuitate
1903 4499 2005 4555 de-

342 4605 539 4656 corus,
574 4603 695 4643 non
726 4587 978 4643 minima
1007 4586 1185 4642 laude
1232 4587 1537 4660 sapientiae
1570 4588 1746 4643 simul
1798 4588 2004 4644 indus-

340 4677 462 4733 triae
494 4681 549 4732 et
579 4676 931 4748 prudentiae,
964 4675 1147 4747 pollet
1167 4681 1223 4732 et
1251 4676 1534 4748 praevalet
1574 4676 1796 4749 utique.
1822 4677 2002 4748 Cujus

339 4766 560 4837 ingenii
612 4766 849 4821 solertia
906 4765 1232 4822 beatissimi
1264 4770 1321 4822 et
1351 4766 1669 4822 omnifaria
1696 4766 1873 4822 laude
1915 4767 2001 4822 di-

341 4856 615 4927 gnissimi
649 4856 979 4912 Sebastiani
1010 4856 1290 4928 martyris
1322 4856 1646 4928 corporalis
1692 4856 1888 4925 gleba,
1923 4856 2001 4912 si-

339 4944 465 4999 mul
495 4949 551 5000 et
576 4944 765 5001 beatae
800 4944 1103 5000 memoriae
1132 4945 1393 5015 Gregorii
1419 4960 1593 5017 papae
1622 4944 2002 5001 sanctissima

342 5034 615 5089 membra
645 5052 828 5105 penes
859 5038 1214 5091 Suessorum
1244 5035 1465 5090 mrenia
1485 5035 1544 5090 in
1570 5035 1820 5091 basilica
1845 5052 2005 5090 sum-

343 5121 424 5175 mi
456 5121 812 5193 confessoris
858 5125 1070 5180 Christi
1117 5125 1374 5181 Medardi
1422 5126 1735 5198 deportata
1782 5126 2002 5198 pariter

343 5213 399 5263 et
428 5209 641 5264 collata
670 5211 944 5267 videntur
972 5218 1028 5268 et
1056 5214 1284 5270 habita.

386 5300 479 5352 3J2
492 5313 593 5351 um
607 5313 748 5367 ergo
760 5299 1214 5357 innumerabilis
1231 5302 1655 5359 miraculorum
1668 5301 2001 5374 frequentia

346 5391 481 5441 tunc
500 5387 779 5455 temporis
794 5388 1029 5442 assidue
1051 5390 1211 5445 tieret
1228 5391 1285 5445 in
1302 5397 1642 5448 sanctorum
1662 5392 1998 5463 praesentia,

343 5491 449 5547 per
470 5474 650 5541 longa
674 5477 879 5529 mundi
911 5478 1103 5547 spatia
1128 5480 1268 5533 tanti
1301 5481 1500 5535 odoris
1534 5481 1855 5549 fragrantia
1877 5497 1997 5536 non

341 5564 592 5641 minima
612 5563 837 5620 redolet
861 5566 1142 5621 virtutum
1177 5568 1401 5624 notitia.
1453 5569 1615 5625 Unde
1666 5569 1909 5640 contigit
1936 5574 1999 5626 ut

340 5653 609 5727 quadam
654 5653 768 5723 die,
818 5653 966 5710 dum
1016 5655 1298 5727 praefatus
1346 5656 1672 5728 imperator
1712 5658 2003 5716 hiemaret

2111 3443 2239 3490 tum
2261 3433 2546 3491 abbatem
2567 3435 2913 3505 Einardum,
2938 3441 2996 3493 et
3027 3439 3255 3494 Sanctae
3271 3441 3549 3495 Romanae
3574 3439 3795 3496 Eccle-

2114 3523 2217 3578 siae
2239 3522 2566 3579 diaconum
2589 3522 2764 3581 altius
2781 3529 2840 3581 et
2858 3506 3186 3583 honoriﬁce
3225 3527 3502 3600 suscepit,
3525 3531 3584 3583 et
3605 3529 3794 3586 fami-

2111 3612 2317 3668 liarius
2344 3613 2635 3681 tractavit,
2679 3630 3050 3688 suorumque
3092 3621 3451 3674 secretorum
3494 3618 3789 3676 conscios

2111 3699 2402 3756 adhibuit.
2436 3705 2591 3757 Inter
2631 3701 2762 3758 haec
2806 3701 3221 3760 familiaritatis
3266 3704 3556 3777 obsequia
3586 3722 3791 3779 supra

2112 3788 2363 3845 modum
2404 3789 2741 3860 jocundati,
2795 3796 2852 3847 et
2895 3791 2957 3847 in
2996 3792 3365 3850 immensum
3401 3794 3603 3863 laetati,
3640 3812 3789 3868 pas-

2113 3876 2316 3935 chales
2358 3877 2485 3934 dies
2516 3879 2821 3951 prosecuti
2844 3885 2983 3937 sunt
3003 3881 3354 3952 gaudentes.
3379 3882 3653 3955 Denique
3681 3900 3786 3942 ac-

2112 3971 2284 4039 cepta
2326 3967 2739 4026 benedictione
2782 3970 3181 4043 repedationis
3229 3988 3351 4029 suae
3399 3973 3527 4044 jam
3575 3973 3788 4031 dictus

2112 4056 2426 4126 diaconus,
2454 4057 2706 4114 diversae
2737 4060 3154 4132 promissionis
3193 4061 3526 4118 admodum
3561 4061 3785 4135 largus

2111 4146 2271 4202 beati
2291 4145 2534 4203 Tiburtii
2551 4148 2832 4220 martyris
2855 4148 3131 4205 Hilduino
3151 4150 3355 4207 abbati
3374 4150 3676 4224 promittit
3694 4170 3788 4209 ve-

2112 4233 2377 4290 nerabile
2417 4251 2659 4308 corpus.
2696 4237 2953 4294 Einardo
2997 4254 3240 4311 quoque
3280 4239 3485 4296 abbati
3521 4240 3791 4300 fideliter

2114 4325 2389 4396 spondet,
2423 4328 2488 4381 ut
2528 4324 2769 4381 ﬁdelem
2816 4326 3177 4397 legationem
3226 4345 3431 4385 secum
3470 4328 3786 4401 dirigeret,

2111 4413 2330 4470 multas
2362 4418 2707 4471 sanctorum
2755 4416 3037 4490 reliquias
3064 4418 3127 4474 in
3171 4419 3414 4493 propria
3462 4419 3787 4494 reciperet.

2113 4503 2340 4569 Quibus
2360 4504 2832 4576 promissionum
2853 4506 3026 4563 dictis
3039 4508 3423 4565 vehementer
3438 4508 3784 4577 exhilarati,

2109 4591 2394 4647 dominus
2446 4592 2718 4649 videlicet
2762 4593 3077 4651 Hilduinus
3124 4596 3319 4653 abbas
3364 4602 3423 4653 et
3455 4597 3785 4667 Einardus,

2111 4680 2294 4737 ambo
2312 4680 2539 4752 legatos
2562 4682 2873 4753 diligenter
2893 4684 3122 4754 eligunt
3138 4686 3491 4759 exquisitos,
3512 4688 3787 4760 pruden-

2110 4768 2192 4825 tia
2213 4769 2481 4825 videlicet
2497 4769 2822 4827 industrios
2860 4773 3079 4830 astutia
3113 4775 3493 4848 conspicuos.
3519 4776 3617 4832 Sic
3639 4794 3784 4834 cum

2109 4858 2358 4931 praefato
2388 4859 2644 4915 diacono
2667 4860 2774 4916 iter
2794 4862 3084 4932 aggressi,
3110 4865 3363 4921 Romam
3388 4869 3625 4938 quanta
3639 4883 3786 4940 pos-

2112 4949 2252 5000 sunt
2270 4945 2563 5003 celeritate
2590 4963 2972 5022 praepropere
2999 4951 3267 5008 tendunt.

2265 5034 2519 5104 Contigit
2549 5040 2751 5092 autem
2774 5041 2839 5093 ut
2858 5038 3109 5110 quidam
3158 5040 3420 5110 illorum,
3444 5042 3655 5100 medio
3701 5045 3785 5101 iti-

2108 5136 2249 5177 nere
2264 5124 2814 5195 perfecto,tertianae
2830 5127 3011 5183 febris
3030 5130 3427 5203 corriperetur
3446 5132 3785 5190 incommo~

2109 5210 2207 5267 do.
2232 5212 2379 5267 Cum
2410 5218 2611 5269 autem
2645 5214 2867 5272 diutius
2892 5216 3281 5291 imtempestae
3312 5221 3503 5277 noctis
3541 5220 3785 5279 silentio

2111 5300 2364 5371 graviter
2394 5318 2506 5357 suo
2536 5308 2854 5360 vexaretur
2902 5306 3311 5374 incommodo,
3353 5311 3639 5383 apparuit
3668 5311 3783 5384 sibi

2109 5390 2461 5446 febricitanti
2487 5392 2757 5464 praeclari
2778 5395 2972 5449 vultus
3017 5396 3279 5466 juvenis,
3312 5414 3562 5456 causam
3593 5402 3682 5455 ab
3709 5416 3786 5455 eo

2107 5480 2415 5535 commissi
2427 5483 2646 5551 negotii
2658 5487 2712 5538 et
2732 5483 3001 5539 laborem
3030 5491 3127 5541 tan
3138 5486 3173 5541 ti
3186 5487 3785 5559 perquirensitineris

2109 5570 2211 5624 Cui
2230 5587 2369 5626 cum
2389 5571 2481 5627 ille
2494 5573 2793 5645 promissa
2807 5573 3045 5630 diaconi
3059 5576 3133 5630 de
3146 5576 3411 5649 reliquiis
3426 5582 3779 5636 sanctorum

2111 5658 2367 5715 Einardo
2386 5660 2591 5719 abbati
2612 5661 2933 5734 mittendis,
2959 5667 3016 5720 et
3049 5664 3124 5721 de
3156 5665 3251 5722 his
3273 5682 3412 5739 quae
3434 5666 3628 5725 beatae
3651 5684 3786 5727 Ine-
