3940 6184
178 196 290 247 625

1045 196 1138 252 DE
1175 187 1567 255 TRANSLAT.
1612 198 1709 255 SS.
1750 197 2068 266 TIBURTII,
2120 196 2555 265 MARCELLINI,
2600 202 2749 257 ETC.

3505 212 3606 263 626

178 316 389 372 moria:
420 315 699 372 Hilduino
729 317 933 374 abbati
983 318 1244 392 pollicita
1282 320 1516 378 fuerant
1544 337 1650 395 per
1676 320 1836 377 ordi-
1866 322 1913 374 A
1954 322 2017 373 In
2066 319 2180 375 hac
2209 336 2351 389 ergo
2396 320 2593 377 cordis
2641 324 2937 380 anxietate
2975 325 3179 397 positis
3210 327 3410 384 divina
3450 329 3607 385 illico

177 422 319 463 nem
342 405 662 475 intimaret,
694 409 1003 479 respondit
1031 410 1470 482 pulcherrimus
1492 411 1752 483 juvenis,
1784 414 1841 466 et

176 496 367 551 dixit:
399 494 549 552 Satis
592 495 977 554 manifestum
1027 503 1132 567 est,
1168 502 1223 555 et
1252 503 1521 572 patenter
1566 499 1650 556 tui
1693 498 1839 555 socii

176 585 283 641 tibi
305 588 444 640 sunt
463 585 706 653 conscii,
722 586 866 658 quia
894 588 1285 661 quamplures
1309 589 1436 644 dies
1474 589 1726 645 tertiana
1754 588 1836 644 fe-

174 673 281 729 bre
310 672 623 729 laborasti.
659 676 844 744 Surge
873 675 1166 748 velociter,
1194 677 1408 733 festina
1435 677 1564 745 iter,
1593 693 1837 733 securus

172 762 443 819 accelera
472 763 800 834 negotium,
833 764 939 820 tibi
965 781 1002 821 a
1033 766 1285 822 Domino
1308 766 1677 838 promissum
1698 782 1836 822 con—

170 852 444 925 sequeris
470 856 717 908 votum:
750 852 889 908 volo
930 858 994 909 ut
1021 870 1132 926 pro
1176 855 1346 925 signo
1397 859 1511 910 tua:
1543 854 1679 910 ﬁdei
1710 854 1833 911 sive

168 941 557 1011 credulitatis,
602 940 878 998 effectum
916 942 1158 1012 integris
1202 944 1500 1016 percipias
1543 944 1828 1000 sanitatis.

168 1031 269 1087 His
302 1032 477 1088 dictis
522 1030 994 1104 expergefactus,
1040 1026 1315 1089 ab'omni
1361 1033 1566 1090 dolore
1596 1037 1653 1089 et
1677 1037 1831 1089 testu

161 1119 427 1177 febrium
465 1120 770 1187 liberatus,
825 1121 1031 1178 omnia
1082 1138 1460 1195 quaecunque
1504 1121 1734 1178 viderat
1775 1126 1832 1177 et

162 1208 443 1266 audierat
485 1208 770 1265 divinitus
807 1208 929 1264 suis
976 1208 1288 1280 diligenter
1339 1209 1554 1267 referre
1603 1210 1831 1266 curavit

158 1298 523 1355 comitibus:
553 1299 756 1371 sicque
788 1298 1012 1355 factum
1039 1305 1126 1356 est
1158 1304 1222 1356 ut
1244 1300 1607 1356 unanimiter
1645 1304 1702 1356 et
1748 1300 1830 1356 vi-

160 1388 324 1444 sioni
352 1387 680 1457 crederent,
713 1391 771 1443 et
807 1387 990 1444 tidem
1020 1389 1237 1445 divinis
1281 1390 1453 1446 dictis
1501 1390 1722 1462 pariter
1772 1394 1829 1446 et

156 1477 478 1550 promissis
508 1476 881 1533 adhiberent.

234 1571 290 1622 6.
319 1566 501 1636 Igitur
523 1568 772 1621 Romam
797 1568 1122 1638 venientes,
1141 1569 1314 1639 juxta
1331 1567 1645 1624 basilicam
1666 1567 1825 1624 beati

1951 406 2141 478 gratia
2158 408 3118 469 clementersnecurrit.Enimvero
3136 413 3384 486 quidam
3400 432 3607 473 mona-

1952 496 2122 564 chus,
2146 497 2322 569 quasi
2369 498 2568 554 bonus
2602 500 2702 555 Dei
2733 501 3004 571 angelus,
3037 518 3179 557 mox
3203 502 3314 557 illis
3344 504 3604 571 advenit,

1944 586 2188 643 nomine
2217 587 2483 644 Basilius.
2520 589 2622 644 Iiic
2644 589 2705 644 in
2738 594 2940 647 monte
2964 590 3288 648 Palaestinae
3319 609 3457 649 cum
3484 595 3606 650 suis

1942 674 2249 747 discipulis
2267 677 2395 747 jam
2420 678 2633 733 diebus
2662 679 2865 734 multis
2892 679 3288 751 habitaverat,
3333 682 3446 737 sub
3474 699 3606 738 nor-

1941 780 2043 822 ma
2065 765 2503 837 probatissimae
2524 767 2844 838 religionis.
2871 769 3053 838 Cujus
3076 769 3438 825 salutaribus
3462 788 3604 827 con-

1941 852 2083 908 siliis
2114 854 2382 923 animati,
2431 856 2612 911 sacris
2660 855 3033 912 orationibus
3064 856 3272 927 adjuti,
3324 860 3605 931 quamvis

1940 956 2080 997 cum
2111 942 2375 1015 periculo
2416 944 2625 1016 capitis
2672 944 2915 1001 tandem
2964 945 3433 1001 sacratissimum
3479 964 3604 1002 cor-

1937 1046 2052 1102 pus
2072 1030 2200 1101 jam
2229 1031 2370 1087 dicti
2423 1032 2701 1104 martyris
2738 1032 3058 1105 reperiunt.
3116 1032 3360 1089 Sublato
3398 1033 3600 1107 itaque

1938 1135 2075 1175 cum
2105 1120 2271 1176 omni
2302 1122 2678 1178 veneratione
2727 1122 3129 1178 sacratissimo
3171 1138 3420 1195 corpore
3462 1140 3601 1196 ope-

1934 1208 2087 1265 rosis
2111 1210 2443 1283 composito
2466 1210 3015 1283 palliis,honoritice
3030 1211 3092 1265 in
3109 1215 3384 1282 cryptam
3401 1211 3601 1267 beato-

1935 1313 2074 1353 rum
2102 1302 2440 1372 martyrum
2486 1298 2799 1355 Marcellini
2845 1303 2901 1355 et
2949 1299 3095 1354 Petri
3145 1298 3405 1354 defertur
3459 1317 3597 1356 cum

1936 1388 2100 1444 omni
2119 1388 2490 1460 jubilationis
2518 1389 2931 1446 exsultatione.

2006 1480 2058 1532 8.
2085 1481 2215 1534 Mox
2245 1477 2591 1535 festinanter
2636 1478 2713 1534 ad
2764 1478 3037 1535 tumbam
3069 1482 3416 1534 sanctorum
3448 1495 3600 1535 mar-

1932 1569 2135 1638 tyrum
2164 1567 2419 1636 genibus
2464 1568 2632 1622 tlcxis
2673 1567 3075 1623 descenditur.
3126 1567 3314 1623 Pietas
3363 1568 3598 1623 Domini

158 1656 312 1711 Petri
361 1654 637 1726 apostoli,
663 1670 799 1726 quae
842 1655 1056 1727 dicitur
1086 1657 1165 1711 ad
1214 1656 1480 1727 Vincula,
1528 1656 1590 1711 in
1638 1656 1823 1712 domo
1857 1672 1894 1725 Β
1931 1656 2116 1711 nostri
2140 1659 2276 1711 Jesu
2306 1657 2517 1711 Christi
2549 1673 2685 1711 cum
2715 1656 2949 1712 interno
2974 1656 3173 1726 rugitu
3206 1655 3402 1711 cordis
3429 1656 3597 1711 invo-

152 1743 352 1816 ipsius
381 1742 621 1799 diaconi
650 1760 787 1798 cum
817 1761 941 1816 quo
967 1749 1270 1812 venerant,
1304 1745 1629 1818 hospitium
1653 1760 1821 1800 acce-

151 1837 411 1904 perunt;
442 1847 551 1905 per
572 1830 801 1904 aliquot
828 1832 954 1888 dies
983 1850 1120 1888 cum
1148 1849 1219 1888 eo
1268 1838 1636 1899 manserunt,
1689 1848 1821 1905 pro-

116 1920 490 1976 'missorum
509 1921 638 1990 ejus
671 1920 1163 1993 adimpletionem
1202 1922 1591 1991 incessanter,
1621 1921 1817 1993 inqui-

150 2008 348 2063 rendo
368 2009 766 2080 perstiterunt.
801 2010 864 2064 In
888 2011 1003 2065 hoc
1034 2026 1343 2066 morarum
1391 2025 1637 2066 suarum
1683 2009 1817 2064 arti-

149 2097 296 2153 culo
327 2098 666 2154 consultum
706 2098 835 2166 fuit,
866 2103 930 2154 ut
955 2098 1035 2155 ad
1085 2099 1424 2155 cosmeteria
1472 2102 1816 2154 sanctorum

146 2186 339 2241 simul
366 2203 505 2243 cum
534 2187 792 2244 diacono
821 2192 1156 2260 pergerent,
1200 2194 1262 2244 ut
1291 2188 1338 2243 si
1368 2186 1516 2260 quid
1564 2187 1817 2256 dignum

144 2277 217 2331 in
255 2276 344 2331 eis
391 2276 643 2333 inveniri
680 2281 903 2349 posset,
953 2278 1076 2333 suis
1121 2277 1431 2333 desideriis
1483 2275 1813 2332 satisﬁeret.

142 2370 363 2437 Itaque
392 2366 635 2422 invento
665 2366 839 2432 duce,
886 2365 1160 2422 videlicet
1204 2366 1475 2421 locorum
1518 2369 1816 2420 monstra-

142 2460 301 2524 tore,
324 2455 523 2527 primo
544 2455 622 2511 ad
642 2453 955 2511 basilicam
988 2454 1145 2509 beati
1174 2454 1417 2509 Tiburtii
1447 2453 1728 2526 martyris
1756 2454 1817 2509 in

140 2544 243 2600 via
266 2544 590 2612 Lavicana,
641 2543 828 2600 tribus
881 2542 959 2599 ab
1012 2543 1164 2599 Urbe
1211 2559 1513 2615 passuum
1563 2542 1817 2599 distante

142 2632 845 2704 millibus,praeproperis
867 2631 1219 2704 perveniunt
1238 2632 1817 2704 gradibus.Denique

140 2722 434 2795 martyris
464 2721 737 2777 tumbam
782 2725 1009 2793 quanta
1049 2724 1302 2792 possunt
1341 2720 1647 2790 diligentia
1671 2737 1814 2777 con-

139 2811 539 2884 temptantur,
572 2815 628 2866 et
648 2814 850 2866 utrum
875 2826 946 2882 ar
958 2810 1093 2865 eriri
1113 2814 1318 2882 posset
1340 2810 1471 2865 aliis
1496 2810 1812 2866 nescienti-

138 2902 267 2958 bus
299 2904 473 2956 cauta
497 2899 1029 2972 circumspectione
1055 2899 1483 2955 consideratur.
1509 2899 1731 2955 Deinde
1751 2899 1811 2954 in

140 2987 462 3044 basilicam
491 2986 686 3042 eidem
716 2990 941 3075 cryptae
962 2986 1331 3075 contiguam,
1356 2986 1413 3040 in
1444 3002 1567 3058 qua
1595 2985 1803 3075 beato-
1842 3022 1881 3075 Ο

140 3091 288 3132 rum
318 3079 651 3145 martyrum
682 3073 996 3130 Marcellini
1024 3078 1082 3129 et
1114 3073 1261 3128 Petri
1307 3088 1562 3145 corpora
1600 3073 1811 3129 decen-

142 3171 236 3222 ter
273 3168 441 3219 erant
467 3163 782 3231 tumulata,
814 3178 1057 3217 summa
1097 3178 1235 3217 cum
1280 3162 1527 3218 honoris
1568 3161 1812 3219 descen-

139 3253 303 3307 dunt
318 3252 663 3308 reverentia.
684 3251 1078 3308 Nihilominus
1096 3250 1402 3323 explorata
1420 3250 1597 3306 etiam
1617 3250 1808 3323 ipsius

142 3341 523 3397 monumenti
570 3341 855 3413 qualitate
903 3355 1025 3396 non
1071 3339 1323 3395 minima
1375 3355 1581 3395 secum
1635 3340 1807 3396 habi-

140 3429 333 3485 tando
363 3430 442 3484 ad
471 3434 614 3484 uota
641 3429 928 3485 recedunt
954 3428 1302 3484 diversoria.

216 3525 274 3573 7.
299 3517 411 3573 Sed
432 3522 659 3591 quanto
685 3518 964 3574 secretius
996 3532 1199 3573 secum
1221 3521 1603 3589 pertractant.
1633 3517 1807 3573 etho-

141 3610 366 3682 spitem
395 3624 575 3663 suum
602 3624 781 3680 posse
806 3607 987 3663 latere
1014 3608 1128 3662 hoc
1144 3606 1369 3661 factum
1389 3606 1803 3671 determinant,

136 3702 312 3755 tanto
336 3698 507 3754 citius
530 3714 742 3755 eorum
762 3697 1045 3770 praevenit
1082 3695 1377 3751 notitiam.
1414 3695 1675 3767 Denique
1705 3711 1805 3750 ve-

137 3789 291 3843 ritus
321 3787 607 3860 przefatus
635 3788 926 3843 diaconus
964 3802 1037 3841 ne
1067 3784 1297 3857 praefati
1326 3783 1505 3854 legati
1547 3783 1803 3839 Hilduini

137 3876 382 3932 abbatis
433 3875 724 3932 voluntati
771 3890 894 3930 suae
939 3872 1348 3929 satisfacerent
1376 3873 1502 3927 sine
1552 3888 1661 3927 suo
1709 3888 1804 3928 as-

137 3980 344 4033 sensu,
372 3964 690 4019 consilium
710 3979 920 4018 eorum
960 3960 1303 4017 festinando
1329 3959 1539 4015 maluit
1580 3975 1805 4031 praeve-

137 4053 270 4108 nire
295 4053 655 4123 diligentius.
692 4054 757 4107 Et
779 4050 923 4124 quia
944 4050 1104 4104 idem
1151 4048 1277 4121 ipse
1319 4048 1608 4104 diaconus
1650 4048 1807 4104 loco-

136 4158 279 4197 rum
307 4148 652 4196 sanctorum
694 4139 1029 4212 plenariam
1065 4142 1122 4194 et
1162 4136 1487 4209 perfectam
1532 4137 1803 4194 notitiam

140 4230 428 4297 habebat,
458 4230 679 4286 blande
704 4229 835 4285 illos
856 4229 1236 4284 vehementer
1266 4226 1605 4299 alloquitur,
1655 4226 1803 4281 scili-

139 4325 233 4377 cet
264 4325 328 4375 ut
348 4319 657 4376 communi
678 4318 928 4374 concilio
960 4316 1127 4373 ﬁeret
1157 4316 1451 4388 quidquid
1494 4315 1800 4386 agendum

138 4409 455 4482 dispositio
477 4424 750 4481 superum
772 4406 999 4461 virtutis
1016 4406 1428 4461 innotesceret.
1456 4405 1803 4461 Assentiunt

138 4499 365 4573 pariter
407 4497 660 4553 concilio
691 4496 869 4563 senis,
922 4499 1123 4567 utpote
1166 4494 1339 4566 primi
1398 4494 1803 4551 archidiaconi

140 4592 368 4644 sach
400 4590 681 4643 Romanae
706 4585 886 4641 sedis.
932 4586 1191 4655 Tempus
1224 4576 1468 4654 quoque
1498 4583 1696 4654 operis
1725 4582 1802 4637 fe-

140 4678 435 4733 stinanter
481 4673 869 4746 aggrediendi
918 4672 1216 4744 sapienter
1264 4671 1559 4737 indicitur,
1590 4677 1645 4727 et
1672 4672 1804 4744 pari

142 4771 282 4822 voto
299 4766 676 4836 summisque
706 4761 1012 4817 desideriis
1033 4759 1426 4832 priestolatur.
1458 4762 1619 4815 Tunc
1636 4775 1804 4831 pera-

143 4860 237 4911 cto
257 4855 539 4911 triduano
556 4852 806 4923 jejunio,
826 4854 1007 4905 noctu
1025 4850 1103 4904 ad
1126 4848 1261 4903 loca
1298 4853 1641 4904 sanctorum
1667 4864 1800 4921 per-

140 4945 398 5011 venitur,
427 4943 590 4999 nullo
631 4942 915 4997 sentiente
958 4941 1367 4994 Romanorum
1408 4938 1665 4993 civium:
1711 4939 1800 4993 in-

142 5032 453 5104 gressique
473 5030 785 5087 basilicam
820 5027 1008 5085 sancti
1038 5025 1279 5082 Tiburtii
1312 5026 1613 5096 martyris,
1645 5027 1800 5082 solo-

142 5127 319 5178 tenus
349 5107 843 5193 prosternuntur:
875 5117 1058 5174 altare
1096 5114 1243 5170 illud
1264 5114 1480 5186 aperiri
1521 5118 1797 5183 tentatur,

142 5211 261 5267 sub
286 5226 414 5283 quo
445 5208 921 5265 sacratissimum
950 5221 1167 5278 corpus
1216 5203 1496 5276 martyris
1538 5204 1801 5276 positum

138 5316 271 5356 esse
290 5297 666 5355 credebatur.
690 5297 803 5353 Sed
815 5312 958 5352 mox
977 5294 1036 5350 in
1057 5294 1255 5367 primo
1280 5293 1596 5350 conamine
1619 5294 1802 5349 virtus

138 5388 543 5462 quaerentium
571 5386 863 5453 deﬁcitur,
894 5384 1038 5457 quia
1059 5383 1244 5438 nimia
1273 5382 1487 5437 mentis
1509 5387 1566 5438 et
1590 5397 1802 5454 corpo-

136 5479 220 5533 ris
241 5475 689 5549 horripilatione
721 5474 1074 5531 concutitur.
1100 5474 1802 5543 Monumentumquoque

138 5565 472 5622 durissimo
521 5578 823 5619 marmore
851 5560 1103 5633 politum
1148 5559 1371 5615 duriori
1418 5560 1572 5615 ferro
1596 5558 1804 5615 durius

138 5654 385 5724 resistit,
417 5659 477 5710 et
495 5652 844 5711 conantium
860 5665 1080 5707 manus
1108 5649 1337 5721 aperire
1366 5648 1532 5705 facile
1556 5647 1799 5720 repellit.

1930 1749 2115 1811 catur,
2144 1750 2479 1820 martyrum
2499 1744 3023 1816 deprecationibus
3047 1748 3392 1799 sanctorum
3418 1744 3594 1815 quid-

1928 1834 2074 1905 quid
2105 1834 2406 1904 agendum
2442 1838 2532 1888 est
2571 1833 2945 1906 supplicibus
2989 1833 3142 1888 votis
3196 1833 3591 1905 quaerentium

1927 1922 2332 1978 committitur.
2366 1922 2688 1977 Confestim
2734 1922 2795 1977 in
2826 1921 2959 1994 ipso
3009 1921 3201 1977 noctis
3240 1922 3592 1993 crepusculo

1924 2010 2097 2083 lapis,
2132 2027 2255 2084 quo
2282 2012 2596 2067 summitas
2628 2010 2882 2084 sepulcri
2916 2010 3148 2081 tegitur,
3191 2009 3264 2065 de
3294 2010 3427 2065 loco
3481 2027 3591 2067 suo

1924 2106 2281 2157 removetur.
2310 2100 2575 2157 Tandem
2606 2099 2907 2155 invenitur
2955 2098 3426 2154 sacratissimum
3458 2115 3591 2154 san-

1926 2188 2002 2245 cti
2032 2189 2349 2245 Marcellini
2378 2204 2597 2260 corpus
2624 2188 2681 2242 in
2727 2186 3135 2259 superioribus
3183 2186 3455 2256 ejusdem
3502 2204 3589 2242 se-

1924 2277 2117 2350 pulcri
2142 2276 2419 2333 semotim
2445 2277 2710 2348 positum
2740 2280 2796 2331 et
2832 2275 3172 2331 involutum
3216 2274 3582 2344 diligentius.

1922 2365 2013 2420 Ad
2043 2365 2171 2436 ejus
2199 2381 2442 2437 quoque
2474 2370 2658 2436 caput
2688 2363 2954 2421 tabulam
2984 2378 3390 2419 marmoream
3423 2364 3583 2436 posi-

1924 2457 2049 2510 tam
2080 2454 2463 2510 considerant
2488 2452 2851 2525 descriptam
2896 2451 3261 2524 expressius,
3293 2452 3585 2524 quoniam

1923 2543 2165 2616 pretiosi
2192 2542 2474 2615 martyris
2513 2542 2596 2597 ibi
2626 2541 2925 2614 sepultum
2971 2541 3287 2614 quondam
3336 2558 3372 2597 a
3402 2541 3588 2597 fideli-

1922 2633 2043 2693 bus.
2070 2631 2406 2688 venerabile
2433 2631 2674 2703 jacebat
2704 2646 2941 2703 corpus.
2980 2630 3135 2687 Illico
3163 2647 3302 2687 cum
3346 2647 3588 2687 summa

1922 2722 2303 2778 veneratione
2333 2720 2775 2777 sanctissimam
2804 2720 3070 2776 levantes
3091 2708 3331 2791 glebam
3356 2719 3587 2776 munda

1923 2810 2173 2866 sindone
2203 2810 2549 2877 involutam,
2575 2813 2750 2879 juxta
2781 2807 3155 2880 corporalem
3186 2808 3344 2865 beati
3377 2807 3584 2863 Tibur-

1920 2898 1980 2954 tii
2012 2896 2290 2970 martyris
2307 2896 2619 2969 deponunt
2644 2896 3046 2968 praesentiam.

1990 2993 2042 3044 9.
2079 2986 2173 3043 His
2192 2986 2273 3041 ita
2299 2985 2573 3058 peractis,
2627 3001 2733 3058 per
2778 2984 3018 3040 diversa
3060 2988 3327 3040 mutatur
3374 3000 3584 3040 eorum

1918 3074 2196 3146 cogitatio
2226 3073 2464 3144 mentis,
2492 3077 2549 3128 et
2572 3088 2696 3128 non
2725 3072 2979 3128 minima
3010 3072 3272 3129 exoritur
3290 3073 3580 3145 anxietas,

1915 3165 2057 3237 quia
2081 3164 2238 3220 beati
2272 3163 2415 3219 Petri
2444 3163 2754 3219 exorcistae
2805 3167 2861 3218 et
2909 3163 3191 3236 martyris
3240 3179 3412 3220 sacra
3456 3178 3582 3219 non

1914 3256 2109 3326 potest
2133 3252 2341 3308 haberi
2374 3251 2669 3307 societatis
2698 3252 3037 3324 praesentia.
3072 3251 3311 3308 Talibus
3336 3252 3582 3307 infortu-

1914 3342 2027 3397 niis
2055 3346 2254 3397 mente
2284 3340 2522 3406 turbati,
2572 3344 2737 3396 tanta
2785 3340 2969 3395 animi
3018 3342 3232 3396 virtute
3279 3340 3576 3407 laborant,

1913 3436 1979 3487 ut
2029 3446 2139 3487 nec
2186 3431 2388 3485 cibum
2436 3433 2763 3498 sumerent,
2813 3445 2922 3485 nec
2974 3445 3188 3485 somno
3237 3429 3579 3501 acquiesce-

1911 3524 2062 3587 rent,
2097 3518 2209 3573 nisi
2232 3522 2564 3588 martyrum
2598 3531 2853 3587 corpora
2884 3516 3037 3571 sicut
3062 3516 3125 3570 in
3168 3516 3449 3588 passione
3480 3531 3575 3571 so-

1913 3607 2006 3674 cii,
2036 3606 2118 3662 sic
2149 3606 2325 3661 etiam
2347 3605 2409 3659 in
2436 3604 2931 3676 peregrinationis
2959 3602 3165 3658 itinere
3208 3603 3578 3659 deferrentur

1911 3694 2390 3767 inseparabiliter
2424 3694 2518 3763 adj
2531 3692 2735 3747 uncti.‘
2767 3691 3007 3746 Talibus
3032 3690 3343 3746 desideriis
3388 3691 3576 3746 inces-

1913 3788 2113 3839 santer
2141 3782 2399 3851 accensi,
2434 3782 2512 3837 ad
2543 3780 2954 3853 supradictam
2991 3779 3207 3835 iterum
3230 3782 3576 3836 sanctorum

1912 3875 2248 3944 martyrum
2296 3875 2570 3942 cryptam
2622 3867 2837 3942 trepidi
2886 3868 3198 3937 accedunt,
3248 3872 3575 3942 apertoque

1912 3961 2039 4016 sine
2088 3959 2208 4015 ulla
2237 3957 2584 4015 difﬁcultate
2640 3956 2937 4028 sepulcro,
2990 3971 3162 4012 sacra
3209 3955 3371 4013 beati
3426 3959 3576 4014 Petri

1910 4048 2217 4105 exorcistae
2242 4052 2300 4103 et
2339 4046 2617 4117 martyris
2660 4045 2936 4101 membra
2980 4044 3146 4101 nullo
3197 4044 3572 4118 prohibente,

1910 4138 2239 4209 gaudentes
2269 4142 2323 4192 et
2354 4136 2581 4192 alacres
2609 4133 2950 4190 detulerunt
2974 4133 3052 4189 ad
3098 4133 3361 4208 propria.
3396 4135 3574 4206 Igitur

1909 4226 2232 4283 levioribus
2273 4230 2338 4280 ut
2365 4224 2697 4297 praevalent
2727 4223 2974 4279 sarcinis
3004 4228 3288 4296 aptantur
3315 4224 3574 4297 corpori-

1910 4316 2028 4371 bus
2055 4320 2398 4370 sanctorum
2442 4313 2623 4369 loculi
2670 4313 2839 4383 juxta
2885 4312 3235 4385 qualitatem
3285 4314 3571 4386 temporis

1914 4408 1971 4460 et
1999 4402 2408 4459 difﬁcultatem
2439 4401 2762 4474 arripiendi
2792 4400 3035 4456 itineris.

1990 4493 2072 4548 10.
2105 4494 2254 4547 Inter
2282 4496 2447 4548 tanta
2473 4491 2691 4547 divinas
2729 4489 3197 4561 dispensationis
3248 4488 3465 4558 ofﬁcia,
3517 4495 3575 4545 et

1910 4582 2168 4651 religiosi
2199 4581 2391 4636 cultus
2421 4581 2733 4652 obsequia,
2762 4577 3009 4646 contigit
3040 4581 3102 4632 ut
3145 4576 3293 4632 dum
3341 4582 3573 4633 sancto-

1910 4687 2045 4726 rum
2093 4676 2427 4742 martyrum
2473 4669 2651 4739 Marii,
2702 4667 2960 4733 Marthae,
3014 4664 3270 4720 Audifax
3311 4669 3368 4720 et
3412 4665 3570 4722 Aba-

1910 4776 2019 4815 cuc
2049 4765 2229 4815 noctu
2255 4775 2439 4815 causa
2469 4756 2756 4813 orationis
2803 4771 2943 4811 cum
2990 4753 3239 4826 prmfato
3279 4753 3571 4811 archidia-

1910 4866 2064 4905 cono
2113 4849 2427 4904 circuirent
2466 4845 2826 4915 cmmeteria,
2876 4842 3093 4899 divinae
3151 4843 3571 4899 commotionis

1908 4939 2278 5011 perciperent
2327 4936 2592 5003 oracula,
2644 4950 2906 5008 quorum
2954 4931 3469 4988 consolationibus
3516 4939 3571 4990 et

1906 5027 2141 5083 indiciis
2173 5026 2475 5082 evidenter
2501 5024 2788 5092 instructi,
2818 5038 3026 5078 eorum
3067 5022 3286 5093 pariter
3311 5026 3569 5094 quatuor

1910 5115 2250 5170 tollerentur
2279 5130 2551 5186 corpora,
2585 5117 2643 5167 et
2670 5110 3055 5184 praefatorum
3098 5108 3345 5165 celerius
3383 5109 3572 5166 admi-

1911 5209 2216 5259 scerentur
2236 5202 2448 5258 loculis
2480 5205 2844 5257 sanctorum.
2879 5198 3051 5264 Quod
3083 5215 3223 5254 mox
3268 5199 3395 5255 sine
3451 5199 3571 5257 ulla

1910 5290 2272 5347 difﬁcultatis
2320 5306 2491 5346 mora
2538 5306 2676 5345 cum
2744 5303 2984 5344 summa
3030 5292 3439 5360 perpetratum
3483 5291 3572 5343 est

1914 5380 2263 5436 reverentia.
3413 5430 3419 5437 .

1988 5473 2072 5522 Η.
2095 5467 2185 5523 Sic
2212 5467 2311 5522 illa
2336 5471 2457 5523 tota
2490 5471 2835 5529 sanctorum
2867 5470 3202 5538 martyrum
3222 5480 3429 5521 massa
3444 5464 3571 5519 illu-

1915 5556 2050 5612 stris
2079 5555 2859 5613 archidiaconideliberatur
2873 5555 3187 5621 industria,
3217 5560 3274 5610 et
3294 5554 3569 5623 alegata-

1912 5646 2014 5702 riis
2035 5645 2265 5701 domini
2295 5646 2556 5708 Hilduini
2580 5646 2815 5703 abbatis
2855 5646 3159 5716 geminato
3203 5642 3427 5716 gaudio
3468 5641 3567 5695 de-
