3940 6184
242 211 341 258 62ῖ

1181 205 1506 260 ODII.ONIS
1562 205 1869 259 MONACHI
1922 201 1977 256 S.
2023 201 2330 254 MEDARDI
2383 199 2743 257 SUESSION.

3575 200 3678 253 628

244 329 428 384 fertur
459 334 762 400 suscepta,
784 333 1253 400 carterorumque
1281 333 1616 399 martyrum
1644 326 1905 399 reliquiis
1935 331 1979 380 A
2020 323 2223 379 civitas
2259 323 2341 378 eis
2372 323 2610 379 obviam
2640 324 2772 387 ruit,
2806 327 2862 378 et
2884 337 3085 377 sacras
3110 320 3357 376 exuvias
3388 337 3584 394 usque
3603 323 3680 377 ad

247 418 527 485 admista,
563 415 808 487 Papiam
861 430 1054 486 usque
1099 415 1424 470 deferendo
1467 414 1906 471 exsultantibus

248 507 464 562 animis
496 505 713 579 pariter
743 503 1067 559 deveniunt
1097 505 1318 561 eundo.
1349 505 1428 560 lbi
1479 519 1622 574 ergo
1666 509 1909 577 propter

242 596 651 664 jumentorum
683 591 1064 648 refectionem
1105 598 1158 648 et
1187 598 1429 665 propter
1461 593 1746 662 longioris
1795 592 1906 646 via}

247 681 681 754 reparationem
716 685 1047 736 statuerunt
1092 680 1200 735 sibi
1248 697 1355 753 per
1400 681 1625 753 aliquot
1673 681 1799 735 dies
1848 680 1904 734 in

245 771 458 826 eadem
487 769 884 826 'l‘icinensium
913 769 1182 824 videlicet
1209 769 1388 842 Papia
1419 771 1652 825 civitate
1699 768 1905 838 gratis-

247 860 464 915 simam
494 859 804 928 indulgere
830 859 1334 932 repausationem.
1361 860 1423 913 In
1455 860 1568 914 hoc
1602 875 1907 914 morarum

248 963 495 1003 suarum
527 946 793 1012 articulo,
827 945 1072 1016 contigit
1101 946 1329 1016 legatos
1359 952 1576 1004 sanctae
1626 950 1908 1003 Romanae

250 1035 524 1090 Ecclesiae
553 1051 588 1089 a
616 1037 886 1090 Romano
915 1034 1168 1090 directos
1197 1035 1474 1107 pontiﬁce
1511 1035 1775 1090 Ticinum
1809 1034 1909 1090 ad-

253 1122 502 1178 venisse.
535 1127 737 1195 Itaque
769 1122 935 1178 veriti
965 1122 1037 1178 de
1069 1123 1326 1178 adventu
1360 1123 1598 1180 illorum
1644 1123 1753 1178 sibi
1803 1122 1908 1178 ali-

249 1211 396 1283 quid
437 1211 805 1267 incommodi
833 1213 925 1268 vel
955 1212 1132 1268 etiam
1165 1212 1575 1285 impedimenti
1627 1213 1908 1268 accedere

249 1316 445 1372 posse,
476 1300 727 1372 sapienti
767 1301 1017 1356 consilio
1059 1302 1356 1374 sapienter
1384 1303 1760 1374 praesentiam
1785 1301 1912 1357 illo-

248 1405 384 1444 rum
416 1389 760 1445 maluerunt
789 1391 1136 1464 anticipare.
1171 1390 1493 1446 Confestim
1524 1391 1602 1446 ad
1652 1391 1907 1446 invicem

250 1483 613 1534 secretorum
647 1494 897 1534 suorum
924 1479 1210 1550 detegunt
1235 1479 1528 1549 notitiam,
1563 1485 1619 1534 et
1665 1495 1772 1551 per
1813 1496 1908 1534 or-

249 1565 450 1620 dinem
485 1571 794 1637 exponunt
834 1566 1176 1622 interiorem
1207 1567 1402 1622 cordis
1453 1567 1782 1622 scientiam.
1825 1566 1909 1622 Illi

253 1654 501 1708 Romani
521 1653 816 1724 pontiﬁcis
845 1654 1062 1724 legatio
1095 1671 1160 1710 se
1185 1657 1542 1727 quantocius
1573 1656 1909 1711 manifestat
1944 1680 1979 1732 Β

253 1741 312 1794 in
344 1739 558 1795 Gallias
581 1740 658 1795 ad
689 1741 1110 1813 imperatorem
1141 1741 1250 1797 iter
1279 1740 1426 1797 velle
1455 1743 1734 1815 arripere,
1767 1743 1911 1814 quia

253 1827 508 1894 cogebat
535 1827 666 1883 illos
697 1844 819 1884 non
850 1829 1101 1885 minima
1127 1829 1405 1886 festinare
1458 1831 1780 1887 necessitas
1827 1847 1914 1886 se-

253 1916 346 1971 dis
377 1917 742 1988 apostolicae.
771 1919 900 1984 Qua
930 1919 1006 1974 de
1047 1935 1108 1974 re
1139 1919 1272 1974 facti
1318 1925 1609 1975 nostrates
1660 1919 1907 1987 solliciti,

251 2003 594 2061 ﬁdelitatem
627 2012 973 2078 proponunt
1024 2007 1200 2063 simul
1250 2013 1305 2064 et
1349 2009 1638 2064 amicitias
1679 2009 1910 2064 abbatis

254 2093 528 2159 Hilduini,
591 2094 1002 2151 auctoritatem
1057 2111 1300 2168 quoque
1352 2097 1597 2170 insuper
1661 2098 1909 2170 piissimi

251 2181 627 2253 imperatoris
663 2182 938 2239 Ludov'mi
971 2184 1141 2240 certis
1172 2185 1552 2242 innotescunt
1576 2187 1828 2257 indiciis,
1857 2193 1912 2242 et

252 2270 707 2327 translationem
756 2277 1100 2329 sanctorum
1141 2275 1525 2347 praefatorum
1577 2281 1910 2348 martyrum

253 2359 313 2414 in
343 2359 558 2416 Gallias
589 2361 893 2418 luculenta
921 2363 1148 2419 ratione
1177 2365 1576 2421 manifestant.

325 2452 406 2504 t2.
445 2449 656 2522 Sicque
689 2449 915 2506 factum
971 2457 1058 2508 est
1109 2456 1170 2508 ut
1217 2469 1372 2525 quos
1419 2454 1584 2526 prius
1629 2455 1910 2527 querulos

250 2537 514 2594 habuere
582 2537 988 2608 derogatores,
1053 2541 1446 2613 postmodum
1507 2560 1615 2617 per
1665 2560 1910 2600 omnem

249 2627 408 2682 viam
438 2626 768 2684 ﬁdissimos
795 2629 1121 2702 reperirent
1142 2631 1587 2699 suffragatores.
1621 2637 1700 2689 tta
1723 2639 1908 2689 totum

250 2716 473 2771 factum
505 2720 611 2783 est,
642 2721 698 2773 et
729 2717 810 2772 sic
837 2733 944 2790 per
975 2720 1349 2789 conjecturas
1377 2721 1784 2789 mansionum,
1806 2739 1913 2797 per

249 2805 513 2876 pericula
542 2810 598 2862 et
627 2806 929 2863 anfractus
957 2807 1216 2880 Alpium,
1253 2809 1493 2866 tandem
1523 2811 1602 2866 ad
1628 2815 1908 2868 Sanctum

251 2900 652 2966 pervenerunt
691 2896 1056 2954 Mauricium.
1104 2897 1188 2953 Ibi
1235 2914 1418 2954 causa
1473 2899 1912 2972 repausationis

251 2997 374 3036 suae
404 2981 564 3038 diem
595 2999 733 3038 cum
763 2988 935 3041 nocte
965 2990 1258 3058 peragunt
1281 2985 1358 3042 ad
1383 2986 1700 3056 integrum.
1722 2989 1912 3044 Enim-
1942 3027 1982 3078 Ο

250 3085 389 3125 vero
418 3085 561 3126 mox
591 3069 690 3127 illa
739 3077 1086 3128 sanctorum
1135 3090 1388 3148 corpora
1436 3075 1654 3131 vilibus
1702 3076 1912 3132 loculis

251 3157 506 3229 inclusa,
537 3158 884 3218 holosericis
914 3161 1105 3219 linteis
1137 3163 1450 3236 pretiosius
1477 3169 1532 3220 et
1559 3164 1798 3235 dignius
1827 3165 1917 3221 in-

254 3247 476 3320 voluta,
511 3249 704 3306 feretri
731 3251 1005 3308 vehiculo
1034 3252 1312 3308 decenter
1352 3253 1765 3326 imponuntur,
1813 3271 1914 3311 au-

253 3337 366 3392 reis
395 3337 586 3411 peplis
616 3339 874 3412 desuper
902 3340 1156 3397 obtecta.
1192 3341 1333 3398 Inde
1365 3358 1500 3398 cum
1548 3343 1830 3400 laudibus
1858 3350 1914 3400 et

255 3426 534 3498 promoti,
567 3427 888 3484 comitante
916 3429 1018 3484 Dei
1063 3429 1271 3499 gratia,
1305 3431 1651 3488 thesaurum
1684 3432 1914 3488 deside-

253 3513 501 3570 rabilem
533 3514 732 3588 palam
767 3521 821 3572 et
851 3521 1052 3590 aperte
1083 3534 1223 3574 eum
1253 3519 1551 3590 adjutorio
1580 3520 1786 3594 populi
1819 3537 1914 3577 oe-

255 3603 542 3660 currentis
575 3604 839 3678 undique
886 3623 1078 3681 usque
1123 3607 1201 3664 ad
1255 3608 1358 3664 diu
1401 3611 1710 3684 przeoptati
1763 3611 1914 3668 ruris

254 3690 516 3750 conﬁnia
541 3694 952 3768 deportavere.

329 3781 412 3837 t3.
439 3784 572 3838 Jam
593 3787 732 3839 tunc
761 3785 1044 3857 temporis
1067 3786 1363 3843 adventus
1384 3793 1728 3845 sanctorum
1752 3789 1912 3846 fama

255 3883 377 3924 non
409 3868 660 3927 minima
712 3869 888 3940 longe
941 3871 1178 3946 lateque
1228 3891 1354 3929 sese
1403 3881 1807 3948 resperserat:
1859 3882 1916 3934 et

254 3955 390 4011 ideo
414 3955 582 4012 velut
609 3972 682 4013 ex
707 3957 992 4014 umbilico
1024 3964 1189 4016 terrae
1239 3961 1690 4040 innumerabilis
1720 3981 1915 4020 erum-

255 4042 436 4126 pebat
460 4045 720 4118 populus
759 4047 1249 4122 circumquaque.
1307 4051 1445 4123 Ipsa
1487 4051 1746 4126 denique
1796 4060 1914 4110 Au-

259 4134 432 4200 gusta
465 4133 818 4191 Suessorum
851 4150 886 4192 a
916 4135 1156 4193 duobus
1179 4137 1298 4194 fere
1327 4139 1588 4196 millibus
1622 4145 1743 4198 tota
1763 4157 1916 4216 pene

1449 4306 1785 4320 ———

1068 4421 1922 4545 ουιιθΝιε
1995 4427 2117 4544 Μ

2094 4427 2854 4574 ιοῖςξᾼαιιι

2019 412 2335 468 transitum
2366 411 2630 467 ﬂuminis
2663 417 2882 466 Axonae
2910 409 3225 466 laudantes
3255 409 3314 463 in
3341 409 3540 479 jubilo
3580 427 3680 465 vo-

2018 500 2100 555 cis
2133 516 2270 554 cum
2303 499 2585 556 laudibus
2615 499 2937 555 deduxere.
2973 501 3052 553 Ex
3077 497 3192 554 alia
3220 501 3389 570 parte
3415 497 3684 554 ﬂuminis

2017 589 2292 656 religiosa
2325 589 2760 644 monachorum
2793 589 3022 658 concio,
3072 587 3488 642 ecclesiasticis
3536 588 3686 643 redi-

2020 678 2162 733 mita
2192 678 2410 742 infulis,
2437 694 2574 732 cum
2603 677 2876 750 pluribus
2906 677 3116 733 aderat
3147 675 3413 731 ﬁdelium
3447 678 3682 747 turmis,

2017 783 2150 838 quae
2183 765 2495 836 geminatis
2519 766 2753 837 gaudiis
2785 766 2962 821 tantis
2991 781 3052 821 se
3079 765 3300 835 gaudet
3337 764 3454 820 frui
3485 769 3686 837 patho-

2016 855 2131 914 nis.
2159 860 2215 910 et
2244 855 2455 910 adesse
2497 854 2878 928 praesentium
2921 858 3248 926 martyrum
3297 853 3680 926 spectaculis.

2018 942 2159 998 Inde
2189 943 2409 1014 pariter
2434 943 2795 1008 incedentes,
2831 947 2886 998 et
2916 942 3074 998 diem
3127 941 3307 996 variis
3350 941 3686 998 luminibus

2019 1036 2326 1102 augentes,
2351 1048 2487 1088 cum
2520 1031 3016 1104 thymiamateriis
3045 1031 3398 1104 procedunt,
3445 1037 3504 1088 et
3545 1049 3687 1088 eru-

2018 1121 2186 1176 cibus
2217 1137 2366 1176 auro
2397 1121 2774 1193 gemmisque
2801 1121 3072 1194 pretiosis
3117 1119 3345 1176 atfabre
3387 1121 3688 1176 distinctis

2018 1209 2328 1265 ordinibus
2386 1209 2728 1266 solemniter
2782 1209 3166 1276 exsultantes,
3223 1210 3284 1264 in
3332 1210 3580 1281 hymnis
3630 1215 3689 1266 et

2019 1298 2261 1354 canticis
2293 1298 2702 1370 spiritualibus
2737 1299 3023 1354 invehunt
3048 1299 3106 1354 in
3138 1301 3375 1354 secretis
3413 1299 3692 1354 basilicas

2019 1386 2207 1443 sancti
2239 1387 2496 1443 Medardi
2527 1387 2950 1460 penetralibus.

2094 1477 2176 1532 l-i.
2205 1480 2375 1530 Anno
2404 1476 2830 1532 lncarnatiouis
2863 1475 3181 1531 Dominicze
3212 1481 3335 1536 828,
3362 1493 3396 1531 ιι
3432 1477 3570 1531 ldus
3591 1480 3694 1531 Ju-

2019 1564 2099 1629 lii,
2131 1565 2483 1620 venerabilis
2514 1565 2705 1620 abbas
2753 1564 3069 1620 Hilduinus
3119 1566 3378 1638 suscepit
3423 1582 3690 1638 corpora

2021 1659 2365 1708 sanctorum
2397 1659 2730 1725 martyrum
2762 1654 3024 1721 ’l‘iburtii,
3058 1653 3370 1710 Marcellini
3400 1661 3458 1710 et
3506 1655 3689 1722 Petri,

2019 1742 2198 1808 Marii,
2232 1743 2484 1807 Marthae,
2518 1743 2772 1798 Audit‘ax
2817 1749 2872 1798 et
2922 1743 3184 1810 Abacuc,
3237 1747 3293 1798 et
3335 1743 3494 1815 apud
3539 1759 3694 1798 san-

2019 1834 2145 1886 tum
2178 1829 2522 1886 Medardum
2553 1831 2609 1885 in
2651 1831 2782 1886 loco
2831 1830 3046 1886 celebri
3095 1831 3419 1886 honoriﬁce
3463 1831 3694 1887 collata

2021 1934 2204 1991 penes
2238 1918 2576 1974 venerabile
2608 1935 2824 1991 corpus
2873 1919 3074 1990 inclyti
3126 1921 3404 1992 martyris
3456 1921 3696 1976 Sebas-

2019 2009 2162 2062 tiani
2192 2007 2486 2079 deposita,
2516 2008 2688 2078 cujus
2719 2007 3008 2063 adventus
3054 2013 3110 2064 et
3138 2008 3496 2080 exceptionis
3547 2026 3694 2064 cor-

2021 2095 2180 2168 poris
2205 2094 2300 2150 ille
2341 2096 2542 2151 tertius
2595 2111 2791 2151 annus
2845 2101 2984 2151 tunc
3023 2097 3207 2152 extitit
3255 2098 3556 2169 temporis.
3599 2098 3696 2152 lbi

2020 2183 2351 2257 specialiter
2383 2200 2569 2257 usque
2593 2185 2650 2240 in
2675 2185 3033 2242 hodiernum
3062 2187 3222 2241 diem
3253 2185 3330 2241 ab
3372 2187 3532 2242 omni
3573 2204 3698 2259 po—

2019 2273 2162 2346 pulo
2193 2289 2332 2328 cum
2358 2273 2521 2328 omni
2553 2274 2932 2330 veneratione
2963 2274 3258 2339 coluntur,
3292 2280 3345 2330 et
3371 2275 3578 2330 debito
3603 2293 3701 2330 re-

2019 2361 2254 2431 ligionis
2285 2361 2510 2417 honore
2555 2361 2940 2435 corporaliter
2981 2363 3187 2418 habita
3229 2368 3572 2430 servantur;
3636 2370 3704 2420 et

2021 2449 2171 2504 sicut
2202 2448 2577 2518 gloriosiores
2607 2449 2834 2506 faciunt
2863 2451 3079 2506 milites
3125 2451 3367 2506 vulnera
3413 2467 3520 2524 pro
3574 2452 3702 2507 im.

2023 2541 2296 2608 peratore
2327 2541 2629 2610 suscepta,
2659 2538 2738 2593 ita
2763 2543 2819 2592 et
2844 2538 2976 2610 ipse
3004 2541 3160 2594 Deus
3199 2555 3300 2594 rex
3343 2544 3702 2609 martyrum

2019 2626 2309 2682 Dominus
2341 2632 2542 2682 noster
2577 2631 2745 2683 Jesus
2791 2628 3078 2697 Christus,
3133 2645 3376 2684 suorum
3419 2629 3704 2686 militum

2020 2715 2344 2788 imperator
2369 2716 2686 2782 gloriosus,
2721 2732 2830 2788 pro
2861 2717 3236 2774 confessione
3283 2719 3368 2772 sui
3413 2719 3708 2775 nominis

2021 2808 2305 2876 prietexta
2339 2805 2605 2876 martyrii
2631 2822 2672 2878 p
2705 2821 2969 2877 trpureos
2997 2807 3058 2862 in
3098 2807 3379 2862 omnibus
3424 2809 3710 2865 miracu-

2020 2893 2216 2949 lorum
2275 2894 2460 2962 signis
2508 2899 2564 2949 et
2610 2894 2927 2950 virtutibus
2973 2895 3151 2952 efﬁcit
3195 2895 3492 2965 gloriosos.
3567 2898 3708 2953 Sed

2021 2982 2164 3055 quia
2193 2999 2302 3055 per
2328 2982 2488 3039 idem
2521 2988 2755 3056 tempus
2792 3000 2946 3057 pene
2993 2985 3071 3042 ab
3119 2985 3249 3058 ipsa
3291 2985 3489 3042 ultima
3535 2987 3712 3058 'ljrle

2021 3071 2205 3126 ﬁebat
2251 3071 2327 3127 ad
2383 3071 2583 3144 ipsum
2639 3071 2838 3128 locum
2893 3073 3344 3130 innumerabilis
3398 3079 3706 3132 omnium

2023 3175 2351 3215 concursus
2401 3164 2647 3233 propter
2693 3161 3088 3233 frequentiam
3129 3163 3445 3219 sanitatum
3491 3168 3714 3236 atque

2024 3248 2353 3319 signorum,
2409 3265 2546 3322 quas
2602 3249 2915 3306 indiscrete
2964 3251 3192 3308 ﬁebant
3245 3253 3304 3306 in
3361 3255 3712 3324 praesentia

2021 3337 2294 3408 ejusdem
2328 3337 2608 3409 martyris
2653 3338 2862 3394 Christi
2894 3339 3250 3407 Sebastiani,
3305 3339 3714 3410 singulariter

2023 3442 2092 3482 ac
2123 3426 2360 3499 proprie
2393 3431 2609 3483 cuncta
2637 3427 3062 3484 miraculorum
3093 3429 3349 3501 insignia
3375 3429 3608 3485 diebus
3635 3433 3708 3489 in

2023 3515 2134 3572 illis
2165 3515 2370 3572 habita
2395 3516 2472 3572 ad
2497 3516 2776 3588 praefatos
2812 3523 3050 3574 sanctos
3091 3524 3382 3592 martyres
3397 3524 3710 3591 quamvis

2023 3611 2326 3679 nequeant
2356 3612 2571 3662 cuncta
2608 3607 2828 3676 referri,
2884 3610 3234 3665 communia
3275 3615 3470 3666 tamen
3512 3615 3706 3669 credi

2025 3694 2196 3751 sz‘lva
2227 3695 2345 3750 tide
2370 3698 2625 3768 possunt
2650 3712 2778 3751 esse
2808 3701 2863 3752 et
2885 3697 3023 3752 diei.
3057 3699 3197 3753 Vere
3231 3703 3286 3754 et
3304 3698 3532 3771 absque
3559 3716 3710 3756 am-

2024 3782 2310 3852 biguitate
2348 3782 2470 3838 ulla
2507 3788 2753 3856 propter
2801 3785 2914 3839 hoc
2963 3785 3262 3858 praecipue
3311 3785 3470 3842 fuere
3513 3803 3708 3845 com-

2025 3873 2268 3938 munia;
2301 3873 2590 3946 quoniam
2624 3873 2775 3929 sicut
2809 3875 2972 3947 apud
3021 3875 3206 3931 Deum
3248 3876 3507 3949 mquales
3563 3896 3708 3937 cne-

2023 3963 2248 4018 duntur
2276 3962 2520 4033 meritis,
2556 3963 2635 4018 ita
2679 3979 2801 4018 non
2849 3963 3108 4020 absurde
3153 3971 3440 4039 putantur
3474 3967 3540 4022 in
3581 3985 3704 4042 pa-

2027 4051 2233 4108 trantis
2264 4051 2569 4108 miraculis
2600 4053 3000 4110 communiter
3027 4056 3281 4127 operari.

669 4632 1152 4722 EPISTOLA
1218 4635 1352 4723 AD
1417 4637 2023 4726 HUtlB.tLl)UM
2097 4635 2655 4728 MONAGHUM
2716 4641 2799 4732 SL
2863 4640 3254 4729 AMANDI

1129 4814 1326 4887 (Apud
1355 4818 1595 4873 Marten.
1628 4816 1909 4890 Ampliss.
1934 4817 2196 4887 Collect.,
2229 4824 2371 4876 tom.
2411 4821 2450 4882 Ι,
2483 4834 2623 4890 pag.
2656 4823 2805 4890 266.)

327 5088 534 5180 Priscae
565 5092 869 5162 gravitatis
897 5099 1101 5153 tenore
1129 5097 1460 5170 conspicuo
1473 5099 1757 5172 omnique
1771 5115 1905 5172 pro-
1936 5103 1982 5158 D
2021 5116 2139 5174 que
2152 5101 2328 5157 ullius
2348 5105 2742 5176 prierogativa
2753 5105 2942 5162 meriti
2961 5106 3259 5179 przelibari
3275 5111 3595 5180 promerui
3609 5113 3710 5170 in-

252 5175 452 5233 bitatis
484 5193 697 5247 genere
721 5185 1104 5254 permodesto
1120 5186 1348 5244 domno
1375 5188 1674 5244 HUCBALDO
1698 5189 1906 5246 huma-

254 5263 346 5320 nis
373 5265 709 5341 divinisque
739 5273 948 5329 studiis
987 5276 1502 5348 experientissimo
1550 5280 1724 5335 0mm
1765 5295 1904 5352 pec-

251 5357 436 5418 cator,
467 5371 610 5412 vera
637 5358 1140 5419 etindissolubilis
1176 5366 1448 5424 amicitiae
1479 5367 1697 5441 copula
1725 5368 1903 5426 etiam

247 5457 385 5522 qua!
415 5443 646 5532 Christo
676 5446 905 5515 glutino
928 5453 1197 5509 nectitur.

319 5532 488 5588 Hunc
511 5538 720 5590 vestrae
751 5534 1116 5596 fidelissimae
1144 5545 1504 5615 paternitati,
1535 5563 1607 5602 ex
1635 5563 1758 5620 quo
1791 5548 1904 5620 pri-

243 5637 412 5679 mum
437 5623 890 5698 prmoptabilem
921 5632 1130 5686 vestrm
1159 5629 1492 5690 dilectionis
1511 5640 1753 5706 gustum
1770 5637 1904 5695 abs-

2019 5190 2393 5246 deticientem
2406 5191 2466 5247 in
2478 5193 2848 5266 plenitudine
2859 5195 3164 5252 charitatis
3179 5195 3374 5252 inesse
3391 5197 3521 5254 sine
3541 5215 3710 5259 cnn-

2019 5279 2274 5336 ctatione
2296 5295 2416 5336 non
2457 5282 2722 5351 ambigo,
2747 5288 2805 5339 et
2827 5289 2890 5340 ut
2907 5283 3202 5340 ﬁnetenus
3222 5285 3308 5342 sic
3327 5291 3580 5344 maneat
3611 5293 3710 5345 to—

2019 5369 2089 5425 tis
2117 5369 2410 5425 viscerum
2433 5373 2778 5444 praecordiis
2806 5374 3010 5430 ambio
3033 5379 3094 5430 et
3129 5390 3410 5447 exposco.
3451 5374 3708 5434 Misisti:

2015 5458 2161 5514 mihi
2182 5457 2448 5516 libellum
2468 5459 2543 5515 de
2570 5460 2695 5517 Vita
2717 5461 2874 5519 beati
2907 5463 3149 5520 Lebuini
3189 5463 3367 5520 amici
3407 5463 3508 5519 Dei
3537 5479 3702 5536 pru-

2014 5548 2224 5605 denter
2247 5553 2576 5623 ornateque
2609 5552 3035 5624 compositnm,
3052 5553 3252 5610 omnis
3277 5552 3704 5627 philosophia

2013 5637 2286 5710 partibus
2307 5639 2575 5713 undique
2599 5639 2972 5715 roboratam,
3002 5657 3186 5716 quem
3205 5641 3457 5716 quidem
3475 5641 3708 5714 καθα
