3940 6184
170 180 279 235 629

1587 177 1953 238 SERMONES
1990 179 2186 234 TRES.

3489 189 3593 241 630

166 303 253 360 nil
280 303 448 375 quod
485 303 545 358 in
575 319 647 359 eo
677 304 1087 373 corrigeretur,
1121 306 1224 361 sed
1264 307 1425 379 quod
1455 304 1742 361 discendo
1772 306 1830 357 et
1861 303 1907 354 A
1940 302 2047 357 feci
2079 302 2152 358 de
2184 305 2500 360 virtutibus
2529 305 2735 359 domui
2758 306 2873 359 mei
2907 305 3256 377 Sebastiani,
3278 322 3380 360 vos
3409 325 3589 379 quem

167 392 463 451 imitando
502 393 823 466 quisquam
871 396 1315 466 proveheretur,
1345 395 1599 468 reperire
1638 393 1825 466 potui.

166 486 404 553 Magno,
434 491 496 540 ut
527 498 657 540 vere
705 482 913 553 fateor,
945 483 1176 555 polletis
1225 485 1486 555 ingenio,
1531 483 1826 539 inﬁnitam

166 571 464 629 sermonis
490 572 726 628 habetis
767 573 1255 646 suppellectilem,
1288 573 1371 628 nil
1404 572 1663 628 Latinius
1706 569 1826 624 elo-

165 660 427 734 quentiae
476 666 707 727 vestras,
754 662 836 717 nil
880 661 1203 734 pulchrius,
1262 662 1344 716 nil
1393 676 1662 733 unquam
1712 656 1827 726 legi

164 748 423 805 dulcius.
458 752 503 804 0
535 748 671 804 felix
703 749 909 816 Gallia,
941 767 1077 823 quas
1119 750 1219 806 tali
1246 750 1594 805 ullustratur
1620 747 1826 802 docto-

162 838 266 893 re!
319 838 491 894 Miror
520 854 627 893 cur
654 838 800 895 mihi
832 838 1105 911 imperito
1148 838 1490 909 nulliusque
1535 834 1826 893 momenti

163 942 236 982 ac
268 927 464 984 meriti
489 927 665 983 flores
693 926 1048 999 eloquentiae
1078 933 1288 983 vestrae
1314 926 1588 983 miseritis
1612 925 1830 981 discer-

163 1015 421 1073 nendos.
476 1019 602 1072 Non
658 1015 1016 1079 debuissetis
1069 1032 1165 1071 me
1214 1032 1514 1073 annorum
1570 1029 1825 1070 numero

162 1104 484 1164 aestimare.
519 1120 626 1160 nec
648 1105 1001 1177 sapientiam
1032 1106 1216 1169 canis,
1248 1105 1351 1160 sed
1378 1122 1559 1160 canes
1586 1103 1825 1176 sapien-

164 1193 261 1249 tiae
309 1199 607 1265 reputare,
663 1193 983 1251 Salomone
1022 1198 1313 1251 testante:
1367 1195 1522 1250 Cani
1570 1194 1824 1248 hominis

157 1285 493 1353 prudentia
517 1286 665 1353 ejus.
696 1284 1043 1340 Permutatis
1071 1284 1131 1339 in
1162 1300 1257 1340 me
1288 1300 1490 1340 rerum
1529 1282 1823 1351 ordinem,

164 1379 223 1428 et
249 1373 419 1444 quod
466 1388 580 1437 ego
632 1390 668 1429 a
710 1372 881 1430 vobis
931 1374 1165 1445 exigere
1193 1373 1545 1439 debueram,
1574 1371 1745 1427 sicuti
1770 1375 1826 1427 et

1938 393 2197 463 pharum
2233 395 2407 449 totius
2438 394 2767 466 prudentiae
2798 410 3007 449 omnes
3048 394 3340 450 mirantur
3370 396 3587 455 Gallize.

1939 496 2136 536 meam
2167 482 2623 554 quantillitatem
2646 498 2767 537 non
2797 481 3103 551 dedignati
3131 482 3271 538 estis
3296 489 3589 556 expetere.
3622 534 3629 545 ,

1942 570 2049 625 Sed
2084 570 2311 641 ignisco
2336 572 2666 641 dignationi
2696 575 2922 627 vestrae.
2959 571 3150 627 Nostis
3190 572 3455 644 exaltari,
3483 589 3590 629 no-

1940 660 2040 715 stis
2086 666 2144 716 et
2187 661 2505 717 humiliari.
2562 665 2626 716 Et
2676 661 2977 732 Scriptura
3024 662 3323 735 praecipit:
3367 671 3591 734 quanio

1936 766 2188 821 magnus
2210 766 2288 817 es,
2311 752 2561 807 humilia
2595 757 2648 806 te
2676 752 2736 805 in
2768 750 3059 806 omnibus.
3088 751 3319 806 Fecistis
3344 752 3590 824 quidem

1938 838 2049 893 hoc
2080 855 2202 894 non
2230 839 2598 903 necessitate,
2633 837 2736 893 sed
2784 836 3089 893 voluntate
3137 843 3194 892 et
3240 837 3319 894 ob
3346 839 3588 907 genium

1938 928 2120 983 nostri
2169 928 2280 983 loci
2330 943 2584 1000 meoque
2633 942 2859 982 amore.
2905 925 3133 981 Obnixe
3180 926 3469 999 deprecor
3507 929 3590 984 uti

1936 1017 2052 1072 mei
2084 1018 2207 1072 sitis
2239 1032 2470 1072 memor
2490 1016 2640 1071 inter
2670 1015 2989 1071 orandum.

2006 1106 2318 1162 Hucbaldo
2355 1105 2549 1177 sopho
2582 1104 2797 1176 sophia
2827 1104 2901 1159 sit
2927 1120 3165 1177 semper
3193 1105 3409 1175 amica,

2007 1194 2350 1249 Hucbaldus
2377 1193 2603 1266 sophus
2634 1192 2858 1264 sophiae
2886 1207 3123 1265 semper
3152 1194 3400 1248 amicus.

2007 1287 2275 1355 Exposco
2299 1284 2411 1338 hoc
2445 1281 2615 1339 0dilo
2646 1285 2927 1354 peccator
2950 1296 3207 1337 cernuus
3237 1297 3369 1351 ego.

416 1556 419 1557 ν
469 1550 2468 1563 Μνψῌᾎκὴ--πῌ-*ᾠ-ψψ-ῄ*

970 1702 1827 1821 οῠιιοΝιε

1937 1700 2794 1818 MOHAGHI

1266 1955 1845 2075 SERMON
1868 1956 2027 2073 ES
2139 1955 2503 2074 TBES

1046 2190 1458 2261 (Bibliotheca
1498 2185 1908 2256 Floriacensis,
1953 2192 2094 2241 tom.
2136 2186 2202 2253 ll,
2242 2199 2383 2257 pag.
2430 2188 2656 2240 136-153
2690 2176 2732 2253 ).

464 2560 692 2615 SERMO
735 2560 822 2612 DE
863 2560 1134 2615 SANtlTO
1175 2559 1531 2615 MEDARDO.

230 2739 441 2809 Operae
472 2735 728 2807 pretium
756 2738 862 2799 est,
895 2734 1105 2792 fratres
1138 2735 1489 2805 'charissimi,
1519 2740 1580 2790 ut
1609 2736 1667 2790 in
1699 2750 1820 2789 me-

158 2825 419 2881 moriam
448 2829 755 2879 revocetur
784 2840 906 2898 quo
937 2825 1293 2881 excellentiae
1318 2824 1479 2880 cultu
1507 2829 1563 2879 et
1592 2823 1822 2893 religio-

156 2916 255 2970 nis
301 2916 605 2985 provectu,
635 2912 803 2968 locus
834 2913 993 2969 beati
1025 2912 1285 2969 Medardi
1312 2930 1419 2986 per
1445 2912 1824 2969 succedentia

161 3009 438 3073 tempora
467 3000 807 3068 eﬂloruerit,
835 3006 891 3056 et
920 3000 979 3056 in
1007 3017 1318 3058 servorum
1350 3017 1597 3056 suorum
1624 3002 1823 3056 hostes

157 3094 395 3162 quanta
420 3088 718 3145 interdum
745 3088 968 3145 ultione
1000 3090 1129 3160 ejus
1159 3090 1247 3145 ira
1300 3088 1658 3145 etferbuerit.
1692 3088 1823 3144 Clo-

160 3179 352 3235 tarius
396 3193 661 3249 namque
714 3193 815 3233 rex
868 3178 1255 3243 Francorum,
1306 3177 1635 3233 benevolus
1683 3192 1826 3247 erga

161 3267 529 3339 obsequium
580 3270 636 3321 et
674 3265 1064 3322 reverentiam
1097 3270 1460 3331 sanctorum,
1491 3265 1658 3339 quod
1687 3270 1823 3322 ante

162 3360 421 3411 mortem
452 3355 833 3412 sanctissimo
882 3356 1289 3429 spoponderat
1330 3358 1477 3437 viro,
1510 3361 1647 3430 post
1684 3356 1826 3413 deli-

161 3445 471 3500 bationem
499 3444 766 3517 corporis
796 3443 971 3509 illius,
995 3444 1223 3501 efﬁcaci
1250 3446 1313 3501 in
1342 3450 1637 3517 quantum
1662 3443 1827 3500 licuit

164 3532 607 3589 administravit
634 3534 850 3589 studio.
887 3534 1153 3590 Collectis
1198 3535 1357 3590 enim
1388 3533 1738 3590 necessariis
1764 3532 1826 3588 in

167 3626 465 3694 sumptus,
499 3622 574 3678 ad
610 3624 1044 3695 perﬁciendum
1093 3639 1229 3695 quae
1256 3623 1351 3678 vel
1382 3623 1626 3693 regiﬁco
1657 3622 1823 3685 luxu,

165 3710 253 3765 vel
282 3712 737 3785 promptissrma
766 3727 1270 3785 quorumcunque
1292 3711 1560 3767 ﬁdelium
1582 3710 1829 3767 oblatio-

1847 2470 1894 2521 Α
1932 2470 2230 2538 quatenus
2261 2466 2338 2521 ab
2368 2466 2467 2522 illo
2507 2482 2615 2523 nec
2661 2469 2848 2521 morte
2878 2468 3080 2538 posset
3108 2463 3377 2529 dissolvi,
3404 2482 3585 2538 quem

1930 2555 1991 2610 in
2020 2555 2138 2612 vita
2187 2557 2363 2611 unico
2412 2572 2648 2628 semper
2686 2554 2903 2611 affectu
2940 2553 3167 2610 habuit.
3203 2557 3457 2610 Decessu
3488 2571 3589 2611 au-

1932 2650 2049 2699 tem
2080 2643 2234 2699 illius
2265 2644 2526 2715 lugubri,
2558 2643 2916 2713 gravissimo
2946 2642 3143 2697 omnis
3161 2642 3345 2699 Gallia
3376 2659 3591 2698 maero-

1930 2749 1991 2789 re
2018 2732 2333 2804 infremuit,
2359 2737 2414 2790 et
2446 2749 2599 2807 opus
2628 2732 2774 2788 illud
2802 2733 3130 2802 egregium,
3154 2731 3590 2805 permutatione

1931 2822 2146 2890 regalis
2204 2822 2435 2896 sceptri,
2496 2821 2760 2890 elanguit
2830 2837 3209 2893 suspensum.
3269 2820 3382 2876 Sed
3444 2819 3594 2875 sicut

1932 2910 2107 2966 matre
2140 2910 2397 2977 soboles,
2440 2911 2703 2966 actiones
2731 2908 3027 2964 malorum
3055 2914 3332 2982 parentes
3353 2908 3591 2964 imitan-

1934 3005 2040 3066 tes,
2072 2999 2150 3055 ad
2200 3004 2431 3056 reatum
2481 3016 2711 3069 eorum,
2740 3002 3004 3072 paternae
3035 2998 3295 3053 existunt
3315 2997 3593 3071 praevari-

1935 3087 2183 3143 cationis
2239 3087 2541 3156 haeredes;
2596 3086 2676 3143 ita
2726 3084 2873 3141 boni
2926 3084 3048 3155 ﬁlii,
3098 3101 3170 3141 ex
3232 3085 3406 3141 bonis
3464 3073 3596 3158 pro-

1934 3175 2111 3231 creati
2164 3176 2536 3248 parentibus,
2586 3174 2665 3231 ad
2711 3172 2955 3231 laudem
3008 3172 3265 3241 illorum,
3312 3172 3596 3230 omnibus

1934 3269 2283 3321 excrescunt
2312 3264 2648 3321 virtutibus.
2710 3263 3047 3334 Sigebertus
3112 3262 3383 3336 ejusdem
3443 3264 3599 3319 ﬁlius

1934 3355 2189 3421 Clotarii,
2252 3354 2403 3427 patri
2462 3354 2735 3411 unanimi
2783 3355 3151 3410 Francorum
3202 3370 3500 3409 consensu
3538 3353 3599 3409 in

1933 3459 2187 3512 regnum
2225 3444 2543 3512 successit;
2579 3444 2881 3500 studiosus
2903 3442 3121 3498 divinae
3144 3440 3444 3512 religionis
3466 3442 3600 3497 fun-

1934 3533 2127 3601 dator,
2197 3532 2345 3588 sicut
2411 3532 2745 3588 indefessus
2814 3530 3156 3588 Christianre
3218 3530 3601 3602 professionis

1937 3621 2267 3676 aemulator.
2302 3620 2403 3675 Hic
2437 3620 2649 3676 intimo
2693 3620 2888 3675 cordis
2934 3622 3296 3691 provocatus
3338 3618 3481 3685 zelo,
3510 3634 3604 3673 eo-

1936 3711 2076 3766 dem
2103 3726 2226 3782 quo
2255 3714 2311 3765 et
2339 3714 2507 3782 pater
2536 3725 2679 3777 erga
2706 3712 2983 3763 sanctum
3007 3706 3107 3762 Dei
3137 3704 3361 3761 amoris
3385 3705 3602 3772 ﬂagra-

167 3816 240 3855 ne
270 3801 534 3857 exhibita
564 3805 721 3867 sunt,
747 3800 945 3858 nobile
978 3801 1268 3873 templum
1292 3805 1657 3868 construere,
1678 3800 1829 3857 mira
1861 3816 1899 3869 3
1936 3798 2020 3854 vit
2069 3798 2367 3864 incendio,
2399 3802 2456 3853 et
2499 3814 2654 3869 opus
2692 3795 2859 3869 quod
2899 3794 3054 3851 illius
3084 3797 3275 3850 morte
3303 3792 3493 3850 fuerat
3521 3792 3605 3847 in-

168 3890 493 3961 peritorum
517 3891 695 3963 erepit
721 3890 1082 3946 latomorum
1106 3894 1249 3945 arte.
1276 3890 1397 3945 Hoc
1418 3890 1618 3962 itaque
1647 3888 1830 3944 subti-

166 3978 204 4032 li
232 3977 551 4034 fundatum
581 3978 849 4045 artiﬁcio,
873 3976 1156 4033 luculenti
1189 3977 1331 4034 satis
1367 3992 1666 4050 superque
1696 3993 1833 4050 pro-

167 4072 373 4122 vectus
400 4066 660 4135 ingenio,
690 4066 767 4123 ad
794 4082 1057 4136 unguem
1083 4066 1143 4122 in
1170 4065 1367 4122 brevis
1390 4065 1678 4139 temporis
1702 4082 1833 4138 spa-

168 4155 244 4210 tio
276 4154 669 4226 perduxisset,
702 4155 815 4211 nisi
841 4154 1181 4210 communis
1220 4169 1361 4209 eum
1394 4153 1600 4209 mortis
1634 4157 1831 4210 senta-

166 4245 264 4309 tia,
296 4246 417 4300 heu
464 4245 616 4317 proh
662 4244 873 4300 dolor!
926 4243 1239 4315 rapuisset.
1286 4246 1433 4299 Nam
1477 4243 1725 4298 Turonis
1754 4243 1833 4299 ad

163 4339 441 4389 sanctum
483 4334 794 4391 Martinam
839 4334 1029 4397 gratia
1077 4348 1331 4406 pergens
1383 4331 1687 4397 orationis,
1720 4332 1834 4405 piis

159 4423 332 4478 illum
375 4422 654 4494 precibus
687 4438 756 4477 ac
791 4422 1141 4477 muneribus
1184 4421 1428 4494 placuit,
1461 4421 1835 4493 circumqua-

158 4527 281 4583 que
333 4511 513 4566 etiam
564 4511 759 4584 posita
814 4509 1177 4566 monasteria
1230 4509 1602 4583 przecordiali
1634 4508 1833 4582 perlu-

158 4604 359 4654 strans
398 4603 559 4667 voto,
594 4599 841 4668 singulis
888 4604 1067 4670 prout
1096 4599 1294 4654 visum
1339 4603 1427 4654 est
1470 4598 1721 4654 donaria
1752 4597 1837 4653 di-

157 4687 421 4757 stribuit,
448 4687 708 4744 dictante
741 4688 956 4760 Spiritu
988 4692 1215 4753 sancto.
1247 4691 1570 4757 Regressus
1600 4703 1742 4757 ergo
1772 4687 1832 4741 in

158 4775 405 4843 Gallias,
428 4779 713 4833 venatum
734 4776 796 4831 in
819 4776 992 4830 Cotiae
1025 4775 1179 4831 saltu
1211 4775 1439 4831 abierat
1465 4794 1477 4841 ;
1508 4773 1710 4847 ibique
1734 4791 1833 4831 va-

156 4864 283 4920 lida
336 4864 500 4920 febre
531 4869 862 4937 correptus,
893 4863 1160 4935 corporis
1206 4865 1385 4935 erepit
1423 4863 1660 4919 destitui
1704 4862 1835 4918 viri-

158 4954 296 5009 bus.
330 4952 473 5009 lnde
496 4953 573 5010 ad
605 4953 1042 5027 Compendium
1074 4952 1276 5009 villam
1306 4952 1609 5018 reductus,
1642 4952 1829 5008 viam-

154 5058 279 5115 que
310 5043 590 5098 humanae
619 5042 815 5099 carnis
839 5043 1162 5111 ingressus,
1186 5041 1352 5110 regni
1383 5040 1618 5114 reliquit
1644 5041 1827 5097 habe-

1939 3892 2293 3961 terruptum,
2348 3886 2582 3960 pietatis
2650 3886 2869 3951 studio,
2925 3899 3208 3958 prospere
3272 3898 3463 3955 usque
3525 3881 3603 3938 ad

1938 3978 2137 4050 ipsum
2163 3977 2442 4051 perduxit
2464 3975 2793 4046 fastigium.
2810 3974 2979 4041 Quod
2999 3972 3220 4030 scilicet
3235 3969 3600 4042 coenobium,

1942 4066 2256 4138 utrobique
2314 4064 2595 4121 miranda
2653 4064 2747 4119 sui
2791 4063 3142 4121 habitudine
3186 4061 3600 4135 conspicuum,

1938 4156 2183 4212 interius
2222 4155 2429 4211 ordine
2480 4153 2659 4210 simul
2710 4158 2767 4211 et
2814 4153 3097 4226 religione
3136 4152 3295 4222 cieri,
3327 4151 3604 4209 decenter

1942 4244 2289 4311 adornavit;
2323 4244 2578 4300 exterius
2612 4259 2751 4299 vero
2782 4243 3147 4317 praediorum
3179 4259 3425 4299 suorum
3446 4241 3603 4297 dele-

1942 4333 2305 4403 gationibus,
2353 4332 2695 4388 solemniter
2743 4332 3067 4407 ampliavit,
3102 4331 3343 4388 feliciter
3373 4330 3598 4399 extulit,

1944 4427 2183 4478 strenue
2241 4421 2529 4494 provexit.
2576 4421 2795 4477 Deinde
2849 4422 3121 4477 fraternae
3168 4419 3405 4475 inhians
3448 4419 3599 4480 neci,

1943 4528 2083 4569 cum
2140 4510 2200 4566 in
2253 4514 2520 4567 Tornaco
2575 4511 2807 4566 civitate
2864 4506 3262 4583 Chilpericum
3303 4505 3598 4572 obsidere,

1942 4600 2292 4676 praeparatis
2354 4599 2695 4673 disponeret
2760 4598 3008 4667 insidiis,
3074 4597 3335 4653 versutia
3396 4596 3600 4652 Frede-

1944 4690 2161 4761 gundis
2215 4690 2422 4746 uxoris
2477 4706 2600 4744 sure
2682 4686 2958 4759 regimini
3027 4686 3350 4743 terminum
3402 4683 3597 4756 impo-

1944 4781 2077 4845 suit,
2107 4779 2326 4852 pariter
2355 4781 2413 4834 et
2446 4778 2577 4834 vitae
2605 4798 2617 4846 ;
2652 4775 2919 4847 gladium
2949 4775 3109 4832 enim
3133 4790 3317 4848 quem
3338 4773 3501 4830 fratri
3516 4774 3600 4829 in-

1942 4872 2285 4933 tentaverat,
2317 4867 2378 4922 in
2422 4883 2533 4922 sua
2582 4883 2756 4922 versa
2784 4865 2911 4922 vice
2954 4863 3186 4921 retorsit
3222 4863 3495 4931 viscera;
3541 4869 3599 4919 et

1941 4957 2079 5013 inde
2106 4957 2376 5030 protinus
2401 4955 2635 5025 interiit,
2666 4955 2824 5011 unde
2854 4971 3013 5011 creca
3034 4957 3230 5009 mente
3251 4952 3493 5009 ulterius
3512 4953 3597 5009 in-

1939 5045 2269 5102 sidiabatur
2332 5044 2629 5115 sanguini.
2701 5046 2866 5099 Hunc
2938 5042 3097 5098 enim
3153 5045 3596 5099 Teruennenses

158 5147 296 5200 nas,
355 5131 459 5204 qui
525 5148 648 5187 suae
704 5131 915 5187 ditioni
967 5135 1197 5187 exteras
1248 5146 1490 5205 quoque
1556 5131 1828 5187 nationes
1866 5168 1908 5221 Ο
1938 5134 2159 5207 gemini
2197 5139 2460 5208 tyrones,
2493 5133 2902 5189 fraudulenter
2951 5148 3131 5205 super
3178 5148 3239 5187 se
3286 5132 3348 5187 in
3390 5149 3594 5205 regem

157 5220 609 5290 subjugaverat;
642 5221 825 5289 Cujus
854 5234 1073 5292 corpus
1116 5235 1364 5275 suorum
1393 5218 1623 5289 ofﬁciis,
1655 5219 1824 5275 fune-

156 5308 252 5363 bri
297 5308 603 5381 triumpho
634 5308 1025 5365 Suessionicte
1057 5307 1285 5364 illatum
1334 5311 1426 5364 est
1463 5308 1721 5375 civitati;
1770 5313 1827 5364 et

157 5398 216 5453 in
249 5398 466 5455 eadem
489 5414 677 5472 quam
707 5402 987 5471 coeperat,
1011 5398 1271 5454 necdum
1290 5398 1524 5453 ﬁnierat
1557 5397 1822 5469 basilica,

156 5487 465 5558 condigna
492 5493 630 5545 ante
661 5492 936 5544 sanctum
959 5488 1057 5544 Dei
1085 5487 1448 5544 tumulatum
1477 5487 1819 5543 reverentia.

156 5578 522 5649 Hnjusmodi
546 5578 772 5651 quippe
801 5579 1025 5635 habere
1067 5577 1273 5635 debuit
1301 5577 1689 5651 sepulturam.
1721 5578 1825 5650 qui

156 5666 220 5723 in
269 5682 345 5723 eo
391 5667 669 5726 stabilem
710 5684 832 5724 suae
875 5667 1089 5724 mentis
1122 5666 1412 5724 deﬁxerat
1451 5666 1827 5740 anchoram;

1935 5223 2165 5279 elevare
2214 5220 2607 5283 stimulantes,
2638 5217 2879 5293 spiculis
2924 5224 3165 5293 repente
3201 5219 3593 5292 improvisum

1933 5312 2313 5367 vibraverunt
2364 5326 2471 5383 per
2512 5309 2716 5376 latera,
2771 5312 2829 5365 et
2869 5309 3113 5366 invitam
3161 5325 3436 5366 evomere
3478 5311 3593 5384 ipsi

1932 5400 2151 5474 pariter
2181 5399 2642 5471 procumbentes
2684 5399 3101 5473 compulerunt
3145 5399 3434 5456 animam.
3477 5404 3589 5457 Cu-

1927 5490 2027 5562 jus
2059 5504 2276 5561 corpus
2306 5488 2580 5562 pretiosis
2624 5486 2888 5544 vestibus
2927 5488 3287 5559 involutum,
3320 5487 3589 5544 Lambris

1931 5580 2020 5633 est
2070 5591 2211 5632 eum
2266 5575 2489 5645 ingenti
2546 5593 2791 5634 suorum
2858 5593 3115 5634 maerore
3165 5575 3482 5649 perlatum,
3532 5578 3591 5629 et

1933 5671 2143 5740 postea
2170 5665 2232 5722 in
2259 5667 2473 5724 eadem
2501 5683 2688 5742 quam
2719 5666 2964 5724 miriﬁce
2984 5668 3397 5725 construxerat
3422 5662 3584 5719 basi-
