4034 6190
420 106 519 163 631

1368 96 1701 155 ODILONIS
1738 92 2054 152 MONACHI
2096 91 2152 148 s.
2195 70 2508 151 Mensam
2550 95 2906 153 susssm.
3680 109 3758 165 σῃ

392 218 395 221 ’
441 229 556 298 ica,
584 228 756 299 juxta
785 227 1105 297 paternum
1136 221 1291 279 latus
1319 236 1547 291 magna
1570 218 1947 276 reconditum
1969 213 2091 285 glo-
2117 215 2166 269 A
2195 214 2258 271 in
2287 216 2621 275 miserrima
2649 216 3016 290 subjectione
3041 218 3256 289 jugum
3294 222 3663 294 suscepissent.
3686 230 3763 299 lgi-

418 318 529 374 ria.
563 319 696 372 Haec
724 318 814 370 est
840 327 1059 384 nempe
1113 310 1213 366 illa
1249 310 1523 367 sublimis
1552 309 1736 378 regia,
1782 304 2090 363 nobilitate

378 432 387 435 Α
420 406 515 463 sui
545 406 842 478 prtestans
895 404 952 457 et
997 400 1196 472 operis
1241 399 1562 457 subtilitate
1590 398 1835 470 inclyta,
1861 411 1997 469 quae
2027 393 2091 448 in

425 510 537 551 suo
569 491 761 549 solido
810 488 1019 546 tandiu
1046 489 1301 562 perstitit
1338 493 1516 557 statu,
1547 501 1869 562 quousque
1897 488 2091 558 pater-

422 600 569 641 nam
617 579 1036 637 monarchiam
1085 579 1425 636 Ludovicus
1465 578 1726 651 suscepit
1762 579 2085 646 Augustus.

424 674 553 739 Quo
583 670 778 727 vicem
804 684 980 726 suam
1010 673 1223 739 agente
1243 669 1304 725 in
1330 668 1595 742 sceptris,
1615 667 1721 740 qui
1750 664 1961 723 eadem
1987 679 2093 719 au-

433 776 470 817 a
499 757 796 816 interioris
847 756 980 814 atrii
1013 757 1407 815 claudebatur
1450 756 1766 827 angustiis,
1796 755 1877 811 ita
1923 757 2011 810 est
2052 768 2090 809 a

417 849 814 907 fundamento
839 846 1057 917 diruta,
1088 852 1153 903 ut
1176 848 1327 920 lapis
1358 862 1542 920 super
1568 846 1856 919 lapidem,
1879 844 1940 899 in
1967 847 2089 899 tota

419 938 525 995 illa
574 952 965 1010 nequaquam
1012 934 1445 1009 relinqueretur
1484 935 1729 991 fabrica.
1761 938 1889 991 Non
1925 933 2086 988 idem

419 1025 713 1097 gloriosus
744 1026 957 1094 Caesar,
986 1024 1312 1081 virtutifera
1358 1024 1517 1081 beati
1570 1022 1901 1081 Sebastiani
1933 1036 2090 1077 mar-

419 1114 564 1186 tyris
611 1113 888 1169 membra
940 1112 1136 1169 eidem
1178 1112 1545 1184 jamdudum
1594 1112 1726 1168 loco
1756 1111 2084 1176 invexerat,

416 1208 475 1259 et
524 1203 659 1259 ideo
706 1201 912 1258 divina
957 1201 1144 1256 virtus
1199 1201 1534 1273 promptior
1581 1200 1658 1256 ad
1716 1199 2085 1256 medendum

415 1291 758 1364 quibusque
806 1289 1051 1362 patebat
1098 1289 1417 1345 debilibus.
1453 1292 1693 1362 Propter
1723 1288 2085 1344 concursum

415 1394 559 1449 ergo
588 1378 1011 1450 insolitamque
1063 1377 1271 1450 populi
1316 1378 1735 1450 frequentiam,
1768 1392 1901 1450 quae
1932 1393 2085 1449 quo-

415 1467 557 1525 tidie
613 1467 694 1523 ob
749 1466 1070 1522 innumera
1145 1466 1441 1523 mirabilia
1509 1466 1735 1521 meritis
1809 1466 2084 1537 cjus:lem

2198 308 2291 361 tur
2321 304 2623 378 spatiosus
2650 305 2868 377 regalis
2913 305 3123 381 praedii
3166 306 3381 364 fundus
3410 311 3670 369 llatwallis
3688 321 3765 390 qui

2196 395 2372 466 quasi
2387 397 2767 453 Bona-vallis
2783 395 3200 469 interpretatur
3218 412 3339 453 non
3353 414 3421 453 ex
3442 399 3620 458 Latina
3632 409 3766 477 atque

2197 482 2557 551 Britannica,
2591 484 2687 541 cui
2716 484 3005 542 ﬁnitimus
3051 489 3158 553 est,
3184 484 3402 555 lingua,
3431 487 3529 544 sed
3559 505 3622 546 ex
3642 492 3770 551 uber-

2195 572 2331 629 tatis
2361 573 2735 630 abundantia
2779 573 3098 647 plenreque
3136 573 3436 631 fertilitatis
3459 577 3631 650 copia.
3653 582 3771 640 Sicut

2195 660 2358 718 enim
2387 661 2678 719 territorio
2707 661 3082 733 diffunditur,
3099 662 3181 719 ita
3198 663 3397 736 ampla
3422 668 3772 739 marsupiade—

2192 748 2318 806 bito
2347 750 2607 823 complet
2636 766 2841 821 censu,
2870 751 3015 824 quia
3040 750 3188 807 dum
3218 750 3278 807 id
3304 750 3484 808 latum
3505 756 3772 815 extenditur

2193 838 2501 911 cespitem,
2533 838 2905 913 frequentem
2934 839 3247 896 immensae
3275 840 3643 913 possessionis
3662 860 3773 917 pm-

2193 924 2304 982 fert
2350 927 2657 984 cultorem.
2708 929 2876 984 Hunc
2935 928 3261 999 Sigibertus
3316 944 3417 985 rex
3461 932 3772 997 Francorum,

2193 1016 2535 1088 spectabilis
2562 1017 3028 1090 praecedentium
3046 1017 3264 1091 pietate
3288 1033 3489 1089 regum
3516 1019 3645 1076 inter
3664 1024 3775 1078 mul-

2193 1108 2253 1161 ta
2279 1104 2493 1162 collata
2520 1104 2834 1177 beneficia,
2857 1107 3153 1181 perpetim
3183 1111 3388 1163 sancto
3415 1107 3662 1165 Medardo
3678 1126 3778 1183 pos-

2194 1192 2511 1250 sidendum
2564 1194 2962 1265 delegaverat.
3025 1195 3208 1267 Cujus
3260 1196 3401 1269 quia
3452 1198 3779 1255 Cenomanico

2192 1297 2356 1355 pago
2376 1283 2613 1355 adjacet
2638 1284 2949 1353 terminus,
2965 1283 3298 1357 proculque
3324 1284 3629 1340 dividitura
3654 1288 3779 1343 Sues-

2195 1370 2435 1427 sio'nicis
2481 1372 2728 1438 ﬁnibus,
2758 1372 3180 1429 difﬁcillimum
3224 1371 3527 1428 videbatur
3550 1388 3662 1429 esse
3684 1374 3779 1430 Oﬁ-

2194 1459 2474 1528 cialibus,
2506 1461 2772 1517 infinitos
2822 1462 2902 1518 ad
2942 1461 3373 1518 monasterium
3416 1466 3661 1534 sumptus
3681 1478 3782 1519 con-

418 1554 685 1611 exhibita
728 1552 1007 1625 martyris
1058 1553 1455 1620 accrescebat,
1489 1554 1773 1627 praefatus
1806 1553 2084 1625 princeps
2119 1568 2162 1621 B
2192 1549 2430 1605 ducere.
2478 1550 2613 1606 ldeo
2643 1550 2935 1608 annuales
2965 1551 3097 1622 ejus
3129 1550 3395 1607 redditus
3435 1565 3534 1629 per
3575 1550 3783 1621 singulos

426 1642 707 1700 eamdem
754 1642 1019 1715 priorem
1068 1641 1335 1698 funditus
1365 1642 1568 1698 evertit
1611 1642 1885 1709 domum,
1918 1642 2084 1714 quod

418 1731 666 1788 minime
713 1734 868 1786 esset
904 1746 1097 1803 capax
1124 1730 1511 1802 populorum,
1545 1730 1623 1787 ad
1654 1734 1888 1787 tantum
1946 1746 2079 1802 spe-

421 1819 726 1877 ctaculum
757 1818 1027 1892 undique
1054 1819 1506 1875 confluentium.
1535 1820 1699 1876 Unde
1723 1835 1796 1875 ex
1826 1819 1970 1891 ipsis
2000 1820 2085 1874 in-

418 1909 600 1965 ﬁnitas
649 1907 971 1964 oblationis
1026 1909 1328 1980 expensis,
1362 1908 1528 1964 aliud
1566 1908 1856 1981 templum
1897 1907 2085 1963 multo

419 1997 671 2069 majoris
698 1995 953 2053 adorsus
978 2001 1067 2052 est
1088 1997 1459 2069 quantitatis,
1488 1997 1770 2053 omnibus
1800 1997 2085 2052 idoneum

425 2084 1018 2160 supervenientibus:
1070 2085 1245 2156 cujus
1297 2085 1520 2158 scilicet
1565 2101 1777 2141 omnes
1807 2085 2085 2142 cohibere

418 2177 625 2247 posset
653 2172 934 2229 ambitus.
968 2173 1141 2239 Quod
1191 2189 1329 2229 cum
1361 2173 1638 2229 omnium
1684 2174 1868 2230 decus
1909 2173 2089 2230 virtu-

418 2267 548 2319 tum
563 2261 876 2333 obtineret,
894 2261 1195 2335 totiusque
1218 2253 1463 2318 schema
1483 2262 1788 2333 dignitatis
1804 2266 1860 2319 et
1885 2262 2087 2333 gloriae

416 2349 846 2423 praetenderet:
893 2348 1043 2406 nulli
1072 2350 1289 2407 exstitit
1318 2350 1581 2418 inferius,
1619 2351 1764 2407 dum
1800 2350 2088 2407 universis

418 2439 714 2511 elegantia
761 2438 853 2495 sui
896 2454 1026 2495 esse
1054 2439 1268 2497 claruit
1296 2441 1591 2513 superius.
1622 2441 1781 2512 Haec,
1810 2441 2086 2514 inquam,

416 2529 638 2586 domus
699 2544 736 2586 a
787 2528 1291 2586 Marcommannis
1348 2530 1492 2586 olim
1547 2535 1776 2599 exusta,
1810 2530 1889 2587 ab
1933 2530 2089 2587 illius

417 2616 688 2674 maxima
756 2633 828 2672 ex
893 2621 1063 2690 parte
1137 2618 1438 2674 honorum
1524 2618 1746 2675 decidit
1800 2618 2088 2691 gradibus

416 2705 640 2779 quibus
684 2706 1017 2776 cons-tabat,
1051 2711 1107 2763 et
1148 2706 1322 2779 quasi
1369 2706 1447 2762 ad
1496 2712 1879 2780 posterorum
1910 2707 2089 2764 dede-

418 2809 545 2862 cus,
578 2793 774 2849 solum
820 2798 1119 2866 superstes
1166 2794 1404 2849 relictus
1453 2799 1543 2851 est
1580 2795 1912 2851 immensus
1942 2812 2086 2852 con-

418 2886 725 2952 gestorum
775 2881 1049 2953 lapidum
1098 2899 1371 2938 acervus.
1408 2886 1538 2939 Haec
1588 2884 1767 2940 etiam
1813 2884 1935 2940 istis
1981 2885 2087 2941 ho-
2121 2923 2162 2978 Ο

417 2970 692 3025 dictenus
725 2974 995 3041 superest
1024 2971 1565 3044 temporibus,qua3
1591 2972 1779 3028 tribus
1813 2973 2087 3030 dimensa

420 3056 769 3119 intervallis,
799 3061 1031 3113 vastam
1062 3058 1154 3113 sui
1202 3060 1472 3132 corporis
1504 3061 1902 3133 quantitatem
1934 3078 2085 3134 pra:-

422 3145 533 3200 fert
580 3145 884 3200 omnibus.
918 3146 1276 3203 Testitudine
1315 3148 1588 3206 videlicet
1632 3150 1925 3218 eminens,
1964 3150 2090 3208 lon-

419 3232 686 3303 gitudine
702 3248 844 3289 vero
867 3238 1047 3306 atque
1076 3234 1389 3292 latitudine
1415 3236 1742 3310 plurimum
1765 3240 2089 3301 excellens.

415 3324 703 3378 Processu
733 3325 933 3394 itaque
964 3323 1271 3395 temporis,
1306 3341 1445 3380 cum
1472 3325 1599 3396 jam
1630 3326 1791 3383 idem
1818 3327 1985 3384 locus
2004 3328 2088 3384 fo-

415 3415 505 3467 ret
553 3409 826 3480 insignis,
858 3415 995 3483 post
1035 3412 1394 3467 venerabilis
1444 3414 1551 3469 viri
1586 3415 1861 3473 Ansberti
1891 3417 2090 3473 deces-

418 3516 576 3567 sum,
610 3498 715 3571 qui
745 3498 939 3555 eidem
966 3498 1287 3571 prmfuerat
1317 3502 1618 3572 coenobio,
1647 3504 2089 3562 Warimbertus

416 3587 691 3659 ejusdem
733 3586 847 3643 loci
886 3587 1216 3661 primatum
1248 3606 1369 3644 sure
1399 3592 1703 3662 tyrannidi
1734 3593 1881 3649 rexit
1912 3594 2089 3651 suba-

417 3680 602 3733 ctum.
638 3676 924 3733 Defuncto
973 3681 1175 3733 autem
1218 3679 1545 3735 Drausione
1580 3682 1967 3738 Suessionicaa
1999 3699 2091 3739 ur-

416 3762 511 3819 bis
540 3762 844 3837 pontifice,
873 3765 1039 3837 apud
1086 3780 1289 3835 regem
1341 3768 1612 3840 pecuniae
1652 3770 2087 3842 magnitudine,

418 3856 474 3908 et
507 3851 843 3909 amicorum
869 3853 1127 3910 obtinuit
1166 3855 1610 3927 intercessione,
1639 3864 1703 3915 ut
1751 3864 1807 3915 et
1854 3860 2090 3932 pontiﬁ-

420 3946 588 3995 catus
616 3939 968 4009 dignitatem
1001 3941 1465 4015 administraret,
1499 3961 1609 4001 nec
1655 3950 1852 4003 tamen
1886 3948 2089 4023 aliquo

420 4028 606 4084 modo
654 4028 891 4101 pristini
937 4029 1204 4088 ofﬁcium
1253 4034 1551 4106 prioratus
1597 4036 1910 4094 amitteret.
1959 4040 2093 4095 Erat

422 4117 583 4172 enim
628 4116 690 4172 in
736 4117 902 4175 curia
933 4119 1236 4193 frequens,
1269 4127 1326 4179 et
1354 4122 1683 4196 plurimum
1735 4126 1887 4183 inter
1935 4128 2090 4197 regis

421 4205 787 4262 domesticos
834 4207 1080 4265 valens:
1135 4211 1295 4268 unde
1347 4212 1585 4268 tametsi
1632 4213 1969 4288 difﬁculter,
2005 4222 2091 4274 ta-

420 4309 563 4350 men
609 4311 735 4350 suaa
777 4297 1117 4371 cupiditatis
1167 4299 1443 4356 cﬂ‘ectum
1475 4300 1730 4360 obtinuit
1754 4274 2089 4362 efﬁcaciter.
2129 4274 2170 4326 Β

425 4379 693 4454 Utrisque
732 4398 876 4455 ergo
928 4386 1211 4459 praelatus
1243 4389 1546 4460 gregibus,
1577 4396 1837 4451 astutam
1868 4394 2092 4469 vapido

423 4470 699 4528 servabat
719 4473 833 4529 sub
848 4480 1087 4548 pectore
1120 4477 1385 4551 vulpem,
1406 4478 1538 4536 illos
1559 4479 1879 4540 districtius
1910 4500 2000 4556 aeq
2009 4483 2092 4540 ui-

422 4560 560 4616 tatis
585 4576 771 4631 agens
800 4564 1050 4634 ratione,
1084 4568 1308 4640 quibus
1340 4569 1400 4625 in
1427 4570 1608 4628 ovina
1636 4573 1803 4645 prius
1835 4573 2091 4630 subdole

421 4648 740 4721 praefuerat
766 4657 948 4710 veste.
982 4656 1133 4712 Nam
1177 4673 1316 4714 cum
1364 4658 1477 4715 hos
1508 4674 1543 4716 a
1585 4661 1974 4718 saecularibus
2003 4666 2091 4719 tu-

426 4738 533 4793 tari
564 4737 869 4798 debuisset
892 4742 1360 4817 impedimentis,
1394 4747 1782 4806 saecularibus
1815 4750 1941 4807 sine
1969 4767 2091 4808 ces-

426 4826 657 4883 satione
707 4832 1077 4901 provocabat
1121 4834 1522 4906 irritamentis,
1578 4838 1892 4896 continuas
1936 4840 2091 4896 inﬂi-

427 4928 577 4983 gens
604 4917 1037 4994 querimonias,
1070 4939 1224 4997 quas
1271 4925 1591 4983 defendere
1616 4928 1856 4999 justitize
1887 4935 2090 4987 aucto-

427 5001 600 5058 ritate
645 5004 969 5082 debuisset,
1014 5011 1287 5071 inﬂictas.
1323 5014 1628 5089 Siquidem
1672 5034 1807 5090 qure
1854 5018 2090 5076 illorum

431 5092 831 5163 suppetebant
859 5097 1040 5155 victui
1069 5100 1375 5176 diripiens,
1410 5108 1467 5161 et
1496 5104 1554 5161 in
1583 5122 1725 5162 suos
1756 5108 2097 5166 necessaria

428 5177 544 5234 illis
591 5194 737 5237 usus
790 5189 1161 5260 retorquens,
1190 5192 1479 5249 instanter
1526 5194 1889 5267 profligabat
1934 5197 2096 5255 bona

430 5282 570 5359 quas
593 5269 721 5359 veri
745 5274 1067 5333 sacerdotis
1108 5278 1320 5353 clypeo
1351 5281 1579 5339 virtutis
1608 5290 1921 5359 oppugnat
1945 5292 2095 5344 tute-

431 5353 511 5411 la.
539 5357 613 5413 At
640 5355 723 5413 illi
747 5359 972 5431 quibus
1001 5362 1385 5434 ingerebatur
1407 5353 1729 5442 calumnia,
1745 5353 1908 5431 illata
1928 5375 2100 5432 dam-

433 5458 516 5541 na
549 5448 966 5541 et-opprobria
994 5466 1118 5508 non
1161 5470 1337 5528 aequa
1386 5457 1763 5530 perferebant
1788 5464 2095 5540 patientia,

433 5535 629 5602 ignari
658 5550 781 5612 quo
802 5544 983 5613 pacto
1002 5540 1082 5601 illi
1104 5544 1458 5617 resisterent,
1478 5550 1651 5621 cujus
1674 5535 2095 5629 gravissimum

2192 1638 2460 1695 certatim
2507 1654 2701 1695 annos
2750 1639 3261 1708 distrahebantur,
3294 1655 3605 1712 eorumque
3638 1640 3783 1712 pretia

2191 1729 2251 1784 in
2282 1727 2516 1784 diversa
2544 1728 2857 1785 monachis
2887 1728 3417 1785 distribuebantur.
3451 1731 3583 1784 Nam
3606 1728 3720 1785 salis
3740 1734 3785 1785 et

2194 1815 2386 1872 mellis
2415 1816 2667 1889 species,
2695 1820 2752 1873 et
2783 1816 2913 1872 alia:
2943 1832 3076 1889 quae
3107 1816 3341 1873 facilius
3368 1816 3569 1872 deduci
3595 1823 3787 1888 possent

2192 1904 2333 1960 inde
2362 1905 2720 1961 emebantur
2756 1905 3057 1972 utilitates,
3093 1905 3402 1978 taliterque
3438 1910 3633 1961 onusta
3654 1905 3787 1977 pluri-

2194 2011 2296 2050 ma
2337 1994 2415 2050 ad
2458 1995 2801 2051 ccenobium
2857 1995 3139 2068 plaustris
3183 1994 3608 2051 devehebantur
3648 1994 3784 2051 dolia.

2196 2086 2315 2140 Hoc
2346 2084 2772 2141 Warimbertus
2802 2085 3214 2153 considerans,
3248 2084 3458 2142 obvius
3486 2088 3694 2158 captata
3715 2100 3790 2157 op-

2195 2172 2558 2245 portunitate
2587 2190 2726 2229 cum
2758 2173 3043 2247 superbia
3065 2174 3227 2243 ibat;
3260 2178 3315 2231 et
3339 2173 3641 2229 irreverens
3660 2172 3790 2229 aclu-

2195 2260 2422 2333 bricus,
2452 2266 2718 2319 onerata.
2731 2262 3000 2336 plaustra
3043 2262 3121 2319 ad
3161 2262 3409 2336 propria
3449 2261 3561 2317 suis
3586 2260 3790 2317 deduce-

2195 2351 2300 2409 bat
2327 2352 2782 2409 exsultantibus.
2820 2351 2903 2409 Illi
2947 2368 3089 2409 vero
3126 2351 3527 2408 induebantur
3551 2349 3791 2407 confusie

2197 2454 2294 2512 ne,
2321 2439 2426 2513 qui
2451 2456 2736 2497 concessa
2759 2456 3021 2514 superno
3041 2456 3295 2497 munere
3314 2439 3677 2515 privabantur
3695 2454 3795 2511 pos-

2197 2530 2463 2586 sessione
2484 2548 2497 2598 ;
2529 2533 2586 2585 et
2613 2546 2719 2603 per
2739 2529 3030 2587 acerrima
3052 2530 3437 2603 improperia,
3460 2526 3794 2601 profundaab

2197 2619 2320 2674 imo
2349 2618 2604 2691 pectoris
2633 2618 2933 2676 multoties
2962 2619 3285 2675 trahebant
3314 2618 3577 2691 suspiria.
3603 2619 3793 2673 Factum

2198 2710 2286 2761 est
2322 2721 2465 2775 ergo
2507 2705 2776 2778 quadam
2815 2707 2966 2777 vice,
2996 2706 3143 2762 dum
3176 2706 3560 2763 exterioribus
3585 2702 3795 2761 carnifex

2199 2795 2463 2851 studeret
2519 2795 2675 2851 curis
2721 2795 2971 2865 inhiare,
3005 2802 3069 2852 ut
3118 2795 3430 2869 explorata
3477 2794 3662 2851 fratres
3700 2792 3797 2862 ejus

2198 2882 2492 2952 absentia,
2514 2884 2640 2940 haec
2667 2885 2879 2940 eadem
2909 2884 3205 2942 venientia
3231 2886 3294 2941 in
3320 2901 3458 2942 suas
3476 2884 3725 2940 audacter
3738 2880 3801 2937 di-

2197 2977 2489 3029 verterent
2518 2978 2575 3029 et
2602 2973 2993 3030 recoudcrent
3021 2974 3372 3047 apothecas.
3408 2974 3569 3040 Quod
3606 2972 3688 3028 ille
3717 2985 3798 3026 au-

2198 3062 2391 3131 diens,
2408 3061 2752 3136 factumque
2773 3063 3026 3120 nimium
3048 3080 3209 3135 aegre
3233 3065 3447 3135 ferens,
3474 3063 3529 3120 in
3555 3062 3686 3119 iram
3697 3075 3803 3116 cono

2201 3152 2365 3207 tinuo
2389 3152 2698 3220 exarsit,et
2716 3158 3272 3226 praesumptuosam
3289 3154 3556 3213 eamdem
3570 3149 3804 3208 temerita-

2202 3244 2347 3311 tem,
2362 3241 2540 3297 condi
2547 3242 3094 3312 gnainterminatus
3104 3248 3193 3299 est
3216 3242 3505 3301 sententia
3518 3240 3689 3316 plecti.
3700 3241 3804 3295 Tur-

2197 3330 2320 3388 bati
2344 3346 2375 3386 e
2404 3335 2612 3388 contra
2634 3331 2864 3398 fratres,
2879 3333 2955 3389 ad
2982 3332 3331 3389 orationum
3353 3332 3617 3406 praesidia
3634 3345 3685 3386 se
3702 3344 3807 3385 con-

2199 3418 2463 3475 tulerunt
2480 3420 2817 3489 unanimes,
2842 3426 2899 3477 et
2920 3421 3274 3478 triduanum
3296 3425 3533 3493 agentes
3543 3417 3808 3495 jejunium,

2199 3508 2481 3581 precibus
2504 3526 2573 3565 ac
2590 3509 2875 3582 lacrymis
2892 3527 3222 3585 supernum
3234 3516 3488 3568 constan
3497 3513 3574 3567 ter
3583 3508 3808 3582 implora-

2199 3598 2348 3654 bant
2367 3598 2677 3654 auxilium.
2704 3603 2830 3665 Quo
2852 3605 3119 3673 tempore
3140 3601 3314 3657 nulla
3335 3601 3395 3657 in
3425 3601 3597 3657 choro
3614 3613 3710 3654 vox
3730 3610 3807 3650 au-

2200 3685 2496 3753 diebatur,
2523 3687 2625 3743 sed
2655 3689 2985 3744 constitutis
3013 3694 3245 3746 tantum
3277 3690 3458 3760 horis,
3482 3684 3807 3762 psallentium

2198 3774 2359 3832 labia
2375 3777 2795 3843 movebantur,
2819 3778 2965 3835 dum
2983 3778 3097 3834 sub
3120 3777 3357 3836 silentio
3378 3788 3448 3835 ac
3463 3774 3809 3847 lugubri,per-

2199 3869 2575 3921 currerentur
2594 3866 2831 3922 omnia:
2855 3883 2992 3939 quae
3018 3866 3234 3923 decore
3272 3867 3542 3924 Ecclesiae
3573 3861 3809 3922 excellen-

2200 3957 2287 4010 ter
2305 3953 2541 4010 devotio
2556 3955 2803 4011 instituit
2825 3956 3178 4013 Cbristiana.
3200 3957 3319 4014 Sed
3332 3958 3460 4014 haec
3482 3972 3570 4012 res
3590 3954 3641 4009 in
3661 3947 3809 4008 oculis

2202 4042 2461 4115 tyranni,
2484 4043 2744 4115 invidiae,
2768 4044 2890 4101 odii
2918 4050 2974 4100 et
3001 4045 3319 4101 discordiae
3340 4043 3705 4102 seminarium
3717 4053 3813 4094 ma-

2199 4130 2359 4187 xime
2389 4132 2626 4204 exstitit,
2655 4132 2918 4206 indeque
2946 4134 3169 4190 doloris
3200 4135 3462 4209 sumpsit
3483 4131 3812 4206 supplemen-

2202 4224 2351 4287 tum,
2382 4220 2543 4277 unde
2575 4221 2627 4279 ei
2658 4222 3063 4294 respirationis
3104 4228 3425 4296 provenire
3453 4221 3731 4279 debuisset
3753 4217 3816 4271 iu—

2203 4314 2599 4366 crementum.
2632 4309 2785 4376 Quid
2815 4310 3015 4367 multis
3044 4311 3377 4369 immoror?
3411 4310 3659 4369 Tandem
3676 4308 3730 4362 in
3752 4318 3816 4358 se-

2202 4396 2343 4453 dem
2365 4398 2555 4465 rediit,
2584 4414 2656 4454 ac
2677 4398 2724 4454 si
2756 4398 3042 4455 ultionem
3063 4400 3139 4457 de
3156 4397 3700 4473 prtevaricatoribus
3716 4406 3819 4466 pra.

2204 4502 2293 4541 vae
2311 4491 2628 4544 exacturus
2644 4488 3437 4562 consuetudinis,primoque
3451 4501 3685 4558 surgens
3700 4480 3817 4538 dilu-

2202 4574 2362 4645 culo,
2384 4591 2524 4633 cum
2546 4575 2749 4634 valida
2777 4592 2967 4633 manu
2994 4576 3075 4633 ad
3118 4577 3318 4634 locum
3364 4577 3539 4643 venit,
3571 4570 3818 4632 concitato

2203 4664 2412 4736 spiritu
2440 4665 2663 4737 pariter
2691 4669 2749 4722 et
2772 4667 2995 4723 animo.
3030 4666 3251 4723 Deinde
3293 4666 3606 4724 comitibus
3632 4660 3816 4731 regiam

2200 4753 2604 4826 pulsantibus,
2616 4769 2819 4823 nemo,
2833 4755 3050 4812 clausis
3068 4755 3384 4827 diligenter
3389 4754 3607 4827 januis,
3623 4759 3819 4822 respon‘

2203 4859 2341 4900 sum
2376 4843 2541 4900 dedit
2563 4844 2829 4915 interius,
2850 4845 2993 4917 quia
3018 4861 3126 4918 per
3149 4862 3469 4918 procacem
3493 4844 3817 4916 episcopum.

2201 4946 2413 4988 omnes
2434 4931 2494 4988 in
2517 4947 2841 4988 commune
2862 4933 3229 5005 promissum
3250 4933 3365 4990 sibi
3386 4937 3570 4988 metut
3581 4929 3712 4987 bant
3727 4920 3819 4979 eli-

2202 5019 2373 5075 tium.
2390 5018 2488 5075 Ille
2511 5034 2649 5076 vero
2667 5020 2961 5076 accedens
2983 5020 3821 5093 propius,easdemjanuascre-

2201 5107 2328 5164 bris
2342 5107 2623 5182 pulsabat
2634 5108 2871 5176 ictibus,
2889 5112 3095 5182 portas
3109 5109 3289 5165 simul
3299 5108 3820 5175 collidens,eta:reas

2204 5197 2428 5255 fortiter
2465 5198 2697 5267 valvas,
2747 5199 3059 5255 iracundia
3108 5199 3322 5273 plenus
3367 5195 3716 5255 concutiens.
3749 5183 3820 5242 Ad

2204 5289 2333 5345 haec
2365 5286 2724 5345 aedituorum
2748 5304 2925 5357 unus,
2953 5288 3155 5344 minus
3179 5287 3426 5361 provide
3451 5281 3688 5355 arreptis
3706 5285 3820 5333 ιθω·

2205 5376 2289 5451 pli
2318 5375 2605 5446 clavibus,
2639 5378 2692 5435 ei
2738 5380 3030 5450 processit
3076 5377 3309 5445 obvius.
3342 5377 3563 5448 Itaque,
3589 5361 3819 5427 reseratis

2206 5466 2394 5534 ostiis,
2446 5466 2538 5522 vir
2591 5467 2958 5539 sanguineus
3015 5483 3153 5523 cum
3207 5465 3414 5540 spiritu
3472 5458 3708 5520 introivit
3749 5453 3820 5507 fu'

2212 5553 2382 5610 roris.
2417 5557 2564 5611 Nam
2612 5571 2756 5612 mox
2798 5554 3034 5613 sublata
3080 5555 3255 5613 altius
3306 5553 3565 5618 dextera,
3593 5541 3847 5619 aperient.
