3940 6184
187 229 285 284 633

1599 229 1874 287 SERMON
1881 229 1964 284 ES
2001 229 2194 284 TRES.

3497 230 3600 285 634

185 351 253 406 tis
281 349 461 424 capiti
492 354 613 407 tam
643 352 835 410 valide
866 353 1028 411 illisit
1057 355 1333 424 ferulam,
1386 362 1449 412 ut
1494 361 1650 412 totus
1699 369 1835 410 san-
1870 355 1916 408 A
1947 356 2098 408 esset
2126 353 2428 409 Fortunati
2455 353 2774 410 auctoritas
2815 356 2871 408 et
2897 351 3263 421 negligenter
3290 351 3496 407 habita
3525 353 3600 407 le-

184 442 360 511 guine
389 445 755 512 cruentatus,
787 443 1032 500 lividam
1065 444 1278 502 faciem
1308 451 1363 502 et
1383 445 1605 502 fmdata
1635 461 1739 501 ora
1760 442 1838 499 ad

183 529 392 596 ingens
456 529 696 586 referret
739 531 1020 588 dedecus.
1076 534 1239 590 Unde
1289 539 1352 590 ut
1398 540 1524 590 erat
1551 549 1835 603 moerens,

180 617 542 690 imprecatus
571 623 659 675 est
688 636 760 675 ex
790 621 1012 688 animo,
1048 623 1213 694 quod
1263 623 1519 679 cmlestis
1569 622 1839 694 protinus

183 705 494 762 clementia
525 706 784 763 evidenti
814 709 1138 766 declaravit
1154 711 1398 782 judicio.
1429 710 1723 777 Quoniam
1743 709 1836 765 ille

181 809 299 850 non
329 795 459 851 tulit
487 796 755 868 impune,
789 798 953 870 quod
984 801 1041 854 in
1073 816 1314 856 servum
1349 801 1448 857 Dei
1495 801 1671 856 nimis
1703 816 1836 854 cru-

179 883 294 939 deli
327 884 579 956 injectus
612 891 698 942 est
727 887 1184 945 examinatione.
1229 893 1377 947 Nam
1406 896 1677 963 proterve
1707 905 1837 962 per-

180 987 326 1041 gens
373 980 631 1042 oratum,
690 975 789 1030 vix
841 977 1129 1048 poplitem
1176 978 1417 1036 ﬂexerat
1456 983 1591 1035 ante
1621 980 1838 1035 Sancta

177 1066 550 1132 sanctorum,
581 1067 639 1119 et
669 1079 803 1119 ecce
834 1065 1077 1136 contigit
1105 1066 1386 1124 divinitus
1417 1067 1584 1140 quod
1623 1071 1838 1122 cuncta

177 1149 333 1206 illius
363 1151 643 1208 interiora
672 1160 1075 1226 proruperunt
1101 1172 1207 1229 per
1237 1157 1351 1212 alvi
1379 1163 1627 1227 secreta,
1657 1162 1716 1213 et
1740 1173 1836 1212 su-

174 1254 283 1311 per
305 1239 718 1311 pavimentum
755 1247 895 1298 sunt
936 1243 1148 1311 effusa,
1206 1245 1310 1318 qui
1359 1246 1508 1301 sicut
1550 1246 1835 1302 immunis

172 1328 408 1400 pietate,
436 1325 644 1402 procul
675 1330 862 1386 dubio
893 1347 1121 1388 vacuus
1176 1335 1464 1390 remansit
1507 1339 1563 1390 et
1609 1339 1830 1400 ventre,

170 1416 485 1489 exitusque
516 1416 919 1474 testimonium
951 1421 1270 1492 perhibuit,
1312 1423 1476 1494 quod
1508 1423 1832 1478 sacerdotis

169 1505 293 1561 vita
316 1505 493 1575 longe
525 1507 835 1564 sacerdotii
866 1509 1076 1566 merito
1104 1511 1302 1584 impar
1328 1511 1454 1567 fuit.
1489 1513 1668 1583 Cujus
1707 1528 1833 1568 cor-

168 1608 315 1664 pore
355 1599 520 1650 extra
566 1595 770 1668 templi
814 1595 992 1653 limen
1047 1599 1255 1670 ejecto,
1314 1600 1547 1674 reliqua
1589 1617 1832 1674 quoque

1946 442 2222 512 gentibus
2251 443 2605 516 displiceret,
2638 448 2902 516 potestas
2933 447 3185 514 utroque
3209 458 3281 496 ex
3301 447 3600 514 praecepto

1945 531 2295 588 obedientiae
2324 533 2616 605 opuscula
2643 550 2764 589 una
2793 534 2949 589 coire
2990 531 3292 604 scriptoris
3324 535 3379 587 et
3408 532 3600 586 cohae-

1944 637 2071 676 rere
2098 621 2232 678 fecit
2255 623 2591 679 harmonia.
2610 625 2635 678 J
2642 628 2846 678 ustum
2867 621 3091 695 quippe
3112 620 3426 676 videbatur
3449 637 3597 690 esse,

1946 714 2010 766 ut
2040 726 2162 765 sure
2212 711 2504 767 servitutis
2552 711 2821 768 debitum
2880 711 3239 782 persolveret
3288 709 3497 766 saltem
3527 727 3599 765 ex

1946 799 2144 855 officio
2172 799 2408 869 linguae,
2437 805 2734 874 quatenus
2759 800 2917 855 beati
2964 798 3074 854 viri
3118 798 3418 870 praeconia
3455 815 3601 870 quo-

1945 887 2088 942 dam
2117 888 2338 956 glutine
2365 895 2700 962 compacta,
2732 894 2787 946 et
2816 890 3122 944 honestate
3154 885 3601 958 digesta,paulo

1944 976 2230 1048 prolixior
2258 977 2690 1050 dilucidiorque
2721 978 3023 1051 expediret
3049 976 3357 1032 sententia.
3402 979 3512 1030 Nec
3539 974 3600 1028 in

1945 1066 2147 1138 aliquo
2169 1067 2250 1122 illi
2279 1067 2461 1124 voluit
2487 1069 2612 1124 viro
2642 1068 2951 1138 derogare,
2983 1066 3087 1140 qui
3109 1067 3158 1137 ej
3176 1065 3386 1120 isdem
3419 1063 3600 1119 Patris

1944 1154 2153 1224 vitam,
2187 1161 2376 1212 metro
2399 1156 2765 1227 jamdudum
2796 1162 2852 1212 et
2880 1155 3213 1212 arctissima
3243 1153 3425 1210 edidit
3465 1168 3598 1208 ora-

1945 1242 2122 1309 tione,
2174 1242 2278 1298 sed
2329 1260 2466 1316 quae
2515 1244 2609 1300 ille
2653 1261 2723 1300 ac
2777 1245 2822 1299 si
2856 1245 2913 1299 in
2946 1243 3196 1300 transitu
3236 1241 3440 1312 tetigit,
3473 1241 3598 1296 haec

1942 1330 2048 1386 iste
2079 1331 2326 1387 dilatare
2358 1333 2612 1403 calamo,
2669 1349 2866 1405 operae
2914 1332 3170 1406 pretium
3222 1329 3410 1386 duxit.
3459 1332 3599 1394 Quae

1944 1436 2084 1475 vero
2128 1421 2423 1492 perfectus
2478 1428 2677 1478 orator
2723 1423 2783 1477 in
2827 1421 3110 1478 relatione
3140 1419 3440 1493 praeteriit,
3474 1419 3600 1473 haec

1941 1507 2047 1564 iste
2101 1525 2294 1565 novus
2352 1510 2569 1567 relator
2620 1511 2871 1584 posteris
2929 1510 3158 1566 tradere
3202 1509 3281 1563 ad
3330 1506 3599 1563 notitiam

1940 1599 2304 1670 procuravit,
2332 1599 2497 1655 haud
2531 1601 2652 1655 suis
2682 1600 3038 1656 commentis
3071 1601 3320 1665 extorta,
3367 1611 3601 1650 verum-

167 1681 458 1752 spurcitia
486 1681 754 1738 ﬁdelium
804 1684 1107 1742 eliminata
1161 1692 1250 1743 est
1288 1688 1603 1760 obsequio,
1637 1693 1691 1744 et
1736 1688 1829 1743 ille
1869 1703 1912 1758 Β
1941 1703 2057 1760 que
2088 1689 2385 1744 veteribus
2443 1690 2830 1762 antiquorum
2880 1693 3184 1759 utcunque
3232 1684 3474 1741 cartulis
3518 1684 3602 1738 in-

164 1769 370 1825 locum
403 1770 720 1844 sepulturae
749 1773 807 1828 in
853 1777 1211 1846 coemeterio,
1269 1793 1393 1850 quo
1435 1777 1654 1848 dignus
1699 1778 1825 1845 fuit,

161 1858 441 1914 exhausti
465 1860 732 1933 corporis
759 1861 972 1919 habuit
995 1863 1364 1921 humatione.
1386 1865 1529 1920 Hinc
1561 1871 1828 1938 pastores

163 1948 510 2004 animarum
530 1953 819 2019 metuant,
848 1967 922 2007 ne
951 1953 1206 2010 deterior
1226 1970 1328 2010 eos
1355 1953 1682 2028 aliquando
1698 1971 1825 2028 poe-

163 2053 248 2093 na
307 2037 586 2106 involvat,
627 2044 684 2096 et
729 2057 868 2096 cum
911 2042 1263 2101 discretione
1310 2061 1564 2118 praeesse
1595 2045 1828 2102 discant

162 2125 448 2196 subditis,
480 2143 555 2182 ne
578 2127 724 2185 forte
751 2129 972 2186 subditi
1000 2138 1165 2188 extra
1193 2133 1637 2202 discretionem,
1690 2133 1826 2189 effe-

157 2220 268 2270 ctu
292 2221 534 2272 careant
563 2217 788 2274 salutis.
823 2220 973 2276 Cum
1002 2221 1162 2277 enim
1193 2223 1421 2278 homini
1462 2223 1735 2294 adprime
1765 2223 1824 2278 in

153 2303 290 2359 vita
314 2303 451 2361 utile
484 2305 576 2373 sit,
606 2311 670 2362 ut
700 2323 773 2363 ne
803 2310 950 2379 quid
977 2311 1173 2376 nimis,
1205 2309 1426 2382 liquide
1457 2311 1637 2366 claret
1661 2311 1826 2382 quod

150 2391 545 2465 disciplinam
571 2395 685 2450 hac
716 2395 938 2452 debent
965 2397 1198 2453 cautela
1219 2398 1540 2465 moderari,
1567 2402 1626 2452 ut
1653 2398 1828 2453 timor

148 2480 497 2552 nequitiam
525 2488 890 2554 compescat,
920 2489 977 2540 et
1007 2500 1180 2540 amor
1213 2485 1504 2556 justitiam
1553 2501 1828 2541 exercen-

145 2568 230 2624 do
269 2570 583 2640 provehat.
617 2571 702 2626 Ita
732 2587 1042 2627 successus
1087 2572 1355 2645 proﬁciet
1397 2574 1824 2645 subjectorum,

144 2662 198 2712 et
261 2655 570 2728 profectus
621 2674 829 2715 revera
885 2662 1305 2731 exagerabitur
1357 2664 1824 2736 praesidentium,

142 2750 455 2818 eruntque
475 2747 680 2803 omnia
707 2748 767 2803 in
798 2749 1101 2817 omnibus,
1135 2757 1433 2824 quatenus
1480 2769 1650 2826 aeque
1699 2770 1827 2809 om-

146 2836 442 2908 nipotens
475 2838 628 2891 Deus
658 2837 1084 2895 honorificetur
1113 2840 1192 2896 ab
1221 2841 1526 2897 omnibus.
1557 2844 1828 2898 Memine-

148 2924 283 2978 rint
323 2938 566 2995 quoque
623 2929 880 2981 rectores
930 2927 1201 2983 Ecclesiae
1241 2945 1316 2984 ne
1343 2934 1587 3002 peccata
1619 2930 1826 3002 populi

148 3016 513 3068 assuescant
539 3014 886 3081 concedere,
916 3021 971 3071 et
1001 3015 1237 3072 illorum
1280 3018 1520 3090 rapiant
1549 3018 1826 3075 substan-
1868 3050 1911 3107 ο

147 3101 443 3172 tiam,pro
472 3101 693 3173 quibus
711 3118 933 3174 ponere
954 3104 1250 3171 debent,si
1270 3107 1594 3162 necessitas
1622 3107 1821 3177 exigit,

147 3194 208 3245 et
249 3189 539 3244 animam.
572 3192 681 3246 Pro
707 3190 919 3247 ovibus
945 3192 1126 3249 etiam
1165 3194 1398 3264 Christi,
1432 3200 1662 3250 terrena
1701 3211 1826 3250 om-

149 3277 307 3331 nino
333 3276 511 3332 debet
541 3276 792 3334 facultas
824 3279 1119 3349 distribui,
1152 3297 1226 3337 ne
1257 3281 1404 3338 dum
1433 3299 1544 3339 sua
1582 3282 1695 3338 illis
1725 3299 1826 3338 au-

152 3365 455 3433 ferantur,
487 3366 708 3438 quibus
740 3383 997 3440 corpora
1020 3369 1080 3425 in
1106 3369 1321 3426 divinae
1353 3371 1646 3428 servitutis
1672 3377 1826 3443 tyro-

151 3453 320 3510 cinio
341 3459 710 3524 vegetantur.
747 3457 856 3522 Qui
885 3473 1027 3529 ergo
1049 3474 1158 3531 pro
1180 3460 1520 3516 commissis
1566 3476 1688 3516 non
1723 3461 1827 3516 dat

151 3548 463 3600 terrenam
492 3543 914 3616 substantiam,
942 3563 1052 3603 nec
1080 3565 1191 3620 pro
1223 3549 1448 3605 eisdem
1496 3549 1826 3621 aliquando

149 3632 328 3688 dabit
356 3633 625 3688 animam
657 3650 854 3702 suam,
889 3651 1026 3691 cum
1053 3652 1088 3692 a
1113 3638 1310 3710 primo
1342 3639 1594 3693 minimo
1627 3654 1828 3710 perve-

151 3722 358 3777 niatur
382 3721 463 3777 ad
483 3727 818 3780 extremum
849 3726 1071 3796 majus,
1121 3731 1177 3781 et
1218 3731 1593 3798 postremum
1630 3726 1827 3796 majus

153 3827 343 3867 nemo
374 3813 808 3885 apprehendat,
832 3815 949 3870 nisi
978 3815 1144 3888 prius
1193 3817 1458 3888 primum
1509 3816 1826 3871 minimum

153 3905 453 3956 exerceat.
514 3901 860 3958 Sacerdotes
903 3919 1046 3960 vero
1101 3903 1201 3958 Dei
1250 3903 1433 3959 verbo
1478 3919 1717 3976 semper
1773 3907 1830 3959 et

151 4005 340 4062 opere
396 3994 628 4062 oportet
683 3990 1014 4062 informari,
1067 4008 1190 4065 quo
1247 3992 1354 4048 etsi
1398 3992 1471 4048 sit
1515 3993 1617 4064 qui
1664 3991 1834 4052 bona.

152 4077 445 4148 proferat,
479 4083 914 4150 consequenter
939 4085 1138 4135 tamen
1165 4095 1288 4136 non
1319 4080 1490 4149 desit,
1549 4081 1652 4152 qui
1699 4081 1827 4136 imi-

152 4164 270 4221 tari
321 4165 576 4222 studeat.
636 4167 748 4222 Sed
787 4169 892 4240 qui
945 4167 1140 4224 aliena
1178 4167 1397 4241 diripit,
1431 4169 1688 4240 pastoris
1717 4185 1827 4240 pro

153 4258 322 4309 certo
373 4253 638 4310 ofﬁcium
687 4255 920 4327 amittit,
979 4260 1037 4312 et
1084 4256 1221 4312 inde
1253 4257 1562 4328 reprobus,
1599 4273 1634 4312 a
1665 4262 1825 4313 recto

153 4343 422 4398 veritatis
477 4346 708 4400 tramite
758 4346 824 4400 ﬁt
871 4345 1100 4401 devius.
1157 4346 1336 4416 Igitur
1380 4362 1488 4402 nec
1523 4347 1824 4418 subjectos

152 4432 457 4503 subjectio
513 4439 798 4504 conterat,
853 4451 962 4491 nec
1010 4437 1288 4508 praelatos
1337 4436 1622 4492 excelsior
1658 4437 1824 4492 locus

151 4521 423 4589 extollat,
470 4524 575 4580 sed
623 4524 716 4580 isti
762 4525 1063 4581 humiliter
1099 4526 1223 4582 vice
1253 4526 1513 4581 ﬁliorum
1553 4531 1822 4599 pareant,

152 4609 237 4666 illi
272 4626 415 4666 vero
440 4610 574 4667 loco
604 4618 869 4685 patrum,
901 4618 1302 4686 temperanter
1330 4629 1464 4686 quae
1485 4615 1828 4686 praecipien-

153 4699 240 4754 da
262 4707 406 4755 sunt
431 4701 802 4774 praecipiant.
839 4702 896 4759 Si
924 4719 1018 4758 res
1051 4702 1275 4774 praelati
1330 4718 1457 4758 sese
1511 4703 1678 4758 aliter
1725 4705 1828 4759 ha-

153 4789 402 4846 buerint
431 4792 864 4864 cujuscunque,
893 4792 987 4848 ille
1014 4791 1225 4865 procul
1251 4791 1436 4847 dubio
1459 4792 1830 4848 Guarimber-

156 4882 257 4932 tus
290 4878 422 4949 erit,
454 4881 560 4952 qui
586 4880 646 4936 in
677 4881 876 4937 causis
905 4880 1308 4949 subditorum,
1341 4879 1526 4936 animi
1575 4886 1825 4946 motum,

155 4983 286 5022 non
316 4967 652 5026 dilectionis
705 4969 1108 5026 consideravit
1158 4969 1460 5025 affectum.
1516 4969 1828 5024 Enimvero

155 5057 238 5112 de
268 5058 704 5131 principalibus
734 5060 892 5117 beati
913 5059 1172 5117 Medardi
1203 5059 1404 5131 gestis,
1448 5060 1650 5132 aliqua
1693 5059 1828 5113 scri-

153 5147 351 5218 ptoris
381 5148 816 5221 compendiosa
837 5148 1027 5204 oratio
1056 5148 1416 5220 perstrinxit,
1461 5165 1719 5220 quaeque
1766 5148 1826 5203 in

155 5234 258 5289 his
288 5240 348 5291 et
376 5236 439 5290 in
467 5235 581 5292 illis
603 5237 795 5309 potuit
826 5236 1103 5310 reperire,
1145 5236 1204 5292 in
1256 5237 1432 5292 unius
1485 5237 1826 5305 congeriem

153 5323 514 5394 quantitatis
539 5341 914 5394 coacervare,
944 5325 1256 5382 moderata
1286 5325 1493 5382 institit
1519 5325 1822 5381 brevitate.

156 5412 314 5465 Nam
347 5411 637 5482 praeclara
665 5413 852 5484 ipsius
879 5413 1020 5483 vita,
1053 5418 1307 5483 angusta
1338 5413 1481 5468 olim
1513 5413 1702 5468 fuerat
1731 5429 1824 5469 ra-

154 5499 326 5554 tione
344 5499 599 5568 inclusa,
630 5501 1040 5573 virtutumque
1061 5502 1338 5572 ejusdem
1376 5502 1652 5572 insignia,
1687 5519 1824 5558 cum

156 5588 555 5646 translatione
585 5592 850 5664 corporis
879 5591 1148 5664 quadam
1176 5591 1616 5665 propemodum
1639 5592 1824 5647 infan-

154 5676 271 5747 tia,
289 5677 508 5735 vilibus
533 5680 799 5738 exaravit
827 5679 1145 5737 schedulis.
1175 5680 1322 5736 Cum
1348 5696 1492 5751 ergo
1523 5679 1824 5738 succincta

1942 1782 2114 1832 serta.
2151 1777 2382 1832 Rationi
2403 1794 2545 1847 ergo
2575 1778 2824 1844 videtur,
2868 1776 3096 1844 fratres,
3137 1787 3486 1842 congruere,
3537 1777 3600 1827 ut

1939 1866 2086 1922 tanti
2110 1867 2345 1940 patroni
2374 1867 2583 1923 merita
2635 1867 2832 1936 dignis
2874 1881 3114 1921 mecum
3161 1862 3446 1920 studeatis
3474 1861 3599 1916 lau-

1940 1955 2118 2010 dibus
2145 1956 2374 2024 eﬁ'erre,
2407 1960 2509 2030 qui
2543 1973 2682 2012 cum
2703 1957 2921 2012 habeat
2943 1955 3196 2010 domum
3227 1968 3349 2007 non
3381 1967 3597 2006 manu-

1937 2043 2180 2111 factam,
2210 2045 2315 2101 sed
2342 2051 2627 2101 aeternam
2654 2045 2715 2100 in
2766 2045 2929 2100 caelis
2968 2041 3363 2114 temporalem
3396 2045 3597 2094 tamen

1938 2133 2142 2190 aulam
2164 2134 2405 2207 reliquis
2437 2134 2847 2190 sublimiorem
2874 2147 3110 2204 semper
3135 2130 3346 2186 habuit
3381 2127 3443 2182 in
3492 2132 3598 2181 ter-

1935 2222 2017 2276 ris
2048 2227 2104 2277 et
2130 2223 2211 2278 uti
2239 2239 2382 2277 suos
2407 2222 2486 2278 ab
2508 2221 2894 2277 invisibilium
2921 2221 3148 2292 impetu
3185 2217 3449 2272 hostium
3499 2231 3597 2269 cu-

1938 2309 2137 2375 stodit,
2169 2311 2250 2365 ita
2278 2310 2356 2365 ab
2377 2310 2715 2365 incursione
2742 2308 3063 2364 visibilium
3083 2322 3236 2378 saepe
3267 2321 3389 2360 suae
3423 2304 3597 2359 inter-

1937 2398 2222 2453 cessionis
2251 2414 2366 2470 ope
2397 2398 2698 2464 defendit;
2749 2413 2974 2470 eosque
3020 2395 3080 2450 in
3119 2393 3339 2450 caelesti
3389 2408 3597 2447 secum

1938 2486 2314 2558 amplectitur
2352 2486 2759 2554 tabernaculo,
2787 2486 3006 2559 quibus
3055 2482 3418 2557 pastoralem
3465 2481 3596 2536 dili-

1939 2576 2200 2644 gentiam
2231 2576 2288 2631 in
2314 2576 2591 2649 praesenti
2620 2575 2866 2632 adhibet
2893 2573 3131 2630 saeculo.
3177 2577 3306 2645 Ipse
3333 2584 3596 2642 namque

1936 2663 2226 2718 familiam
2251 2665 2368 2731 Dei,
2396 2664 2547 2721 inter
2577 2663 2890 2733 naufragia
2920 2663 3217 2732 gub'ernat
3255 2657 3595 2715 fluctuantis

1935 2751 2164 2820 oceani,
2220 2768 2294 2807 ne
2345 2753 2550 2808 navim
2609 2758 2874 2808 nostram
2925 2749 3188 2824 procella
3227 2746 3596 2819 tempestatis

1935 2840 2190 2911 abripiat
2218 2858 2230 2894 :
2265 2846 2369 2896 aut
2396 2841 2456 2896 in
2488 2847 2772 2898 aeternam
2802 2839 3093 2912 praedam,
3112 2837 3307 2910 pirata
3338 2833 3595 2890 crudelis

1937 2928 2206 2999 abrepat.
2267 2932 2458 2994 Quam
2515 2929 2800 2985 nimirum
2853 2927 3165 2996 familiam,
3213 2924 3422 2980 abillo
3453 2922 3594 2978 olim

1939 3016 2197 3089 suscepit
2224 3017 2572 3086 regendam,
2605 3019 2710 3090 qui
2742 3016 2865 3072 suis
2898 3013 3225 3086 discipulis,
3255 3029 3323 3068 ac
3354 3027 3461 3084 per
3482 3011 3596 3066 hoc

1935 3104 2213 3161 ﬁdelibus
2242 3107 2470 3162 cunctis
2490 3106 2571 3162 ait
2603 3125 2615 3161 :
2649 3107 2788 3174 Quis
2813 3111 2994 3176 putas
3034 3111 3116 3161 est
3154 3103 3350 3172 ﬁdelis
3391 3116 3596 3157 servus

1936 3199 1988 3250 et
2013 3195 2302 3263 prudens,
2335 3211 2506 3266 quem
2535 3197 2839 3252 constituit
2871 3195 3159 3250 Dominus
3203 3207 3384 3260 super
3419 3191 3596 3260 fami-

1940 3284 2082 3338 liam
2103 3299 2292 3351 suam,
2329 3291 2394 3339 ut
2424 3285 2519 3341 det
2552 3287 2674 3341 illis
2714 3287 2776 3340 in
2827 3291 3087 3353 tempore
3133 3282 3322 3336 tritici
3369 3295 3596 3335 mensu-

1935 3387 2067 3428 ram
2098 3373 2332 3442 (Matth.
2367 3391 2529 3440 xxw,
2558 3375 2670 3444 45).
2705 3373 2846 3428 Hinc
2874 3371 3198 3445 Apostolus
3227 3369 3368 3424 dicit
3403 3385 3414 3422 :
3461 3368 3600 3423 Uni-

1935 3463 2148 3532 cuique
2194 3464 2345 3518 sicut
2400 3465 2556 3518 Deus
2604 3463 2802 3518 divisit
2843 3475 3182 3517 mensuram
3225 3459 3368 3526 ﬁdei
3406 3458 3594 3525 (Rom.

1936 3567 2044 3614 xu,
2073 3551 2148 3619 3).
2179 3550 2350 3615 Quod
2381 3566 2522 3618 ergo
2555 3552 2741 3605 tritici
2763 3563 3102 3604 mensuram
3147 3546 3411 3600 Christus
3448 3559 3600 3599 nun-

1936 3643 2135 3709 cupat,
2168 3638 2364 3709 ipsam
2391 3653 2732 3694 mensuram
2760 3638 2904 3704 ﬁdei
2933 3635 3149 3690 Paulus
3193 3631 3477 3703 appellat,
3535 3635 3600 3684 ut

1935 3727 2318 3797 intelligatur,
2347 3727 2492 3782 nihil
2526 3726 2687 3782 aliud
2719 3741 2848 3781 esse
2880 3724 3142 3796 spiritale
3173 3723 3450 3787 triticum,
3485 3720 3597 3774 nisi

1935 3815 2277 3871 Christianae
2307 3815 2447 3870 ﬁdei
2477 3813 2815 3870 venerabile
2848 3815 3314 3868 sacramentum.
3334 3811 3598 3880 Quapro-

1934 3910 2085 3978 pter,
2121 3904 2348 3969 fratres,
2382 3905 2486 3960 ubi
2512 3903 2828 3959 thesaurus
2861 3907 3061 3958 noster
3098 3904 3204 3965 est,
3232 3898 3313 3954 ibi
3363 3897 3600 3953 studeat

1935 3999 1992 4049 et
2021 4010 2122 4049 cor
2153 3997 2426 4048 nostrum
2458 4007 2621 4048 essse
2651 3995 2950 4064 quatenus
2983 3988 3061 4044 ad
3091 4002 3362 4043 amorem
3393 4001 3598 4058 super-

1934 4097 2027 4136 na:
2059 4081 2232 4136 sortis
2264 4079 2650 4136 anhelemus:
2680 4078 2757 4134 ad
2788 4093 2975 4150 quam
3007 4077 3251 4131 beatum
3273 4077 3596 4147 patronum

1935 4175 2206 4226 nostrum
2228 4171 2356 4241 jam
2386 4169 2730 4242 pervenisse
2760 4166 3140 4223 conﬁdimus.
3185 4168 3389 4236 Itaque
3435 4168 3597 4218 aeter-

1934 4259 2028 4314 nis
2061 4258 2363 4314 admixtus
2389 4257 2640 4328 civibus,
2672 4256 2940 4312 divinam
2986 4259 3188 4311 exoret
3217 4252 3596 4308 clementiam

1936 4364 2046 4420 pro
2075 4348 2294 4403 nostris
2317 4347 2581 4403 reatibus
2607 4365 2619 4414 ;
2652 4346 2941 4418 illumque
2972 4344 3148 4399 nobis
3178 4342 3357 4397 faciat
3402 4341 3600 4413 placa-

1938 4435 2116 4491 bilem
2174 4437 2346 4506 cujus
2399 4435 2761 4507 sempiterna
2823 4433 3011 4504 gloria
3079 4446 3186 4502 per
3249 4429 3597 4484 continuam

1936 4524 2150 4579 fruitur
2181 4523 2494 4578 visionem.
2530 4523 2643 4579 Sed
2676 4523 2753 4577 ad
2785 4523 2912 4576 haec
2943 4518 3340 4587 agenda,suee
3371 4515 3601 4570 miseri-

1937 4613 2154 4669 cordiae
2183 4603 2435 4668 manum
2469 4609 2815 4680 Unigcnitus
2860 4607 2958 4662 Dei
3005 4605 3238 4673 inferat,
3285 4602 3458 4672 cujus
3511 4615 3597 4654 re-

1937 4719 2126 4773 gnum
2151 4707 2208 4756 et
2236 4700 2555 4768 imperium
2585 4697 2771 4753 solide
2803 4693 3069 4751 subsistit
3097 4697 3153 4748 et
3171 4693 3506 4763 permanet,
3538 4688 3596 4741 in
3683 4760 3694 4772 .

1939 4791 2161 4846 saecula
2188 4788 2564 4844 saeculorum.
2603 4792 2810 4842 Amen.

2715 4949 2819 5016 ll

2083 5099 2188 5161 DE
2235 5097 2324 5161 SS
2406 5094 2800 5160 MEDARDO
2853 5092 2953 5157 ET
3003 5089 3449 5156 GILDARDO.

2010 5239 2362 5292 Sanctorum
2379 5233 2790 5288 confessorum
2813 5231 3024 5301 gloria,
3039 5246 3146 5303 per
3174 5229 3498 5300 condigna,
3515 5230 3601 5285 di-

1933 5323 2235 5381 lectissimi
2262 5323 2490 5388 fratres,
2532 5320 2914 5390 exageranda
2944 5320 3267 5392 praeconia,
3306 5319 3507 5392 illique
3536 5319 3598 5372 in

1931 5413 2128 5468 laudis
2144 5409 2538 5484 promovendi
2558 5415 2699 5465 sunt
2721 5409 3086 5481 titulum,qui
3108 5409 3340 5464 Christo
3364 5421 3600 5477 semper

1933 5499 2293 5568 conﬁtendo,
2311 5515 2520 5554 verum
2553 5498 2986 5571 perhibuerunt
3008 5495 3595 5553 testimonium.Cum

1930 5589 2088 5644 enim
2121 5588 2350 5642 minina
2376 5586 2448 5641 de
2481 5603 2550 5642 eo
2583 5587 3026 5652 denuntiarent,
3075 5586 3343 5640 maxima
3398 5586 3596 5638 autem

1933 5676 2227 5735 constanti
2255 5677 2458 5733 animo
2473 5675 2950 5749 praedicarent,in
2969 5690 3092 5730 uno
3112 5674 3358 5744 quidem
3378 5669 3596 5737 angeli,
