4034 6190
400 193 502 247 635

1345 176 1671 236 ODlLONlS
1709 171 2023 231 MONACHI
2066 170 2122 228 S.
2164 166 2479 225 MEDARDI
2521 166 2878 222 SUESSION.
3673 176 3754 231 333

399 315 460 369 in
482 314 666 370 altero
690 327 831 366 vero
860 310 1039 377 digne
1064 302 1405 374 nuncupari
1437 303 1780 357 meruerunt
1807 296 2057 353 archan-
2090 296 2137 347 A
2168 292 2332 349 stitas
2372 306 2597 355 magna
2623 290 2748 345 sine
2796 289 2958 344 bono
3002 300 3182 359 opere
3236 299 3340 340 nec
3385 302 3527 358 opus
3568 291 3756 353 bonum

402 403 534 474 geli.
572 406 635 457 Et
660 402 799 473 quia
829 394 1149 468 Apostulus
1176 393 1283 449 ait:
1304 393 1607 460 Templum
1636 391 1741 444 Dei
1762 392 2056 454 sanctum,

402 492 560 563 quod
615 491 750 545 estis
802 501 899 540 vos
957 484 1013 551 (1
1044 482 1179 537 Cor.
1216 498 1296 550 ιιι,
1348 486 1451 549 t7).
1517 480 1697 549 Cujus
1748 475 1884 533 facti
1924 476 2062 563 sunt

401 561 713 650 templum,
744 572 932 646 ipsius
962 571 1174 645 procul
1204 570 1389 626 dubio
1413 586 1517 625 ara
1548 572 1604 623 et
1631 565 1838 636 regula
1883 561 2060 619 exsti-

402 660 599 723 terunt
628 662 1049 719 sacerdotium.
1085 663 1233 715 Nam
1264 659 1323 714 in
1354 658 1453 714 illa
1484 657 1638 725 regis
1669 654 1869 710 aeterni
1891 666 2059 707 men-

322 800 341 809 -
404 772 492 822 sa,
523 752 879 826 placationis
910 749 1295 805 immolantes
1327 753 1383 803 et
1403 745 1756 819 expiationis
1778 741 2057 805 hostiam,

402 860 508 917 per
530 848 669 899 vota
690 842 804 914 pias
834 839 1246 907 confessionis,
1277 854 1437 910 saepe
1469 841 1704 905 gratum
1736 843 1850 890 er
1879 830 2060 886 sacri-

402 932 605 988 ﬁcium
630 933 913 987 humanae
942 927 1291 985 obtulerunt
1329 922 1844 981 reconciliationis.
1899 918 2061 975 Unde

404 1028 461 1078 et
487 1022 547 1076 in
574 1035 822 1076 munere
852 1018 1080 1074 virtutis
1109 1015 1229 1071 vim
1260 1012 1638 1081 obligationis
1681 1013 2061 1083 potestatem-

405 1127 524 1183 que
556 1110 944 1165 obtinuerunt
974 1106 1305 1173 solutionis,
1338 1109 1402 1158 ut
1431 1102 1595 1174 quod
1639 1115 1848 1155 eorum
1895 1097 2062 1151 sede-

406 1202 494 1253 ret
524 1197 784 1261 arbitrio,
820 1211 1022 1250 rarum
1050 1209 1156 1265 per
1188 1193 1453 1248 divinam
1478 1189 1888 1246 auctoritatem
1910 1190 2067 1241 esset

405 1288 464 1342 in
496 1287 663 1342 omlo.
700 1289 807 1341 Pro
831 1285 1047 1340 talibus
1080 1299 1222 1351 ergo
1254 1282 1599 1337 meritorum
1634 1274 2063 1349 praerogativis,

401 1377 533 1447 jure
564 1375 623 1430 in
656 1374 888 1430 titulum
918 1371 1313 1446 promovendi
1344 1374 1482 1425 sunt
1511 1368 1726 1436 laudis,
1770 1382 1924 1437 quos
1956 1379 2065 1435 pro

408 1466 498 1521 sui
529 1465 788 1520 nominis
838 1463 1233 1525 confessione,
1284 1459 1507 1516 amoris
1539 1458 1731 1513 intimi
1760 1452 2066 1527 privilegio

409 1554 655 1609 donavit
704 1554 829 1625 ipse
860 1556 973 1608 Rex
1000 1551 1262 1622 justitiae.
1314 1550 1425 1606 Sed
1459 1548 1536 1603 illi
1572 1546 1885 1601 Dominum
1934 1557 2069 1597 vere

2164 381 2236 437 sit
2267 380 2493 451 aliquid
2526 380 2649 435 sine
2676 379 2963 446 castitate,
2997 380 3317 445 utrumque
3341 379 3522 433 tamen
3542 382 3759 449 agebant

2164 486 2271 542 per
2303 468 2742 534 discretionem,
2793 482 2867 521 ue
2917 463 3215 537 appetitus
3268 462 3454 519 laudis
3497 468 3660 525 animi
3701 474 3760 529 ad

2167 559 2286 615 alia
2330 558 2625 615 tendentis
2674 556 2972 624 frangeret
3029 551 3428 609 intentionem.
3485 557 3762 617 Prascinctis

2166 647 2345 713 igitur
2376 645 2616 712 lumbis,
2646 645 2922 701 lucernas
2951 641 3230 698 ardentes
3262 640 3530 698 tenebant
3574 644 3628 701 in
3667 664 3765 705 ma-

2168 734 2346 790 nibus
2377 735 2519 801 suis,
2552 737 2850 806 quatenus
2872 736 2929 786 et
2955 729 3251 786 munditia
3275 730 3543 785 castitatis
3561 740 3699 791 esset
3720 736 3765 791 in

2167 840 2437 896 corpore,
2468 830 2525 880 et
2563 824 2765 896 palam
2795 822 2993 894 ipsum
3024 820 3227 876 lumen
3258 818 3506 875 veritatis
3534 821 3771 880 claresce-

2170 918 2256 969 ret
2280 914 2340 968 in
2367 912 2731 986 operatione.

2244 1006 2395 1058 Inter
2420 1003 2532 1057 hos
2562 1017 2704 1057 sane
2738 1013 2971 1067 magnae
3002 996 3394 1053 venerationis
3414 997 3769 1061 viros,beatos

2173 1091 2516 1147 Medardum
2550 1096 2605 1145 et
2635 1089 2984 1146 Gildardum
3026 1102 3154 1142 esse
3199 1085 3473 1141 novimus
3523 1089 3770 1157 egregios,

2175 1180 2278 1251 qui
2303 1179 2655 1269 serpentium
2685 1177 3014 1251 prudentiae
3045 1174 3347 1241 astutiam,
3388 1180 3442 1229 et
3466 1175 3771 1233 columbinm

2174 1264 2565 1341 simplicitatis
2595 1268 2759 1340 piam
2790 1265 3051 1322 aemulati
3083 1269 3221 1319 sunt
3249 1264 3647 1320 innocentiam.
3688 1266 3775 1321 Ho-

2174 1375 2309 1414 rum
2367 1374 2521 1413 unus
2577 1356 2890 1430 premebat
2948 1354 3105 1423 vitia,
3156 1354 3304 1410 alter
3361 1368 3494 1409 vero
3542 1353 3772 1411 virtutum

2174 1448 2399 1504 illibata
2452 1446 2729 1502 servabat
2778 1446 2917 1515 jura
2962 1461 2973 1499 :
3021 1448 3078 1498 et
3113 1441 3347 1499 cautela
3384 1442 3666 1514 utriusque
3696 1444 3777 1498 ler-

2176 1542 2444 1592 mentum
2478 1535 2716 1591 malitiae
2766 1539 2824 1589 et
2871 1532 3151 1605 nequitite
3199 1530 3440 1587 solerter
3465 1536 3777 1587 noveratca-

413 1648 640 1711 amant,
669 1618 930 1712 quorum
964 1618 1223 1695 mentem
1251 1638 1563 1694 delectatio
1586 1651 1771 1708 prava
1817 1649 1885 1688 ex
1924 1647 2067 1686 con-
2101 1642 2142 1695 Β
2179 1642 2332 1681 vere.
2391 1629 2496 1681 Per
2538 1626 2650 1681 hoc
2692 1624 2754 1680 in
2803 1626 3069 1678 errantes
3097 1618 3546 1688 invehebantur,
3575 1620 3664 1675 sed
3697 1635 3779 1691 per

414 1746 595 1786 sensu
616 1746 735 1785 non
766 1735 1027 1800 superat,
1060 1728 1159 1799 qui
1194 1729 1372 1783 etiam
1404 1743 1473 1781 eo
1520 1726 1593 1780 ad
1641 1738 1909 1780 amorem
1941 1720 2070 1789 ejus

410 1819 798 1883 incalescunt,
823 1834 945 1889 quo
975 1817 1182 1872 cedere
1214 1814 1600 1871 clandestinis
1628 1810 2068 1868 imminentium

415 1912 507 1962 ten
518 1908 805 1962 tationum
833 1905 1321 1978 subreptionibus
1350 1904 1640 1959 nesciunt.
1661 1899 1965 1971 Siquidem
1987 1897 2070 1952 in~

412 1994 866 2051 dissociabiliter
923 1993 1177 2055 accensi.
1239 1991 1579 2047 caelestibus
1656 1988 1863 2044 merito
1921 1985 2071 2041 inter

414 2084 724 2140 cherubim
756 2086 813 2137 et
848 2083 1149 2155 seraphim
1194 2096 1479 2137 numeros
1525 2080 1907 2150 deputantur,
1960 2074 2069 2130 ibi-

412 2189 531 2246 que
562 2177 779 2227 sortem
808 2188 929 2226 suae
958 2171 1259 2242 accipiunt
1290 2166 1752 2235 vocationis,ubi
1775 2164 2070 2221 continua;

414 2260 933 2333 contemplationis
955 2260 1169 2323 studio,
1222 2260 1552 2316 anchoram
1598 2256 1869 2325 detigunt
1911 2269 2073 2309 men-

416 2350 508 2405 tis.
541 2350 723 2418 Cujus
750 2348 1127 2421 perfectionis
1153 2347 1412 2411 culmen,
1446 2346 1593 2401 dum
1642 2344 1799 2399 beati
1839 2343 2073 2398 confes—

416 2454 577 2493 sores
608 2437 895 2506 attingere
924 2436 1339 2501 deliberarent,
1376 2435 1731 2493 studuerunt
1763 2431 1844 2488 nil
1864 2431 1923 2486 in
1956 2430 2071 2487 hoc

415 2527 645 2583 mundo
667 2531 965 2598 appetere,
998 2541 1203 2580 verum
1230 2524 1424 2580 solum
1451 2522 1773 2579 conditoris
1798 2521 1889 2577 sui
1916 2519 2072 2574 desi—

415 2615 581 2670 derio
607 2614 883 2669 ardenter
911 2614 1158 2669 inhiare.
1200 2612 1467 2669 ’l‘errenis
1507 2611 1732 2683 quippe
1779 2609 2074 2664 abrenun-

419 2704 627 2759 tiantes
657 2702 1174 2773 concupiscentiis,
1216 2700 1555 2757 carnalibus
1593 2698 1941 2755 omnimmle
1987 2711 2074 2749 se-

420 2793 709 2864 metipsos
740 2792 1162 2847 cruciﬁxerunt
1191 2790 1467 2857 lasciviis,
1497 2805 1619 2860 quo
1652 2804 1763 2843 sua
1802 2785 2075 2841 membra

414 2882 675 2937 hostiam
703 2880 981 2935 offerrent
1021 2881 1339 2949 viventem,
1382 2882 1651 2934 sanctam
1684 2882 1919 2946 erque
1971 2890 2075 2945 per

414 2967 765 3024 rationabile
795 2967 1153 3039 obsequium
1185 2966 1519 3037 placentem
1547 2966 1732 3031 (Phil.
1764 2980 1843 3031 iv,
1882 2964 1983 3031 18).
2007 2963 2073 3015 Et

414 3057 557 3129 quia
590 3057 911 3112 noluerunt
940 3056 1074 3111 huic
1107 3054 1324 3110 saeculo
1348 3054 1731 3121 conformari,
1782 3052 1885 3107 sed
1928 3067 2070 3107 con-

416 3150 638 3201 stanter
668 3145 726 3198 in
753 3145 1012 3199 novitate
1045 3160 1256 3199 sensus
1286 3144 1375 3198 sui
1403 3143 1739 3198 institerunt
1784 3141 2072 3197 informa-

415 3234 483 3299 ri,
542 3232 878 3288 secundum
948 3232 1288 3288 interiorem
1343 3231 1720 3287 ambulantes
1766 3229 2073 3285 hominem

416 3325 603 3393 (Rom.
634 3338 735 3385 xu,
768 3324 843 3391 2),
870 3322 1090 3377 sanctis
1120 3322 1343 3377 incitati
1392 3325 1528 3376 sunt
1576 3319 1949 3375 successibus
1999 3318 2073 3374 de

415 3412 627 3467 virtute
652 3412 712 3466 in
742 3411 1039 3467 virtutem.
1099 3410 1187 3465 Ad
1244 3410 1411 3467 illum
1457 3410 1616 3465 enim
1673 3408 2074 3464 indesinenter

417 3500 721 3567 anhelant,
751 3498 845 3554 cui
884 3499 1115 3554 devotis
1160 3498 1462 3554 mentibus
1508 3512 1942 3570 usquequaque
1992 3496 2074 3552 in-

414 3587 729 3655 haeserunt,
779 3587 924 3659 quia
978 3602 1208 3659 pennas
1257 3591 1714 3655 assumpserant
1779 3590 2073 3657 tanquam

416 3676 733 3743 columbae,
761 3692 866 3748 per
893 3692 1047 3747 quas
1076 3675 1276 3732 volare
1306 3676 1385 3731 ad
1416 3675 1676 3732 coelestia
1728 3679 1973 3748 possent
2019 3678 2077 3730 et

414 3764 804 3837 requiescere.
869 3763 1191 3820 Dominum
1246 3763 1447 3835 itaque
1508 3779 1639 3818 vere
1702 3765 2072 3825 amaverunt,

416 3854 589 3923 cujus
614 3854 901 3909 mandata
928 3857 985 3907 et
1008 3857 1308 3925 praecepta
1337 3852 2077 3923 custodierunt,quateuus

418 3942 495 3996 ab
526 3942 655 4012 ejus
682 3940 877 3996 divelli
921 3956 1148 4008 amore,
1206 3956 1316 3997 nec
1361 3941 1419 3996 in
1466 3942 1597 4013 ipsa
1629 3944 1874 4012 possent
1898 3939 2076 3995 etiam

418 4046 554 4085 cum
610 4031 1034 4095 etfervesceret,
1092 4030 1488 4086 tentationum
1536 4028 1876 4085 inﬂictione.
1928 4028 2078 4083 Cum

419 4123 620 4173 autem
650 4119 869 4173 Veritas
898 4118 1058 4174 dicat
1091 4119 1261 4175 :Sint
1296 4119 1485 4174 (unzbi
1522 4118 1703 4172 vestri
1740 4118 2075 4187 praecincti,

418 4212 473 4263 et
496 4208 755 4262 lucerna:
780 4208 1058 4263 ardentes
1087 4209 1150 4264 in
1179 4208 1455 4264 manibus
1502 4208 1709 4263 vestris
1756 4209 1919 4277 (Luc.
1974 4224 2075 4275 xu,

420 4298 528 4365 35).
565 4298 608 4352 Ο
639 4300 787 4368 quot
816 4295 926 4351 sibi
982 4313 1189 4352 cruces
1249 4295 1683 4363 consciverunt,
1729 4295 1833 4367 qui
1878 4296 1937 4351 in
1968 4312 2078 4350 suo
2105 4338 2154 4392 Β

418 4402 668 4459 corpore
694 4386 943 4441 luxurias
972 4386 1205 4442 ﬂuxum
1244 4386 1528 4441 edomare
1558 4385 1909 4454 potuerunt!
1944 4384 2078 4440 Sine

417 4476 573 4532 ferro
600 4476 841 4545 etenim,
875 4476 1123 4545 longum
1156 4474 1508 4545 martyrium
1554 4473 1611 4528 in
1666 4473 1787 4529 suis
1826 4474 2078 4547 pertule-

416 4571 556 4620 runt
586 4565 894 4631 membris,
922 4569 984 4619 ut
1013 4564 1177 4635 quod
1220 4562 1530 4632 sanguinis
1580 4579 1701 4617 non
1749 4561 2080 4618 contulerat

418 4654 953 4724 etfusio,conferret
983 4654 1162 4708 etiam
1193 4652 1425 4727 prolixa
1446 4654 1504 4706 in
1537 4653 1828 4707 attritione
1862 4650 2077 4719 ﬂagelli

420 4743 831 4799 membrorum
857 4742 1112 4798 vexatio.
1145 4747 1223 4797 Ac
1255 4741 1515 4813 primum
1548 4740 1658 4795 illis
1683 4741 1745 4795 in
1768 4740 2077 4795 tenacitate

420 4832 590 4887 cibus
616 4836 671 4886 et
700 4832 1005 4887 in....erat
1032 4836 1231 4903 potus,
1274 4847 1412 4885 cum
1437 4829 1661 4884 indicta
1708 4828 2080 4900 parcimonia

420 4922 481 4975 in
500 4926 775 4993 utroque,
806 4921 981 4975 veluti
1014 4922 1154 4990 ﬁne,
1188 4922 1393 4976 Cerere
1425 4924 1481 4975 et
1523 4919 1749 4983 Libero,
1796 4921 2077 4973 Venerem

422 5015 697 5064 constare
722 5010 949 5079 frigere.
984 5009 1207 5066 Pallida
1229 5027 1337 5065 ora
1363 5026 1484 5083 prie
1521 5008 1718 5064 nimiis
1766 5008 2079 5063 trahebant

418 5098 679 5169 jejuniis,
717 5100 929 5167 setiger
956 5099 1196 5154 habitus
1227 5101 1406 5155 situm
1437 5098 1753 5154 induxerat
1802 5097 2077 5169 Ethyopi-

424 5205 509 5243 cae
553 5188 726 5255 cutis,
784 5193 840 5243 et
880 5188 941 5243 in
988 5188 1200 5256 vigiliis
1239 5193 1521 5243 constans
1558 5193 1685 5243 erat
1713 5187 1972 5250 animus,
2004 5204 2077 5243 ne

424 5292 597 5333 mens
633 5279 749 5331 Deo
780 5276 994 5330 devota
1023 5276 1276 5331 vacabat
1305 5276 1384 5331 ab
1410 5276 1799 5332 orationibus.
1832 5277 2077 5332 Praecin-

425 5370 552 5421 ctos
610 5380 854 5438 quoque
901 5363 1142 5419 lumbos
1188 5365 1511 5433 habebant,
1552 5367 1745 5422 carnis
1780 5366 2078 5421 luxuriam

424 5457 771 5512 cohibentes
804 5469 910 5525 per
940 5453 1386 5524 continentiam,
1421 5460 1478 5511 et
1499 5456 1771 5513 lucernas
1806 5457 2080 5511 ardentes

422 5545 708 5603 tenebant
730 5546 791 5600 in
819 5542 1101 5598 manibus
1131 5545 1270 5615 suis,
1312 5562 1417 5618 per
1457 5546 1619 5603 bona
1670 5561 1876 5619 opera,
1932 5546 2081 5601 lucis

418 5634 694 5711 exempla
722 5635 1129 5692 monstrantes
1156 5636 1467 5707 proximis.
1523 5641 1795 5710 Cumque
1840 5650 1949 5689 nec
1988 5651 2084 5691 ca-

2176 1715 2321 1770 ὶΙΙυιΙ
2348 1713 2701 1770 invectionis
2729 1729 2852 1767 suae
2874 1710 3145 1768 habenas
3169 1709 3647 1773 moderabantur;
3665 1709 3779 1780 quia

2177 1820 2318 1859 cum
2347 1804 2408 1861 in
2434 1803 2549 1858 ore'
2568 1806 2811 1859 sonaret
2829 1800 3133 1865 correctio,
3177 1798 3511 1856 nullatenus
3539 1803 3709 1854 tamen
3732 1798 3780 1852 in

2178 1894 2359 1949 corde
2382 1898 2632 1965 paterna
2656 1890 3024 1947 dormitabat
3051 1889 3259 1945 oratio.
3326 1891 3468 1943 Nam
3505 1888 3635 1942 dum
3672 1902 3781 1941 cen-

2179 1999 2318 2039 sura
2341 1999 2519 2037 suum
2554 1984 2774 2037 teneret
2800 1980 3076 2049 rigorem,
3114 1977 3321 2034 levitas
3353 1992 3583 2049 quoque
3623 1975 3781 2031 cordis

2178 2069 2585 2143 praetendebat
2609 2067 3156 2131 mansuetudinem,
3181 2070 3238 2122 et
3262 2065 3431 2137 quod
3458 2065 3611 2121 istius
3632 2080 3783 2120 erase-

2179 2164 2270 2215 rat
2299 2159 2463 2226 lima,
2493 2158 2650 2214 illius
2687 2173 2794 2230 per
2833 2155 3271 2228 compassionis
3326 2154 3568 2223 gratiam
3603 2157 3781 2224 tempe-

2178 2247 2371 2304 rando
2401 2247 2651 2303 curabat
2682 2246 2876 2303 litura.
2930 2245 3072 2302 Hinc
3116 2259 3190 2299 ex
3222 2242 3451 2314 judicio
3493 2243 3651 2311 justas
3673 2255 3781 2296 exa-

2180 2336 2547 2401 minationis,
2584 2335 2721 2391 facti
2751 2338 2893 2391 sunt
2919 2333 3223 2390 evidenter
3272 2331 3466 2387 throni
3506 2331 3592 2385 sui
3623 2328 3784 2385 condi-

2181 2426 2344 2494 toris,
2401 2441 2509 2496 per
2555 2440 2710 2496 quos
2757 2428 2816 2480 et
2859 2426 3067 2480 sancta
3114 2420 3376 2477 Ecclesia
3406 2419 3708 2489 regebatur,
3743 2422 3786 2471 et

2182 2514 2535 2586 plerumque
2583 2512 2658 2568 de
2708 2512 2831 2568 suis
2873 2510 3127 2567 inﬁrmis
3159 2510 3418 2571 actibus,
3467 2508 3630 2564 etiam
3654 2506 3786 2561 electi

2177 2602 2628 2674 judicabantur.
2660 2603 2811 2669 Ergo
2839 2599 3006 2671 quod
3039 2598 3215 2655 unius
3245 2597 3483 2655 exacuit
3513 2597 3678 2665 vigor,
3699 2594 3787 2649 hoc

2182 2692 2244 2746 in
2270 2692 2353 2747 eis
2386 2690 2675 2747 moderati
2716 2689 2959 2748 alterius
3008 2702 3131 2743 non
3186 2687 3412 2743 destitit
3461 2691 3631 2758 tepor,
3670 2683 3785 2738 dum

2184 2779 2479 2835 columba:
2508 2778 2949 2850 simplicitatem
2981 2775 3197 2832 astutia
3226 2775 3515 2847 serpentis
3557 2770 3792 2828 accende-

2184 2873 2290 2935 ret,
2340 2872 2397 2924 et
2450 2867 2730 2924 astutiam
2786 2864 3077 2938 serpentis
3132 2864 3433 2921 columbae
3495 2861 3791 2934 simplicitas

2184 2960 2559 3029 temperaret.

2256 3059 2501 3115 Subnixi
2534 3073 2673 3113 vero
2705 3056 3010 3112 voluntate
3052 3055 3234 3122 bona,
3279 3055 3714 3128 quibuscunque
3747 3048 3791 3103 in

2184 3146 2581 3202 tribulationis
2630 3146 3058 3202 succurrebant
3105 3145 3408 3213 angustia,
3476 3146 3530 3197 et
3575 3138 3797 3212 qualibet

2184 3236 2410 3290 affectis
2466 3236 2803 3291 calamitate
2856 3249 3035 3305 opem
3088 3248 3212 3288 suae
3271 3228 3688 3291 consolationis,
3729 3226 3796 3279 in-

2186 3324 2343 3393 clyta
2368 3324 2739 3380 adhibebant
2767 3322 3165 3378 miseratione.
3198 3321 3375 3386 Quod
3414 3319 3566 3376 enim
3603 3316 3797 3371 sibimet

2184 3413 2329 3485 ipsis
2354 3456 2369 3481 ,
2446 3415 2559 3469 hoc
2626 3411 3026 3485 proculdubio
3091 3410 3477 3482 imputabant
3530 3407 3661 3467 aliis,
3712 3416 3796 3457 nec

2185 3502 2663 3573 preejudicabant
2688 3501 2747 3556 in
2778 3500 3002 3572 aliquo,
3030 3500 3133 3572 qui
3160 3499 3448 3555 omnibus
3477 3496 3667 3553 omnia
3690 3492 3797 3548 facti

2185 3589 2420 3646 fuerant
2446 3589 2699 3645 evidenti
2728 3589 2935 3644 salutis
2952 3588 3199 3658 judicio.
3215 3591 3370 3643 Nam
3387 3587 3575 3643 aliena
3594 3585 3796 3641 damna,

2186 3695 2255 3733 ac
2288 3679 2334 3733 si
2387 3678 2630 3750 propria
2675 3677 3200 3748 conquerebantur
3258 3676 3386 3732 fore
3444 3667 3797 3730 incommoda.

2185 3767 2408 3838 quibus
2466 3767 2823 3821 detrimenta
2872 3765 3126 3821 aliorum
3176 3764 3309 3835 jam
3358 3766 3645 3821 annuente
3692 3763 3797 3814 Deo.

2186 3856 2511 3911 multarum
2568 3858 2923 3927 pepererant
2983 3855 3358 3909 incrementa
3405 3853 3690 3907 virtutum.
3716 3843 3801 3901 Sed

2187 3950 2243 3998 et
2294 3944 2629 3999 renuebant
2679 3943 2893 3998 inferre
2941 3942 3107 4014 quod
3180 3942 3295 3998 sibi
3368 3940 3565 3997 inferri
3626 3936 3803 3993 nullius

2187 4034 2510 4106 cupiebant
2560 4033 2889 4101 exactione,
2947 4047 3057 4087 nec
3117 4032 3428 4101 negabant
3474 4028 3629 4087 alteri
3671 4021 3802 4099 quod

2188 4140 2309 4178 sum
2362 4123 2707 4178 consultum
2764 4137 2893 4176 esse
2946 4121 3371 4193 providebant,
3415 4125 3471 4176 et
3515 4118 3804 4192 proﬁcuum

2187 4211 2439 4267 utilitati.
2494 4213 2763 4283 Cumque
2809 4211 2869 4265 in
2920 4212 3038 4265 Deo
3109 4209 3380 4266 amicum
3431 4215 3486 4265 et
3540 4206 3802 4263 inimicum

2187 4300 2520 4367 diligerent.
2561 4304 2803 4371 propter
2854 4302 3039 4354 Deum
3075 4341 3087 4365 ,
3170 4298 3492 4354 dilectione
3547 4295 3637 4351 Dei
3681 4294 3805 4355 vitle-

2188 4390 2334 4445 bant
2387 4406 2456 4444 ac
2504 4389 2781 4461 proximi,
2832 4388 2933 4443 ubi
2982 4388 3417 4459 prophetarum
3460 4381 3740 4459 plenitudo
3763 4382 3805 4431 et

2186 4478 2364 4533 totius
2391 4494 2630 4533 summa
2660 4476 2806 4541 legis
2834 4476 3118 4532 consistit.
3167 4480 3297 4536 Quo
3348 4475 3627 4532 nimirum
3669 4466 3805 4525 holo-

2186 4570 2429 4631 causto,
2503 4565 2585 4620 nil
2644 4580 2914 4636 unquam
2967 4564 3212 4620 offertur
3266 4563 3619 4637 locupletius
3675 4561 3803 4613 Deo:

2186 4655 2436 4727 quando
2461 4670 2565 4727 per
2590 4654 2705 4710 hoc
2743 4654 2911 4725 quod
2951 4652 3030 4708 illi
3074 4654 3371 4721 immolat,
3430 4653 3580 4710 bene
3634 4648 3806 4704 semet-

2188 4744 2382 4816 ipsam
2413 4744 2615 4798 anima
2644 4743 2703 4797 in
2726 4758 2831 4797 ara
2857 4742 3054 4798 cordis
3088 4747 3330 4799 mactat.
3378 4747 3578 4813 Itaque
3626 4753 3690 4792 ex
3727 4733 3807 4786 bo-

2186 4849 2279 4888 nae
2332 4832 2653 4887 voluntatis
2707 4832 2924 4897 studio,
2976 4848 3214 4904 semper
3246 4832 3487 4904 placere
3539 4818 3804 4884 scrutatori

2188 4922 2459 4977 cordium
2487 4926 2847 4977 curaverunt
2868 4921 3163 4977 altissimo
3187 4938 3200 4981 :
3234 4938 3377 4977 cum
3410 4920 3487 4975 de
3514 4934 3573 4974 se
3598 4911 3805 4972 humilia

2187 5011 2471 5066 sentirent
2498 5010 2598 5082 qui
2632 5009 2961 5082 aliquando
2988 5015 3153 5066 extra
3184 5026 3248 5065 se
3268 5010 3446 5067 fortia
3482 5012 3539 5064 et
3565 4999 3805 5063 sublimia

2189 5102 2466 5169 egissent.

2262 5187 2412 5253 Quin
2446 5204 2586 5242 vero
2618 5203 2818 5242 sermo
2846 5188 3231 5262 propheticus
3260 5188 3344 5244 ait
3380 5189 3599 5244 interea
3640 5182 3706 5237 de
3741 5184 3804 5233 ta-

2188 5278 2347 5333 libus
2379 5295 2391 5331 :
2429 5277 2543 5343 Qui
2571 5282 2711 5331 sunt
2741 5278 2837 5333 illi
2859 5279 2962 5349 qui
2988 5284 3053 5333 ut
3100 5278 3277 5334 nubes
3327 5278 3558 5344 volant,
3586 5279 3638 5329 el
3663 5267 3805 5342 quasi

2188 5367 2475 5423 columbae
2490 5367 2570 5422 ad
2583 5368 2880 5435 fenestras
2894 5383 3032 5422 suas
3063 5369 3203 5433 (Isa.
3222 5368 3400 5435 1.x,8).
3437 5362 3588 5421 Beati
3615 5360 3800 5433 quippe

2188 5456 2282 5510 isti
2300 5454 2690 5525 confessores,
2705 5470 2807 5510 ore
2823 5471 3060 5528 semper
3075 5469 3385 5526 manuque
3407 5451 3651 5515 caalibes,
3674 5443 3797 5500 sacri

2193 5544 2351 5599 verbi
2391 5544 2632 5616 eloquio
2671 5542 2996 5611 torrebant,
3038 5544 3224 5613 signis
3264 5558 3373 5615 per
3410 5540 3586 5597 creba
3610 5533 3801 5607 expeﬂ‘

2192 5638 2415 5705 menta,
2433 5633 2866 5706 virtutibusque
2896 5633 3312 5691 coruscabant.
3358 5636 3425 5688 Et
3444 5631 3583 5705 quia
3599 5642 3690 5682 θος
3717 5637 3795 5677 stl-
