4034 6190
201 211 314 264 637

1639 204 2003 269 SERNONES
2042 207 2236 267 TRES.

3563 213 3668 268 638

204 331 419 393 blimis
457 328 577 385 vita
609 328 933 396 sanctaque
975 340 1010 379 a
1045 326 1296 383 terrenis
1345 318 1638 398 contagiis
1668 328 1886 401 prmdi—
1915 333 1960 383 Α
1995 329 2212 387 horum
2243 331 2429 388 ductu
2461 332 2718 388 aetherea
2746 330 3039 403 panditur
3071 333 3257 401 regia,
3292 334 3509 388 horum
3540 349 3671 389 ver-

203 422 372 477 catio
406 417 814 492 suspenderat,
851 418 907 471 et
952 415 1149 471 nubes
1195 424 1369 474 erant
1398 419 1689 485 volantes,
1711 423 1767 473 et
1806 418 1885 473 ad

205 524 618 583 supernarum
647 506 822 561 etiam
867 503 1160 561 virtutum
1193 506 1441 563 deitieas
1473 507 1887 577 congruebant

205 598 643 657 distinctiones.
677 597 943 665 Cumque
972 594 1280 664 malignos
1311 597 1553 668 spiritus
1584 598 1658 653 de
1686 597 1884 651 obses-

208 690 295 751 sis
321 686 673 759 corporibus
698 683 989 752 fugerent,
1018 699 1249 757 eosque
1276 686 1484 743 virtute
1512 683 1799 741 orationis
1828 691 1885 740 et

206 778 266 835 vi
306 780 571 848 acceptae
612 771 914 847 potestatis
965 773 1355 844 expellerent,
1408 774 1749 830 caelestibus
1794 789 1881 827 re-

205 883 359 927 vera.
397 862 790 939 potestatibus
839 862 1143 932 assignari
1204 864 1609 930 merebantur,
1660 867 1715 917 et
1772 862 1880 917 ad-

204 956 367 1015 mitti
412 953 633 1011 crebris
662 952 1006 1007 deemonum
1050 952 1527 1023 expulsionibus.
1564 950 1674 1017 Qui
1702 950 1880 1008 bonis

203 1043 408 1103 etfecti
439 1042 728 1109 meliores,
761 1055 829 1095 ac
860 1054 967 1111 per
998 1039 1116 1095 hoc
1158 1041 1356 1096 electis
1400 1040 1682 1099 fratribus
1720 1039 1879 1112 prin-

203 1133 507 1204 cipantes,
551 1130 697 1187 inter
746 1143 1031 1185 numeros
1087 1129 1495 1201 principatum
1547 1129 1623 1189 ad
1676 1127 1878 1182 aeterni

206 1221 592 1295 principatus
624 1218 821 1275 sedem
859 1218 1283 1286 congruebant
1310 1218 1529 1291 pariter
1558 1223 1615 1274 et
1650 1217 1873 1273 locum.

207 1310 330 1369 Sed
377 1325 490 1366 nec
528 1310 587 1363 in
620 1306 745 1364 felle
796 1306 1245 1375 amaritudinis,
1274 1324 1383 1363 nec
1412 1307 1472 1363 in
1511 1306 1879 1376 obligatione

204 1398 431 1472 reperti
484 1401 622 1455 sunt
656 1395 1023 1469 iniquitatis;
1067 1397 1177 1467 qui
1226 1397 1373 1461 dum
1426 1396 1664 1453 feliciter
1712 1395 1879 1450 vive-

204 1495 347 1547 rent
386 1486 618 1545 Christo
659 1484 873 1541 mortui
915 1490 1089 1543 erant
1139 1502 1245 1557 per
1294 1484 1879 1543 abrenuntiationem

205 1576 554 1639 carnalium
584 1579 640 1630 et
666 1573 801 1629 huic
832 1573 1086 1629 mundo.
1118 1575 1389 1646 Cumque
1422 1580 1651 1631 terrena
1679 1576 1881 1633 mente

1991 416 2070 470 bo
2098 418 2378 475 ﬁdelibus
2405 419 2663 475 caelestis
2692 423 2861 491 patet
2886 420 3117 488 janua:
3157 423 3302 478 Tum
3325 436 3437 490 per
3458 436 3552 475 eos
3583 437 3670 476 re-

1990 520 2175 572 gnum
2204 506 2492 563 calorum
2525 508 2640 561 vim
2668 507 2917 575 patitur
2933 510 2990 561 et
3010 507 3252 563 violenti
3272 507 3540 581 quotidie
3566 522 3671 578 per

1993 594 2358 663 paenitentiae
2390 596 2678 663 remedia,
2712 598 2971 664 rapiunt
3007 597 3164 653 illud
3191 599 3427 669 (Matth.
3462 615 3523 664 n,
3565 598 3667 667 1‘2).

1992 681 2081 735 Ad
2121 683 2507 756 episcopatus
2554 685 2761 756 itaque
2806 686 3216 745 communiter
3247 688 3508 759 promoti
3539 685 3670 742 offi-

1992 770 2174 838 cium,
2209 774 2610 831 communiter
2640 774 2822 830 etiam
2852 774 3014 830 sacri
3044 776 3351 842 regiminis
3391 792 3671 849 suscepe-

1990 866 2133 915 runt
2161 862 2386 931 locum,
2414 868 2713 935 quatenus
2742 879 2908 935 quos
2948 865 3348 920 communiter
3380 882 3499 924 una
3527 883 3672 923 con-

1987 947 2272 1017 junxerat
2308 950 2480 1016 ﬁdes,
2514 951 2927 1008 communiter
2953 968 3201 1024 quoque
3252 953 3311 1011 in
3342 954 3557 1010 eodem
3587 972 3673 1010 re-

1992 1036 2219 1102 gimine
2246 1053 2368 1094 una
2396 1038 2732 1111 eademque
2762 1045 3151 1096 connecteret
3170 1040 3319 1097 dies.

2066 1125 2151 1180 Ad
2179 1131 2575 1196 augmentum
2601 1127 3004 1185 nihilominus
3021 1130 3223 1198 gloriae
3250 1131 3481 1199 accidit,
3509 1132 3677 1205 quod

1991 1212 2200 1269 audire
2231 1215 2545 1284 diligenter
2576 1220 2773 1272 vestra
2805 1218 3072 1275 Charitas
3103 1219 3263 1276 velit.
3305 1224 3510 1276 Beatos
3539 1238 3679 1279 con-

1990 1299 2246 1358 fessores
2277 1303 2677 1361 indifferenter
2714 1312 3035 1378 exemptos
3065 1309 3318 1378 mundo,
3344 1309 3677 1366 inditferen~

1994 1393 2200 1462 terque
2232 1392 2421 1461 gloria
2474 1399 2528 1448 et
2575 1395 2808 1449 honore
2853 1401 3181 1451 coronatos
3235 1413 3367 1452 esse
3407 1398 3465 1453 in
3499 1399 3670 1456 ccelo.

1996 1479 2142 1535 Hinc
2196 1479 2361 1537 finito
2413 1482 2633 1554 pariter
2678 1499 2900 1540 cursus
2946 1486 3039 1540 sui
3082 1501 3299 1554 agone,
3350 1487 3569 1559 pariter
3598 1488 3673 1543 de

1994 1569 2334 1626 etenulenta
2370 1572 2576 1627 mundi
2631 1572 2943 1639 voragine,
2991 1574 3214 1645 pariter
3244 1575 3318 1629 de
3360 1576 3555 1631 carnis
3588 1594 3676 1631 er-

206 1665 721 1731 transcenderent,
744 1666 797 1719 et
827 1666 963 1719 ante
992 1678 1054 1717 se
1088 1662 1289 1719 cordis
1321 1679 1529 1719 eorum
1550 1662 1705 1718 oculi
1728 1678 1883 1717 sem-
1915 1679 1955 1731 η
1994 1658 2231 1724 gestulo
2289 1658 2495 1724 evulsi,
2562 1659 2909 1732 pariterque
2989 1662 3215 1716 laboris
3278 1663 3366 1717 sui
3453 1670 3672 1720 aeterno

205 1770 320 1827 per
366 1752 758 1818 intenderent,
789 1754 845 1806 et
874 1749 960 1805 eis
1002 1750 1283 1821 subjecta
1335 1750 1475 1806 foris
1517 1750 1877 1818 serviebant,

204 1846 515 1914 quatenus
552 1855 861 1910 nunquam
906 1838 1075 1894 cordi
1114 1839 1491 1908 obsisterent,
1541 1839 1882 1897 transitoria

208 1948 355 2003 quae
382 1927 846 2001 conspiciebant.
880 1922 1062 1997 Igitur
1088 1933 1152 1984 ut
1180 1928 1374 1983 nubes
1400 1929 1666 1987 volantes
1689 1934 1879 2000 erant,

208 2026 270 2077 et
296 2018 477 2091 quasi
515 2017 803 2075 columbae
836 2017 912 2073 ad
943 2018 1238 2073 fenestras
1289 2034 1451 2081 suas,
1502 2018 1605 2089 qui
1649 2018 1882 2075 caduca

215 2106 479 2179 simplici
509 2105 949 2163 considerantes
989 2105 1192 2175 oculo,
1224 2104 1446 2163 nullius
1487 2106 1563 2162 ad
1596 2108 1722 2162 here
1753 2124 1879 2163 mo-

210 2196 519 2251 vebantur
547 2198 651 2251 aut
680 2193 1069 2251 trahebantur
1093 2194 1325 2264 rapinae
1357 2194 1671 2251 desiderio.

284 2282 357 2338 Hi
378 2287 581 2357 autem
603 2297 723 2337 uno
752 2281 995 2350 geminii
1019 2286 1178 2347 ortu,
1214 2296 1511 2352 paresque
1547 2282 1723 2339 unius
1744 2299 1874 2337 san-

214 2371 434 2433 ctitatis
475 2370 821 2429 effulserunt
874 2374 1211 2443 provectu;
1273 2374 1330 2427 et
1378 2371 1532 2427 sicut
1577 2388 1680 2426 eos
1716 2378 1880 2428 ortus

214 2461 502 2534 aequales,
526 2460 607 2516 ita
627 2460 886 2532 optimus
910 2460 1041 2519 vitm
1064 2476 1277 2516 cursus
1296 2459 1356 2515 in
1370 2460 1636 2516 bonitate
1658 2462 1876 2519 forma-

215 2551 298 2607 vit
330 2549 667 2607 unanimes.
704 2549 1129 2607 Verumtamen
1160 2548 1222 2604 in
1256 2553 1528 2605 materno
1553 2551 1683 2619 jam
1714 2555 1881 2605 utero

217 2636 466 2708 mundi,
489 2638 736 2710 imparis
768 2639 902 2697 vitae
930 2638 1206 2707 legentur
1238 2644 1393 2695 sorte
1426 2638 1747 2706 distributi,
1788 2644 1878 2694 ut-

214 2744 457 2800 cunque
488 2727 782 2797 allegoriae
827 2727 1126 2796 subesset,
1180 2732 1427 2797 uterque
1464 2733 1660 2782 tamen
1687 2728 1877 2799 quali-

216 2822 335 2873 tate
357 2816 547 2874 meriti
564 2820 621 2872 et
635 2816 825 2885 gratia
846 2815 1232 2889 discreparet.
1258 2818 1416 2871 Unus
1444 2816 1605 2870 enim
1628 2816 1881 2888 simplex

219 2906 329 2963 fuit
368 2906 650 2963 habitans
692 2905 752 2963 in
796 2904 1221 2973 tabernaculis,
1263 2909 1320 2961 et
1347 2904 1492 2960 alter
1531 2905 1878 2961 smeularem

217 2994 491 3051 militiam
519 2994 781 3051 exercuit
810 2993 871 3049 in
902 2993 1087 3051 armis
1121 3008 1191 3048 ac
1218 3008 1324 3064 per
1354 2993 1466 3048 hoc
1502 2992 1606 3048 iste
1637 2993 1854 3048 electus

217 3083 316 3140 ille
346 3089 547 3139 autem
570 3083 816 3139 omnino
842 3086 1119 3153 apostata
1142 3081 1332 3137 factus
1364 3087 1451 3137 est
1476 3086 1531 3136 et
1562 3082 1873 3154 reprobus.

221 3175 430 3229 Beatos
449 3187 591 3227 vero
617 3170 963 3231 Medardum
990 3175 1047 3226 et
1078 3170 1425 3226 Gildardum
1452 3187 1606 3225 unus
1632 3171 1876 3242 quidem

218 3267 384 3318 ortus
406 3260 614 3318 eﬁ‘udit
636 3261 695 3317 in
715 3260 1033 3330 mundum,
1060 3260 1168 3316 sed
1189 3259 1410 3331 quibus
1422 3260 1732 3319 exordium
1756 3276 1878 3315 una

218 3348 468 3407 contulit
494 3347 795 3415 nativitas,
828 3347 1042 3405 eadem
1077 3348 1137 3403 in
1171 3346 1479 3409 sanctitate
1511 3352 1567 3403 et
1600 3347 1875 3416 magniﬁ-

219 3437 413 3495 centia
438 3436 743 3508 applausit
769 3436 1028 3496 libertas.
1059 3439 1204 3492 Nam
1228 3436 1340 3491 sub
1366 3436 1543 3492 unius
1570 3437 1727 3493 horae
1760 3436 1877 3491 edi-

218 3531 313 3582 tos
341 3525 611 3593 articulo,
646 3541 766 3582 una
796 3525 856 3583 in
883 3523 1002 3581 ﬁde
1046 3524 1230 3583 tenuit
1264 3525 1556 3580 confessio
1583 3544 1595 3594 ;
1654 3540 1876 3597 eosque

220 3616 405 3673 virtus
431 3616 625 3672 socios
674 3614 951 3682 reddidit,
1008 3630 1165 3686 quos
1204 3620 1417 3671 natura
1464 3614 1525 3668 in
1568 3618 1875 3670 momento

221 3704 503 3776 temporis
524 3703 797 3774 geminas
823 3702 1082 3775 protulit.
1121 3706 1270 3759 Dum
1300 3718 1443 3771 ergo
1474 3702 1618 3758 tales
1649 3703 1873 3758 enitue-

218 3797 376 3860 runt,
400 3791 762 3863 ‘parentibus
810 3790 1149 3851 conformes
1181 3806 1243 3844 se
1286 3791 1345 3845 in
1385 3790 1558 3847 bonis
1588 3790 1873 3847 exhibue-

221 3884 359 3936 runt
386 3879 742 3937 actionibus.
778 3882 845 3939 Et
872 3894 1026 3951 quos
1064 3879 1329 3935 mundus
1371 3894 1605 3934 cozevos
1644 3878 1873 3945 habuit,

222 3968 495 4027 conscios
524 3968 760 4040 pietatis
783 3982 963 4040 opere
997 3967 1167 4025 sinus
1191 3967 1460 4025 Ecclesiae
1486 3967 1690 4024 matris
1710 3967 1873 4023 aluit.

298 4056 442 4115 Illud
492 4072 630 4113 vero
660 4056 721 4112 in
763 4056 855 4115 his
887 4056 1210 4128 spectabile
1267 4056 1668 4129 omnibusque
1710 4072 1879 4113 cons-

224 4150 307 4203 tat
330 4146 562 4203 seeculis
592 4145 1007 4214 memorabile,
1047 4146 1214 4218 quod
1262 4162 1384 4205 una
1414 4145 1878 4205 consecrationis

223 4250 342 4293 suae
383 4233 657 4306 gloriam,
709 4250 950 4307 unaque
999 4233 1403 4305 pontificalem
1447 4233 1506 4290 in
1534 4233 1878 4306 praelatione

223 4322 489 4383 ﬁdelium
547 4323 747 4395 adepti
791 4326 931 4381 sunt
979 4322 1348 4381 cathedram.
1386 4322 1543 4379 Sicut
1581 4323 1741 4377 enim
1770 4338 1881 4395 par

223 4412 478 4471 carnalis
504 4411 703 4480 editio,
735 4411 819 4469 ita
844 4411 927 4467 eis
958 4427 1070 4484 par
1100 4410 1419 4483 spiritualis
1443 4410 1716 4483 provenit
1745 4427 1881 4467 con-

222 4501 494 4569 seeratio,
525 4506 583 4559 et
626 4501 683 4558 in
714 4500 1132 4561 benedictione
1163 4499 1503 4557 claruerunt
1553 4516 1747 4572 pares,
1778 4499 1881 4572 qui

224 4595 282 4653 in
337 4592 567 4651 cunctis
622 4591 863 4663 justitiaa
944 4590 1283 4661 generibus,
1354 4589 1692 4647 nullatenus
1760 4590 1878 4645 cla-

218 4685 467 4745 ruerunt
518 4680 803 4753 impares.
840 4680 1037 4736 Ambo
1093 4679 1318 4753 quippe
1368 4679 1497 4752 pari
1543 4678 1881 4735 conditione

223 4769 596 4839 sanctiﬁcati,
652 4770 835 4829 ambo
880 4774 1017 4831 sunt
1047 4785 1225 4841 aequa
1271 4773 1429 4825 sorte
1461 4767 1794 4825 consecrati
1825 4771 1883 4822 et

222 4860 424 4918 divino
476 4858 724 4917 delibuti
754 4858 1091 4925 chrismate,
1124 4859 1228 4930 qui
1260 4858 1496 4914 animas
1547 4856 1884 4928 suscepturi

220 4953 412 5018 erant,
440 4951 822 5007 sacrosancto
851 4946 1216 5007 defecandas
1246 4946 1628 5018 baptismate.
1657 4944 1881 4999 Ambos

217 5054 343 5097 una
395 5036 547 5095 hora
596 5053 766 5095 veros
826 5036 924 5097 Dei
975 5036 1307 5109 praesules;
1359 5034 1573 5091 ambos
1604 5049 1725 5089 una
1788 5051 1882 5089 ca-

214 5128 482 5198 demque
511 5126 638 5185 dies
669 5126 941 5197 egregios
997 5124 1220 5183 ereavit
1263 5124 1596 5199 pontiﬁces,
1641 5127 1695 5178 et
1742 5139 1884 5179 vera

220 5216 425 5273 statuit
454 5215 667 5275 mundi
694 5216 926 5275 lumina
967 5214 1148 5270 solari
1179 5213 1322 5269 orbe
1352 5212 1664 5279 lucidiora,
1696 5217 1752 5268 et
1801 5212 1884 5267 lu-

220 5306 355 5367 nari
410 5304 692 5377 lampade
764 5304 1191 5377 splendidiora.
1260 5305 1419 5359 Unus
1472 5302 1716 5374 quidem
1774 5303 1881 5357 ho-

221 5410 361 5453 rum
406 5394 899 5463 Noviomagensis
928 5393 1269 5466 episcopus,
1304 5391 1450 5447 alter
1480 5406 1621 5445 vero
1663 5390 1883 5445 Rotbo-

220 5482 530 5551 magensis
595 5483 957 5552 subrogatus
1022 5487 1109 5537 est
1172 5480 1699 5552 archiepiscopus;
1771 5478 1882 5533 sic-

218 5587 341 5647 que
375 5570 741 5641 sutfiaganei
774 5571 988 5642 vicem,
1033 5570 1129 5627 ille
1159 5575 1360 5626 autem
1407 5568 1484 5624 ad
1517 5565 1881 5624 sublimioris

221 5659 403 5719 ofﬁcii
439 5660 861 5722 testimonium,
896 5659 1336 5735 metropolitani
1371 5657 1627 5717 obtinuit
1655 5657 1879 5724 sedem,

1863 3037 1875 3062 ’
1919 3035 1958 3088 Ο

1995 1746 2293 1803 consolati
2347 1752 2485 1803 sunt
2541 1747 2814 1818 praemio.
2851 1751 2897 1804 Ο
2950 1766 3139 1821 quam
3169 1750 3338 1822 pium
3371 1758 3673 1822 spectacu-

1991 1836 2120 1891 lum
2152 1837 2164 1892 Ξ
2201 1839 2243 1893 Ο
2297 1853 2482 1908 quam
2538 1837 2812 1893 mirabile
2865 1844 2957 1893 est
2987 1840 3046 1893 in
3077 1842 3204 1894 istis
3255 1841 3488 1911 pietatis
3515 1842 3674 1912 judi-

1991 1927 2154 1981 cium
2180 1927 2191 1981 ι
2229 1927 2408 1982 simul
2439 1943 2703 2001 namque
2737 1928 3019 2001 concepti
3048 1934 3104 1983 et
3136 1929 3338 1998 geniti,
3370 1930 3670 2002 simulque

1993 2022 2131 2070 sunt
2157 2014 2298 2070 ﬁdei
2332 2016 2608 2087 primitiis
2639 2016 2857 2083 nubiti,
2911 2018 3090 2072 simul
3122 2018 3398 2073 salutaris
3448 2018 3670 2092 baptis-

1994 2104 2168 2159 matis
2192 2111 2666 2173 sacramen‘um,
2696 2104 3003 2177 simulque
3028 2106 3417 2161 fortissimum
3446 2107 3665 2164 divinae

1992 2193 2213 2249 militiae
2247 2197 2635 2265 sumpserunt
2678 2194 3067 2263 tyrocinium.
3114 2194 3297 2250 Simul
3334 2196 3664 2265 apostolica

1992 2281 2407 2336 benedictione
2440 2281 2725 2350 insigniti,
2777 2282 3079 2354 simulque
3115 2288 3254 2337 sunt
3301 2283 3661 2355 pontificali-

1989 2371 2107 2431 bus
2138 2370 2337 2425 infulis
2370 2370 2649 2436 redimiti,
2690 2370 2870 2425 simul
2903 2371 2983 2425 ad
3032 2373 3293 2443 patrium
3337 2372 3535 2427 emissi
3566 2389 3659 2428 re-

1993 2460 2217 2529 gimen.
2252 2459 2552 2529 simulque
2586 2459 2845 2513 subditis
2878 2461 3016 2514 facti
3074 2467 3212 2515 sunt
3260 2462 3571 2534 speculum
3603 2470 3660 2521 et

1991 2548 2313 2619 specimen.
2347 2547 2533 2601 Simul
2581 2546 2901 2619 pastoralis
2949 2548 3127 2603 ofﬁcii
3158 2556 3515 2621 peregerunt
3553 2568 3656 2607 cu-

1988 2653 2139 2703 ram,
2200 2634 2497 2706 simulque
2554 2651 2734 2706 super
2797 2636 3172 2692 Dominicam
3226 2638 3659 2697 laboraverunt

1990 2724 2204 2796 pecuni
2250 2741 2331 2789 IIl,
2363 2723 2541 2778 simul
2572 2722 2782 2778 fideles
2836 2725 3187 2782 exstiterunt
3215 2726 3275 2783 in
3307 2728 3654 2792 commisso,

1991 2814 2291 2886 simulque
2339 2813 2708 2881 geminatum
2768 2813 3001 2868 lucrum
3056 2814 3129 2868 de
3160 2822 3406 2888 accepto
3447 2817 3657 2875 retule-

1990 2907 2127 2957 runt
2154 2901 2393 2956 talento.
2432 2900 2619 2954 Simul
2646 2899 2860 2955 lethale
2894 2902 3100 2956 mortis
3124 2903 3537 2974 persolverunt
3557 2904 3656 2958 de-

1991 2993 2201 3057 bitum,
2223 2989 2519 3062 simulque
2542 2992 2622 3044 ad
2650 2995 2938 3046 aeternum
2956 2997 3355 3063 pervenerunt
3374 3009 3652 3062 regnum,

1992 3080 2172 3136 simul
2204 3077 2512 3134 clarissimi
2546 3079 2897 3135 exstiterunt
2936 3079 3210 3147 victores,
3245 3081 3543 3152 simulque
3576 3081 3656 3137 ad

1990 3175 2274 3224 aeternam
2333 3167 2585 3236 gloriam
2646 3168 2903 3239 suscepti
2966 3173 3105 3223 sunt
3162 3169 3651 3241 triumphantes;

1989 3258 2163 3315 simul
2190 3257 2366 3325 igitur
2398 3256 2641 3311 terrenis
2664 3256 2841 3311 rebus
2875 3256 3097 3326 eximii,
3122 3257 3423 3329 simulque
3454 3256 3657 3311 coeles-

1988 3348 2144 3403 tibus
2177 3349 2523 3400 meruerunt
2549 3345 2753 3411 inseri,
2793 3345 2971 3400 simul
3001 3360 3261 3417 quaeque
3291 3344 3654 3417 corruptibi-

1985 3434 2066 3491 lia
2121 3437 2457 3497 evaserunt,
2492 3432 2788 3505 simulque
2847 3432 3322 3505 incorruptibilia
3374 3432 3654 3504 perennis

1988 3522 2120 3579 vitae
2155 3521 2376 3591 gaudia
2406 3519 2735 3574 subierunt.

2044 3612 2340 3683 .Praeterea
2366 3610 2392 3661 J
2401 3606 2590 3661 unctis
2622 3606 3053 3678 gemmatisque
3098 3607 3347 3676 meritis,
3378 3604 3655 3661 festivum

1987 3698 2372 3753 instituerunt
2427 3693 2583 3748 diem
2643 3709 2879 3761 magnae
2942 3693 3317 3761 celebritatis,
3372 3692 3655 3761 angelicis

1986 3786 2271 3841 nimirum
2305 3783 2611 3855 spiritibus
2644 3797 2879 3854 semper
2917 3783 3353 3849 venerandam,
3404 3781 3658 3837 Christo-

1989 3876 2133 3932 colis
2165 3876 2367 3932 itidem
2395 3873 2636 3945 populis
2660 3871 2855 3927 ubivis
2883 3871 3154 3927 locorum
3188 3870 3655 3945 przecordialiter

1989 3963 2398 4021 recolendum.
2432 3963 2652 4017 Omnes
2705 3960 2861 4015 enim
2917 3959 3322 4019 indesinenter
3362 3960 3654 4016 debemus

1990 4053 2266 4117 recolere,
2301 4058 2357 4107 et
2380 4050 2748 4105 incessanter
2776 4048 2853 4105 ad
2895 4049 3109 4104 mentis
3140 4051 3347 4105 oculos
3375 4065 3655 4105 revocare

1990 4144 2207 4198 horum
2234 4157 2406 4197 mens
2432 4141 2489 4193 in
2517 4143 2742 4211 quanto
2774 4138 3034 4193 culmine
3069 4140 3322 4207 steterit;
3357 4156 3493 4217 quae
3525 4155 3656 4211 per-

1992 4231 2212 4286 fectum
2245 4231 2476 4285 bonum
2506 4227 2761 4300 perfecte
2810 4226 3133 4299 reperiens,
3186 4229 3441 4302 perfecte
3492 4228 3656 4284 deni-

1991 4336 2108 4392 que
2141 4318 2411 4377 tenuerit.
2446 4317 2600 4383 Quid
2629 4317 2789 4373 enim
2818 4321 2904 4372 est
2935 4332 3006 4371 eo
3037 4318 3376 4391 perfectius,
3409 4318 3505 4374 cui
3547 4333 3657 4372 nec

1993 4408 2193 4464 minus
2224 4408 2479 4477 adjacet,
2513 4422 2622 4460 nec
2653 4406 2869 4477 majus,
2903 4406 3008 4478 qui
3040 4422 3147 4460 nec
3178 4406 3242 4465 in
3271 4423 3393 4479 quo
3424 4405 3657 4460 minua-

1994 4502 2087 4551 tur
2118 4496 2300 4561 novit,
2332 4510 2441 4549 nec
2474 4510 2741 4566 unquam
2774 4509 2896 4565 quo
2928 4497 3153 4548 crescat
3198 4493 3422 4567 recipit,
3457 4508 3652 4562 neque

1992 4602 2098 4658 per
2129 4586 2362 4641 initium
2389 4585 2674 4654 nascitur,
2709 4599 2903 4655 neque
2929 4581 3133 4654 aliquo
3161 4582 3399 4638 ﬁnitimi
3430 4587 3655 4653 tempo-

1994 4678 2072 4730 ris
2103 4676 2357 4731 tcrmino
2388 4677 2746 4742 angustatur
2777 4672 2804 4727 ?
2853 4674 3005 4726 Deus
3038 4672 3262 4744 quippe
3296 4685 3534 4742 semper
3563 4674 3656 4725 est

1994 4765 2192 4837 habet,
2227 4764 2372 4819 dum
2406 4779 2533 4817 esse
2567 4777 2743 4816 suum
2766 4759 3076 4832 proprium
3108 4758 3395 4832 possidet,
3425 4758 3575 4815 sicut
3599 4762 3655 4813 et

1994 4854 2046 4909 ei
2076 4869 2245 4909 essen
2259 4851 2466 4907 tialiter
2492 4850 2645 4906 inest
2669 4848 2835 4921 quod
2863 4847 3082 4910 bonus,
3116 4863 3412 4915 summus,
3448 4845 3651 4901 ineffa-

1993 4941 2151 5011 bilis,
2177 4946 2231 4997 et
2261 4938 2815 5013 incircumscriptus
2844 4934 3085 5007 spiritus
3113 4940 3221 4989 est.
3259 4934 3427 4989 Hunc
3452 4939 3653 4989 autem

1995 5030 2168 5103 plene
2219 5033 2275 5084 et
2304 5027 2561 5099 perfecte
2592 5026 2832 5091 habere,
2866 5023 3121 5095 perfecte
3166 5026 3399 5077 constat
3428 5026 3485 5077 et
3530 5022 3656 5077 sine

1995 5120 2113 5175 ﬁne
2149 5119 2365 5187 vivere,
2399 5117 2542 5188 quia
2569 5116 2697 5188 ipse
2728 5114 2847 5169 vita
2874 5117 2958 5167 est
2992 5113 3264 5168 omnium
3301 5131 3312 5167 :
3349 5112 3516 5168 vivus
3544 5113 3654 5167 sci—

1996 5209 2129 5264 licet
2167 5208 2339 5279 panis
2369 5211 2424 5259 et
2468 5209 2721 5259 aeternus
2753 5202 2921 5257 cibus
2952 5202 3326 5269 angelorum.
3378 5205 3528 5270 Ergo
3580 5200 3657 5256 ad

1996 5299 2155 5352 hunc
2209 5296 2367 5350 beati
2418 5293 2788 5349 confessores
2836 5307 2972 5346 cum
3018 5291 3234 5347 celebri
3277 5289 3657 5363 perfectionis

2002 5386 2301 5457 triumpho
2331 5382 2758 5456 pervenientes,
2803 5380 3011 5449 ingens
3044 5380 3335 5452 gaudium
3385 5397 3562 5453 super
3592 5379 3657 5433 .is

1996 5474 2321 5530 intulerunt
2366 5472 2635 5541 civibus;
2678 5475 2733 5527 et
2783 5471 3111 5528 solemnem
3166 5470 3428 5528 laetitiam
3471 5467 3657 5524 omni-

1997 5564 2110 5620 bus
2141 5562 2545 5618 adhibuerunt
2587 5578 2796 5619 eorum
2840 5562 2989 5618 festa
3032 5560 3455 5617 recolentibus.
3507 5558 3657 5613 Inter

1998 5655 2125 5708 haec
2155 5667 2267 5707 nos
2295 5652 2473 5709 etiam
2500 5658 2733 5725 oportet
2755 5653 2922 5719 scire,
2948 5657 3010 5707 ut
3036 5654 3277 5725 maneat
3297 5650 3516 5722 jugiter
3539 5645 3659 5701 alta
