4034 6190
341 155 445 209 639

965 156 1290 211 ODILONIS
1329 155 1642 211 MONACHI
1684 155 1741 211 S.
1782 151 2097 209 MEDARDI
2138 150 2497 210 SUESSION.
2543 153 2909 210 SERMONES
2947 147 3145 209 TRES.

3678 156 3784 208 640

340 276 670 347 repositum
722 281 936 343 mente,
970 276 1133 347 quod
1188 291 1224 332 a
1256 279 1409 333 terra
1441 276 1750 334 suscitavit
1793 275 2002 347 inopes
2044 277 2091 331 Α
2122 273 2319 329 lorum
2351 277 2616 330 catervas
2661 275 2991 348 quotannis
3046 277 3341 346 expetere,
3388 274 3787 347 depositionis

341 363 502 419 etde
559 368 814 420 stercore
857 365 1062 419 divina
1117 363 1431 421 clementia
1471 366 1654 422 erexit
1705 379 2006 439 pauperes

343 452 531 523 (Psal.
567 470 694 520 (:xu,
739 460 789 519 7,
846 456 920 522 8).
968 455 1268 526 Pauperes
1321 455 1547 528 quippe
1607 455 1816 528 spiritu
1869 453 2006 509 facti

343 545 497 612 sunt,
527 545 823 612 quatenus
852 541 1329 599 indeﬁcientibus
1351 543 1643 616 perpetim
1675 545 1834 614 gazis
1855 542 2005 598 dita-

341 634 563 683 rentur.
615 631 912 694 Quoniam
978 631 1038 687 in
1091 632 1175 688 eis
1231 632 1332 688 illa
1380 632 1598 688 exstitit
1653 636 2004 705 paupertas,

341 732 528 788 quam
563 733 686 773 non
716 718 1066 777 facultatum
1116 722 1466 792 indigentia,
1518 721 1624 778 sed
1663 721 2006 778 animorum

342 807 729 863 commendat
756 809 1080 866 humilitas.
1119 811 1280 866 Unde
1306 810 1640 880 margaritae
1664 827 1799 883 quae
1826 825 1997 882 squa-

341 893 544 951 lebant
597 898 659 951 in
706 899 1096 970 sterquilinio,
1138 900 1267 971 jam
1303 904 1629 972 assumptre
1677 899 2004 973 positaeque

344 987 483 1038 sunt
508 984 568 1038 in
601 985 852 1041 cmlestis
882 988 1040 1058 regis
1064 993 1439 1045 ornamento.
1471 992 1603 1045 Jam
1629 989 1781 1044 inter
1803 1003 2004 1061 super-

343 1089 455 1128 nos
503 1075 662 1130 cives
689 1076 968 1146 emicant,
1020 1080 1150 1149 jam
1181 1079 1333 1135 inter
1361 1080 1580 1149 ignitos
1617 1079 1749 1135 illos
1774 1078 2004 1152 lapides

344 1163 546 1217 aeterni
595 1161 950 1221 diadematis
983 1173 1318 1224 coruscant.
1367 1172 1514 1224 Nam
1555 1167 1619 1223 in
1649 1172 1805 1224 terra
1837 1168 2004 1240 prius

343 1251 776 1323 corruptibiles,
822 1254 952 1324 jam
1005 1256 1067 1310 in
1126 1256 1275 1312 coelo
1335 1257 1690 1326 angelorum
1748 1257 2006 1312 existunt

342 1339 704 1408 cohaeredes,
732 1342 1149 1416 rapientesque
1187 1346 1259 1400 de
1294 1362 1473 1402 carne
1505 1351 1819 1419 tropaeum,
1875 1345 2004 1400 inti-

341 1443 444 1483 ma
497 1429 828 1486 Conditoris
861 1433 955 1488 sui
996 1433 1221 1490 visione
1271 1435 1658 1506 perfruuntur
1709 1435 1770 1490 in
1799 1451 2007 1507 perpe-

342 1520 534 1572 tuum.
563 1519 749 1574 Sedet
774 1521 1204 1593 exspoliatione
1237 1524 1326 1578 sui
1347 1525 1632 1596 corporis,
1666 1524 2003 1579 immortale

343 1607 770 1677 compendium
802 1612 1044 1666 mercati
1097 1617 1238 1668 sunt
1281 1613 1448 1682 regni
1485 1613 1776 1680 caelestis;
1821 1617 1877 1668 et
1906 1613 2004 1668 de-

344 1694 539 1765 posita
561 1700 792 1752 terrena
818 1699 1072 1766 sarcina,
1104 1699 1293 1756 induti
1318 1706 1458 1757 sunt
1483 1702 1743 1757 candida
1764 1706 1999 1757 aeternae

342 1785 802 1844 immortalitatis
856 1791 1024 1846 stola.
1085 1795 1348 1855 Quorum
1392 1810 1533 1849 caro
1564 1795 1710 1849 dum
1762 1794 2002 1849 resolvi-

342 1879 437 1929 tur
464 1875 524 1931 in
553 1877 878 1949 pulverem,
912 1880 990 1935 ad
1020 1881 1319 1937 ccelestem
1346 1883 1552 1939 anima
1580 1884 1877 1939 invehitur
1906 1899 1998 1939 re-

343 1965 566 2037 quiem.
605 1967 711 2023 Ubi
749 1969 807 2024 in
839 1970 951 2025 illis
982 1973 1336 2045 aeternisque
1368 1974 1630 2045 pascuis,
1663 1973 1736 2028 de
1768 1973 2000 2029 aeterni-

343 2055 477 2110 tatis
516 2055 705 2124 gloria
753 2057 1072 2115 fulciantur
1102 2077 1240 2116 cum
1280 2063 1566 2118 omnibus
1601 2063 1843 2118 sanctis.
1896 2067 2001 2119 lta-

343 2159 461 2214 que
493 2161 633 2200 suos
680 2162 910 2202 mersos
959 2149 1018 2203 in
1047 2149 1288 2217 inﬁmis,
1322 2151 1397 2206 de
1437 2151 1573 2206 lacu
1602 2151 1858 2206 miseriae
1889 2151 1999 2206 eri-

344 2231 534 2302 piens,
568 2236 624 2287 et
652 2233 725 2288 de
755 2235 880 2290 luto
918 2237 1104 2307 faecis,
1138 2254 1173 2293 a
1229 2243 1383 2294 terra
1417 2239 1704 2294 Dominus
1755 2240 2002 2295 suscitat

345 2319 573 2391 inopes,
603 2325 658 2376 et
687 2322 760 2377 de
792 2328 1045 2381 stercore
1070 2326 1274 2383 divina
1304 2327 1620 2383 clementia
1643 2327 1854 2383 beatos
1884 2327 2000 2382 eri-

345 2407 432 2480 pit
450 2425 768 2482 pauperes.

418 2499 705 2554 Creterum
737 2501 816 2556 ad
860 2518 931 2558 ea
959 2520 1096 2575 quae
1125 2505 1574 2577 proposuimus,
1606 2507 1655 2560 si
1707 2520 1844 2576 spes
1869 2521 2002 2560 nos-

342 2590 463 2641 tras
500 2587 630 2657 jam
674 2589 1030 2664 animosque
1079 2593 1426 2661 excitemus,
1477 2595 1849 2666 aspiciamus
1878 2610 2000 2666 quo

345 2690 618 2744 gressum
647 2678 905 2736 fixerunt
935 2682 1140 2752 animi,
1188 2689 1486 2754 quatenus
1518 2683 1797 2746 passibus
1831 2699 1999 2738 amo-

343 2763 424 2817 ris
454 2781 796 2822 mereamur
816 2771 1064 2838 vestigia
1086 2771 1325 2826 imitari.
1352 2770 1629 2842 Eloquar,
1651 2787 1730 2825 an
1756 2770 2003 2826 sileam?

345 2854 675 2909 Prudentia:
717 2857 953 2912 subnixi
1007 2859 1242 2925 robore,
1287 2859 1644 2931 justititeque
1685 2859 1824 2914 hinc
1864 2859 2002 2913 inde

345 2939 546 2997 vallati
595 2943 947 3012 munimine,
1007 2946 1285 3017 prudenti
1355 2947 1610 3016 cautela,
1694 2946 2002 3019 sequenda

346 3031 664 3086 tenuerunt
694 3033 918 3100 omnia,
943 3039 998 3089 et
1020 3035 1184 3104 justo
1219 3036 1514 3106 examine,
1543 3041 1781 3092 versuta
1807 3036 2002 3092 callidi

345 3115 534 3172 hostis
567 3119 932 3190 subegerunt
975 3128 1351 3192 argumenta.
1403 3126 1466 3180 In
1522 3126 1643 3180 suis
1688 3141 1828 3181 vero
1860 3130 2003 3181 tem-

345 3206 537 3275 perati
568 3208 860 3276 moribus,
896 3213 1302 3283 temperantiae
1328 3213 1848 3270 moderamentum
1867 3214 1999 3269 totis

346 3303 802 3368 assumpserunt
819 3299 1064 3369 viribus,
1079 3300 1378 3374 fortesque
1390 3302 1450 3357 in
1475 3302 1743 3358 adversis
1766 3307 1822 3358 et
1838 3319 2004 3374 pros-

344 3383 522 3453 peris,
540 3389 748 3441 contra
768 3392 980 3443 cuncta
1002 3389 1400 3460 adversantia,
1432 3391 1812 3463 arripuerunt
1832 3407 2001 3447 arma

343 3469 721 3528 fortitudinis.
758 3475 871 3532 Sed
915 3482 970 3532 et
999 3477 1346 3534 humilitatis
1384 3479 1508 3535 ima
1541 3479 1846 3545 sectando,
1895 3495 2002 3551 per

342 3558 476 3614 vita;
519 3561 647 3617 vias
686 3565 982 3620 constanti
1007 3565 1381 3622 incesserunt
1417 3569 1642 3623 animo.
1679 3571 1742 3623 Et
1775 3584 2001 3638 magna

341 3649 640 3719 patientiae
666 3653 991 3725 praebendo
1021 3656 1316 3729 exempla,
1353 3657 1410 3711 in
1439 3655 1574 3728 ipso
1605 3658 1864 3713 veritatis
1887 3663 2000 3713 tra-

341 3740 480 3795 mite
510 3740 820 3798 inﬂexibili
858 3744 1240 3815 perstiterunt
1282 3747 1636 3802 constantia.
1669 3749 1998 3803 Mansuetu-

341 3828 496 3884 dinis
512 3830 772 3903 denique
792 3833 998 3888 virtute
1021 3833 1274 3904 solidati,
1291 3842 1602 3892 mansuete
1622 3835 1996 3892 levissimum

337 3918 554 3988 jugum
575 3923 965 3990 portaverant
994 3922 1222 3991 Christi,
1245 3929 1301 3980 et
1324 3925 1384 3980 in
1407 3940 1587 3996 opere
1614 3930 1999 3980 servaverunt

342 4007 720 4074 modestiam,
780 4025 968 4081 quam
1024 4011 1086 4065 in
1135 4012 1313 4068 corde
1344 4013 1650 4069 habebant
1685 4013 1861 4069 veluti
1898 4030 1996 4070 co-

343 4099 588 4162 gnatam
614 4101 671 4150 et
693 4097 973 4153 amicam.
1017 4100 1182 4155 Unde
1212 4116 1454 4156 necesse
1485 4107 1591 4168 est,
1625 4101 1833 4158 fratres
1855 4103 1997 4159 cha-

340 4180 579 4252 rissimi,
627 4200 750 4256 quo
795 4185 1011 4241 talibus
1058 4189 1402 4244 muniamur
1448 4190 1631 4245 armis
1681 4190 1839 4255 ﬁdei,
1893 4208 1998 4262 per

339 4285 474 4342 quat
510 4271 668 4327 beati
695 4273 791 4329 isti
817 4274 1208 4347 confessores,
1247 4277 1424 4333 amici
1456 4279 1555 4333 Dei
1586 4284 1643 4335 et
1681 4279 1994 4335 clarissimi

341 4375 470 4414 esse
499 4367 846 4418 meruerunt
877 4363 1358 4435 triumphatores.
1405 4366 1667 4438 Supplici
1699 4374 1835 4424 voto
1864 4373 1995 4423 tan-

342 4453 431 4504 tos
462 4466 811 4507 veneremur
835 4453 1014 4519 viros,
1039 4451 1358 4510 omnifaria
1378 4453 1556 4509 laude
1579 4461 1635 4512 et
1657 4457 1884 4512 honore
1915 4459 1997 4513 di-

341 4537 682 4608 gnissimos,
701 4556 823 4611 quo
844 4556 950 4612 per
961 4542 1325 4599 venerabilia
1341 4559 1549 4598 eorum
1573 4544 1875 4615 suffragia,
1896 4563 2001 4618 pa-

340 4627 651 4683 radisiacaa
679 4629 1044 4686 amoenitatis
1067 4632 1307 4700 gaudia,
1339 4632 1399 4687 in
1431 4631 1531 4688 illa
1566 4634 1828 4689 coelestia
1852 4635 2000 4690 obti-

341 4731 596 4771 neamus
626 4717 908 4789 tripudia.
934 4719 1115 4789 Igitur
1149 4720 1516 4792 aspiciamus
1557 4738 1680 4793 quo
1727 4737 2000 4791 gressum

341 4804 598 4860 ﬁxerunt
619 4806 827 4871 animi,
840 4811 1140 4879 quatenus
1164 4825 1507 4865 mereamur
1522 4826 1731 4866 eorum
1748 4812 1997 4882 vestigia

343 4893 857 4965 sequi,praastante
874 4896 1127 4968 piissimi
1141 4897 1550 4970 Redemptoris
1569 4899 1772 4969 gratia,
1787 4905 1996 4957 Amen.

1092 5025 1235 5097 III.

755 5153 844 5206 DE
910 5155 1181 5211 SANCTO
1241 5158 1597 5212 MEDARDO.

415 5254 741 5310 Beatissimi
772 5257 1030 5313 Medardi
1060 5259 1336 5314 antistitis
1366 5260 1550 5316 vitam
1574 5279 1708 5335 quae
1738 5280 1844 5337 per
1867 5266 1997 5320 uni-

340 5361 583 5401 versum
607 5345 817 5401 orbem
834 5347 1115 5403 virtutum
1129 5350 1780 5424 propalaturinsigniis,
1794 5355 2002 5426 nequi-

340 5435 538 5491 vimus
562 5434 795 5490 silentio
816 5437 1141 5506 praeterire;
1176 5439 1453 5511 quamvis
1475 5457 1594 5497 non
1617 5442 1891 5498 valemus
1905 5458 2002 5512 ge-

339 5528 574 5584 storum
623 5528 840 5580 cuncta
885 5527 1300 5598 perstringere.
1335 5532 1401 5584 Et
1424 5532 1565 5602 quia
1605 5532 1999 5588 solemnitatis

335 5614 465 5682 ejus
490 5618 655 5678 diem
677 5616 1058 5673 veneratione
1078 5620 1483 5692 perspicuam,
1506 5623 1781 5678 omnium
1811 5637 2000 5694 popu-

2119 378 2243 418 suaa
2282 364 2777 421 commemoratio
2799 364 3146 436 principalis
3174 363 3418 431 invitat;
3463 369 3699 420 crescat
3726 366 3784 419 in

2119 451 2538 509 universorum
2570 453 2930 527 pectoribus,
2962 470 3072 526 pro
3101 454 3243 508 ﬁdei
3273 453 3487 509 ardore
3518 454 3785 521 devotio,

2116 540 2265 596 dum
2296 546 2642 598 sanctorum
2683 559 2930 598 suorum
2978 541 3264 615 panditur
3291 541 3676 612 magnitudo.
3721 543 3790 598 Et

2118 629 2168 684 si
2197 634 2289 686 est
2307 631 2368 686 in
2390 632 2504 687 hoc
2524 648 2695 688 rarus
2718 632 2822 705 qui
2843 631 3054 687 existat
3070 631 3328 687 imitator
3348 633 3575 703 operis,
3598 647 3787 687 cunc-

2115 723 2207 776 tos
2237 723 2436 777 tamen
2481 721 2656 778 faciat
2707 722 2836 792 ejus
2869 721 3210 777 intercessio
3253 721 3537 793 potiores.
3591 721 3789 792 Hujus

2113 824 2256 877 ergo
2286 809 2596 880 originem,
2641 815 2957 883 propterea
3003 810 3269 882 primum
3303 808 3619 880 suggestio
3651 825 3791 864 nos-

2113 898 2184 953 tri
2217 899 2508 954 sermonis
2541 900 2828 967 insinuat,
2863 903 2927 954 ut
2951 898 3184 954 nullum
3214 898 3459 954 forsitan
3499 899 3789 970 despera-

2112 988 2289 1044 tionis
2333 989 2645 1045 obstaculo
2672 989 2864 1059 magis
2908 987 3244 1061 culpandus
3292 987 3601 1055 oﬂendat;
3633 1003 3785 1060 quo-

2112 1077 2274 1132 niam
2325 1079 2644 1134 Dominum
2675 1078 2905 1148 integro
2934 1092 3141 1133 amore
3191 1076 3434 1147 diligere
3478 1091 3609 1131 non
3641 1075 3780 1132 facit

2111 1166 2380 1236 gentium
2405 1166 2597 1223 divisa
2627 1167 2921 1222 discretio.
2950 1165 3064 1222 Sed
3088 1165 3252 1220 unita
3277 1163 3417 1220 ﬁdei
3439 1164 3781 1236 plenitudo,

2111 1269 2185 1308 ne
2220 1255 2426 1310 divina
2457 1255 2645 1324 gratia
2681 1271 2819 1326 quae
2858 1253 3195 1309 volentibus
3225 1253 3450 1308 cunctis
3482 1252 3783 1322 generalis

2112 1344 2467 1409 ostenditur,
2493 1343 2770 1416 specialis
2800 1358 2931 1398 esse
2959 1341 3186 1413 judicio
3211 1341 3447 1397 fallente
3473 1340 3778 1396 credatur.

2183 1435 2350 1488 Pater
2396 1433 2575 1502 igitur
2616 1434 2798 1504 hujus
2847 1431 3090 1487 nomine
3132 1431 3454 1488 Nectardus
3507 1429 3586 1486 de
3647 1430 3782 1485 forti

2115 1524 2475 1576 Francorum
2497 1537 2733 1591 genere,
2765 1537 2888 1576 non
2919 1520 3029 1575 fuit
3049 1520 3294 1575 intimus
3313 1518 3588 1574 libertate
3615 1537 3628 1585 ;
3658 1535 3782 1574 ma-

2039 1634 2085 1687 B
2112 1613 2197 1665 ter
2224 1625 2366 1664 vero
2401 1613 2689 1675 Romana,
2725 1609 2966 1664 nomine
2995 1608 3282 1677 Protagia,
3323 1606 3625 1662 absolutis
3660 1606 3778 1662 cla—

2038 4338 2080 4390 D

2110 1699 2227 1754 ruit
2251 1700 2526 1754 servitute
2556 1698 2878 1755 natalibus.
2929 1700 3071 1763 Quae
3110 1696 3321 1751 Christi
3361 1694 3777 1752 tabernaculis

2111 1792 2175 1842 ut
2211 1803 2527 1843 censemus
2572 1787 2760 1860 pretio
2815 1785 3072 1842 fecunda
3121 1789 3316 1858 partu,
3366 1785 3508 1857 plus
3555 1784 3782 1857 profuit

2108 1892 2294 1948 quam
2325 1877 2391 1943 si,
2426 1875 2758 1946 integritate
2783 1881 3040 1944 servata,
3063 1889 3452 1946 nequaquam
3482 1888 3546 1927 se
3573 1874 3780 1928 vincu-

2109 1964 2178 2019 lis
2211 1964 2476 2020 virilibus
2506 1965 2864 2020 tradidisset.
2899 1966 3167 2029 Quorum
3210 1962 3270 2018 in
3302 1961 3780 2018 Veromandensi

2108 2055 2418 2121 territorio,
2454 2060 2510 2109 et
2549 2055 2837 2110 habitatio
2869 2053 3055 2109 fuisse
3086 2052 3461 2122 dignoscitur
3493 2056 3552 2108 et
3583 2052 3774 2120 origo.

2182 2143 2245 2197 In
2273 2158 2396 2215 qua
2418 2143 2565 2198 urbe
2595 2159 2735 2198 cum
2765 2141 3113 2198 adolescens
3163 2141 3242 2197 ad
3271 2141 3544 2196 scholam
3575 2155 3779 2195 recur-

2109 2238 2280 2296 reret,
2323 2233 2594 2288 casulam
2637 2248 2826 2304 quam
2855 2232 2907 2288 ei
2939 2247 3053 2286 sua
3083 2230 3336 2300 genitrix
3383 2229 3628 2297 fecerat,
3676 2245 3783 2302 per

2110 2321 2315 2393 ipsum
2345 2321 2426 2376 ad
2456 2321 2746 2376 artiﬁcem
2777 2319 3263 2392 componendam
3302 2317 3553 2386 direxit;
3588 2333 3778 2390 quam

2109 2411 2170 2466 in
2227 2410 2431 2466 itinere
2482 2415 2722 2466 sanctus
2765 2409 3102 2478 Medardus,
3146 2424 3304 2464 caeco
3353 2424 3391 2463 a
3437 2423 3500 2463 se
3532 2408 3780 2463 invento

2110 2516 2252 2556 mox
2273 2499 2547 2572 praebuit.
2571 2499 2844 2555 Similiter
2865 2498 3160 2570 quidquid
3181 2497 3257 2554 ad
3280 2513 3483 2553 escam
3505 2497 3779 2569 accipere

2111 2589 2373 2659 deberet,
2406 2591 2552 2644 dum
2586 2605 2831 2644 suorum
2861 2593 3182 2661 parentum
3206 2602 3449 2658 gregem
3480 2592 3777 2659 pasceret,

2111 2679 2158 2733 si
2200 2694 2530 2751 pauperem
2571 2677 2831 2744 vidisset,
2867 2677 3033 2732 cibos
3066 2693 3256 2748 egeno
3297 2675 3665 2749 porrigebat,
3700 2681 3782 2731 ta-

2112 2783 2250 2823 men
2282 2768 2408 2840 ipse
2439 2767 2665 2822 ferebat
2687 2767 2977 2840 inopiam,
3007 2767 3124 2822 diei
3156 2767 3383 2822 ducens
3408 2765 3665 2836 jejunia.

2183 2860 2297 2912 Nec
2327 2862 2418 2913 est
2461 2856 2608 2912 illud
2639 2856 3008 2912 reticendum
3057 2856 3141 2911 rei
3177 2860 3360 2926 gestae
3391 2853 3774 2926 mysterium.

2113 2947 2261 3001 Cum
2307 2945 2505 3002 adhuc
2536 2951 2688 3002 esset
2727 2945 2785 2999 in
2820 2945 3039 3001 scholis
3071 2945 3159 3000 vir
3189 2950 3430 3001 sanctus
3461 2959 3693 3016 parvus
3725 2948 3780 2998 et

2111 3035 2420 3106 innocens,
2469 3033 2616 3090 dixit
2668 3033 2746 3089 ad
2803 3033 3181 3089 Eleutherum
3243 3033 3579 3105 quemdam
3634 3048 3777 3104 pue-

2111 3123 2280 3178 rilem
2313 3139 2680 3196 comparem,
2727 3122 2888 3193 quod
2921 3121 3165 3194 publica
3196 3122 3256 3177 in
3286 3121 3521 3177 actione
3552 3120 3781 3175 comiti-

2111 3228 2251 3268 vam
2312 3216 2660 3282 assumeret,
2718 3217 2775 3267 et
2827 3227 2966 3266 cum
3013 3211 3252 3281 triginta
3305 3226 3610 3266 annorum
3645 3210 3778 3264 vita:

2113 3301 2374 3373 spatium
2406 3305 2663 3372 caperet,
2717 3301 2916 3372 ipsum
2970 3299 3116 3355 dixit
3147 3299 3416 3355 futurum
3459 3313 3779 3353 summum

2111 3388 2212 3444 Dei
2238 3388 2604 3460 pontiﬁcem.
2631 3389 2739 3454 Qui
2768 3389 2827 3444 in
2857 3391 3123 3444 Tornaco
3151 3388 3407 3458 civitate,
3439 3390 3653 3459 pastor
3693 3391 3780 3441 est

2107 3478 2284 3534 datus
2312 3477 2601 3533 Ecclesiae.
2651 3482 2734 3534 lta
2763 3482 3006 3533 sanctus
3057 3476 3370 3532 Medardus
3418 3475 3591 3548 quod
3621 3491 3775 3547 prae-

2107 3565 2272 3632 dixit,
2321 3566 2496 3638 quasi
2526 3566 2838 3638 propheta,
2887 3565 3092 3621 divino
3127 3566 3256 3637 jam
3301 3565 3514 3637 spiritu
3547 3564 3774 3636 proba-

2107 3654 2204 3711 vit.
2250 3654 2470 3710 Deinde
2510 3671 2650 3710 cum
2681 3653 2946 3710 crebrius
2993 3653 3072 3709 ad
3103 3653 3468 3726 templorum
3499 3651 3772 3718 oracula,

2108 3742 2246 3798 ﬁdei
2287 3744 2516 3800 monita
2544 3743 3011 3816 promulgando,
3044 3741 3418 3810 discurreret,
3453 3747 3510 3797 et
3537 3746 3774 3798 teneros

2107 3832 2294 3887 (etatis
2334 3847 2527 3887 annos
2571 3831 2798 3887 librans
2837 3831 3137 3903 patientiae
3179 3830 3472 3901 moribus,
3512 3831 3776 3902 propriae

2106 3920 2428 3977 voluntatis
2471 3921 2530 3976 in
2585 3921 2826 3977 arbitrio
2879 3921 3025 3975 dum
3072 3920 3282 3976 mundi
3335 3920 3657 3976 illecebras
3701 3920 3780 3974 vi-

2107 4011 2290 4066 tando
2316 4010 2664 4082 despiceret,
2689 4010 2953 4065 oﬂicium
2983 4009 3307 4066 sacerdotis
3333 4011 3594 4082 excepit,
3625 4009 3780 4082 pari-

2103 4104 2192 4155 ter
2239 4105 2295 4155 et
2323 4102 2526 4155 animo
2557 4114 2882 4155 conversus
2929 4103 2986 4154 et
3041 4099 3268 4166 habitu,
3301 4115 3549 4154 morum
3589 4098 3779 4154 chari-

2108 4194 2221 4245 tate
2252 4189 2616 4262 praecellens,
2650 4188 2958 4244 confestim
2983 4189 3195 4245 claruit
3223 4189 3386 4260 apud
3422 4187 3593 4242 urbis
3623 4203 3776 4261 pon-

2108 4278 2348 4349 tiﬁcem,
2398 4278 2849 4334 conversatione
2900 4278 3260 4350 praecipuus,
3311 4277 3478 4348 apud
3523 4281 3777 4332 cunctos

2107 4368 2325 4424 mentis
2376 4368 2628 4439 puritate
2699 4367 2983 4422 sincerus.
3046 4370 3365 4438 Nunquam
3433 4381 3497 4421 se
3560 4365 3777 4420 laetitiae

2109 4456 2376 4512 ubertate
2424 4456 2559 4527 plus
2589 4451 2812 4524 extulit,
2859 4469 3175 4526 nunquam
3229 4453 3508 4508 maeroris
3541 4453 3775 4509 acerbi-

2108 4552 2224 4603 tate
2278 4546 2565 4613 turbavit;
2625 4546 2734 4600 fuit
2789 4560 3028 4616 semper
3075 4545 3336 4599 tolerans
3368 4543 3430 4598 in
3477 4542 3773 4608 adversis,

2109 4637 2266 4692 mitis
2324 4637 2384 4692 in
2432 4635 2754 4707 prosperis.
2817 4640 3063 4690 cunctos
3120 4633 3232 4688 sibi
3288 4632 3654 4689 obedientiae
3687 4648 3777 4688 se-

2107 4725 2352 4781 dulitate
2399 4724 2741 4796 praeferens,
2801 4721 3114 4792 egentibus
3165 4722 3333 4792 larga
3382 4721 3777 4777 miseratione

2109 4829 2482 4880 succurrens,
2558 4816 2614 4868 et
2688 4829 2760 4868 ex
2833 4811 3116 4866 omnibus
3191 4810 3418 4866 calcato
3488 4811 3776 4865 vitiorum

2108 4903 2334 4966 fomite,
2385 4903 2620 4972 augusti
2674 4902 2840 4958 collis
2884 4901 3201 4967 tramitem,
3244 4906 3462 4954 sanctae
3521 4916 3774 4956 conver—

2109 4993 2356 5049 sationis
2402 5008 2612 5062 grtssu
2661 4996 2943 5061 surgente
2989 4988 3422 5045 conscendens.
3463 4989 3777 5061 Quidquid

2110 5083 2433 5139 adversum
2487 5086 2574 5137 est
2628 5081 2876 5151 horruit,
2932 5079 3229 5152 quidquid
3279 5079 3617 5150 pretiosum
3667 5079 3780 5135 ele-

2110 5172 2211 5242 git.
2309 5171 2462 5237 Quid
2549 5170 2792 5243 plura?
2860 5172 2927 5225 Ut
2984 5170 3210 5241 hospes
3287 5173 3635 5225 cerneretur
3715 5169 3777 5223 in

2111 5262 2348 5330 sreculo,
2409 5266 2466 5317 et
2512 5262 2642 5332 jam
2689 5276 3001 5334 possessor
3048 5263 3204 5315 esset
3260 5258 3321 5313 in
3375 5258 3553 5314 caelo.
3615 5262 3779 5314 Tunc

2109 5352 2515 5408 crescentibus
2574 5350 2823 5421 singulis
2885 5349 3196 5405 sacerdotii
3267 5348 3634 5415 honoribus,
3689 5349 3778 5404 in-

2109 5442 2349 5512 terjecta
2440 5440 2796 5495 discretione
2899 5443 3240 5510 temporum
3273 5479 3287 5504 ,
3379 5437 3775 5492 ecclesiastici

2109 5533 2295 5588 moris
2349 5537 2614 5588 tenorem
2666 5545 3057 5602 percurrens;
3123 5528 3458 5601 presbyteri
3507 5528 3777 5584 ofﬁcium

2111 5620 2332 5678 electus
2356 5621 2606 5699 excepit,
2634 5624 2690 5676 et
2709 5618 2999 5700 probatus
3016 5617 3293 5687 obtinuit.
3313 5619 3376 5685 Et
3404 5617 3486 5673 ita
3519 5634 3584 5682 se
3609 5618 3780 5675 dein-
