3940 6184
237 120 320 174 641
1072 115 1479 172 STEPHANUS
1523 104 1931 168 LEODIENSIS
1972 104 2368 172 EPISCOPUS.
2400 146 2469 155 —
2496 112 2791 172 NOTlTlA.

3536 125 3639 183 642

240 256 363 313 ceps
394 238 613 295 sanctis
644 238 823 311 coepit
851 238 1158 310 publicare
1192 239 1526 304 virtutibus,
1558 240 1623 292 ut
1665 232 1877 292 Christi
1903 232 1953 286 Α
1987 249 2109 290 non
2154 242 2317 294 casto
2365 238 2623 295 ditantes
2651 255 2852 312 opere,
2885 242 2988 298 sed
3036 244 3381 301 aculeorum
3417 249 3640 305 saevitia

240 328 434 387 merito
482 331 794 400 putaretur
846 328 1152 384 alumnus.
1188 327 1442 397 Contigit
1484 342 1626 397 ergo
1673 328 1738 380 ut
1777 340 1879 379 au-

238 417 414 477 tumni
466 417 752 489 temporis
807 416 1056 484 fructus,
1087 418 1429 474 mitescente
1476 416 1631 473 botri
1675 429 1876 479 succo,

238 506 540 566 vindemiae
588 505 832 561 ubertas
875 507 1233 573 ostenderet,
1262 523 1367 580 per
1414 522 1601 579 quam
1630 501 1878 561 latronis

241 596 521 654 temeritas
551 595 682 665 ejus
706 595 960 665 gratiam
991 595 1341 668 publicaret.
1371 596 1735 667 Intempesta
1774 592 1879 661 igi-

238 692 321 743 tur
366 688 563 748 nocte,
615 701 755 739 cum
812 684 1009 756 potius
1051 701 1112 739 se
1171 684 1452 741 humanis
1498 681 1873 755 corporibus,

228 790 504 849 curarum
535 772 871 829 diversitate
899 773 1152 841 seclusa,
1176 773 1389 829 silentii
1409 771 1614 828 blandi
1646 770 1877 843 soporis

234 880 373 920 onus
404 860 721 929 incumbit,
752 860 991 917 vineam
1017 878 1191 917 suam
1219 862 1568 918 dominante
1598 859 1877 933 cupidine

233 954 446 1009 fructus
476 950 752 1023 capiendi
778 950 1096 1023 impulsus,
1129 951 1278 1007 latro
1334 951 1592 1023 expetiit,
1625 954 1681 1006 et
1731 950 1876 1005 irru-

232 1042 323 1116 pit.
352 1043 516 1096 Tunc
564 1039 833 1113 praedam
882 1039 1083 1109 gladio
1114 1044 1351 1096 secante
1381 1040 1727 1112 corripiens,
1750 1038 1876 1111 ipse

231 1129 410 1200 magis
433 1128 739 1201 praedatus
764 1128 918 1184 intra
942 1128 1205 1200 patentia
1228 1134 1397 1201 septa
1423 1127 1872 1198 constringitur:

229 1222 280 1274 et
304 1234 424 1291 quo
455 1217 739 1287 defugere
750 1216 1076 1272 violentius
1096 1216 1304 1285 voluit,
1326 1217 1720 1289 nequaquam
1745 1231 1878 1271 eva-

231 1307 361 1362 dere
388 1305 604 1379 potuit,
636 1306 696 1360 in
725 1310 1031 1378 posterum
1064 1321 1174 1360 suo
1200 1304 1447 1360 crimine
1476 1304 1872 1377 captivitatus.

226 1387 467 1451 Gustum
511 1393 734 1450 habere
779 1410 903 1452 non
950 1394 1188 1465 meruit,
1221 1397 1278 1450 et
1324 1393 1615 1450 redeundi
1645 1393 1875 1450 aditum

226 1484 429 1540 ebrius
487 1499 610 1538 non
660 1482 902 1539 invenit.
938 1486 1051 1539 Nec
1108 1482 1375 1538 amittere
1433 1487 1665 1556 poterat
1708 1481 1875 1554 quod

1986 332 2433 398 persequentes,
2466 344 2784 401 quousque
2815 330 3061 387 latronis
3085 333 3315 391 detecta
3342 336 3636 407 confusio,

1987 417 2193 469 sancto
2218 415 2383 487 quod
2413 416 2764 473 frauduerat
2808 418 3065 475 reddidit
3102 425 3160 477 et
3182 421 3420 479 veniam
3469 439 3639 497 pros-

1985 503 2175 556 tratus
2204 503 2443 560 invenit.
2476 504 2589 561 Sed
2616 520 2726 560 nec
2751 506 3048 563 immerito
3076 508 3177 581 pia
3203 512 3524 569 sacerdotis
3554 513 3641 569 in-

1986 588 2291 659 dulgentia
2334 609 2503 649 reum
2553 609 2676 650 non
2698 594 3051 664 damnabat,
3069 613 3142 653 ex
3163 598 3429 671 crimine,
3459 618 3643 675 quem

1986 676 2116 749 ipsa
2145 680 2318 736 ultrix
2362 682 2566 754 praeda
2610 683 2947 757 torquebat.
2982 686 3205 742 Accidit
3240 688 3416 745 etiam
3450 691 3642 747 simile

1988 766 2103 821 sub
2120 768 2232 824 hac
2260 769 2595 841 proditione
2623 771 2997 843 mysterium,
3025 790 3163 829 cum
3180 775 3374 832 viator
3391 778 3642 850 quidam

1982 854 2154 926 juxta
2181 855 2433 913 domum
2464 860 2593 930 ejus
2623 860 2871 930 agendis
2916 860 3136 918 itineris
3186 864 3361 936 copia
3385 868 3644 937 praeteri-

1986 948 2109 999 ret:
2143 945 2390 1017 cupiens
2434 946 2592 1002 illius
2634 947 2851 1004 callida
2882 948 3090 1005 fraude
3130 952 3461 1021 juvencum
3505 953 3643 1011 furti

1987 1033 2204 1090 scelere
2257 1034 2507 1103 auferre,
2571 1037 3036 1094 tintinnabulum
3104 1039 3257 1096 collo
3312 1042 3640 1116 praeripuit,

1987 1127 2165 1194 atque
2188 1123 2412 1178 hiatum
2439 1124 2629 1196 ipsius
2655 1125 2928 1198 impressi
2954 1127 3241 1195 graminis
3267 1129 3475 1186 fraude
3505 1147 3642 1187 con-

1985 1210 2301 1278 demnans,
2366 1212 2587 1268 nullius
2659 1215 3161 1288 contemplatione
3231 1217 3642 1290 deprehensus

1985 1299 2290 1356 abscessit.
2326 1304 2389 1357 Et
2418 1319 2557 1357 cum
2582 1304 2710 1373 jam
2743 1320 2805 1359 se
2837 1305 3066 1361 censuit
3102 1305 3195 1369 vel
3224 1306 3488 1363 criminis
3514 1324 3644 1364 eva-

1985 1387 2129 1444 sisse
2156 1389 2510 1460 periculum,
2546 1390 2634 1446 vel
2660 1392 2931 1448 sortitum
2959 1394 3319 1467 compendia
3340 1395 3522 1451 fuisse
3538 1412 3645 1469 per

1984 1477 2229 1545 furtum,
2274 1478 2588 1535 obstaculo
2636 1480 2801 1536 nulla
2843 1486 3038 1539 serata
3085 1483 3218 1555 ipsa
3246 1484 3409 1540 dedit
3435 1484 3643 1557 praeda

223 1576 704 1647 praesumpserat,
754 1588 865 1627 nec
913 1572 1145 1628 auferre
1187 1571 1277 1628 fas
1317 1571 1528 1628 habuit
1555 1571 1721 1645 quod
1745 1588 1873 1627 am-
1906 1583 1946 1636 Β
1984 1567 2285 1629 tinnitum,
2325 1567 2574 1640 cupiens
2631 1569 2883 1625 Domini.
2909 1570 3101 1626 redire
3154 1572 3451 1644 praesidio.
3499 1575 3640 1638 Quae

218 1662 431 1718 biebat.
462 1660 575 1717 Sed
607 1677 745 1716 cum
775 1660 921 1716 inibi
946 1661 1143 1734 primo
1164 1660 1448 1729 diluculo,
1472 1662 1555 1716 rei
1582 1660 1872 1733 praescius

218 1751 397 1806 vineae
454 1750 798 1806 dominator
822 1755 1178 1816 occurreret,
1215 1750 1407 1811 furem
1428 1750 1662 1823 reperit,
1690 1765 1873 1822 quem

217 1856 323 1894 sua
347 1840 481 1910 jam
510 1838 716 1911 przeda
742 1838 1030 1909 vinxerat,
1057 1843 1115 1894 et
1144 1842 1392 1911 uterque
1419 1838 1602 1894 alium
1642 1841 1873 1893 mutato

215 1928 340 1998 jure
389 1928 691 1983 servabat.
720 1930 881 1983 Tunc
936 1944 1126 2000 usque
1172 1928 1323 1984 adeo
1368 1927 1556 1983 sancti
1600 1927 1743 1983 ultio
1790 1927 1874 1983 rei

218 2016 401 2071 saeviit
445 2016 507 2071 in
550 2016 810 2083 crimen;
854 2020 918 2072 ut
962 2033 1109 2072 uvas
1150 2016 1392 2090 propria
1441 2032 1627 2072 manu
1676 2016 1874 2073 decer-

216 2121 384 2177 pens,
438 2110 832 2175 augmentum
877 2105 959 2161 illi
1011 2106 1206 2175 magis
1271 2106 1519 2179 profusa
1575 2105 1875 2162 oblatione

218 2193 520 2263 tribueret,
566 2198 623 2250 et
651 2193 933 2250 delictum
960 2194 1379 2265 objurgatione
1421 2194 1739 2265 castigans,
1782 2211 1873 2249 re-

213 2283 458 2337 meandi
524 2283 752 2338 aditum
817 2281 1171 2353 indulgeret.
1229 2283 1363 2338 Pari
1418 2283 1613 2353 agitur
1663 2283 1878 2339 meruit

210 2387 390 2437 paena
438 2370 669 2444 percuti
698 2370 793 2425 vel
821 2370 1184 2442 perdurante
1214 2370 1429 2426 insidia
1462 2372 1739 2441 coerceri,
1772 2372 1877 2444 qui

206 2477 355 2516 vasa
412 2462 549 2531 ejus
592 2464 886 2515 nocturna
943 2459 1292 2532 abreptione
1335 2461 1725 2532 praeveniens,
1756 2462 1877 2517 dis-

209 2554 373 2604 tenta
421 2548 607 2603 mella
654 2548 884 2604 furatus
927 2548 1137 2604 fuerat.
1191 2548 1511 2605 Custodem
1546 2549 1877 2622 direptione

205 2637 428 2693 callida
460 2637 667 2692 fallere
690 2637 901 2709 potuit,
926 2653 1109 2709 pecus
1130 2637 1294 2710 quod
1320 2643 1598 2709 repuerat
1627 2642 1875 2695 temera-

206 2726 326 2781 rius
374 2740 511 2781 non
560 2724 747 2781 evasit
816 2730 1152 2781 Castrorum
1209 2724 1573 2795 habitacula,
1624 2726 1873 2783 sublatae

207 2830 350 2886 apes
381 2830 531 2869 cum
560 2812 972 2880 indignatione
1023 2813 1397 2886 linquebant,
1431 2813 1653 2886 ubique
1680 2815 1873 2871 furem

1984 1656 2319 1728 quamlibet
2381 1656 2599 1712 abditis
2667 1659 3072 1730 penetralibus
3126 1660 3323 1716 studio
3375 1660 3642 1730 diligenti

1984 1745 2199 1813 locata,
2252 1746 2342 1801 vel
2404 1746 2620 1802 ferrata
2669 1747 3066 1804 claustrorum
3118 1747 3498 1805 obseratione
3554 1766 3642 1806 re-

1985 1839 2149 1890 trusa
2181 1840 2481 1903 maneret;
2513 1835 2796 1892 tinniente
2823 1837 3075 1908 amlzitu,
3100 1838 3294 1894 scelus
3324 1839 3491 1895 nullo
3511 1855 3641 1896 mo-

1984 1924 2228 1981 dulante
2261 1924 2563 1995 vulgabat,
2592 1925 2825 1982 hiatum
2856 1927 3161 1997 ingentem
3190 1944 3463 1996 vomens,
3497 1946 3639 1986 auc-

1984 2018 2170 2070 torem
2203 2013 2470 2069 criminis
2518 2014 2765 2087 querela
2811 2016 3117 2084 geminare
3157 2016 3444 2073 confudit.
3478 2020 3641 2074 Tunc

1981 2101 2133 2158 latro
2164 2102 2470 2174 praeteritis
2498 2118 2847 2158 memorans
2875 2104 3128 2160 confusa
3154 2110 3351 2160 mente
3381 2105 3638 2177 periclis,

1985 2191 2203 2248 revexit
2260 2189 2510 2246 domino
2568 2191 2799 2246 territus
2856 2192 3023 2263 quod
3075 2192 3421 2261 abstulerat,
3474 2194 3641 2266 quod

1986 2280 2165 2336 etiam
2190 2278 2423 2351 pietatis
2446 2278 2642 2351 studio
2666 2295 2787 2334 non
2810 2280 3108 2336 servabat.
3134 2285 3218 2337 lta
3241 2281 3489 2337 demum
3510 2283 3640 2338 red-

1984 2369 2109 2424 dito
2132 2368 2267 2439 jure
2296 2373 2545 2436 naturae,
2573 2368 2754 2441 ccepit
2789 2369 3016 2440 species
3063 2369 3395 2427 inanimata
3424 2371 3639 2443 celare,

1983 2474 2093 2514 nec
2127 2456 2326 2512 sonitu
2357 2473 2418 2512 se
2448 2456 2563 2512 nisi
2610 2457 2783 2530 pulsa
2829 2458 3123 2528 detegere.
3165 2460 3417 2516 Sanctus
3462 2460 3643 2532 igitur

1984 2546 2298 2604 Medardus
2350 2546 2569 2603 athleta
2609 2546 2837 2615 Christi,
2885 2547 3115 2621 absque
3158 2554 3325 2606 reatu
3373 2550 3638 2623 proprio,

1983 2652 2093 2709 pro
2120 2634 2335 2690 delicto
2364 2634 2749 2691 confunditur
2778 2630 3005 2706 alieno;
3035 2641 3215 2711 atque
3250 2638 3384 2695 ideo
3414 2655 3639 2695 merce-

1983 2725 2121 2780 dem
2170 2740 2272 2779 reo
2317 2739 2426 2796 pro
2473 2724 2652 2796 culpa
2699 2725 2903 2782 tribuit
2946 2742 3022 2782 ne
3088 2727 3253 2784 inani
3312 2728 3639 2784 ambitione

1985 2814 2202 2870 tristior
2226 2817 2536 2869 remearet.

210 2907 2888 2939 =2:

1518 2982 1697 3026 ANNO
1742 2982 1982 3026 DOMINI
2026 2982 2345 3025 DCCCCXX.

1293 3105 2565 3257 STEPHANUS

1502 3329 1907 3386 LEUDIENSIS
1954 3328 2355 3385 EPISCOPUS.

1764 3445 2127 3455 w—

877 3545 1312 3632 NOTITIA
1410 3547 1992 3634 HlS'i'URICA
2090 3547 2196 3634 IN
2280 3543 2979 3631 STEPHANUM.

1710 3725 1875 3797 (Gall.
1916 3724 2155 3795 Christ.)

264 3931 656 4003 Stephanus,
680 3943 897 4003 genere
929 3927 1168 4003 nobilis,
1192 3931 1248 3984 et
1276 3931 1343 3982 ut
1358 3925 1735 4003 quibusdam
1760 3928 1887 4003 pla-
1923 3935 1963 3989 C
1991 3927 2479 4003 archiepiscopus
2506 3926 2873 4003 Rhemensis,
2894 3927 3058 4003 apud
3090 3928 3492 4003 Flodoardum
3523 3932 3647 3988 His-

195 4006 300 4068 cet,
335 3997 702 4071 S'alinensis'
722 4014 838 4071 seu
863 3997 1447 4071 Salmensisrcomitis
1495 3997 1675 4069 ﬁlius,
1708 3997 1882 4071 cujus

194 4088 466 4129 sororem
501 4070 637 4127 sibi
665 4069 1052 4127 matrimonio
1075 4070 1384 4141 conjunxit
1409 4085 1613 4141 comes
1637 4069 1885 4127 Nam‘ur-

195 4145 409 4210 censis,
441 4145 509 4199 in
546 4140 785 4199 scholis
815 4141 1093 4214 palatinis
1117 4140 1281 4214 ﬁcum
1311 4140 1607 4214 Radbodo
1638 4141 1885 4214 Trajecti

197 4214 270 4286 ad
318 4216 640 4286 Rhenum,
678 4217 737 4267 et
768 4212 1523 4286 mancioneAQatalaune‘nsi
1564 4212 1885 4286 episcOpus

197 4284 504 4342 institutus
517 4289 713 4341 estex
731 4283 1052 4355 Reginone;
1068 4283 1175 4340 fuit
1198 4283 1465 4355 Metensis
1500 4283 1560 4339 in
1572 4283 1885 4355 juvenfute

197 4355 469 4423 clericus,
505 4357 628 4412 fuit
673 4366 731 4410 et
778 4354 970 4410 abbas
1019 4354 1369 4411 Laubiensis
1413 4358 1555 4411 teste
1599 4355 1884 4411 Fulcuino

198 4427 475 4484 Chronici
521 4425 735 4498 Laub._
757 4441 807 4481 c.
831 4429 931 4498 is,
983 4425 1109 4493 sed,
1145 4425 1214 4498 vi_
1230 4426 1320 4498 sui
1350 4426 1757 4498 episcopatus,
1788 4426 1883 4482 cui

197 4498 361 4570 unita
389 4499 603 4555 fuerat
634 4495 882 4570 abbatia
898 4495 1011 4570 per
1033 4495 1352 4570 Arnulfum
1378 4495 1602 4570 regem,
1627 4501 1694 4570 ut
1722 4500 1886 4570 patet

197 4583 265 4623 ex
293 4569 650 4642 diplomate
684 4566 1122 4642 Ludovici‘ejus
1150 4566 1275 4635 ﬁlii,
1308 4566 1883 4642 quieamdon'atio-

196 4655 331 4696 nem
360 4638 730 4711 'conﬁrmat
768 4638 906 4694 huic
952 4639 1253 4711 Stephano
1286 4638 1351 4711 v_
1384 4638 1515 4711 Kal.
1567 4639 1732 4711 Febr.
1782 4654 1880 4694 an.

199 4712 408 4769 Christi
443 4709 703 4768 Domini
728 4712 852 4765 909.
889 4709 1015 4765 Fuit
1048 4708 1108 4764 et
1144 4710 1198 4763 S.
1230 4708 1523 4764 Michaelis
1560 4709 1638 4764 ad
1661 4712 1884 4766 Mosam

199 4781 387 4839 abbas
409 4800 490 4840 ex
519 4784 577 4855 ej
587 4779 829 4855 usdem
839 4780 955 4855 loci
976 4779 1467 4855 chronographo,
1478 4782 1661 4855 _et-exr
1680 4780 1887 4855 charta

199 4869 394 4911 comm
403 4848 710 4911 utatibnis
722 4851 796 4906 de
811 4850 1104 4922 Harevilla
1115 4854 1170 4906 et
1185 4848 1719 4922 Saponeriis,facttn
1736 4850 1888 4908 inter

200 4926 563 4982 Anselmum
611 4922 811 4995 ﬁlium
855 4920 1180 4995 quondam
1213 4920 1460 4976 Téuterii
1484 4921 1777 4995 _comitis,
1831 4926 1888 4977 et

199 4999 540 5055 monachos
577 4998 640 5052 S.
675 4990 999 5064 Michaelis,
1021 5016 1047 5041 «
1080 4992 1185 5048 ubi
1211 4996 1425 5064 praeest
1465 4990 1729 5064 domnus
1759 4994 1884 5064 Ste-

200 5068 442 5138 phanus
489 5071 834 5140 episcopus
864 5069 921 5140 et
949 5063 1140 5121 abbas
1188 5062 1245 5140 «ξι
1288 5062 1639 5140 Halevincus
1668 5063 1884 5140 praala-

200 5134 311 5216 tus,
338 5164 368 5189 ››
398 5140 465 5195 id
499 5134 603 5216 est
646 5134 1011 5216 praepositus
1046 5151 1152 5216 seu
1191 5134 1493 5216 decanus;
1526 5135 1621 5216 cui
1664 5134 1883 5216 chartae

200 5213 450 5284 uterque
485 5205 850 5284 subscribit,
882 5222 1043 5262 anno
1074 5209 1125 5272 3,
1159 5228 1187 5256 ‹‹
1220 5205 1882 5284 regnantellludowico

1991 4004 2101 4076 tor.
2134 3998 2174 4053 l.
2195 3997 2447 4076 ‘1v,_c."7.
2468 4020 2510 4076 _«
2555 3997 2856 4076 Stephano
2905 3997 3147 4076 cuidam
3178 4001 3405 4073 abbati,
3436 4004 3548 4076 qui
3569 4004 3648 4060 ad

1991 4070 2403 4147 episcopatum
2433 4067 2674 4147 electus
2694 4068 3036 4147 videbatur,
3054 4076 3197 4147 tunc
3210 4067 3442 4147 Avautem
3455 4067 3648 4147 ‘rejec-

1993 4138 2225 4221 tusvel
2263 4138 2640 4221 reprobatus2
2680 4140 3111 4221 consolatorias
3162 4143 3362 4215 dirigit
3402 4138 3644 4214 litteras,

1993 4212 2340 4290 amicitiam,
2373 4212 2643 4290 quam_ei
2670 4212 3025 4283 promiserat
3057 4212 3331 4290 asserens
3359 4212 3648 4290 perpetuo

1994 4299 2056 4357 se
2087 4288 2479 4357 servaturum.
2509 4304 2535 4331 ››
2570 4283 2775 4338 Utrum
2806 4299 2950 4340 vero
2979 4285 3294 4357 saecularis
3339 4283 3445 4357 aut
3466 4283 3646 4357 regu-

1991 4353 2133 4410 laris
2154 4353 2345 4419 fuerit,
2368 4352 2661 4409 incertum
2677 4358 2765 4409 est
2784 4370 2797 4408 :
2817 4354 3164 4411 saecularem
3185 4356 3366 4411 fuisse
3388 4352 3649 4413 innuunt

1993 4424 2332 4499 Fulcuinus,
2361 4423 2697 4499 Sigebertus
2727 4424 2788 4479 in
2820 4424 3328 4499 Yirisillustribus,
3359 4442 3491 4499 cap.
3515 4431 3645 4494 t26;

1991 4496 2276 4567 AZgidius,
2330 4494 2549 4570 aliique
2590 4510 2793 4550 rerum
2818 4495 3256 4570 _Leodien_sium
3294 4494 3645 4570 _SCriptores_,

1992 4565 2130 4623 eum
2158 4582 2281 4623 non
2311 4565 2700 4632 monachum,
2734 4565 2839 4621 sed
2876 4566 3144 4622 Metensis
3181 4565 3451 4623 Ecclesia}
3487 4565 3648 4625 cleri-

1992 4654 2133 4694 cum
2195 4653 2300 4694 seu
2345 4637 2703 4693 canonicum
2746 4636 3082 4693 nominant.
3130 4641 3177 4692 Α
3231 4636 3534 4707 Sigeberto
3585 4638 3647 4695 in

1993 4710 2211 4765 Chron.
2249 4732 2277 4758 ‹‹
2305 4708 2394 4764 vir
2415 4707 2812 4778 sanctitateret
2839 4707 3085 4764 scientia
3105 4707 3323 4774 clarus,
3358 4732 3386 4758 ››
3407 4709 3644 4778 dicitur;

1991 4780 2083 4836 vir
2110 4780 2396 4851 litteratus
2416 4797 2453 4851 )_
2476 4794 2512 4835 a
2546 4777 2854 4851 Fulcuino,
2885 4800 2913 4827 «
2946 4782 3001 4834 et
3028 4782 3326 4851 quantum
3357 4780 3431 4835 ad
3464 4796 3646 4837 cano-

1993 4851 2161 4906 nicos
2185 4849 2455 4920 religioni
2486 4849 2752 4905 studens.
2781 4870 2810 4897 »

2066 4919 2749 5002 eLpassionem‘
2882 4919 3463 5002 hambertipolitiori
3493 4923 3646 5002 sty_l_o

1993 4992 2178 5067 edidit
2229 4997 2287 5067 et
2334 4989 2678 5067 Hermanno
2709 4989 3646 5067 ColoniensiarchEpiscopo'di-

1993 5064 2168 5133 cavit,
2194 5062 2492 5135 simulque
2519 5066 2763 5135 cantum
2785 5061 2859 5135 de
2881 5060 3175 5135 Trinitate.
3207 5060 3369 5120 Fe'cit
3399 5060 3465 5121 εἰ
3487 5067 3650 5123 libel-

1998 5136 2120 5190 lum
2151 5131 2488 5205 Quemdcim,
2521 5132 2690 5205 addit
2718 5131 3060 5205 Fulcuinus,
3089 5149 3164 5190 ex
3190 5136 3469 5204 plurimis
3494 5138 3647 5194 divi-

1994 5202 2211 5280 noruin
2244 5205 2532 5280 lilgrorum
2568 5202 3335 5280 ﬂoscutisjdecerptumtin
3384 5224 3506 5280 quo
3532 5208 3647 5280 sin-

198 5279 316 5335 ﬂlio
346 5273 616 5343 ‘Arnulti,
652 5302 680 5326 υ
712 5278 813 5349 qui
844 5292 1040 5331 annus
1074 5292 1236 5349 anno
1268 5273 1477 5349 Christi
1506 5281 1608 5330 902
1641 5292 1883 5349 respon-
1923 5296 1966 5348 ι)
1996 5275 2273 5349 gularum
2304 5274 2364 5328 in
2401 5290 2561 5349 anno
2592 5273 2970 5349 festivitatum
3016 5273 3329 5347 opuscula,
3360 5273 3497 5333 cum
3525 5279 3646 5334 col-

198 5350 313 5435 det,
341 5370 473 5435 quo
506 5365 689 5435 ειη.ορ
713 5347 1054 5435 Stephanus
1079 5348 1214 5435 jam.
1235 5352 1359 5435 erat
1387 5347 1709 5419 episcopus
1739 5347 1883 5435 l‘ie‘o-

199 5417 421 5479 diensis
443 5442 520 5479 ex
558 5417 870 5479 Mabillon.
898 5417 1125 5474 Anteau
1161 5417 1500 5490 Stephanus
1528 5417 1880 5490 venerabilis

199 5494 391 5567 abbas
412 5520 439 5543 η
471 5492 731 5567 synodo
757 5491 990 5567 Metensi
1016 5506 1177 5546 anno
1203 5489 1304 5545 888
1331 5489 1590 5567 interfuit
1610 5490 1675 5567 in
1701 5489 1881 5567 eccle-

201 5565 287 5623 sia
342 5569 379 5621 S
458 5560 733 5622 mum.
782 5561 874 5617 Ad
925 5578 1063 5618 eum
1121 5577 1364 5633 quoque
1416 5560 1648 5633 scripsit
1704 5560 1880 5616 Fulco

1996 5346 2158 5400 lectis
2193 5351 2252 5418 et
2304 5344 2570 5418 versibus
2605 5345 2743 5418 utili
2800 5344 3142 5418 commento
3195 5344 3537 5418 congessit:
3586 5350 3645 5404 in

1998 5418 2169 5491 cujus
2190 5416 2373 5491 libelli
2390 5416 2735 5491 praefatione
2756 5416 3013 5491 ostendit
3033 5433 3116 5491 s_e.
3127 5462 3138 5475 .
3150 5461 3163 5474 .
3175 5462 3211 5475 ..
3226 5416 3384 5491 luetis
3402 5435 3645 5491 apuero

1996 5488 2318 5561 educatum
2348 5487 2546 5561 fuisse.
2568 5487 2820 5561 Roberto
2838 5489 3167 5561 «ejusdem
3186 5490 3349 5561 sedis
3364 5487 3645 5561 episcopo

1995 5558 2262 5615 libellum
2288 5556 2608 5629 legendum
2639 5558 2798 5616 misit
2822 5559 2901 5617 ad
2923 5556 3476 5633 comprobandum.
3506 5582 3534 5607 »
