4034 6190
234 149 346 206 645

237 273 536 326 Personas
556 269 830 323 numerat
857 280 1003 320 nam
1031 266 1423 329 subsistentia
1457 278 1676 342 ternas,

239 363 390 417 Esse
421 364 619 416 tamen
651 355 957 429 proprium
995 363 1280 414 numerat
1300 360 1909 432 substantianulluin,

237 452 349 508 Det
372 447 628 522 pedibUs
657 445 849 502 lucere
875 445 1046 512 meis,
1081 446 1183 502 det
1208 446 1442 506 lumina
1463 451 1683 520 cordis,

235 537 547 596 Auxilium
559 534 772 591 misero
786 533 1065 603 dignetur
1078 534 1300 592 dedere
1325 539 1516 594 Verno
1535 539 1638 608 (at.
1659 541 1905 609 Vernae].

310 631 366 684 4.
401 626 712 682 Enimvero
743 639 934 694 neque
966 623 1127 680 fastu
1151 625 1450 698 superbire
1489 631 1750 698 tumens,
1806 644 1908 684 ne-

237 733 363 789 que
393 729 764 788 quemquam
795 713 1040 768 Patrum
1087 718 1437 786 contemptu
1489 715 1740 784 habens,
1781 715 1908 788 qui-

235 807 412 862 nimo
443 803 758 878 praelibatae
787 800 1018 858 utilitati
1049 818 1266 875 parere
1315 803 1526 866 libens,
1579 805 1732 875 stylo
1760 822 1908 876 pras-

239 893 614 967 pollentioris
664 889 882 960 ingenii
937 890 1225 947 eamdem
1281 891 1604 948 acceleravi
1636 909 1902 948 comens.

233 981 472 1038 Exinde
501 980 740 1036 musicas
767 978 906 1034 artis
928 977 1163 1035 ratione
1181 979 1522 1036 authentica
1545 979 1904 1036 sulmectun-

229 1076 330 1128 tur
376 1086 516 1126 cum
555 1068 892 1142 antiphonis
941 1069 1337 1140 responsoria
1380 1085 1558 1135 nova,
1593 1069 1651 1124 in
1682 1071 1906 1140 quibus

229 1159 436 1218 ordini
464 1159 782 1216 lectionum
808 1156 989 1213 series
1020 1157 1353 1230 respondet
1405 1163 1707 1226 tonorum,
1759 1175 1907 1232 qua-

235 1255 417 1308 tenus
449 1248 559 1305 sibi
589 1245 882 1320 aequando
911 1245 1157 1302 extendi
1197 1245 1402 1320 quitur
1459 1262 1744 1302 numerus
1793 1247 1904 1302 ho-

1471 151 1562 206 DE
1601 149 1762 206 νιΤΑ
1804 150 2048 208 SANCTI
2089 154 2462 215 L‘AMBERTI.

3591 173 3694 230 646

1949 279 1996 330 Α
2026 292 2181 335 rum.
2218 280 2431 336 Adhuc
2467 281 2646 338 etiam
2677 282 2868 340 animi
2919 283 3052 340 visu
3113 293 3305 348 exstat
3346 292 3695 352 delectabile

2023 364 2081 420 in
2107 368 2250 423 tanti
2274 369 2514 440 patroni
2545 370 2856 427 immorari
2890 371 3094 430 laude.

2023 455 2268 510 Cantica
2297 465 2666 531 quapropter
2693 475 2911 518 museo
2943 471 3187 538 compta
3216 465 3417 540 lepore
3445 470 3592 542 (496)

2022 543 2381 602 Succinctim
2405 547 2718 620 replicant,
2747 566 2817 606 ac
2849 551 2986 618 ejus
3009 559 3174 620 gesta
3201 561 3534 614 renarrant.

2023 630 2164 698 Quae
2188 634 2417 702 omnia,
2435 637 2624 706 Pater,
2657 641 2760 692 tuo
2773 638 2984 694 sensui
3002 641 3355 712 corrigenda
3368 646 3698 714 committo,

2025 719 2236 776 Notitia
2268 721 2414 790 (497)
2440 723 2584 789 veri,
2613 740 2736 798 quo
2767 741 3093 800 nunquam
3120 729 3319 786 fallere
3351 734 3524 801 nosti,

2023 808 2196 866 Falsa
2223 809 2328 865 sed
2361 827 2429 865 ex
2465 811 2604 866 viris
2633 819 3018 886 prosternere
3047 823 3263 878 cuncta
3294 823 3535 892 moliris,

2023 898 2168 960 Quae
2200 899 2434 969 majora
2458 900 2574 954 fide
2607 901 2854 971 debent,
2889 921 3080 976 quam
3117 924 3330 964 sensus
3361 910 3588 970 haberi.

2095 987 2386 1052 Quocirca
2415 988 2473 1044 in
2500 989 2798 1047 soliditate
2814 993 2900 1048 tui
2934 995 3192 1066 pectoris
3209 997 3341 1068 jam
3369 1001 3700 1073 requiescat

2024 1089 2173 1128 mete
2205 1075 2502 1132 vacillatio
2558 1080 2774 1138 mentis
2815 1081 3038 1140 viritim
3086 1084 3356 1146 defensa.
3403 1089 3700 1164 siquidem

2024 1167 2302 1227 meretur,
2325 1163 2480 1236 pedo
2499 1168 2612 1220 ture
2638 1169 3080 1238 pastoralitatis
3105 1191 3116 1236 ;
3151 1173 3240 1228 sin
3270 1163 3491 1246 autem,
3511 1195 3702 1236 secre-

2025 1249 2130 1305 tim
2151 1252 2439 1321 castigata
2457 1254 2558 1322 (at.
2579 1256 2722 1311 casti
2733 1258 2832 1329 ga]
2847 1257 2970 1314 leni
2991 1259 3160 1329 virga
3173 1266 3290 1318 tua:
3308 1267 3698 1337 paternitatis.

1029 1697 1392 1816 VITA
1478 1667 2003 1820 SANCTI
2095 1703 2887 1828 LAMBEBTI.

791 2194 1016 2250 CAPUT
1055 2194 1353 2250 PRIMUM.

242 2283 494 2338 Nabiles
525 2283 720 2338 sancti
741 2284 972 2338 natales
991 2295 1013 2350 ;
1035 2283 1343 2351 praeclara
1377 2283 1674 2338 institutio
1698 2297 1718 2352 ;
1758 2286 1904 2352 epis-

423 2377 668 2441 copatus
704 2373 1118 2442 Trajectensis,
1151 2377 1206 2426 et
1233 2387 1306 2426 ea'
1335 2387 1400 2426 eo
1429 2373 1721 2440 depulsio.

315 2467 367 2516 5.
392 2460 574 2529 lgitur
604 2460 896 2529 gloriosus
931 2465 1160 2533 martyr
1189 2460 1562 2526 Lantbertus,
1588 2466 1644 2516 et
1681 2467 1903 2517 aeterno

245 2549 386 2618 Regi
419 2550 698 2604 sacerdos
735 2549 1178 2614 dilectissimus,
1219 2549 1435 2616 insigni
1492 2567 1563 2604 ex
1617 2551 1904 2624 prosapia

241 2639 599 2710 Trajectensi
631 2639 759 2694 vico
785 2639 1003 2695 exstitit
1031 2638 1458 2694 oriundus.Hic
1480 2639 1738 2712 denique
1764 2656 1906 2712 pue-

243 2729 410 2784 rulus
450 2728 612 2800 apud
661 2734 936 2800 parentes
984 2727 1522 2784 Christianissimos
1553 2729 1797 2797 degens,
1849 2734 1906 2784 et

242 2815 419 2872 bonae
460 2816 676 2872 indolis
748 2834 882 2872 esse
931 2815 1243 2890 incipiens,
1305 2815 1654 2890 primaevam
1706 2817 1905 2872 statim

243 2921 420 2961 suam
451 2907 756 2962 tetatulam
783 2907 944 2962 unda
997 2905 1152 2962 sacri
1196 2905 1574 2978 baptismatis
1633 2907 1906 2980 puriﬁca-

245 3000 392 3059 tam,
446 2995 674 3051 Christo
739 2995 989 3051 Domino
1037 2995 1432 3064 consecravit,
1482 3012 1665 3068 seque
1718 3000 1904 3051 totum

248 3083 469 3152 adhuc,
501 3089 679 3156 prout
702 3084 867 3138 novit
897 3089 953 3140 et
976 3083 1182 3152 valuit,
1235 3081 1450 3137 divinis
1499 3083 1906 3139 voluntatibus

249 3173 630 3246 mancipavit.
688 3176 814 3239 Qua
855 3173 929 3228 de
959 3190 1021 3228 re
1053 3171 1276 3228 caelesti
1327 3173 1515 3238 gratia
1582 3178 1906 3244 praeeunte,

249 3262 379 3331 ejus
404 3261 612 3317 atﬁnes
642 3261 1000 3317 unanimiter
1029 3262 1360 3329 decrevere,
1391 3265 1472 3331 ut,
1497 3277 1677 3333 quem
1707 3278 1742 3316 a
1769 3277 1909 3333 pue-

248 3349 393 3405 ritiae
424 3350 597 3406 annis
623 3350 744 3406 vita
793 3349 1127 3406 illustrabat
1184 3350 1531 3420 sanctitatis,
1586 3349 1906 3405 auctoritas

249 3441 508 3496 erudiret
533 3440 822 3511 litteralis,
845 3441 1203 3514 juvaretque
1235 3440 1570 3513 perducens
1617 3440 1692 3496 ad
1743 3439 1906 3495 fasti-

251 3527 418 3596 gium
444 3544 693 3590 summae
743 3528 1140 3600 perfectionis.
1197 3527 1380 3598 Hujus
1425 3528 1625 3600 itaque
1679 3526 1907 3582 consilii

251 3615 644 3688 dispositione
674 3622 929 3690 reperta,
964 3617 1085 3670 imo
1112 3631 1246 3672 eam
1283 3615 1380 3671 Dei
1408 3617 1761 3688 disponente
1799 3615 1908 3670 cle-

251 3706 497 3769 mentia,
528 3721 678 3780 puer
708 3707 903 3761 forma
933 3706 1318 3778 conspicuus,
1382 3722 1566 3760 sensu
1622 3705 1908 3760 docilissi-

253 3811 408 3862 mus,
455 3794 828 3868 peritissimis
886 3795 1027 3849 viris
1076 3793 1327 3850 traditur
1383 3793 1751 3850 educandus.
1807 3796 1908 3848 Ec-

253 3883 577 3940 clesiastica
603 3883 888 3954 religione
926 3883 1262 3940 admodum
1313 3882 1648 3952 insignitur,
1677 3887 1732 3938 et
1787 3901 1905 3938 coe-

251 3973 486 4030 lestium
546 3973 968 4048 mysteriorum
1022 3974 1198 4042 igneo
1246 3988 1451 4028 amore
1532 3971 1908 4044 penetraliter

253 4063 680 4129 inﬂammatur,
707 4068 989 4136 tantoque
1021 4061 1268 4118 celerius
1299 4061 1635 4118 liberalium
1685 4060 1908 4117 ﬂuenta

255 4151 470 4209 artium
501 4153 780 4226 epotavit,
810 4156 1040 4226 quanto
1079 4150 1388 4207 ardentius
1439 4150 1497 4205 in
1549 4166 1753 4206 amore
1809 4149 1909 4205 Dei

255 4246 444 4298 totum
498 4257 560 4298 se
607 4241 749 4298 olim
805 4240 1168 4297 transfudit:
1226 4256 1335 4296 nec
1366 4239 1633 4296 celantur
1661 4241 1714 4296 ei
1751 4256 1910 4312 quae-

257 4347 494 4405 cunque
525 4331 784 4388 obscura
815 4335 1124 4401 geruntur,
1161 4329 1450 4404 quoniam
1482 4329 1646 4385 nulla
1688 4329 1766 4384 ad
1819 4329 1909 4384 di-

256 4421 549 4477 scendum
577 4437 748 4478 mora
789 4427 895 4489 est,
955 4419 1057 4475 ubi
1103 4418 1351 4492 Spiritus
1402 4423 1645 4474 sanctus
1701 4417 1911 4474 doctor

256 4509 444 4566 adest.

325 4602 380 4653 6.
431 4602 754 4655 lnstructus
799 4596 1044 4654 tandem
1099 4595 1318 4651 divinis
1365 4596 1778 4666 dogmatibus,
1855 4599 1912 4651 et

254 4687 509 4744 ubertim
537 4686 840 4759 vigoratus
885 4685 1234 4742 monasticis
1289 4684 1697 4744 sanctionibus
1739 4685 1908 4756 (498),

259 4775 581 4834 destinavit
608 4775 785 4832 corde
807 4791 957 4850 pucr
985 4774 1162 4830 bona:
1183 4773 1401 4830 indolis
1427 4773 1660 4843 regredi
1689 4773 1767 4829 ad
1809 4774 1913 4829 do-

262 4883 432 4923 mum
463 4865 762 4936 genitoris.
799 4864 970 4932 Quod
1007 4862 1212 4934 sagaci
1243 4862 1447 4920 animo
1487 4861 1780 4934 concepit.
1831 4861 1909 4918 ad

254 4956 534 5012 effectum
561 4954 810 5012 actionis
839 4970 1028 5027 usque
1057 4952 1350 5026 perduxit.
1405 4955 1567 5007 Tunc
1615 4950 1911 5022 benignus

251 5049 444 5118 pater,
477 5043 894 5100 charissimum
925 5042 1145 5116 pignus
1192 5039 1494 5114 excipiens
1551 5039 1907 5108 amabiliter,

327 5153 474 5224 (496)
504 5152 681 5225 Apud
711 5149 1162 5224 Chapeavillum
1188 5153 1276 5205 est
1304 5166 1316 5205 :
1379 5149 1572 5206 Musae
1601 5149 1913 5218 decompta

507 5294 598 5350 Sic
641 5292 866 5350 restitui
905 5307 977 5346 ex
1025 5290 1269 5365 laudata
1317 5289 1612 5365 editione;
1661 5290 1913 5365 nani__in

253 5361 470 5421 codice
492 5371 695 5438 nostro
739 5378 1058 5438 perperam
1104 5361 1319 5432 legitur
1368 5363 1672 5438 notitiam;
1715 5361 1915 5438 Melius

257 5441 459 5492 tamen
483 5437 670 5492 codex
702 5432 904 5492 noster
924 5435 990 5489 in
1010 5449 1188 5488 versu
1215 5449 1358 5488 mox
1383 5432 1566 5488 habet
1589 5433 1800 5488 :Falsa
1815 5433 1918 5488 sed

256 5502 519 5581 83458118
545 5525 558 5562 :
587 5524 695 5581 pro
707 5505 932 5581 quibus
960 5503 1186 5560 ibidem
1204 5509 1292 5581 est
1317 5521 1340 5581 :_
1356 5505 1522 5581 falsa
1551 5505 1652 5560 sed
1666 5519 1741 5559 ea:
1765 5520 1912 5581 aias.

329 5579 480 5650 (498)
512 5573 608 5636 De‘
619 5573 1030 5636 sanctionibus
1061 5591 1171 5632 seu
1195 5573 1524 5648 disciplinis
1571 5573 1917 5632 monasticis

1936 2201 1974 2253 Β
2011 2198 2295 2255 intellexit
2341 2201 2632 2272 spirituali
2674 2208 2876 2261 mente
2939 2223 3060 2262 non
3116 2210 3492 2267 mediocriter
3542 2230 3684 2272 eum

2015 2288 2438 2344 transcendere
2471 2306 2665 2346 annos
2698 2293 2993 2364 pueritiae.

2087 2377 2439 2432 Gaudebant
2465 2379 2671 2448 ambo,
2707 2383 3061 2439 Lantbertus
3089 2385 3313 2442 honore
3345 2393 3616 2462 paterno,

2089 2468 2151 2520 Et
2183 2470 2348 2536 pater
2374 2467 2624 2535 insignis
2655 2469 2955 2527 Lantberti
2985 2489 3056 2527 ex
3085 2474 3315 2530 actibus
3337 2475 3531 2532 almis.

2087 2554 2377 2626 Equidem
2400 2570 2550 2628 puer
2577 2561 2885 2626 strenuus,
2918 2561 3113 2617 nitens
3143 2564 3277 2619 totis
3319 2565 3543 2622 viribus
3590 2571 3682 2626 vir

2017 2641 2138 2696 fieri
2187 2641 2499 2714 perfectus,
2542 2643 2717 2714 juxta
2767 2646 3218 2721 Psalmographi
3271 2670 3496 2720 vocem,
3554 2657 3681 2714 ibat

2017 2729 2280 2801 quotidie
2311 2729 2386 2783 de
2414 2729 2625 2786 virtule
2657 2731 2717 2787 in
2743 2733 3020 2790 virtutem
3046 2738 3501 2813 (Psat.i.xxxui).
3532 2761 3680 2817 prae-

2016 2833 2239 2889 parans
2288 2817 2366 2872 ad
2415 2817 2514 2873 illa
2564 2822 2932 2892 peragenda,
2973 2841 3110 2896 quae
3170 2827 3678 2888 incommutabilis

2019 2905 2116 2960 Dei
2148 2905 2522 2976 providentia
2548 2923 2655 2980 per
2685 2908 2885 2981 ipsum
2917 2917 3052 2967 ante
3083 2918 3354 2985 tempora
3367 2919 3678 2975 saecularia

2017 2992 2138 3047 ﬁeri
2166 2994 2608 3066 priedestinavit
2652 3014 2856 3070 opera.
2912 3002 3199 3066 Quamvis
3239 3005 3474 3074 juvenis
3524 3011 3680 3062 esset

2017 3088 2208 3148 recite,
2235 3099 2468 3138 morum
2500 3088 2701 3141 tamen
2725 3088 3086 3154 grandaevus
3109 3093 3423 3163 probitate,
3453 3094 3684 3164 jactan-

2019 3170 2161 3224 tiam
2185 3171 2428 3237 vitabat,
2458 3189 2751 3246 pompam
2766 3177 2965 3232 saeculi
2994 3177 3228 3234 viriliter
3255 3181 3676 3238 conculcabat:

2017 3259 2312 3332 quidquid
2368 3260 2588 3316 habere
2640 3268 2889 3334 poterat,
2969 3268 3336 3339 pauperibus
3393 3270 3682 3338 erogabat

2017 3348 2185 3418 (499),
2217 3349 2484 3404 condens
2517 3350 2670 3406 coelo
2694 3353 3026 3424 thesauros,
3065 3355 3164 3410 ubi
3198 3358 3528 3427 possideret
3553 3375 3674 3425 eos,

2018 3453 2156 3492 cum
2189 3437 2416 3492 solutus
2444 3437 2687 3495 feliciter
2718 3441 3091 3512 transitoriis,
3121 3444 3315 3500 vivere
3333 3445 3560 3501 felicius
3586 3448 3678 3501 in-

1951 3554 1990 3604 C
2018 3525 2238 3597 ciperet
2257 3527 2578 3581 mansuris.

2088 3620 2141 3666 7.
2175 3614 2397 3668 Eodem
2423 3618 2689 3685 tempore
2713 3616 2918 3685 Agius,
2950 3618 3216 3687 pontifex
3262 3620 3674 3690 Thcodardus,

2016 3707 2072 3756 et
2097 3701 2465 3758 clarissimus
2491 3702 2704 3758 Christi
2745 3709 2973 3776 martyr
3030 3705 3286 3775 futurus,
3347 3709 3434 3763 vir
3480 3725 3674 3765 sacer-

2015 3791 2198 3847 dotali
2230 3790 2560 3847 reverentia
2591 3791 2824 3865 plenus,
2857 3797 2915 3849 et
2945 3810 3151 3850 coram
3177 3796 3394 3853 divinis
3429 3799 3678 3870 aspecti-

2014 3880 2129 3936 bus
2162 3880 2443 3936 sacerdos
2469 3879 2926 3948 beatiﬁcandus,
2946 3882 3004 3938 in
3036 3891 3371 3943 memorato
3403 3887 3676 3960 superius

2015 3969 2148 4025 vico
2176 3968 2582 4046 episcopalem
2608 3969 3064 4028 administrabat
3111 3973 3483 4042 dignitatem.
3531 3977 3674 4033 Huic

2016 4058 2426 4115 memorabilis
2501 4058 2854 4115 adolescens
2941 4062 3292 4120 Lantbertus
3369 4065 3674 4123 nobilitate

2017 4149 2475 4216 cluentissimus,
2504 4148 2701 4205 forma
2726 4150 2991 4223 corporis
3013 4151 3494 4224 elegantissimus
3519 4171 3680 4212 com-

2017 4239 2355 4304 mendatur,
2377 4239 2438 4294 in
2464 4238 2603 4294 aula
2632 4240 2795 4310 regia
2823 4241 3198 4312 educandus,
3255 4250 3317 4301 ut
3358 4245 3519 4301 velut
3546 4262 3710 4318 pre-.

2018 4330 2210 4384 tiosus
2240 4327 2411 4400 lapis,
2447 4328 2876 4401 multiplicibus
2906 4332 3196 4402 potiretur
3225 4335 3680 4403 argumentis,et

2019 4423 2366 4490 competens
2393 4416 2555 4474 ﬁeret
2578 4418 2918 4475 coelestibus
2956 4423 3498 4478 ornamentis.'l‘um
3532 4439 3675 4478 sane

2020 4506 2303 4563 columba
2355 4506 2566 4562 Christi
2620 4507 2746 4563 sine
2797 4507 2928 4562 felle
2985 4510 3423 4580 amaritudinis,
3498 4513 3672 4566 Lant-

2017 4595 2241 4666 bertus,
2269 4595 2540 4653 videlicet
2569 4597 2850 4652 alumnus
2869 4596 3213 4665 laudabilis,
3240 4600 3455 4655 solerte
3473 4599 3672 4655 adhae-

2018 4702 2156 4742 rens
2186 4686 2527 4757 magisterio
2556 4686 2784 4758 praefati
2814 4685 3067 4758 antistis,
3101 4688 3279 4760 coepit
3306 4688 3472 4743 illum
3502 4705 3677 4745 vene-

2017 4775 2137 4832 rari
2167 4775 2320 4832 sicut
2347 4775 2684 4843 dominum,
2717 4775 2960 4845 diligere
2994 4777 3514 4848 quemadmodum
3563 4795 3672 4851 pa-

2018 4868 2169 4920 trem
2199 4863 2640 4929 charissimum,
2672 4862 2812 4920 etin
2857 4863 3084 4919 cunctis
3137 4863 3366 4920 actibus
3421 4864 3674 4938 obsequi

2014 4954 2186 5023 juxta
2216 4952 2476 5008 edictum
2509 4951 2780 5025 apostoli,
2815 4967 2923 5007 ceu
2965 4951 3218 5009 decebat
3271 4970 3513 5010 servum
3565 4958 3675 5012 Do-

2019 5042 2168 5099 mini
2199 5042 2257 5109 (I
2281 5043 2444 5098 Petr.
2487 5043 2571 5113 ιι.)
2627 5040 2940 5097 Enimvero
2988 5057 3060 5097 ex
3108 5041 3254 5099 tanti
3309 5043 3492 5100 Patris
3538 5060 3676 5101 con-

2021 5146 2163 5203 nihi]
2195 5147 2378 5202 habet
2407 5146 2843 5218 Godeschalcus
2874 5147 2959 5216 (in
2996 5148 3129 5218 Vita
3183 5149 3446 5218 ejusdem
3503 5151 3676 5206 Lam-

2024 5219 2192 5289 berti)
2226 5237 2239 5286 ;
2271 5234 2478 5289 verum
2510 5217 2848 5289 Sigebertus
2878 5221 2935 5272 et
2964 5217 3239 5276 Nicolaus
3268 5220 3332 5276 in
3361 5221 3500 5276 Vitis
3523 5221 3673 5277 dan-

2022 5290 2114 5344 dis
2142 5288 2339 5370 ipsum
2374 5288 2487 5370 sub
2511 5288 2826 5370 disciplina
2859 5289 3276 5370 SLLandoaldi
3312 5292 3500 5349 vitam
3544 5308 3673 5348 mo-

2023 5358 2264 5416 nasticae
2290 5359 2541 5414 similem
2573 5358 2812 5414 duxisse
2853 5358 3173 5418 afﬁrmant.

2096 5431 2240 5502 (499)
2278 5433 2483 5510 Neque
2511 5431 2586 5510 de
2618 5432 2730 5510 hac
2757 5431 2840 5510 _in
2869 5447 3166 5505 pauperes
3199 5432 3427 5492 liberali
3455 5433 3676 5490 miseri-

2025 5502 2126 5557 dia
2151 5501 2422 5558 meminit
2446 5501 2904 5560 Godeschalcus.
