4034 6190
182 129 294 182 649

257 249 488 306 Effudit
515 250 685 315 virus,
715 247 988 317 gaudens
1019 246 1078 300 in
1112 246 1290 318 pejus
1312 247 1498 305 abire.

256 342 454 395 Omne
489 355 671 407 genus
701 335 1036 401 hominum,
1059 335 1243 390 cmlos
1275 352 1351 392 ne
1383 339 1571 409 possit
1599 338 1783 394 adire.

260 433 349 485 l3.
384 431 752 500 Quapropter
776 425 1100 480 commovit
1137 425 1298 493 odia,
1332 427 1609 483 excitavit
1637 427 1855 498 jurgia,

179 517 453 573 turbavit
509 515 780 571 Ecclesia!
845 530 1087 586 pacem,
1141 515 1346 585 posuit
1405 515 1857 571 ﬁrmamentum

177 607 356 679 regni
404 606 798 662 formidinem.
850 603 1032 658 Rabie
1078 603 1446 660 crudelitatis
1489 605 1642 660 adeo
1673 604 1859 660 corda

177 697 508 754 hominum
531 695 812 761 accendit,
839 698 902 748 ut
929 708 1055 748 non
1088 692 1363 750 viderent
1390 693 1630 756 cmlum,
1661 710 1856 765 neque

177 787 644 843 recordarentur
673 784 768 840 Dei
801 781 1192 854 judiciorum.
1228 784 1352 839 Hoc
1387 783 1591 854 itaque
1621 798 1854 838 veneno

176 893 292 949 per
323 875 601 932 membra
647 872 862 930 diaboli
907 871 1173 940 graviter
1231 872 1524 944 disperso,
1575 871 1855 944 princeps

175 965 354 1036 regni
408 964 770 1031 interﬁcitur,
821 960 1096 1016 videlicet
1145 961 1513 1024 Childericus
1568 975 1672 1015 rex
1725 959 1854 1030 glo-

174 1055 400 1112 riosus.
417 1057 547 1112 Mox
572 1052 783 1109 etenim
799 1049 1034 1106 invidiae
1061 1050 1310 1122 pondus
1339 1054 1396 1107 et
1419 1050 1630 1106 odium
1647 1049 1852 1105 adver-

174 1161 284 1200 sus
343 1144 447 1200 Dei
504 1143 791 1199 famulum
849 1140 1185 1196 commovit
1241 1140 1646 1196 Lantbertum.
1706 1138 1854 1194 Hinc

173 1233 385 1290 hostili
430 1232 594 1288 rabie
624 1230 810 1300 magis
841 1246 909 1284 ac
940 1229 1144 1299 magis
1176 1235 1489 1300 grassante
1528 1233 1584 1284 et
1631 1227 1856 1283 invidia

172 1321 410 1378 diaboli
443 1321 712 1394 nequiter
731 1317 1179 1386 exardescente,
1199 1318 1552 1375 Lantbertus
1573 1316 1856 1373 sacerdos

174 1411 396 1469 Christi
446 1411 700 1482 inclytus
746 1408 926 1464 debiti
955 1407 1211 1464 honoris
1259 1408 1525 1480 privatur
1550 1405 1854 1478 dignitati-

170 1502 316 1571 bus,
347 1518 419 1557 ac
449 1501 523 1555 de
553 1497 871 1572 pontificali
901 1497 1197 1554 cathedra
1226 1497 1316 1553 vir
1341 1497 1594 1554 caelestis
1623 1496 1858 1568 ejicitur

1423 127 1514 181 DE
1556 127 1715 182 VITA
1756 124 2000 182 SANCTI
2036 124 2412 184 LAMBERTI.

3540 143 3649 200 650

1891 252 1937 303 Α
1971 251 2154 305 Nemo
2184 251 2292 307 erit
2345 252 2449 324 qui
2481 252 2702 322 abigat,
2759 269 2946 309 nemo
3000 253 3108 310 erit
3137 258 3240 328 qui
3295 270 3528 320 renuat.
3562 269 3648 322 Tu

1971 336 2259 394 stabilitas
2290 338 2553 408 fortium,
2587 343 2888 414 reparatio
2931 341 3246 416 debilium,
3277 348 3558 408 defensor
3587 355 3648 410 in

1969 425 2458 494 adversis,decus
2479 429 2539 484 in
2563 432 2891 504 prosperis,
2918 449 3263 507 pauperum
3285 441 3646 511 consalator,

1968 514 2385 585 orphanorum
2404 517 3011 589 adjutor,viduarum
3036 532 3327 598 receptor.
3353 532 3427 585 Te
3451 532 3652 588 cuncti

1968 617 2314 691 sequemur,
2350 609 2548 662 tecum
2580 625 2792 666 omnes
2825 613 3181 670 moriemur.
3232 616 3288 672 Si
3319 621 3563 691 superbi
3596 627 3649 679 te

1967 689 2325 763 despiciunt,
2361 699 2418 750 et
2464 695 2566 751 ﬁlii
2619 697 2796 754 Belial
2828 708 3302 774 persequuntur,
3349 689 3460 764 nos
3511 726 3650 768 oves

1966 781 2084 834 tuae
2116 779 2425 851 diligimus
2454 789 2512 839 et
2537 801 2923 844 veneramur.

1970 869 2056 922 16.
2075 871 2121 924 lt
2139 869 2291 926 coelo
2313 871 2542 929 clamor
2562 874 2839 947 fratrum,
2856 877 3267 954 lacrymaeque
3281 891 3644 952 gementum.

2039 960 2202 1015 Tunc
2223 963 2392 1016 Pater
2421 967 2680 1034 evectus,
2707 965 3006 1039 lacrymis
3027 968 3109 1025 ita
3141 970 3300 1027 fatur
3329 974 3573 1034 obortis:

2041 1048 2150 1102 Pro
2179 1064 2241 1103 re
2271 1065 2469 1122 pauca
2498 1051 2713 1125 loquar
2742 1072 2755 1109 :

2043 1139 2170 1193 Non
2195 1145 2400 1210 pastor
2430 1141 2615 1198 deerit
2641 1145 2837 1214 vobis,
2873 1162 3000 1202 non
3030 1164 3175 1205 cura
3207 1152 3434 1210 salutis.

2045 1228 2241 1373 Unubm
2295 1235 2401 1298 est,
2453 1233 2620 1304 quod
2676 1236 2912 1292 mando
2962 1243 3260 1310 repetens,
3314 1243 3650 1320 iterumque

2045 1332 2155 1373 one
2201 1334 2237 1373 o
2270 1337 2283 1373 :

1968 1331 2237 1374 monebo
2270 1337 2283 1374 ε

2046 1407 2090 1462 Ο
2120 1405 2225 1462 ﬁlii
2255 1408 2609 1479 charissimi,
2643 1417 2698 1468 et
2743 1429 2894 1469 oves
2939 1419 3202 1474 Pastoris
3237 1425 3478 1491 summi,
3510 1429 3650 1482 Ser-

1969 1492 2092 1548 vite
2109 1496 2362 1552 Domino
2392 1499 2454 1552 in
2487 1501 2714 1568 timore,
2735 1508 2792 1556 et
2813 1507 3118 1562 exsultale
3148 1509 3203 1564 ei
3232 1526 3364 1566 cum
3397 1517 3651 1574 tremore

173 1592 306 1648 sine
362 1607 572 1647 causa.
621 1589 772 1644 Proh
829 1587 997 1643 nefas
1031 1589 1042 1642 ἓ
1105 1588 1324 1659 regalis
1375 1587 1610 1659 interiit,
1666 1586 1854 1643 subli-
1891 1598 1934 1652 Β
1968 1581 2161 1652 (Psal.
2183 1586 2286 1655 ni).
2319 1606 2336 1636 ι
2357 1586 2653 1644 Declinate
2675 1606 2710 1644 a
2734 1592 3185 1661 malo,etfacite
3202 1597 3436 1656 bonum
3460 1604 3644 1673 (Psal.

173 1680 388 1748 mitas,
420 1689 743 1753 pravorum
774 1677 1087 1750 praevaluit
1120 1677 1432 1750 iniquitas,
1466 1675 1853 1734 sacerdotalis

171 1769 436 1826 confusa
467 1773 554 1825 est
583 1767 875 1834 sanctitas,
900 1767 1148 1838 justitiae
1180 1766 1498 1840 profanata
1528 1772 1616 1823 est
1663 1766 1850 1840 aequi-

171 1863 289 1918 tas.

254 1951 340 2004 14.
376 1950 501 2003 Heu
534 1947 546 2000 Ι
595 1962 775 2016 cogor
805 1945 1038 2018 scriptis
1069 1945 1429 2018 depromere
1456 1961 1585 2001 rem
1631 1945 1848 2002 verita-

174 2038 272 2093 tis.
331 2040 496 2092 Tunc
555 2041 904 2106 suggestum
961 2034 1356 2104 Trajectensis
1397 2034 1669 2090 Ecclesia:
1697 2035 1848 2091 latro

175 2125 640 2182 Pharamundus
687 2125 904 2180 invasit
948 2125 1170 2195 inepte.
1225 2123 1584 2179 Praisulatus
1628 2140 1846 2196 nempe

175 2231 391 2271 curam
422 2214 499 2270 ad
534 2213 731 2268 saeculi
754 2213 1127 2269 miserrimus
1155 2211 1356 2284 rapuit
1383 2228 1698 2285 pompam,
1723 2229 1845 2269 non

175 2303 257 2360 ad
289 2302 572 2376 perennis
588 2301 717 2357 vitae
739 2301 1025 2374 palmam.
1044 2301 1278 2356 Etenim
1295 2301 1607 2374 usurpavit
1623 2301 1847 2374 episco-

175 2393 374 2465 pium,
412 2391 650 2458 invasit,
676 2390 1032 2457 dominium,
1058 2390 1402 2446 animarum
1437 2389 1653 2446 exstitit
1673 2390 1840 2456 latro,

178 2480 454 2538 Ecclesiae
503 2479 778 2552 publicus
810 2479 1035 2552 praedo.
1086 2479 1420 2534 Temeravit
1465 2482 1843 2535 sacramenta

178 2568 472 2626 Dominici
495 2567 1248 2640 corporis,commaculavit
1274 2567 1502 2640 apicem
1538 2568 1843 2624 canonica;

175 2658 570 2727 rectitudinis,
604 2657 840 2714 violavit
883 2657 1317 2726 sanctuarium,
1369 2657 1707 2730 profanavit
1746 2673 1842 2714 sa-

177 2747 536 2814 cerdotium,
572 2745 840 2802 confudit
882 2747 1258 2817 religionem,
1313 2745 1653 2803 immutavit
1682 2745 1841 2802 ordi-

177 2854 342 2906 nem,
396 2835 652 2910 perdidit
693 2836 1122 2902 innocentiam,
1182 2835 1497 2908 captivavit
1538 2840 1840 2908 naturam,

1963 1674 2168 1744 xxxvi);
2200 1695 2228 1722 »
2279 1673 2471 1730 aderit
2523 1677 2693 1732 vobis
2721 1678 3092 1739 fortissimus
3133 1686 3396 1758 adjutor,
3429 1692 3532 1762 qui
3562 1699 3650 1750 est

1962 1777 2142 1817 verus
2161 1769 2516 1835 promissor,
2550 1781 2745 1840 neque
2779 1769 2937 1828 sinet
2961 1773 3176 1845 perire,
3205 1791 3362 1847 quos
3393 1779 3649 1840 redemit

1963 1865 2076 1905 sua
2117 1851 2400 1922 passione
2429 1855 2603 1910 Jesus
2650 1856 2921 1914 Christus
2953 1863 3265 1934 Dominus,
3312 1867 3416 1936 qui
3445 1873 3534 1923 est
3583 1871 3643 1927 in

1960 1939 2182 1997 saecula
2197 1940 2714 2001 benedictus.Post
2732 1946 2865 2003 haec
2886 1967 3092 2008 sacras
3107 1969 3328 2008 manus
3346 1956 3639 2029 attollens,

1958 2033 2014 2085 et
2043 2029 2252 2085 oculos
2291 2032 2371 2087 ad
2419 2033 2638 2088 cmlum
2689 2034 2982 2107 dirigens,
3037 2041 3344 2098 benedixit
3398 2046 3552 2103 clero
3585 2056 3641 2106 et

1957 2119 2206 2191 populo,
2253 2121 2622 2191 consignans
2654 2140 2757 2178 eos
2791 2127 3008 2183 Christi
3039 2130 3370 2200 signaculo.
3407 2135 3636 2197 Quibus

1956 2209 2138 2265 etiam
2187 2209 2436 2266 dulciter
2465 2213 2751 2268 omnibus
2783 2218 3166 2289 exosculatis,
3213 2219 3338 2292 ipse
3370 2222 3633 2281 domnus

1950 2313 2095 2356 cum
2119 2297 2328 2369 paucis
2351 2300 2672 2355 comitibus
2689 2302 2839 2372 (504)
2861 2305 3175 2376 quoddam
3197 2311 3631 2370 monasterium

1955 2386 2123 2458 petiit
2141 2386 2306 2458 quod
2331 2387 2650 2444 Stabulaus
2670 2391 2816 2462 (505)
2833 2391 2976 2447 olim
2991 2395 3355 2451 vocabulum
3379 2402 3626 2472 accepit.

1957 2474 2042 2529 Ibi
2067 2473 2397 2546 praesertim
2426 2475 2516 2531 vir
2542 2479 2979 2548 memorabilis,
3025 2488 3429 2555 sequestratus
3460 2504 3496 2544 a
3525 2505 3628 2544 cu-

1957 2563 2152 2619 stodia
2177 2563 2467 2619 Dominici
2500 2567 2701 2636 gregis
2733 2584 2873 2624 cum
2909 2572 3284 2629 senatoribus
3307 2575 3438 2630 coeli
3469 2577 3628 2636 infra

1956 2653 2184 2710 curiam
2213 2654 2426 2709 terreni
2458 2661 2851 2714 conversatus
2878 2664 2966 2715 est
3003 2662 3288 2734 paradisi.

2029 2743 2107 2798 l7.
2135 2742 2257 2800 Sub
2283 2743 2543 2814 regulari
2573 2745 2895 2819 disciplina
2919 2748 3036 2804 illic
3061 2753 3500 2811 monachorum
3535 2759 3623 2812 vi-

1953 2832 2132 2888 vebat
2161 2836 2418 2905 caterva,
2449 2849 2714 2906 quorum
2747 2839 3262 2896 conversationem
3308 2859 3437 2900 esse
3471 2845 3624 2902 inter

175 2925 524 2998 aequitatem
553 2923 890 2995 debellavit,
917 2925 1210 2996 justitiam
1241 2925 1563 2996 exhorruit,
1595 2926 1842 2984 benedi-
1878 2956 1919 3009 ο
1955 2923 2215 2980 caelestia
2246 2921 2648 2996 plurimarum
2677 2925 2964 2982 virtutum
2990 2929 3331 3001 prodebant
3357 2933 3622 2991 testimo-

175 3015 440 3070 ctionem
469 3013 692 3070 habere
719 3014 1096 3088 contempsit,
1131 3013 1612 3071 maledictionem
1643 3015 1843 3088 acqui-

174 3120 308 3160 rere
340 3120 464 3159 non
494 3103 707 3174 timuit,
739 3103 971 3160 nullum
994 3103 1231 3160 facinus
1257 3104 1844 3175 exsecravit,nullum

174 3192 376 3248 scelus
408 3193 697 3248 intactum
721 3193 974 3266 reliquit.
996 3192 1334 3249 Monstravit
1361 3193 1547 3249 verbo
1577 3198 1635 3250 et
1663 3209 1842 3266 opere

173 3297 305 3354 qua
369 3281 584 3337 mentis
638 3281 963 3338 intentione
1015 3281 1096 3336 ad
1154 3280 1422 3350 regimen
1470 3281 1844 3338 introductus

175 3370 390 3426 fuisset
436 3369 727 3426 Ecclesiae.
781 3369 956 3426 Plura
1000 3369 1218 3425 referre
1263 3369 1468 3442 pudet,
1529 3369 1678 3444 quid
1721 3369 1844 3427 doli

174 3459 469 3530 magister
497 3460 738 3529 egisset.

849 3568 1072 3622 CAPUT
1111 3565 1176 3621 II.

178 3657 457 3714 Secessus
504 3657 568 3711 in
615 3657 1065 3725 monasterium,
1125 3661 1182 3712 et
1233 3656 1357 3712 vita
1403 3655 1485 3711 ibi
1538 3657 1842 3726 septennia

253 3733 429 3785 acta:
472 3728 679 3796 ejectio
709 3727 1153 3796 Pharum-undi,
1203 3728 1514 3799 sanctique
1542 3728 1604 3784 in
1651 3729 1842 3794 sedem

253 3814 423 3855 suam
454 3799 772 3855 restitutio.

258 3906 341 3962 l5.
399 3908 473 3961 At
528 3904 900 3973 Lantbertus,
959 3903 1175 3960 Christi
1231 3904 1470 3973 athleta,
1522 3903 1844 3961 clementer

178 3995 378 4051 ferens
425 3998 660 4063 cuncta,
693 3993 1049 4068 praesulatus
1088 3992 1264 4066 liquit
1310 3997 1630 4067 sceptrum,
1684 4010 1845 4050 com-

178 4083 477 4140 mendans
504 4099 712 4140 curam
744 4083 949 4139 ovium
979 4081 1032 4138 ei
1057 4082 1162 4154 qui
1189 4081 1336 4139 lavit
1361 4082 1741 4155 baptismate,
1774 4099 1844 4139 ac

179 4173 433 4235 redemit
483 4173 800 4243 sanguine.
850 4174 1122 4244 Cumque
1169 4172 1499 4229 discederet
1527 4173 1618 4228 vir
1665 4171 1846 4228 mitis-

186 4262 394 4329 simus,
418 4261 826 4318 conviciorum
858 4261 1097 4332 injuriis
1119 4260 1414 4330 addictus,
1443 4265 1501 4318 et
1528 4277 1844 4334 nunquam

187 4351 264 4408 ad
307 4351 685 4408 iracundiam
732 4349 1085 4420 labefactus,
1143 4351 1339 4408 omnis
1389 4367 1529 4432 eum
1584 4351 1845 4426 populus

182 4441 643 4525 lamentabatur,
662 4440 858 4496 omnis
879 4439 1073 4496 clerus
1093 4439 1358 4511 lugebat,
1382 4444 1438 4496 et
1476 4455 1616 4496 eum
1638 4456 1844 4513 prose-

185 4531 428 4604 quendo
479 4534 803 4603 gementes,
837 4529 1122 4586 dicebant
1154 4547 1166 4586 :
1224 4530 1328 4586 Cui
1360 4545 1472 4586 nos
1501 4529 1842 4598 committis,

186 4624 391 4693 pastor
427 4618 878 4690 vigilantissime
907 4620 936 4676 ?
965 4619 1068 4675 Cui
1111 4635 1222 4676 nos
1269 4618 1512 4687 deseris,
1567 4618 1846 4676 sacerdos

188 4707 561 4765 sanctissime
600 4707 628 4762 ?
679 4707 1085 4774 Quamobrem
1131 4707 1416 4781 relinquis
1454 4723 1698 4778 gregem
1741 4707 1845 4764 de-

186 4803 416 4869 votum,
449 4802 508 4854 et
533 4813 721 4871 quare
754 4797 1090 4870 supplicem
1139 4797 1367 4854 clerum
1392 4796 1419 4850 ‘P
1455 4795 1596 4862 Quis
1627 4812 1738 4852 nos
1768 4796 1846 4852 ab

186 4887 415 4944 insidiis
445 4887 706 4943 tuebitur
753 4887 942 4943 hostis
974 4888 1001 4941 ‘I
1055 4887 1198 4952 Quis
1254 4884 1448 4944 orabit
1497 4889 1683 4941 Deum
1735 4901 1846 4958 pro

185 4977 404 5033 nobis?
457 4976 598 5042 Quis
627 4975 997 5050 pestilentias
1052 4975 1308 5048 depellet
1336 4975 1364 5030 ?
1420 4973 1709 5031 lnvadent
1736 4990 1847 5030 nos

180 5067 310 5140 lupi
340 5083 618 5139 rapaces,
647 5065 1029 5122 dilaniabunt
1054 5081 1166 5121 nos
1212 5064 1572 5121 ferocissimi
1619 5065 1842 5122 hostes.

252 5175 402 5245 (504)
432 5176 590 5230 Duos
619 5177 854 5245 tantum
879 5172 1010 5245 ejus
1042 5188 1147 5228 seu
1175 5171 1503 5245 discipulos
1532 5188 1638 5228 seu
1658 5171 1848 5245 famu-

177 5243 271 5318 los
302 5243 510 5318 ipsum
555 5244 634 5301 ad
677 5243 1110 5318 monasterium
1144 5243 1494 5318 Stabulense
1539 5243 1850 5318 comitatos

180 5314 366 5373 fuisse
397 5320 643 5372 testatur
667 5314 1126 5387 Godeschalcus.
1143 5317 1434 5387 Praeterea
1453 5331 1588 5387 quae
1605 5315 1850 5387 stephaj

180 5405 298 5468 nus
346 5388 443 5443 hic
488 5388 563 5468 de
593 5386 1056 5468 Trajectensiuin
1103 5387 1164 5441 in
1216 5386 1404 5442 sancti
1451 5384 1718 5468 praesulis
1754 5384 1850 5464 sui

181 5460 479 5527 discessu,
512 5463 566 5514 et
610 5455 792 5528 hujus
822 5457 900 5513 ad
950 5457 1080 5512 illos
1113 5473 1388 5513 sermone
1434 5455 1628 5528 refert,
1661 5455 1766 5510 etsi
1817 5471 1854 5510 a

181 5547 327 5586 vero
358 5546 482 5586 non
514 5527 894 5601 abhorreant,
929 5528 1006 5585 ab
1036 5530 1170 5601 ipso
1203 5534 1401 5587 tamen
1427 5527 1728 5601 Stephano
1751 5530 1854 5582 aut

184 5603 528 5674 excogitata
553 5605 656 5657 aut
681 5598 1076 5674 amplificata,
1107 5605 1163 5658 et
1193 5616 1303 5675 pro
1337 5616 1447 5657 suo
1476 5598 1717 5670 ingenio
1753 5614 1852 5654 ex-

483 5677 744 5730 PuiwL.
791 5675 1029 5730 CXXXI].

1953 3013 2072 3070 nia.
2095 3017 2246 3069 Inter
2265 3029 2420 3086 quos
2439 3014 2603 3070 venit
2616 3015 2982 3073 novissimus
3005 3018 3235 3088 ordine,
3265 3021 3372 3076 sed
3388 3022 3621 3094 primus

1953 3102 2170 3159 exstitit
2207 3102 2551 3172 sanctitate;
2604 3109 2944 3177 postremus
2973 3123 3247 3180 numero,
3279 3110 3620 3183 praecipuus

1954 3191 2168 3247 exstitit
2196 3191 2528 3247 devotionis
2576 3193 2793 3250 studio.
2838 3194 3010 3251 Hunc
3041 3199 3240 3253 Patres
3270 3201 3621 3256 monasterii

1953 3284 2018 3336 ut
2069 3280 2521 3337 charisssimum
2575 3285 2807 3338 Patrem
2837 3285 3220 3356 recolebant;
3273 3287 3355 3342 illi
3403 3288 3618 3345 fratres

1953 3369 2215 3426 universi
2247 3370 2666 3441 assurgebant,
2700 3389 2809 3429 ceu
2855 3374 3104 3430 domino
3134 3380 3191 3430 et
3217 3376 3392 3449 patri.
3428 3379 3621 3442 Quem

1953 3459 2106 3514 Deus
2136 3457 2328 3529 gratia
2371 3457 2733 3530 perfuderat,
2767 3462 3051 3517 omnibus
3106 3463 3284 3518 bonis
3339 3465 3617 3520 amabilis

1951 3552 2095 3604 erat.
2130 3551 2356 3604 Interea
2383 3546 2444 3601 in
2473 3547 2722 3618 praefato
2767 3565 3152 3606 commorans
3183 3551 3482 3621 coenobio,
3535 3553 3620 3609 fa-

1952 3635 2298 3692 mulabatur
2325 3634 2461 3691 totis
2493 3635 2724 3692 nisibus
2755 3638 3114 3706 Deo,sitiens
3144 3639 3226 3694 illi
3247 3640 3616 3713 placere,cui

1954 3740 2016 3780 se
2032 3723 2325 3796 templum
2357 3723 2768 3794 spoponderat
2788 3739 2935 3780 esse.
2968 3725 3362 3783 Incumbebat
3382 3727 3617 3784 creber-

1952 3811 2120 3869 rimis
2151 3809 2540 3880 orationibus,
2573 3815 2740 3868 tanto
2772 3811 3070 3886 siquidem
3091 3813 3356 3885 liberius,
3387 3821 3616 3888 quanto

1953 3918 1990 3958 a
2018 3899 2305 3974 pastorali
2335 3915 2480 3956 cura
2494 3900 2846 3973 quantisper
2874 3900 3064 3958 fuerat
3094 3903 3614 3971 alienatus.Quan-

1953 3994 2077 4048 tam
2097 3989 2497 4047 humilitatem
2529 4005 2672 4061 erga
2694 3990 2973 4062 praelatos
3005 3991 3296 4066 exhibuit,
3323 4000 3617 4068 quantam

1951 4079 2384 4152 benignitatem
2433 4079 2600 4151 apud
2655 4096 2866 4136 omnes
2923 4081 3128 4150 tenuit,
3181 4083 3384 4139 nullus
3435 4083 3618 4140 verbo

1953 4169 2270 4242 explicare,
2321 4167 2522 4225 nullus
2567 4169 2800 4226 calamo
2855 4174 3048 4242 potest
3085 4173 3615 4246 comprehendere.

1955 4258 2374 4340 Frugalitatem
2391 4273 2656 4331 namque
2678 4259 2739 4314 in
2759 4273 2829 4315 eo
2851 4258 3087 4316 laudari
3105 4276 3229 4318 non
3245 4266 3333 4318 est
3351 4278 3615 4334 necesse,

1953 4363 2141 4421 quam
2185 4347 2268 4403 sic
2298 4345 2648 4403 mirabiliter
2677 4346 2958 4415 exercuit,
2987 4353 3052 4404 ut
3081 4349 3214 4423 ipsa
3241 4350 3464 4408 macies
3488 4366 3619 4406 cor-

1953 4437 2118 4510 poris
2147 4436 2314 4494 illum
2354 4435 2609 4493 Domino
2658 4437 3083 4508 comprobaret
3113 4439 3342 4496 cunctis
3371 4439 3433 4494 in
3475 4438 3619 4494 odo-

1953 4542 2082 4582 rem
2111 4529 2423 4600 acceptum
2452 4524 2578 4582 fore
2609 4525 2936 4582 suavitatis.

2029 4621 2113 4672 18.
2149 4619 2365 4672 Verum
2414 4614 2562 4688 quid
2605 4615 2683 4671 ad
2714 4613 3025 4670 cumulum
3064 4631 3186 4671 sum
3236 4613 3618 4688 perfectionis

1954 4705 2144 4780 pietas
2172 4705 2360 4762 voluit
2381 4705 2692 4761 ostendere
2725 4703 3180 4776 Omnipotentis,
3208 4704 3344 4761 licet
3366 4705 3619 4761 breviter

1955 4793 2582 4864 commemorandum,
2611 4795 2900 4866 praesente
2933 4795 3137 4849 tamen
3187 4808 3464 4849 sermone
3495 4809 3621 4849 non

1955 4887 2044 4940 est
2071 4880 2532 4939 transeundum.
2589 4879 2920 4951 Cujusdam
2951 4895 3094 4950 ergo
3141 4880 3332 4936 noctis
3363 4881 3618 4950 silentio,

1955 4971 2103 5027 dum
2134 4970 2313 5026 simul
2344 4986 2483 5024 cum
2506 4968 2785 5024 fratribus
2810 4967 3142 5040 quiesceret
3167 4968 3227 5023 in
3248 4968 3620 5040 dormitorio,

1957 5061 2112 5118 clam
2132 5059 2207 5116 de
2228 5059 2381 5116 lecto
2401 5058 2589 5115 voluit
2610 5072 2874 5129 surgere,
2892 5060 2956 5113 ut
2975 5057 3223 5130 prolixis
3244 5059 3619 5124 orationibus

1956 5167 2480 5244 positavidentur.

2029 5241 2177 5311 (505)
2220 5235 2837 5313 Stabuletuin,_vulgo
2871 5237 3143 5313 _Stavelo,
3185 5237 3484 5313 hodieque
3536 5255 3625 5296 ce-

1959 5307 2119 5367 lebre
2146 5307 2233 5365 est
2261 5307 2488 5364 ordinis
2523 5309 2578 5363 S.
2628 5307 2912 5364 Bernardi
2945 5307 3409 5366 monasterium"
3424 5312 3485 5366 in
3516 5317 3621 5367 Ar-

1960 5382 2224 5454 duenna,
2259 5396 2296 5454 a_
2327 5383 2538 5454 sancto
2578 5378 2855 5454 Remaclo
2889 5382 3220 5454 conditum,
3267 5397 3450 5454 quem
3484 5387 3623 5436 tunc

1961 5452 2138 5508 etiam
2163 5452 2220 5505 in
2243 5450 2781 5526 vivissuperfuisse
2808 5451 2938 5526 ejus
2961 5452 3074 5508 loci
3101 5450 3384 5510 abbatém
3419 5469 3624 5526 perpe-

1963 5539 2093 5580 ram
2127 5522 2375 5577 credidit
2406 5522 2682 5578 Nicolaus
2713 5523 2771 5578 in
2803 5524 2950 5579 Vita.

3274 5669 3339 5723 21
