4034 6190
411 114 503 162 651
1539 101 1880 158 STEPHANI
1923 97 2230 155 EPISCOPI
2278 101 2707 160 LEUUIENSIS.

3748 114 3852 162 652

409 235 611 304 posset
638 229 908 284 insistere
937 227 1232 282 attentius.
1271 229 1537 297 Cumque
1572 226 1692 279 suis
1726 224 1976 279 alterum
1995 237 2062 275 ex
2099 227 2143 276 Α
2195 227 2303 276 tres
2335 228 2681 294 quantotius
2712 228 2914 284 abeas.
2967 233 3233 293 Quorum
3269 231 3448 285 verba
3479 246 3602 284 non
3636 233 3849 294 renuit,

409 319 714 376 cothurnis
759 317 1070 388 acciperet,
1117 316 1366 372 alterum
1399 333 1606 370 eorum
1642 334 1677 371 a
1723 331 1904 370 manu
1941 313 2066 383 lap-

410 426 544 464 sum
573 414 682 476 est,
740 407 1072 478 i'eriensque
1118 405 1226 460 soli
1255 407 1688 479 pavimentum,
1735 403 1918 475 quieti
1956 403 2066 456 fra—

408 504 566 554 trum
597 495 842 552 incussit
875 496 1158 552 sonitum.
1195 501 1264 550 At
1296 499 1460 550 Pater
1493 495 1745 548 cmiobii
1783 507 2064 564 experge—

407 589 620 657 factus,
650 593 705 645 et
725 587 904 656 hujus
935 587 1134 643 arcani
1171 587 1432 656 ignarus,
1462 586 1608 641 dixit
1639 586 1850 653 :(Iujus
1874 598 2068 654 repre—

407 675 684 732 hensibili
712 673 965 728 audacia
997 675 1122 728 haec
1161 674 1340 728 modo
1375 674 1637 736 (":oiitij.,'it,
1688 671 2063 739 negligentia,

408 770 678 820 nostrum
715 780 942 817 morem
977 763 1230 833 expleat,
1261 779 1497 817 crucem
1551 762 1818 833 protinus
1869 761 2063 820 adeat,

407 857 463 908 et
492 853 653 924 quod
683 851 947 922 deliquit,
991 852 1179 908 diluat
1204 852 1568 907 Obedlt‘lllt‘l'.
1602 854 1762 906 Tunc
1795 849 2067 904 Lantber-

411 948 529 1013 tus,
592 941 873 998 sacerdos
928 941 1413 1012 patientissimus,
1503 957 1604 1009 spe
1660 939 2061 1002 lil‘miSSlt'llllr:,

410 1036 463 1086 et
486 1031 688 1086 animo
713 1029 1397 1100 laetissimusjussionem
1433 1029 1651 1100 prwlati
1683 1027 2065 1084 libentissime

410 1119 747 1191 complevit,
794 1124 848 1174 et
880 1118 957 1174 ad
1002 1135 1239 1174 crucem
1290 1119 1434 1173 sicut
1469 1118 1592 1171 ovis
1640 1118 1715 1171 ad
1764 1117 2064 1171 victimam

407 1209 768 1280 properavit.
824 1208 907 1262 Ni!
942 1207 1148 1263 detulit
1193 1224 1392 1264 secum
1446 1207 1518 1261 ad
1573 1209 1834 1261 ‘mmane
1883 1205 2066 1273 frigus

409 1297 852 1367 depellendum,
891 1297 998 1349 nisi
1031 1299 1450 1350 taiintummodo
1488 1313 1692 1356 tll‘i'lll],
1729 1313 1848 1366 quo
1891 1295 2063 1349 indu—

409 1388 502 1439 tus
533 1389 676 1449 erat,
711 1384 986 1439 cilicium.

489 1477 568 1528 19.
607 1475 666 1525 lit
699 1472 945 1541 quidem
989 1488 1108 1527 nox
1140 1472 1237 1527 illa
1286 1472 1793 1526 \‘Ullttlllt‘lliisfs‘ltﬂl
1845 1471 2062 1538 algoris

410 1561 544 1624 gelu
577 1561 685 1614 fuit
714 1561 1065 1630 asperrima,
1113 1577 1180 1616 ac
1220 1561 1400 1616 nivali
1435 1562 1619 1630 glacie
1656 1561 2058 1629 frigidissima.

408 1650 666 1705 Ardebat
694 1650 870 1721 plane
898 1650 1141 1705 interius
1173 1650 1419 1706 flamma
1444 1651 1723 1720 paracieti
1773 1651 2020 1720 Spiritus
2053 1668 2063 1715 ;

407 1737 628 1793 idcirco
692 1738 945 1793 exterius
1013 1737 1243 1806 frigoris
1314 1739 1670 1809 contempsit
1743 1739 2063 1793 cruciatus.

412 1830 611 1883 Stante
647 1843 782 1880 vero
817 1826 929 1881 illic
961 1832 1178 1881 sanctae
1204 1826 1506 1882 Trinitatis
1540 1829 1754 1886 hostia,
1792 1833 1846 1883 et
1877 1827 2067 1882 infati-

410 1915 681 1984 gabiliter
715 1915 803 1969 sui
834 1915 1152 1972 Salvatoris
1175 1922 1454 1971 exorante
1490 1916 1793 1981 suffragia,
1826 1916 2064 1982 metunt,

409 2009 474 2059 ut
531 2004 812 2058 veraciter
862 2005 1180 2069 credimus,
1234 2005 1362 2073 ejus
1415 2005 1825 2059 mundissimis
1884 2005 2071 2074 patuit

408 2091 707 2164 precibus,
761 2098 816 2146 et
845 2093 922 2146 ad
956 2108 1248 2162 supernos
1283 2109 1468 2163 usque
1505 2093 1769 2162 pervenit
1809 2093 2064 2147 auditus.

412 2184 561 2248 Ergo
594 2197 728 2234 cum
777 2180 920 2234 illud
957 2181 1303 2235 Davidicum
1343 2189 1538 2235 mente
1582 2187 1834 2244 caneret,
1886 2187 1940 2236 et
1970 2197 2068 2236 ore

410 2269 731 2340 proferret:
769 2294 792 2314 ‹‹
829 2269 1082 2333 Quando
1120 2269 1372 2335 veniam,
1404 2276 1459 2323 et
1490 2270 1796 2340 apparebo
1825 2274 1958 2323 ante
1992 2270 2070 2323 fa-

409 2359 559 2412 ciem
593 2363 772 2420 tuam,
803 2357 1046 2412 Domine
1070 2359 1255 2426 (Psal.
1286 2361 1419 2427 xu)?
1447 2383 1470 2406 η
1496 2367 1692 2413 aetum
1715 2364 1796 2412 est
1821 2358 2066 2423 caelitus,

411 2451 474 2501 ut
505 2446 802 2513 gallorum
842 2453 1050 2503 cantus
1083 2447 1386 2503 audiretur
1436 2449 1604 2502 solito
1634 2449 1820 2502 citius.
1876 2450 2072 2502 Surre-

408 2535 846 2608 xeruntitaque
877 2537 1084 2592 fratres
1107 2537 1325 2602 devoti,
1360 2543 1417 2590 ut.
1451 2537 1674 2601 vigilias
1706 2536 2072 2591 celebrarent

410 2641 576 2678 more
609 2624 877 2679 solemni.
916 2626 1178 2698 Denique
1211 2626 1406 2680 Olﬁcu)
1453 2633 1855 2696 competenter
1901 2641 2071 2696 pera-

411 2718 525 2784 cto,
558 2715 827 2769 exierunt
856 2733 1068 2771 omnes
1089 2716 1161 2771 de
1186 2719 1548 2784 sant-.tuario,
1571 2717 1883 2780 gestientes
1908 2715 2070 2769 domi

413 2803 613 2872 ignem
660 2806 1006 2871 accendere,
1040 2822 1162 2876 quo
1194 2809 1550 2860 exuet-untur
1583 2804 1944 2860 validissimo
1977 2803 2071 2858 fri-

411 2907 552 2957 gore
579 2911 590 2956 ;
623 2908 805 2963 quem
836 2893 1023 2948 nimia
1067 2892 1342 2946 aviditate
1372 2893 1724 2959 ambientes,
1773 2899 1828 2947 et
1859 2897 1922 2947 ut
1965 2909 2069 2962 op-
2110 2931 2148 2983 ω

409 2986 739 3052 portunum
769 2985 913 3048 erat,
930 2980 1197 3051 undique
1229 2981 2068 3049 circumdantes,abbas,dum

411 3073 674 3122 astantes
704 3067 979 3138 inspexit,
1019 3068 1394 3123 Lantbertum
1431 3072 1604 3125 desse
1636 3071 1928 3136 cognovit.
1950 3074 2072 3125 Per-

412 3160 724 3221 cunctatus
742 3156 910 3225 alios,
932 3156 1179 3210 ubinam
1199 3163 1352 3211 esset
1387 3159 1738 3214 venerabilis
1769 3160 2070 3221 sacerdos,

415 3259 778 3315 responsum
813 3250 902 3299 est
933 3261 967 3299 a
996 3244 1274 3299 fratribus
1296 3245 1600 3316 illisqued
1634 3247 1758 3318 ipse
1790 3247 1938 3302 foret
1969 3247 2071 3319 qui

407 3348 643 3386 crucem
677 3332 839 3387 adire
865 3333 1168 3402 judicatus
1203 3333 1427 3388 fuisset.

479 3425 565 3475 :20.
604 3421 690 3476 Ad
723 3422 846 3476 haec
867 3421 1060 3477 abbas
1090 3422 1388 3491 benignus
1417 3424 1472 3478 iu
1505 3431 1804 3495 stuporem
1831 3443 2070 3479 ροιιγυν-

406 3525 524 3568 sus.
562 3510 890 3582 suspirans,
939 3511 1179 3582 imoque
1211 3512 1452 3567 trahens
1483 3531 1516 3567 a
1571 3520 1803 3585 pectore
1845 3531 2066 3583 vocem,

405 3598 632 3670 inquit:
668 3600 823 3653 Heu!
857 3600 1032 3653 nimis
1059 3600 1279 3670 infelix,
1300 3617 1432 3672 quae
1458 3605 1511 3656 te
1543 3601 1844 3662 (.leinentia
1868 3603 2067 3674 cepit?

407 3692 784 3744 lnnoceutcm
819 3690 1110 3743 damnare
1141 3691 1328 3744 nefas.
1381 3691 1762 3747 Sacerdotem
1808 3693 2065 3760 glaciali-

403 3777 516 3832 bus
547 3777 776 3850 pruinis
807 3778 1107 3833 destinare
1141 3778 1370 3834 facinus
1403 3784 1489 3835 est
1517 3781 1899 3836 exsecrabile.

475 3867 566 3921 Sic
587 3883 848 3921 mtercns
881 3867 1026 3921 dixit
1053 3885 1065 3932 ;
1099 3873 1230 3937 post
1258 3869 1384 3925 haec
1415 3870 1746 3924 astantibus
1768 3870 1930 3925 infit:
1965 3876 2061 3938 Ite,

404 3956 751 4025 fratres,ite,
785 3972 932 4026 rogo
963 3957 1242 4020 celeriter,
1279 3958 1498 4028 poscite
1531 3962 1759 4014 Patrem
1793 3965 2063 4017 nostrum

401 4043 724 4112 humiliter,
758 4049 812 4099 et
843 4045 919 4098 ad
951 4060 1059 4100 nos
1100 4047 1293 4102 veniat
1318 4048 1683 4102 festinanter.
1719 4051 1792 4103 At
1820 4048 1900 4103 illi
1929 4066 2061 4105 cur-

405 4131 516 4186 sim
548 4137 956 4204 properantes,
991 4136 1229 4206 etquod
1258 4137 1494 4205 jussum
1527 4142 1650 4191 erat
1683 4137 2060 4208 perferentes,

402 4226 748 4291 repererunt
775 4224 1326 4279 mansuetissimam
1352 4224 1723 4281 sacerdotem
1755 4226 1815 4280 in
1848 4227 2061 4297 frigore

402 4315 458 4364 et
505 4309 770 4366 nuditate
816 4311 1162 4366 mirabiliter
1213 4313 1459 4368 Domino
1501 4314 1900 4384 psallentem:
1946 4318 2059 4372 Cor

404 4399 721 4455 contritum
745 4406 798 4455 et
828 4400 1232 4472 humiliatum,
1290 4405 1460 4468 Deus,
1497 4419 1618 4458 non
1654 4421 1921 4475 spernas,
1953 4407 2059 4462 sed

399 4487 658 4556 benigne
699 4489 1058 4544 sacrificium
1108 4495 1323 4545 nostra:
1359 4489 1651 4547 servitutis
1682 4494 1964 4566 accipias,
1997 4499 2061 4551 ut

400 4577 768 4632 aedificentur
817 4577 970 4634 muri
1025 4580 1351 4636 Jerusalem
1411 4580 1594 4648 (Psal.
1657 4584 1713 4651 ι)
1755 4608 1783 4632 ››
1839 4585 1916 4639 ad
1977 4586 2055 4640 tui

397 4668 657 4724 nominis
689 4667 938 4738 gloriam
971 4675 1024 4725 ct
1053 4670 1364 4740 honorem,
1386 4672 1550 4743 quod
1573 4678 1659 4728 est
1678 4673 2059 4732 benedictum

397 4754 455 4810 in
516 4756 754 4812 saecula.
807 4759 1090 4814 l’rtcterea
1149 4776 1286 4814 cum
1347 4761 1872 4817 constantissimus
1925 4780 2060 4820 con—

400 4844 587 4900 fcssor
620 4844 873 4910 Domini,
928 4851 983 4902 et
1021 4848 1385 4919 acceptabile
1442 4849 1770 4906 sacrarium
1807 4852 2056 4924 Spiritus

398 4934 605 5000 sancti,
659 4936 733 4990 ad
784 4935 1093 5006 sequentia
1122 4938 1380 5008 psalterii
1432 4938 1821 4997 intentionem
1863 4943 2060 4999 cordis

399 5020 678 5092 dirigeret
709 5024 819 5090 sui,
855 5026 1170 5082 astiterunt
1199 5026 1371 5084 missi
1423 5029 1649 5096 fratres,
1681 5047 1788 5101 pro
1817 5031 2058 5105 reliquis

398 5110 636 5165 veniam
680 5112 1092 5184 implorantes,
1123 5121 1177 5170 et
1207 5116 1319 5170 hoc
1351 5133 1418 5171 ex
1478 5123 1776 5190 przecepto
1821 5121 2058 5178 abbatis

399 5199 756 5258 nuntiantes.

467 5294 553 5345 2t.
576 5290 799 5357 Abbas,
824 5292 1169 5349 dulcissime
1199 5299 1370 5366 pater
1398 5295 1671 5354 obsecrat
1691 5316 1814 5371 quo
1844 5301 1921 5356 ad
1943 5301 2055 5358 fra-

466 5415 614 5499 (1396)
644 5418 763 5472 Vox
793 5419 991 5474 Graeca
1014 5429 1197 5499 statque
1214 5420 1409 5499 Latine
1438 5430 1613 5499 (cstas
1640 5430 1760 5481 est:
1797 5426 2051 5499 ideoque

395 5487 750 5564 Stephanus.
777 5506 878 5559 qui
915 5487 1154 5560 propter
1184 5492 1481 5548 infensum
1508 5495 1689 5564 frigus
1720 5487 2050 5554 monaclios

390 5559 462 5612 ad
483 5560 917 5630 hypocaustum
935 5559 1325 5630 congregatos
1344 5559 1608 5622 indicare
1631 5569 1905 5636 voluit,ca
1921 5589 2019 5626 ma

2186 312 2288 365 sed
2339 329 2474 367 cum
2525 317 2608 370 eis
2660 317 2736 373 ad
2787 318 3037 372 domum
3097 319 3452 388 premet-urit,
3493 319 3592 372 ubi
3646 336 3848 376 mona-

2181 408 2428 464 chorum
2467 413 2638 467 turba
2669 414 2950 468 indicibili
2983 424 3259 468 caumate
3292 417 3579 484 (firmarat
3619 426 3848 470 coacta.

2181 497 2312 568 Ipso
2372 500 2588 556 domus
2644 503 2896 558 intrante
2965 504 3191 560 limina.
3255 509 3312 558 et
3367 505 3854 560 inenarrabiliter

2178 587 2530 655 reﬂagrante
2559 592 2687 660 ejus
2723 591 2869 646 facie
2892 592 3258 657 beatissima,
3289 594 3481 648 abbas
3514 610 3660 648 cum
3689 597 3853 649 omni

2180 676 2665 734 (‘ln'isticolarum
2695 681 2867 735 turba
2909 682 2985 734 ad
3019 683 3205 736 sancLi
3245 683 3544 736 [.antberti
3584 690 3852 752 prostra-

2181 770 2272 819 tus
2325 772 2410 820 est
2464 769 2729 835 vestigia.
2776 778 2959 832 Quem
3005 777 3273 825 actutum
3335 773 3556 825 talibus
3613 772 3852 828 allocuti

2180 860 2317 909 sunt
2348 858 2761 912 sermonibUs:
2802 863 3038 926 Ignosce
3067 861 3256 914 nobis.
3277 864 3443 915 Pater
3467 862 3851 922 venerabilis,

2179 944 2419 1011 ignosce
2473 947 2756 1006 fratribus
2797 950 2928 1012 tuis,
2976 956 3030 1004 et
3071 968 3142 1003 ne
3192 956 3448 1021 reputes,
3506 952 3855 1023 suppliciter

2178 1031 2538 1103 ﬂagitamus,
2571 1037 2739 1108 quod
2770 1045 2974 1092 contra
3007 1044 3056 1091 te
3091 1038 3172 1091 sic
3211 1039 3562 1108 insipienter
3593 1041 3851 1108 egimUs.

2179 1122 2444 1178 Miserere
2493 1126 2896 1196 precantibus,
2948 1127 3102 1181 dans
3155 1127 3598 1195 indulgentiam
3654 1137 3856 1200 peten-

2179 1210 2355 1266 tibus.

2252 1319 2338 1371 Ad
2359 1335 2493 1388 quae
2513 1320 2638 1373 haec
2667 1339 3023 1392 responsum
3048 1323 3254 1393 paucis
3273 1324 3347 1376 ita
3364 1324 3633 1379 reddidit
3655 1327 3850 1381 heros:

2183 1409 2277 1468 Ne,
2307 1408 2615 1477 deprecor,
2647 1410 3000 1477 cliarissimi,
3035 1426 3127 1477 ne,
3158 1412 3471 1482 deprecor,
3506 1412 3725 1466 dicatis
3755 1416 3854 1465 Do-

2181 1495 2346 1556 mini,
2385 1497 2634 1563 Surgite,
2683 1498 2962 1560 obtestor,
3001 1500 3280 1562 velocius,
3316 1503 3464 1554 meis
3498 1501 3623 1555 imo
3664 1500 3858 1554 indul-

2107 1579 2148 1632 B
2180 1588 2310 1653 gete
2337 1586 2679 1641 excessibus
2709 1606 2719 1642 :
2748 1588 2826 1642 nil
2854 1589 3172 1642 adversum
3202 1607 3298 1644 me
3321 1591 3852 1662 deliqi.iistis,quod

2181 1673 2411 1728 valeam
2436 1676 2662 1730 donare
2685 1678 2874 1731 vobis.
2895 1678 3119 1742 Quibus
3142 1678 3402 1748 elevatis,
3418 1687 3472 1734 et
3496 1681 3731 1752 oppido
3755 1696 3853 1734 an-

2186 1763 2565 1826 xiatis,lz.etus
2591 1773 2638 1818 et
2665 1766 2865 1820 hilaris
2890 1767 3060 1821 Pater
3081 1768 3225 1822 dixit
3257 1769 3538 1823 amabilis
3569 1788 3582 1823 :
3617 1774 3850 1834 Quaeso,

2182 1855 2395 1912 Patres,
2432 1870 2503 1906 ne
2541 1855 2858 1917 turbemini
2893 1856 3114 1911 diutius
3151 1875 3162 1921 ;
3197 1858 3361 1912 haud
3390 1876 3484 1912 me
3515 1861 3724 1914 terruit
3759 1859 3847 1912 fri-

2181 1939 2338 2008 goris
2371 1941 2648 2013 impetus.
2682 1944 2860 2000 Atl’uit
2882 1945 3022 1999 mihi
3060 1948 3353 2000 Protector
3385 1949 3520 2001 vitae
3555 1963 3849 2014 me:e,«:u-

2181 2029 2447 2084 stodiens
2477 2048 2571 2085 me
2615 2032 2674 2086 in
2727 2033 3092 2088 necessitatis
3126 2035 3523 2098 tribulatione,
3580 2045 3636 2091 et
3677 2054 3854 2092 exau-

2180 2117 2351 2174 diens
2386 2136 2497 2174 sua
2520 2120 2688 2190 larga
2715 2122 3116 2178 miseratione.
3141 2127 3380 2195 Propter
3409 2127 3578 2197 quod
3611 2127 3693 2181 illi
3729 2142 3852 2194 gra-

2181 2207 2292 2262 tias
2326 2209 2649 2278 rependite.
2681 2215 2735 2265 et
2763 2212 2890 2280 ejus
2914 2228 3134 2267 nomen
3167 2214 3518 2269 benedicite.

2252 2320 2339 2369 '23.
2376 2315 2522 2369 Hinc
2555 2317 2684 2387 pias
2741 2334 2955 2371 manus
3007 2320 3155 2374 (itPlO
3206 2321 3416 2382 intulit,
3475 2323 3847 2396 fratrumque

2182 2401 2543 2457 benedicens
2572 2405 2822 2473 collegio
2854 2406 3000 2460 dixit
3035 2425 3046 2460 :

2256 2512 2297 2566 Ο
2336 2513 2486 2564 Deus
2519 2513 2916 2585 omnipotens,
2952 2515 3212 2570 crrlestia
3241 2516 3467 2571 lumine
3509 2520 3845 2591 complens,

2257 2598 2366 2662 Qui
2395 2599 2630 2665 creliun,
2673 2607 2873 2666 terras,
2910 2608 3162 2673 pontum
3191 2604 3410 2661 ditione
3445 2607 3775 2674 giribernas,

2257 2689 2320 2741 Ut
2355 2687 2466 2741 sint
2495 2695 2709 2743 cuncta
2740 2690 2849 2743 tuis
2878 2691 2932 2744 in
2970 2696 3234 2764 tempore
3262 2693 3498 2749 subdita
3539 2699 3715 2765 votis,

2259 2779 2391 2842 llos,
2421 2793 2701 2847 exposco,
2733 2782 2867 2832 tuos
2898 2779 3148 2834 benedic
3182 2798 3285 2854 per
3313 2784 3527 2838 sarcula
3566 2802 3776 2839 sei'vos

2257 2869 2496 2930 Protegc
2528 2866 2604 2920 ab
2637 2868 2883 2931 insidiis,
2920 2887 3088 2924 serva
3123 2871 3438 2926 virtutibus
3469 2874 3668 2942 almis,

2259 2958 2450 3008 Donec
2488 2960 2535 3009 te
2563 2956 2822 3027 videant,
2849 2963 2902 3011 et
2932 2960 3060 3012 cudi
3099 2977 3281 3024 regna
3312 2963 3714 3034 prehendam,

2253 3047 2325 3099 Te
2356 3043 2668 3106 tribuet-te,
2707 3049 2996 3119 Deus,qui
3023 3063 3184 3104 nunc
3213 3057 3265 3106 ct
3297 3068 3533 3125 semper
3562 3053 3618 3108 in
3649 3072 3850 3110 aevum

2259 3137 2313 3187 In
2349 3133 2558 3204 triplici
2592 3135 2800 3190 virtute
2838 3137 2914 3190 tui
2947 3137 3294 3193 benedictus
3330 3140 3588 3196 tiaberis.

2251 3239 2428 3307 lgitur
2459 3241 2742 3298 omnibus
2769 3244 3270 3314 respondentibus
3289 3250 3500 3304 Amen.
3522 3251 3623 3305 Sic
3653 3253 3849 3319 [acim

2180 3330 2357 3398 Deus,
2417 3338 2828 3397 cognoverunt
2886 3349 3055 3388 senes
3107 3352 3243 3391 cum
3281 3337 3622 3404 junioribus
3680 3341 3848 3412 quod

2178 3418 2517 3472 immodicis
2552 3421 2938 3490 praemiorum
2972 3425 3324 3480 muneribus
3348 3434 3622 3484 sanctum
3660 3431 3846 3486 subli-

2181 3513 2398 3561 masset
2435 3509 2814 3564 Lantbertum
2871 3512 3182 3568 Dominus.
3224 3516 3440 3569 Deinde
3469 3517 3671 3573 ofﬁcia
3705 3521 3844 3574 eba-

2179 3596 2361 3650 ritatis
2412 3597 2488 3650 illi
2545 3599 2850 3669 cupientes
2901 3600 3208 3674 impertiri,
3243 3609 3298 3658 et
3351 3611 3488 3677 post
3537 3615 3843 3666 certamen

2175 3682 2546 3742 intolerabile
2593 3687 3076 3746 amantissimum
3129 3694 3360 3755 Patrem
3413 3694 3687 3752 volentes
3719 3701 3846 3753 reti-

2176 3790 2306 3828 cere
2339 3775 2620 3830 balneum
2672 3777 2750 3831 illi
2783 3793 2994 3848 parare
3030 3780 3405 3847 studuerunt,
3462 3789 3520 3839 et
3577 3788 3844 3842 vestibus

2176 3864 2373 3918 nitidis
2405 3881 2542 3920 eum
2575 3865 3114 3923 circumdederunt.
3153 3870 3243 3926 Sic
3270 3871 3633 3930 fortissimus
3685 3878 3843 3933 Chri-

2176 3952 2384 4008 sticola
2443 3959 2499 4009 et
2555 3954 3022 4025 patientissimus
3081 3958 3182 4014 Dei
3235 3961 3457 4018 athleta
3510 3971 3650 4035 post
3701 3967 3845 4023 obe-

2173 4041 2458 4098 dientiam
2509 4043 2856 4111 honoratus,
2916 4051 3052 4117 post
3110 4052 3399 4120 tropaeum
3457 4052 3844 4120 sublimatur,

2174 4145 2314 4184 non.
2377 4136 2439 4186 ut
2495 4132 2824 4202 promeruit
2867 4132 3190 4191 tolerantiae
3231 4137 3562 4206 sinceritas,
3623 4143 3752 4208 sed,
3788 4149 3847 4197 ut

2175 4218 2364 4288 potuit
2404 4219 2747 4275 mortalium
2802 4222 3182 4293 possibilitas.
3221 4229 3374 4282 Inter
3411 4227 3845 4300 hujuscemodi

2171 4306 2600 4362 miraculorum
2653 4309 2907 4379 insignia
2961 4311 3219 4384 degebat
3276 4315 3634 4373 Lantbertus
3687 4320 3846 4375 Chri-

2172 4396 2243 4451 sti
2296 4395 2558 4463 victima,
2619 4403 2829 4453 extans
2876 4402 3143 4472 quotidie
3193 4405 3476 4460 sacerdos
3535 4412 3596 4462 et
3649 4409 3844 4465 hostia

2169 4485 2229 4540 in
2288 4486 2536 4566 odorem
2593 4487 2896 4543 suavitatis
2964 4496 3252 4562 accepta;
3317 4495 3650 4553 cruciﬁxus
3685 4479 3842 4555 huic

2170 4575 2421 4645 mundo,
2497 4575 2699 4632 vivens
2773 4577 3158 4650 Redemptori
3215 4598 3374 4648 suo;
3456 4584 3729 4656 dejectus
3807 4605 3842 4645 a

2168 4663 2458 4735 pestiferis
2503 4664 2872 4732 hominibus,
2915 4666 3161 4724 allectus
3193 4686 3227 4726 a
3259 4675 3540 4743 supernis
3583 4675 3842 4744 civibus,

2168 4747 2377 4821 pulsus
2408 4750 2484 4806 ab
2535 4751 2860 4826 episcopio,
2920 4756 3140 4812 ascitus
3169 4757 3228 4813 in
3275 4762 3625 4819 :etcrnitatis
3669 4765 3848 4823 colle-

2171 4837 2268 4906 gio
2300 4856 2310 4905 ;
2363 4835 2607 4907 fugatus
2638 4858 2673 4896 a
2711 4859 2855 4898 cura
2885 4843 3109 4910 ovium,
3142 4846 3422 4904 invitatus
3455 4851 3534 4906 ad
3567 4853 3704 4910 caeli
3738 4871 3847 4927 pa-

2169 4927 2398 4985 latium.

2241 5041 2324 5091 23.
2366 5040 2590 5093 Interea
2620 5036 2820 5094 infelix
2861 5055 3147 5110 pervasor
3201 5043 3474 5102 Ecclesiae.
3506 5049 3844 5120 Trajectcn~

2171 5123 2272 5191 sis,
2309 5124 2765 5182 Pharamundus
2800 5127 3068 5186 videlicet
3092 5131 3250 5188 ﬁlius
3278 5132 3635 5207 iniquitatis,
3689 5139 3842 5195 falso

2167 5220 2552 5286 nuncupatus
2581 5222 2788 5288 pastor
2804 5217 3027 5291 ovium,
3057 5220 3460 5294 appellandus
3489 5228 3705 5284 merito
3735 5246 3842 5285 an-

2166 5302 2332 5370 gelus
2381 5304 2790 5376 tenebrarum,
2823 5306 2944 5361 suis
2975 5309 3347 5379 exigentibus
3405 5313 3626 5388 culpis,
3658 5317 3844 5390 pluri-

2163 5427 2215 5484 le
2245 5446 2387 5484 usus
2419 5430 2599 5485 fuisse
2622 5431 2912 5488 dicendus
2935 5439 3023 5490 est
3050 5453 3061 5500 ;
3096 5435 3208 5492 nisi
3234 5437 3438 5493 locum
3461 5439 3637 5497 illum
3665 5444 3841 5499 vehe-

2166 5501 2345 5581 menti
2361 5501 2494 5581 igne
2509 5507 2786 5581 {astuasse
2809 5505 3054 5561 voluerit
3071 5507 3716 5581 dicerc.Chapeavillus
3737 5516 3840 5571 ha-

2163 5571 2259 5628 bet
2277 5575 2613 5631 medicabili
2627 5581 3105 5650 camuute,atque
3122 5578 3202 5635 ita
3229 5571 3443 5640 sensus
3464 5588 3555 5638 est
3579 5585 3835 5653 integer.
