  <div class='ocr_page' id='page_1' title='image "/cluster/home/n/w/nwhite01/storage/ocr_20150623/132/hvd.32044054759931/332.png"; bbox 0 0 4034 6190; ppageno 0'>
   <div class='ocr_carea' id='block_1_1' title="bbox 135 138 244 191">
    <p class='ocr_par' dir='ltr' id='par_1_1' title="bbox 135 138 244 191">
     <span class='ocr_line' id='line_1_1' title="bbox 135 138 244 191; baseline 0.009 -1"><span class='ocrx_word' id='word_1_1' title='bbox 135 138 244 191; x_wconf 78' lang='lat'><strong>653</strong></span> 
     </span>
    </p>
   </div>
   <div class='ocr_carea' id='block_1_2' title="bbox 1379 125 2374 196">
    <p class='ocr_par' dir='ltr' id='par_1_2' title="bbox 1379 125 2374 196">
     <span class='ocr_line' id='line_1_2' title="bbox 1379 125 2374 196; baseline 0.011 -10"><span class='ocrx_word' id='word_1_2' title='bbox 1379 132 1465 186; x_wconf 88' lang='lat' dir='ltr'>DE</span> <span class='ocrx_word' id='word_1_3' title='bbox 1504 128 1663 185; x_wconf 78' lang='lat' dir='ltr'>VITA</span> <span class='ocrx_word' id='word_1_4' title='bbox 1702 125 1955 184; x_wconf 76' lang='lat' dir='ltr'>SANCTI</span> <span class='ocrx_word' id='word_1_5' title='bbox 1998 131 2374 196; x_wconf 81' lang='lat' dir='ltr'>LAMBERTI.</span> 
     </span>
    </p>
   </div>
   <div class='ocr_carea' id='block_1_3' title="bbox 3488 163 3598 217">
    <p class='ocr_par' dir='ltr' id='par_1_3' title="bbox 3488 163 3598 217">
     <span class='ocr_line' id='line_1_3' title="bbox 3488 163 3598 217; baseline 0.027 -3"><span class='ocrx_word' id='word_1_6' title='bbox 3488 163 3598 217; x_wconf 70' lang='grc'><strong>654</strong></span> 
     </span>
    </p>
   </div>
   <div class='ocr_carea' id='block_1_4' title="bbox 134 252 3598 353">
    <p class='ocr_par' dir='ltr' id='par_1_4' title="bbox 134 252 3598 353">
     <span class='ocr_line' id='line_1_4' title="bbox 134 252 3598 353; baseline 0.003 -40"><span class='ocrx_word' id='word_1_7' title='bbox 134 273 393 314; x_wconf 91' lang='lat' dir='ltr'>morum</span> <span class='ocrx_word' id='word_1_8' title='bbox 423 255 775 353; x_wconf 74' lang='lat' dir='ltr'>criminatus</span> <span class='ocrx_word' id='word_1_9' title='bbox 807 255 1099 312; x_wconf 86' lang='lat' dir='ltr'>conviciis</span> <span class='ocrx_word' id='word_1_10' title='bbox 1133 256 1298 328; x_wconf 78' lang='grc'>(507),</span> <span class='ocrx_word' id='word_1_11' title='bbox 1321 253 1611 353; x_wconf 80' lang='lat' dir='ltr'>expulsus</span> <span class='ocrx_word' id='word_1_12' title='bbox 1665 256 1756 353; x_wconf 75' lang='lat' dir='ltr'>est</span> <span class='ocrx_word' id='word_1_13' title='bbox 1786 269 1821 308; x_wconf 86' lang='lat' dir='ltr'>a</span> <span class='ocrx_word' id='word_1_14' title='bbox 1856 253 1902 305; x_wconf 85' lang='lat' dir='ltr'><strong>A</strong></span> <span class='ocrx_word' id='word_1_15' title='bbox 1933 252 2076 353; x_wconf 65' lang='lat' dir='ltr'>quis</span> <span class='ocrx_word' id='word_1_16' title='bbox 2102 256 2605 325; x_wconf 89' lang='lat' dir='ltr'>peritissimorum</span> <span class='ocrx_word' id='word_1_17' title='bbox 2630 273 2827 337; x_wconf 82' lang='lat' dir='ltr'>potest</span> <span class='ocrx_word' id='word_1_18' title='bbox 2855 272 3362 344; x_wconf 88' lang='lat' dir='ltr'>comprehendere</span> <span class='ocrx_word' id='word_1_19' title='bbox 3410 280 3598 353; x_wconf 85' lang='lat' dir='ltr'><strong>scrip-</strong></span> 
     </span>
    </p>
   </div>
   <div class='ocr_carea' id='block_1_5' title="bbox 135 332 1824 421">
    <p class='ocr_par' dir='ltr' id='par_1_5' title="bbox 135 332 1824 421">
     <span class='ocr_line' id='line_1_5' title="bbox 135 332 1824 421; baseline -0.004 -18"><span class='ocrx_word' id='word_1_20' title='bbox 135 345 473 421; x_wconf 85' lang='lat' dir='ltr'>pontiﬁcali</span> <span class='ocrx_word' id='word_1_21' title='bbox 505 343 817 411; x_wconf 83' lang='lat' dir='ltr'>cathedra,</span> <span class='ocrx_word' id='word_1_22' title='bbox 844 349 903 401; x_wconf 89' lang='lat' dir='ltr'>et</span> <span class='ocrx_word' id='word_1_23' title='bbox 934 344 1013 401; x_wconf 89' lang='lat' dir='ltr'>ab</span> <span class='ocrx_word' id='word_1_24' title='bbox 1045 345 1257 401; x_wconf 89' lang='lat' dir='ltr'>eadem</span> <span class='ocrx_word' id='word_1_25' title='bbox 1306 332 1527 414; x_wconf 89' lang='lat' dir='ltr'>ejectus</span> <span class='ocrx_word' id='word_1_26' title='bbox 1585 342 1824 416; x_wconf 78' lang='lat' dir='ltr'>provin-</span> 
     </span>
    </p>
   </div>
   <div class='ocr_carea' id='block_1_6' title="bbox 135 431 1820 508">
    <p class='ocr_par' dir='ltr' id='par_1_6' title="bbox 135 431 1820 508">
     <span class='ocr_line' id='line_1_6' title="bbox 135 431 1820 508; baseline -0.003 -14"><span class='ocrx_word' id='word_1_27' title='bbox 135 438 252 494; x_wconf 90' lang='lat' dir='ltr'>cia.</span> <span class='ocrx_word' id='word_1_28' title='bbox 296 438 529 508; x_wconf 80' lang='lat' dir='ltr'><strong>Septem</strong></span> <span class='ocrx_word' id='word_1_29' title='bbox 557 434 789 507; x_wconf 86' lang='lat' dir='ltr'>quippe</span> <span class='ocrx_word' id='word_1_30' title='bbox 820 434 1000 491; x_wconf 88' lang='lat' dir='ltr'>annis</span> <span class='ocrx_word' id='word_1_31' title='bbox 1044 434 1280 508; x_wconf 65' lang='lat' dir='ltr'>praefuit</span> <span class='ocrx_word' id='word_1_32' title='bbox 1331 434 1413 489; x_wconf 88' lang='lat' dir='ltr'>ibi</span> <span class='ocrx_word' id='word_1_33' title='bbox 1464 431 1658 490; x_wconf 90' lang='lat' dir='ltr'>solum</span> <span class='ocrx_word' id='word_1_34' title='bbox 1712 449 1820 489; x_wconf 83' lang='lat' dir='ltr'>no-</span> 
     </span>
    </p>
   </div>
   <div class='ocr_carea' id='block_1_7' title="bbox 134 522 1823 595">
    <p class='ocr_par' dir='ltr' id='par_1_7' title="bbox 134 522 1823 595">
     <span class='ocr_line' id='line_1_7' title="bbox 134 522 1823 595; baseline -0.002 -13"><span class='ocrx_word' id='word_1_35' title='bbox 134 526 331 595; x_wconf 87' lang='lat' dir='ltr'>mine,</span> <span class='ocrx_word' id='word_1_36' title='bbox 364 523 527 580; x_wconf 88' lang='lat' dir='ltr'>nulla</span> <span class='ocrx_word' id='word_1_37' title='bbox 554 527 761 579; x_wconf 89' lang='lat' dir='ltr'>tamen</span> <span class='ocrx_word' id='word_1_38' title='bbox 795 523 894 578; x_wconf 89' lang='lat' dir='ltr'>die</span> <span class='ocrx_word' id='word_1_39' title='bbox 927 522 1176 579; x_wconf 84' lang='lat' dir='ltr'>actionis</span> <span class='ocrx_word' id='word_1_40' title='bbox 1208 522 1429 595; x_wconf 85' lang='lat' dir='ltr'>profuit</span> <span class='ocrx_word' id='word_1_41' title='bbox 1457 537 1655 595; x_wconf 90' lang='lat' dir='ltr'>opere.</span> <span class='ocrx_word' id='word_1_42' title='bbox 1690 522 1823 594; x_wconf 85' lang='lat' dir='ltr'>Dig-</span> 
     </span>
    </p>
   </div>
   <div class='ocr_carea' id='block_1_8' title="bbox 135 610 1818 685">
    <p class='ocr_par' dir='ltr' id='par_1_8' title="bbox 135 610 1818 685">
     <span class='ocr_line' id='line_1_8' title="bbox 135 610 1818 685; baseline -0.002 -14"><span class='ocrx_word' id='word_1_43' title='bbox 135 630 283 671; x_wconf 89' lang='lat' dir='ltr'>nea</span> <span class='ocrx_word' id='word_1_44' title='bbox 321 610 597 670; x_wconf 85' lang='lat' dir='ltr'>ﬁdelibus</span> <span class='ocrx_word' id='word_1_45' title='bbox 630 611 694 667; x_wconf 91' lang='lat' dir='ltr'>in</span> <span class='ocrx_word' id='word_1_46' title='bbox 756 616 916 668; x_wconf 90' lang='lat' dir='ltr'>terra</span> <span class='ocrx_word' id='word_1_47' title='bbox 976 616 1070 671; x_wconf 87' lang='lat' dir='ltr'>est</span> <span class='ocrx_word' id='word_1_48' title='bbox 1117 615 1491 685; x_wconf 88' lang='lat' dir='ltr'>persecutus,</span> <span class='ocrx_word' id='word_1_49' title='bbox 1544 611 1649 683; x_wconf 87' lang='lat' dir='ltr'>qui</span> <span class='ocrx_word' id='word_1_50' title='bbox 1689 628 1818 668; x_wconf 88' lang='lat' dir='ltr'>ma-</span> 
     </span>
    </p>
   </div>
   <div class='ocr_carea' id='block_1_9' title="bbox 138 699 1818 773">
    <p class='ocr_par' dir='ltr' id='par_1_9' title="bbox 138 699 1818 773">
     <span class='ocr_line' id='line_1_9' title="bbox 138 699 1818 773; baseline -0.001 -13"><span class='ocrx_word' id='word_1_51' title='bbox 138 703 355 760; x_wconf 85' lang='lat' dir='ltr'>nifeste</span> <span class='ocrx_word' id='word_1_52' title='bbox 383 705 498 757; x_wconf 89' lang='lat' dir='ltr'>Deo</span> <span class='ocrx_word' id='word_1_53' title='bbox 526 705 655 757; x_wconf 89' lang='lat' dir='ltr'>erat</span> <span class='ocrx_word' id='word_1_54' title='bbox 676 699 1390 757; x_wconf 87' lang='lat' dir='ltr'>contrarius.&#39;Dilaniatus</span> <span class='ocrx_word' id='word_1_55' title='bbox 1430 704 1631 756; x_wconf 91' lang='lat' dir='ltr'>autem</span> <span class='ocrx_word' id='word_1_56' title='bbox 1683 717 1818 773; x_wconf 89' lang='lat' dir='ltr'>gra-</span> 
     </span>
    </p>
   </div>
   <div class='ocr_carea' id='block_1_10' title="bbox 139 777 1815 863">
    <p class='ocr_par' dir='ltr' id='par_1_10' title="bbox 139 777 1815 863">
     <span class='ocr_line' id='line_1_10' title="bbox 139 777 1815 863; baseline -0.001 -16"><span class='ocrx_word' id='word_1_57' title='bbox 139 794 301 848; x_wconf 80' lang='lat' dir='ltr'>viter</span> <span class='ocrx_word' id='word_1_58' title='bbox 319 777 598 863; x_wconf 78' lang='lat' dir='ltr'>populus,</span> <span class='ocrx_word' id='word_1_59' title='bbox 625 793 686 845; x_wconf 90' lang='lat' dir='ltr'>et</span> <span class='ocrx_word' id='word_1_60' title='bbox 716 788 1048 846; x_wconf 90' lang='lat' dir='ltr'>clementer</span> <span class='ocrx_word' id='word_1_61' title='bbox 1090 789 1185 845; x_wconf 89' lang='lat' dir='ltr'>Dei</span> <span class='ocrx_word' id='word_1_62' title='bbox 1234 788 1617 846; x_wconf 83' lang='lat' dir='ltr'>miseratione</span> <span class='ocrx_word' id='word_1_63' title='bbox 1670 790 1815 846; x_wconf 91' lang='lat' dir='ltr'>libe-</span> 
     </span>
    </p>
   </div>
   <div class='ocr_carea' id='block_1_11' title="bbox 141 877 1817 951">
    <p class='ocr_par' dir='ltr' id='par_1_11' title="bbox 141 877 1817 951">
     <span class='ocr_line' id='line_1_11' title="bbox 141 877 1817 951; baseline -0.002 -14"><span class='ocrx_word' id='word_1_64' title='bbox 141 885 335 948; x_wconf 86' lang='lat' dir='ltr'>ratus,</span> <span class='ocrx_word' id='word_1_65' title='bbox 367 882 679 950; x_wconf 71' lang='lat' dir='ltr'>cmperunt</span> <span class='ocrx_word' id='word_1_66' title='bbox 706 877 845 934; x_wconf 88' lang='lat' dir='ltr'>totis</span> <span class='ocrx_word' id='word_1_67' title='bbox 872 877 1123 945; x_wconf 84' lang='lat' dir='ltr'>viribus,</span> <span class='ocrx_word' id='word_1_68' title='bbox 1157 883 1213 933; x_wconf 91' lang='lat' dir='ltr'>et</span> <span class='ocrx_word' id='word_1_69' title='bbox 1242 877 1669 951; x_wconf 82' lang='lat' dir='ltr'>multiplicibus</span> <span class='ocrx_word' id='word_1_70' title='bbox 1727 896 1817 935; x_wconf 85' lang='lat' dir='ltr'>ar-</span> 
     </span>
    </p>
   </div>
   <div class='ocr_carea' id='block_1_12' title="bbox 139 966 1814 1043">
    <p class='ocr_par' dir='ltr' id='par_1_12' title="bbox 139 966 1814 1043">
     <span class='ocr_line' id='line_1_12' title="bbox 139 966 1814 1043; baseline -0.001 -18"><span class='ocrx_word' id='word_1_71' title='bbox 139 971 439 1043; x_wconf 84' lang='lat' dir='ltr'>gumentis</span> <span class='ocrx_word' id='word_1_72' title='bbox 463 971 750 1033; x_wconf 81' lang='lat' dir='ltr'>statuere,</span> <span class='ocrx_word' id='word_1_73' title='bbox 796 966 1058 1039; x_wconf 80' lang='lat' dir='ltr'>qualiter</span> <span class='ocrx_word' id='word_1_74' title='bbox 1105 967 1453 1039; x_wconf 86' lang='lat' dir='ltr'>pontiﬁcem</span> <span class='ocrx_word' id='word_1_75' title='bbox 1505 968 1814 1039; x_wconf 87' lang='lat' dir='ltr'>egregium</span> 
     </span>
    </p>
   </div>
   <div class='ocr_carea' id='block_1_13' title="bbox 140 1055 1813 1129">
    <p class='ocr_par' dir='ltr' id='par_1_13' title="bbox 140 1055 1813 1129">
     <span class='ocr_line' id='line_1_13' title="bbox 140 1055 1813 1129; baseline -0.002 -13"><span class='ocrx_word' id='word_1_76' title='bbox 140 1077 218 1116; x_wconf 86' lang='lat' dir='ltr'>ac</span> <span class='ocrx_word' id='word_1_77' title='bbox 246 1062 467 1114; x_wconf 80' lang='lat' dir='ltr'>Patrem</span> <span class='ocrx_word' id='word_1_78' title='bbox 492 1055 843 1112; x_wconf 88' lang='lat' dir='ltr'>modestum</span> <span class='ocrx_word' id='word_1_79' title='bbox 896 1060 1275 1111; x_wconf 79' lang='lat' dir='ltr'>mererentur</span> <span class='ocrx_word' id='word_1_80' title='bbox 1324 1055 1588 1129; x_wconf 84' lang='lat' dir='ltr'>recipere</span> <span class='ocrx_word' id='word_1_81' title='bbox 1641 1060 1813 1113; x_wconf 89' lang='lat' dir='ltr'>Lant-</span> 
     </span>
    </p>
   </div>
   <div class='ocr_carea' id='block_1_14' title="bbox 140 1144 1811 1217">
    <p class='ocr_par' dir='ltr' id='par_1_14' title="bbox 140 1144 1811 1217">
     <span class='ocr_line' id='line_1_14' title="bbox 140 1144 1811 1217; baseline -0.002 -12"><span class='ocrx_word' id='word_1_82' title='bbox 140 1148 399 1205; x_wconf 85' lang='lat' dir='ltr'>bertum.</span> <span class='ocrx_word' id='word_1_83' title='bbox 434 1145 533 1201; x_wconf 92' lang='lat' dir='ltr'>Illo</span> <span class='ocrx_word' id='word_1_84' title='bbox 562 1149 840 1217; x_wconf 89' lang='lat' dir='ltr'>tempore</span> <span class='ocrx_word' id='word_1_85' title='bbox 861 1144 1154 1217; x_wconf 88' lang='lat' dir='ltr'>Pippinus</span> <span class='ocrx_word' id='word_1_86' title='bbox 1180 1145 1597 1202; x_wconf 87' lang='lat' dir='ltr'>monarchiam</span> <span class='ocrx_word' id='word_1_87' title='bbox 1622 1147 1811 1215; x_wconf 90' lang='lat' dir='ltr'>regni,</span> 
     </span>
    </p>
   </div>
   <div class='ocr_carea' id='block_1_15' title="bbox 140 1233 1814 1310">
    <p class='ocr_par' dir='ltr' id='par_1_15' title="bbox 140 1233 1814 1310">
     <span class='ocr_line' id='line_1_15' title="bbox 140 1233 1814 1310; baseline -0.002 -17"><span class='ocrx_word' id='word_1_88' title='bbox 140 1243 202 1293; x_wconf 90' lang='lat' dir='ltr'>et</span> <span class='ocrx_word' id='word_1_89' title='bbox 232 1235 628 1310; x_wconf 80' lang='lat' dir='ltr'>principatum</span> <span class='ocrx_word' id='word_1_90' title='bbox 691 1233 937 1305; x_wconf 79' lang='lat' dir='ltr'>gerebat</span> <span class='ocrx_word' id='word_1_91' title='bbox 994 1233 1209 1306; x_wconf 87' lang='lat' dir='ltr'>populi</span> <span class='ocrx_word' id='word_1_92' title='bbox 1264 1235 1433 1304; x_wconf 64' lang='lat'>(508),</span> <span class='ocrx_word' id='word_1_93' title='bbox 1487 1234 1580 1289; x_wconf 89' lang='lat' dir='ltr'>vir</span> <span class='ocrx_word' id='word_1_94' title='bbox 1630 1235 1814 1290; x_wconf 88' lang='lat' dir='ltr'>armis</span> 
     </span>
    </p>
   </div>
   <div class='ocr_carea' id='block_1_16' title="bbox 141 1321 1810 1395">
    <p class='ocr_par' dir='ltr' id='par_1_16' title="bbox 141 1321 1810 1395">
     <span class='ocr_line' id='line_1_16' title="bbox 141 1321 1810 1395; baseline -0.003 -13"><span class='ocrx_word' id='word_1_95' title='bbox 141 1331 445 1389; x_wconf 80' lang='lat' dir='ltr'>strenuus,</span> <span class='ocrx_word' id='word_1_96' title='bbox 473 1327 532 1378; x_wconf 86' lang='lat' dir='ltr'>et</span> <span class='ocrx_word' id='word_1_97' title='bbox 558 1322 780 1378; x_wconf 70' lang='lat' dir='ltr'>divinre</span> <span class='ocrx_word' id='word_1_98' title='bbox 837 1321 1150 1391; x_wconf 78' lang='lat' dir='ltr'>religionis</span> <span class='ocrx_word' id='word_1_99' title='bbox 1206 1322 1397 1379; x_wconf 88' lang='lat' dir='ltr'>cultor</span> <span class='ocrx_word' id='word_1_100' title='bbox 1443 1324 1810 1395; x_wconf 67' lang='lat' dir='ltr'>praseipuus.</span> 
     </span>
    </p>
   </div>
   <div class='ocr_carea' id='block_1_17' title="bbox 144 1410 1815 1483">
    <p class='ocr_par' dir='ltr' id='par_1_17' title="bbox 144 1410 1815 1483">
     <span class='ocr_line' id='line_1_17' title="bbox 144 1410 1815 1483; baseline -0.001 -16"><span class='ocrx_word' id='word_1_101' title='bbox 144 1415 256 1469; x_wconf 87' lang='lat' dir='ltr'>Hic</span> <span class='ocrx_word' id='word_1_102' title='bbox 322 1414 384 1467; x_wconf 87' lang='grc' dir='ltr'>Β.</span> <span class='ocrx_word' id='word_1_103' title='bbox 434 1411 729 1467; x_wconf 82' lang='lat' dir='ltr'>Lantberti</span> <span class='ocrx_word' id='word_1_104' title='bbox 793 1414 1192 1483; x_wconf 88' lang='lat' dir='ltr'>percunctata</span> <span class='ocrx_word' id='word_1_105' title='bbox 1246 1410 1732 1479; x_wconf 88' lang='lat' dir='ltr'>mansuetudine,</span> <span class='ocrx_word' id='word_1_106' title='bbox 1757 1415 1815 1466; x_wconf 91' lang='lat' dir='ltr'>et</span> 
     </span>
    </p>
   </div>
   <div class='ocr_carea' id='block_1_18' title="bbox 142 1499 1815 1571">
    <p class='ocr_par' dir='ltr' id='par_1_18' title="bbox 142 1499 1815 1571">
     <span class='ocr_line' id='line_1_18' title="bbox 142 1499 1815 1571; baseline -0.003 -11"><span class='ocrx_word' id='word_1_107' title='bbox 142 1502 480 1560; x_wconf 80' lang='lat' dir='ltr'>admodum</span> <span class='ocrx_word' id='word_1_108' title='bbox 505 1501 745 1571; x_wconf 88' lang='lat' dir='ltr'>cognita</span> <span class='ocrx_word' id='word_1_109' title='bbox 772 1500 1109 1568; x_wconf 78' lang='lat' dir='ltr'>sanctitate,</span> <span class='ocrx_word' id='word_1_110' title='bbox 1142 1501 1304 1555; x_wconf 90' lang='lat' dir='ltr'>misit</span> <span class='ocrx_word' id='word_1_111' title='bbox 1319 1499 1552 1570; x_wconf 85' lang='lat' dir='ltr'>legatos</span> <span class='ocrx_word' id='word_1_112' title='bbox 1581 1499 1659 1555; x_wconf 91' lang='lat' dir='ltr'>ad</span> <span class='ocrx_word' id='word_1_113' title='bbox 1686 1515 1815 1555; x_wconf 88' lang='lat' dir='ltr'>mo-</span> 
     </span>
    </p>
   </div>
   <div class='ocr_carea' id='block_1_19' title="bbox 140 1588 1884 1663">
    <p class='ocr_par' dir='ltr' id='par_1_19' title="bbox 140 1588 1884 1663">
     <span class='ocr_line' id='line_1_19' title="bbox 140 1588 1884 1663; baseline -0.003 -13"><span class='ocrx_word' id='word_1_114' title='bbox 140 1593 479 1650; x_wconf 86' lang='lat' dir='ltr'>nasterium</span> <span class='ocrx_word' id='word_1_115' title='bbox 508 1589 784 1663; x_wconf 82' lang='lat' dir='ltr'>superius</span> <span class='ocrx_word' id='word_1_116' title='bbox 812 1588 1200 1661; x_wconf 65' lang='lat' dir='ltr'>prmlibatum</span> <span class='ocrx_word' id='word_1_117' title='bbox 1256 1590 1422 1660; x_wconf 78' lang='lat'>(509).</span> <span class='ocrx_word' id='word_1_118' title='bbox 1477 1589 1585 1661; x_wconf 88' lang='lat' dir='ltr'>qui</span> <span class='ocrx_word' id='word_1_119' title='bbox 1642 1605 1812 1645; x_wconf 78' lang='lat' dir='ltr'>sanc-</span> <span class='ocrx_word' id='word_1_120' title='bbox 1843 1599 1884 1652; x_wconf 85' lang='grc' dir='ltr'><strong>Β</strong></span> 
     </span>
    </p>
   </div>
   <div class='ocr_carea' id='block_1_20' title="bbox 143 1677 1812 1753">
    <p class='ocr_par' dir='ltr' id='par_1_20' title="bbox 143 1677 1812 1753">
     <span class='ocr_line' id='line_1_20' title="bbox 143 1677 1812 1753; baseline -0.002 -15"><span class='ocrx_word' id='word_1_121' title='bbox 143 1688 278 1739; x_wconf 81' lang='lat' dir='ltr'>tum</span> <span class='ocrx_word' id='word_1_122' title='bbox 307 1680 698 1753; x_wconf 79' lang='lat' dir='ltr'>deposcerent</span> <span class='ocrx_word' id='word_1_123' title='bbox 726 1678 1137 1744; x_wconf 85' lang='lat' dir='ltr'>Lantbertum,</span> <span class='ocrx_word' id='word_1_124' title='bbox 1172 1681 1472 1751; x_wconf 85' lang='lat' dir='ltr'>quatenus</span> <span class='ocrx_word' id='word_1_125' title='bbox 1529 1677 1812 1748; x_wconf 87' lang='lat' dir='ltr'>dignare-</span> 
     </span>
    </p>
   </div>
   <div class='ocr_carea' id='block_1_21' title="bbox 142 1766 1812 1840">
    <p class='ocr_par' dir='ltr' id='par_1_21' title="bbox 142 1766 1812 1840">
     <span class='ocr_line' id='line_1_21' title="bbox 142 1766 1812 1840; baseline -0.003 -12"><span class='ocrx_word' id='word_1_126' title='bbox 142 1777 244 1828; x_wconf 86' lang='lat' dir='ltr'>tur</span> <span class='ocrx_word' id='word_1_127' title='bbox 269 1770 477 1827; x_wconf 85' lang='lat' dir='ltr'>venire</span> <span class='ocrx_word' id='word_1_128' title='bbox 495 1768 574 1825; x_wconf 88' lang='lat' dir='ltr'>ad</span> <span class='ocrx_word' id='word_1_129' title='bbox 597 1783 821 1838; x_wconf 81' lang='lat' dir='ltr'>regem,</span> <span class='ocrx_word' id='word_1_130' title='bbox 874 1767 1087 1839; x_wconf 87' lang='lat' dir='ltr'>suique</span> <span class='ocrx_word' id='word_1_131' title='bbox 1139 1766 1503 1839; x_wconf 65' lang='lat' dir='ltr'>prassulatus</span> <span class='ocrx_word' id='word_1_132' title='bbox 1547 1766 1812 1840; x_wconf 87' lang='lat' dir='ltr'>recipere</span> 
     </span>
    </p>
   </div>
   <div class='ocr_carea' id='block_1_22' title="bbox 141 1859 522 1932">
    <p class='ocr_par' dir='ltr' id='par_1_22' title="bbox 141 1859 522 1932">
     <span class='ocr_line' id='line_1_22' title="bbox 141 1859 522 1932; baseline -0.016 -15"><span class='ocrx_word' id='word_1_133' title='bbox 141 1859 522 1932; x_wconf 86' lang='lat' dir='ltr'>dignitatem.</span> 
     </span>
    </p>
   </div>
   <div class='ocr_carea' id='block_1_23' title="bbox 212 1945 1811 2018">
    <p class='ocr_par' dir='ltr' id='par_1_23' title="bbox 212 1945 1811 2018">
     <span class='ocr_line' id='line_1_23' title="bbox 212 1945 1811 2018; baseline -0.002 -13"><span class='ocrx_word' id='word_1_134' title='bbox 212 1953 305 2005; x_wconf 63' lang='grc'><strong>24.</strong></span> <span class='ocrx_word' id='word_1_135' title='bbox 333 1947 644 2003; x_wconf 82' lang='lat' dir='ltr'>Venientes</span> <span class='ocrx_word' id='word_1_136' title='bbox 670 1945 771 2015; x_wconf 89' lang='lat' dir='ltr'>illi,</span> <span class='ocrx_word' id='word_1_137' title='bbox 799 1945 906 2018; x_wconf 90' lang='lat' dir='ltr'>qui</span> <span class='ocrx_word' id='word_1_138' title='bbox 937 1961 975 2000; x_wconf 89' lang='lat' dir='ltr'>a</span> <span class='ocrx_word' id='word_1_139' title='bbox 997 1960 1141 2014; x_wconf 87' lang='lat' dir='ltr'>rege</span> <span class='ocrx_word' id='word_1_140' title='bbox 1163 1945 1398 2001; x_wconf 86' lang='lat' dir='ltr'>fuerant</span> <span class='ocrx_word' id='word_1_141' title='bbox 1420 1945 1615 2012; x_wconf 86' lang='lat' dir='ltr'>missi,</span> <span class='ocrx_word' id='word_1_142' title='bbox 1640 1948 1811 2002; x_wconf 80' lang='lat' dir='ltr'>Lant—</span> 
     </span>
    </p>
   </div>
   <div class='ocr_carea' id='block_1_24' title="bbox 142 2033 1810 2105">
    <p class='ocr_par' dir='ltr' id='par_1_24' title="bbox 142 2033 1810 2105">
     <span class='ocr_line' id='line_1_24' title="bbox 142 2033 1810 2105; baseline -0.002 -10"><span class='ocrx_word' id='word_1_143' title='bbox 142 2039 387 2094; x_wconf 86' lang='lat' dir='ltr'>bertum</span> <span class='ocrx_word' id='word_1_144' title='bbox 410 2033 782 2090; x_wconf 85' lang='lat' dir='ltr'>sacerdotem</span> <span class='ocrx_word' id='word_1_145' title='bbox 814 2033 1169 2105; x_wconf 87' lang='lat' dir='ltr'>hujusmodi</span> <span class='ocrx_word' id='word_1_146' title='bbox 1198 2037 1339 2090; x_wconf 87' lang='lat' dir='ltr'>sunt</span> <span class='ocrx_word' id='word_1_147' title='bbox 1379 2033 1623 2091; x_wconf 88' lang='lat' dir='ltr'>allocuti</span> <span class='ocrx_word' id='word_1_148' title='bbox 1655 2053 1670 2091; x_wconf 88' lang='lat'><strong>:</strong></span> <span class='ocrx_word' id='word_1_149' title='bbox 1711 2038 1810 2105; x_wconf 86' lang='lat' dir='ltr'>Te,</span> 
     </span>
    </p>
   </div>
   <div class='ocr_carea' id='block_1_25' title="bbox 144 2122 1813 2194">
    <p class='ocr_par' dir='ltr' id='par_1_25' title="bbox 144 2122 1813 2194">
     <span class='ocr_line' id='line_1_25' title="bbox 144 2122 1813 2194; baseline -0.002 -11"><span class='ocrx_word' id='word_1_150' title='bbox 144 2131 337 2193; x_wconf 81' lang='lat' dir='ltr'>Pater,</span> <span class='ocrx_word' id='word_1_151' title='bbox 370 2141 471 2180; x_wconf 83' lang='lat' dir='ltr'>rex</span> <span class='ocrx_word' id='word_1_152' title='bbox 503 2123 799 2189; x_wconf 88' lang='lat' dir='ltr'>obsecrat,</span> <span class='ocrx_word' id='word_1_153' title='bbox 825 2122 1147 2194; x_wconf 86' lang='lat' dir='ltr'>omnisque</span> <span class='ocrx_word' id='word_1_154' title='bbox 1178 2122 1440 2194; x_wconf 89' lang='lat' dir='ltr'>populus</span> <span class='ocrx_word' id='word_1_155' title='bbox 1470 2122 1717 2193; x_wconf 84' lang='lat' dir='ltr'>ﬂagitat,</span> <span class='ocrx_word' id='word_1_156' title='bbox 1747 2127 1813 2179; x_wconf 89' lang='lat' dir='ltr'>ut</span> 
     </span>
    </p>
   </div>
   <div class='ocr_carea' id='block_1_26' title="bbox 140 2212 1807 2282">
    <p class='ocr_par' dir='ltr' id='par_1_26' title="bbox 140 2212 1807 2282">
     <span class='ocr_line' id='line_1_26' title="bbox 140 2212 1807 2282; baseline -0.002 -9"><span class='ocrx_word' id='word_1_157' title='bbox 140 2234 180 2273; x_wconf 86' lang='lat' dir='ltr'>a</span> <span class='ocrx_word' id='word_1_158' title='bbox 204 2213 578 2272; x_wconf 89' lang='lat' dir='ltr'>monasterio</span> <span class='ocrx_word' id='word_1_159' title='bbox 607 2227 804 2278; x_wconf 79' lang='lat' dir='ltr'>exeas,</span> <span class='ocrx_word' id='word_1_160' title='bbox 835 2227 1101 2281; x_wconf 81' lang='lat' dir='ltr'>gregem,</span> <span class='ocrx_word' id='word_1_161' title='bbox 1159 2227 1343 2282; x_wconf 86' lang='lat' dir='ltr'>quem</span> <span class='ocrx_word' id='word_1_162' title='bbox 1397 2212 1634 2268; x_wconf 89' lang='lat' dir='ltr'>dudum</span> <span class='ocrx_word' id='word_1_163' title='bbox 1686 2229 1807 2269; x_wconf 87' lang='lat' dir='ltr'>non</span> 
     </span>
    </p>
   </div>
   <div class='ocr_carea' id='block_1_27' title="bbox 142 2300 1812 2379">
    <p class='ocr_par' dir='ltr' id='par_1_27' title="bbox 142 2300 1812 2379">
     <span class='ocr_line' id='line_1_27' title="bbox 142 2300 1812 2379; baseline -0.002 -18"><span class='ocrx_word' id='word_1_164' title='bbox 142 2308 365 2379; x_wconf 85' lang='lat' dir='ltr'>sponte</span> <span class='ocrx_word' id='word_1_165' title='bbox 414 2301 714 2375; x_wconf 88' lang='lat' dir='ltr'>deliquisti</span> <span class='ocrx_word' id='word_1_166' title='bbox 771 2303 896 2371; x_wconf 77' lang='lat' dir='ltr'>(aL,</span> <span class='ocrx_word' id='word_1_167' title='bbox 954 2300 1366 2373; x_wconf 88' lang='lat' dir='ltr'>dereliquisti),</span> <span class='ocrx_word' id='word_1_168' title='bbox 1425 2302 1702 2374; x_wconf 88' lang='lat' dir='ltr'>recipias,</span> <span class='ocrx_word' id='word_1_169' title='bbox 1754 2307 1812 2358; x_wconf 90' lang='lat' dir='ltr'>et</span> 
     </span>
    </p>
   </div>
   <div class='ocr_carea' id='block_1_28' title="bbox 140 2390 1350 2468">
    <p class='ocr_par' dir='ltr' id='par_1_28' title="bbox 140 2390 1350 2468">
     <span class='ocr_line' id='line_1_28' title="bbox 140 2390 1350 2468; baseline -0.004 -17"><span class='ocrx_word' id='word_1_170' title='bbox 140 2412 301 2468; x_wconf 88' lang='lat' dir='ltr'>opus</span> <span class='ocrx_word' id='word_1_171' title='bbox 330 2391 588 2457; x_wconf 89' lang='lat' dir='ltr'>Domini,</span> <span class='ocrx_word' id='word_1_172' title='bbox 618 2396 682 2446; x_wconf 91' lang='lat' dir='ltr'>ut</span> <span class='ocrx_word' id='word_1_173' title='bbox 708 2391 1020 2463; x_wconf 76' lang='lat' dir='ltr'>incoepisti,</span> <span class='ocrx_word' id='word_1_174' title='bbox 1054 2390 1350 2463; x_wconf 74' lang='lat' dir='ltr'>perficies.</span> 
     </span>
    </p>
   </div>
   <div class='ocr_carea' id='block_1_29' title="bbox 217 2478 1806 2550">
    <p class='ocr_par' dir='ltr' id='par_1_29' title="bbox 217 2478 1806 2550">
     <span class='ocr_line' id='line_1_29' title="bbox 217 2478 1806 2550; baseline -0.002 -12"><span class='ocrx_word' id='word_1_175' title='bbox 217 2487 370 2539; x_wconf 86' lang='lat' dir='ltr'>Tum</span> <span class='ocrx_word' id='word_1_176' title='bbox 405 2482 604 2536; x_wconf 86' lang='lat' dir='ltr'>senior</span> <span class='ocrx_word' id='word_1_177' title='bbox 618 2480 673 2549; x_wconf 73' lang='lat'><strong>{5</strong></span> <span class='ocrx_word' id='word_1_178' title='bbox 687 2480 697 2529; x_wconf 83' lang='grc'><strong>1</strong></span> <span class='ocrx_word' id='word_1_179' title='bbox 713 2479 768 2550; x_wconf 90' lang='lat'>0)</span> <span class='ocrx_word' id='word_1_180' title='bbox 781 2494 892 2549; x_wconf 86' lang='lat' dir='ltr'>pro</span> <span class='ocrx_word' id='word_1_181' title='bbox 908 2494 969 2533; x_wconf 87' lang='lat' dir='ltr'>re</span> <span class='ocrx_word' id='word_1_182' title='bbox 995 2478 1279 2550; x_wconf 86' lang='lat' dir='ltr'>lacrymis</span> <span class='ocrx_word' id='word_1_183' title='bbox 1290 2478 1372 2534; x_wconf 86' lang='lat' dir='ltr'>ita</span> <span class='ocrx_word' id='word_1_184' title='bbox 1381 2478 1778 2536; x_wconf 87' lang='lat' dir='ltr'>faturobortis</span> <span class='ocrx_word' id='word_1_185' title='bbox 1793 2497 1806 2535; x_wconf 88' lang='lat'><strong>:</strong></span> 
     </span>
    </p>
   </div>
   <div class='ocr_carea' id='block_1_30' title="bbox 144 2568 1806 2640">
    <p class='ocr_par' dir='ltr' id='par_1_30' title="bbox 144 2568 1806 2640">
     <span class='ocr_line' id='line_1_30' title="bbox 144 2568 1806 2640; baseline -0.002 -12"><span class='ocrx_word' id='word_1_186' title='bbox 144 2576 381 2640; x_wconf 84' lang='lat' dir='ltr'>Fateor,</span> <span class='ocrx_word' id='word_1_187' title='bbox 412 2569 558 2636; x_wconf 81' lang='lat' dir='ltr'>rexi,</span> <span class='ocrx_word' id='word_1_188' title='bbox 587 2584 707 2624; x_wconf 91' lang='lat' dir='ltr'>non</span> <span class='ocrx_word' id='word_1_189' title='bbox 744 2573 808 2623; x_wconf 92' lang='lat' dir='ltr'>ut</span> <span class='ocrx_word' id='word_1_190' title='bbox 835 2568 1035 2623; x_wconf 88' lang='lat' dir='ltr'>decuit</span> <span class='ocrx_word' id='word_1_191' title='bbox 1068 2568 1243 2638; x_wconf 79' lang='lat' dir='ltr'>;vixi,</span> <span class='ocrx_word' id='word_1_192' title='bbox 1283 2584 1404 2623; x_wconf 89' lang='lat' dir='ltr'>non</span> <span class='ocrx_word' id='word_1_193' title='bbox 1458 2572 1523 2624; x_wconf 90' lang='lat' dir='ltr'>ut</span> <span class='ocrx_word' id='word_1_194' title='bbox 1575 2568 1760 2624; x_wconf 88' lang='lat' dir='ltr'>debui</span> <span class='ocrx_word' id='word_1_195' title='bbox 1793 2585 1806 2624; x_wconf 90' lang='lat'><strong>:</strong></span> 
     </span>
    </p>
   </div>
   <div class='ocr_carea' id='block_1_31' title="bbox 141 2656 1807 2737">
    <p class='ocr_par' dir='ltr' id='par_1_31' title="bbox 141 2656 1807 2737">
     <span class='ocr_line' id='line_1_31' title="bbox 141 2656 1807 2737; baseline -0.002 -19"><span class='ocrx_word' id='word_1_196' title='bbox 141 2676 396 2737; x_wconf 86' lang='lat' dir='ltr'>pascere</span> <span class='ocrx_word' id='word_1_197' title='bbox 424 2657 668 2714; x_wconf 90' lang='lat' dir='ltr'>ulterius</span> <span class='ocrx_word' id='word_1_198' title='bbox 694 2673 817 2713; x_wconf 93' lang='lat' dir='ltr'>non</span> <span class='ocrx_word' id='word_1_199' title='bbox 858 2673 995 2712; x_wconf 86' lang='lat' dir='ltr'>sum</span> <span class='ocrx_word' id='word_1_200' title='bbox 1042 2656 1320 2726; x_wconf 88' lang='lat' dir='ltr'>idoneus,</span> <span class='ocrx_word' id='word_1_201' title='bbox 1375 2673 1633 2729; x_wconf 62' lang='lat' dir='ltr'>praeesse</span> <span class='ocrx_word' id='word_1_202' title='bbox 1680 2674 1807 2714; x_wconf 88' lang='lat' dir='ltr'>am-</span> 
     </span>
    </p>
   </div>
   <div class='ocr_carea' id='block_1_32' title="bbox 142 2745 1699 2823">
    <p class='ocr_par' dir='ltr' id='par_1_32' title="bbox 142 2745 1699 2823">
     <span class='ocr_line' id='line_1_32' title="bbox 142 2745 1699 2823; baseline -0.003 -18"><span class='ocrx_word' id='word_1_203' title='bbox 142 2750 305 2823; x_wconf 88' lang='lat' dir='ltr'>plius</span> <span class='ocrx_word' id='word_1_204' title='bbox 330 2764 452 2804; x_wconf 89' lang='lat' dir='ltr'>non</span> <span class='ocrx_word' id='word_1_205' title='bbox 485 2746 867 2819; x_wconf 87' lang='lat' dir='ltr'>concupisco,</span> <span class='ocrx_word' id='word_1_206' title='bbox 890 2747 995 2818; x_wconf 86' lang='lat' dir='ltr'>qui</span> <span class='ocrx_word' id='word_1_207' title='bbox 1026 2746 1312 2817; x_wconf 85' lang='lat' dir='ltr'>prodesse</span> <span class='ocrx_word' id='word_1_208' title='bbox 1337 2745 1480 2800; x_wconf 87' lang='lat' dir='ltr'>nulli</span> <span class='ocrx_word' id='word_1_209' title='bbox 1511 2746 1699 2803; x_wconf 87' lang='lat' dir='ltr'>valeo.</span> 
     </span>
    </p>
   </div>
   <div class='ocr_carea' id='block_1_33' title="bbox 327 2869 1626 2945">
    <p class='ocr_par' dir='ltr' id='par_1_33' title="bbox 327 2869 1626 2945">
     <span class='ocr_line' id='line_1_33' title="bbox 327 2869 1626 2945; baseline -0.002 -16"><span class='ocrx_word' id='word_1_210' title='bbox 327 2873 699 2945; x_wconf 80' lang='lat' dir='ltr'>Subjunxere</span> <span class='ocrx_word' id='word_1_211' title='bbox 730 2871 855 2938; x_wconf 88' lang='lat' dir='ltr'>viri,</span> <span class='ocrx_word' id='word_1_212' title='bbox 893 2869 1156 2927; x_wconf 79' lang='lat' dir='ltr'>dicentes</span> <span class='ocrx_word' id='word_1_213' title='bbox 1201 2871 1329 2926; x_wconf 69' lang='lat' dir='ltr'>haec</span> <span class='ocrx_word' id='word_1_214' title='bbox 1364 2871 1626 2928; x_wconf 89' lang='lat' dir='ltr'>Seniori:</span> 
     </span>
    </p>
   </div>
   <div class='ocr_carea' id='block_1_34' title="bbox 1847 2949 1887 2999">
    <p class='ocr_par' dir='ltr' id='par_1_34' title="bbox 1847 2949 1887 2999">
     <span class='ocr_line' id='line_1_34' title="bbox 1847 2949 1887 2999; baseline -0.05 0"><span class='ocrx_word' id='word_1_215' title='bbox 1847 2949 1887 2999; x_wconf 67' lang='grc' dir='ltr'>(Ἰ</span> 
     </span>
    </p>
   </div>
   <div class='ocr_carea' id='block_1_35' title="bbox 142 2993 1807 3065">
    <p class='ocr_par' dir='ltr' id='par_1_35' title="bbox 142 2993 1807 3065">
     <span class='ocr_line' id='line_1_35' title="bbox 142 2993 1807 3065; baseline -0.004 -8"><span class='ocrx_word' id='word_1_216' title='bbox 142 3006 239 3065; x_wconf 84' lang='lat' dir='ltr'>Te,</span> <span class='ocrx_word' id='word_1_217' title='bbox 266 2999 537 3054; x_wconf 87' lang='lat' dir='ltr'>virorum</span> <span class='ocrx_word' id='word_1_218' title='bbox 602 2995 995 3063; x_wconf 89' lang='lat' dir='ltr'>nobilissime,</span> <span class='ocrx_word' id='word_1_219' title='bbox 1057 2999 1132 3062; x_wconf 87' lang='lat' dir='ltr'>te,</span> <span class='ocrx_word' id='word_1_220' title='bbox 1152 2993 1534 3050; x_wconf 87' lang='lat' dir='ltr'>sacerdotum</span> <span class='ocrx_word' id='word_1_221' title='bbox 1565 2995 1807 3051; x_wconf 87' lang='lat' dir='ltr'>sanctis-</span> 
     </span>
    </p>
   </div>
   <div class='ocr_carea' id='block_1_36' title="bbox 143 3082 1808 3158">
    <p class='ocr_par' dir='ltr' id='par_1_36' title="bbox 143 3082 1808 3158">
     <span class='ocr_line' id='line_1_36' title="bbox 143 3082 1808 3158; baseline -0.003 -13"><span class='ocrx_word' id='word_1_222' title='bbox 143 3090 321 3154; x_wconf 88' lang='lat' dir='ltr'>sime,</span> <span class='ocrx_word' id='word_1_223' title='bbox 351 3102 461 3158; x_wconf 90' lang='lat' dir='ltr'>per</span> <span class='ocrx_word' id='word_1_224' title='bbox 489 3084 841 3141; x_wconf 89' lang='lat' dir='ltr'>charitatem</span> <span class='ocrx_word' id='word_1_225' title='bbox 874 3082 971 3139; x_wconf 90' lang='lat' dir='ltr'>Dei</span> <span class='ocrx_word' id='word_1_226' title='bbox 1014 3083 1432 3155; x_wconf 79' lang='lat' dir='ltr'>deprecamur,</span> <span class='ocrx_word' id='word_1_227' title='bbox 1484 3099 1591 3156; x_wconf 90' lang='lat' dir='ltr'>per</span> <span class='ocrx_word' id='word_1_228' title='bbox 1638 3100 1808 3140; x_wconf 86' lang='lat' dir='ltr'>amo-</span> 
     </span>
    </p>
   </div>
   <div class='ocr_carea' id='block_1_37' title="bbox 141 3171 1806 3249">
    <p class='ocr_par' dir='ltr' id='par_1_37' title="bbox 141 3171 1806 3249">
     <span class='ocr_line' id='line_1_37' title="bbox 141 3171 1806 3249; baseline -0.002 -15"><span class='ocrx_word' id='word_1_229' title='bbox 141 3195 268 3234; x_wconf 90' lang='lat' dir='ltr'>rem</span> <span class='ocrx_word' id='word_1_230' title='bbox 299 3173 557 3249; x_wconf 82' lang='lat' dir='ltr'>proximi</span> <span class='ocrx_word' id='word_1_231' title='bbox 585 3173 976 3237; x_wconf 86' lang='lat' dir='ltr'>obtestamur,</span> <span class='ocrx_word' id='word_1_232' title='bbox 1012 3177 1075 3227; x_wconf 91' lang='lat' dir='ltr'>ut</span> <span class='ocrx_word' id='word_1_233' title='bbox 1103 3171 1418 3228; x_wconf 88' lang='lat' dir='ltr'>nobiscum</span> <span class='ocrx_word' id='word_1_234' title='bbox 1448 3172 1675 3240; x_wconf 83' lang='lat' dir='ltr'>venias,</span> <span class='ocrx_word' id='word_1_235' title='bbox 1716 3189 1806 3231; x_wconf 87' lang='lat' dir='ltr'>re-</span> 
     </span>
    </p>
   </div>
   <div class='ocr_carea' id='block_1_38' title="bbox 144 3260 1625 3336">
    <p class='ocr_par' dir='ltr' id='par_1_38' title="bbox 144 3260 1625 3336">
     <span class='ocr_line' id='line_1_38' title="bbox 144 3260 1625 3336; baseline -0.002 -17"><span class='ocrx_word' id='word_1_236' title='bbox 144 3266 477 3336; x_wconf 89' lang='lat' dir='ltr'>gimenque</span> <span class='ocrx_word' id='word_1_237' title='bbox 503 3267 743 3317; x_wconf 91' lang='lat' dir='ltr'>tuarum</span> <span class='ocrx_word' id='word_1_238' title='bbox 776 3260 980 3316; x_wconf 89' lang='lat' dir='ltr'>ovium</span> <span class='ocrx_word' id='word_1_239' title='bbox 1008 3260 1327 3331; x_wconf 82' lang='lat' dir='ltr'>dignanter</span> <span class='ocrx_word' id='word_1_240' title='bbox 1354 3260 1625 3333; x_wconf 85' lang='lat' dir='ltr'>recipias.</span> 
     </span>
    </p>
   </div>
   <div class='ocr_carea' id='block_1_39' title="bbox 142 3366 1802 3441">
    <p class='ocr_par' dir='ltr' id='par_1_39' title="bbox 142 3366 1802 3441">
     <span class='ocr_line' id='line_1_39' title="bbox 142 3366 1802 3441; baseline -0.001 -14"><span class='ocrx_word' id='word_1_241' title='bbox 142 3370 354 3436; x_wconf 82' lang='lat' dir='ltr'>Altius,</span> <span class='ocrx_word' id='word_1_242' title='bbox 381 3386 538 3437; x_wconf 90' lang='lat' dir='ltr'>ecce,</span> <span class='ocrx_word' id='word_1_243' title='bbox 556 3384 804 3440; x_wconf 84' lang='lat' dir='ltr'>gemens</span> <span class='ocrx_word' id='word_1_244' title='bbox 816 3383 1176 3441; x_wconf 87' lang='lat' dir='ltr'>responsum</span> <span class='ocrx_word' id='word_1_245' title='bbox 1189 3367 1305 3424; x_wconf 95' lang='lat' dir='ltr'>hoc</span> <span class='ocrx_word' id='word_1_246' title='bbox 1317 3366 1574 3424; x_wconf 78' lang='lat' dir='ltr'>reddidit</span> <span class='ocrx_word' id='word_1_247' title='bbox 1594 3370 1770 3424; x_wconf 85' lang='lat' dir='ltr'>heros</span> <span class='ocrx_word' id='word_1_248' title='bbox 1790 3386 1802 3425; x_wconf 89' lang='lat'>:</span> 
     </span>
    </p>
   </div>
   <div class='ocr_carea' id='block_1_40' title="bbox 144 3474 1805 3548">
    <p class='ocr_par' dir='ltr' id='par_1_40' title="bbox 144 3474 1805 3548">
     <span class='ocr_line' id='line_1_40' title="bbox 144 3474 1805 3548; baseline -0.002 -14"><span class='ocrx_word' id='word_1_249' title='bbox 144 3478 442 3545; x_wconf 81' lang='lat' dir='ltr'>Refutare,</span> <span class='ocrx_word' id='word_1_250' title='bbox 470 3476 706 3545; x_wconf 80' lang='lat' dir='ltr'>fratres,</span> <span class='ocrx_word' id='word_1_251' title='bbox 733 3474 899 3548; x_wconf 90' lang='lat' dir='ltr'>quod</span> <span class='ocrx_word' id='word_1_252' title='bbox 933 3474 1147 3542; x_wconf 85' lang='lat' dir='ltr'>dicitis,</span> <span class='ocrx_word' id='word_1_253' title='bbox 1180 3490 1302 3529; x_wconf 91' lang='lat' dir='ltr'>non</span> <span class='ocrx_word' id='word_1_254' title='bbox 1342 3475 1538 3530; x_wconf 88' lang='lat' dir='ltr'>audeo</span> <span class='ocrx_word' id='word_1_255' title='bbox 1570 3494 1583 3543; x_wconf 88' lang='lat'><strong>;</strong></span> <span class='ocrx_word' id='word_1_256' title='bbox 1647 3475 1805 3547; x_wconf 87' lang='lat' dir='ltr'>regis</span> 
     </span>
    </p>
   </div>
   <div class='ocr_carea' id='block_1_41' title="bbox 143 3564 1805 3634">
    <p class='ocr_par' dir='ltr' id='par_1_41' title="bbox 143 3564 1805 3634">
     <span class='ocr_line' id='line_1_41' title="bbox 143 3564 1805 3634; baseline -0.001 -10"><span class='ocrx_word' id='word_1_257' title='bbox 143 3567 410 3624; x_wconf 86' lang='lat' dir='ltr'>edictum</span> <span class='ocrx_word' id='word_1_258' title='bbox 443 3571 828 3623; x_wconf 87' lang='lat' dir='ltr'>contemnere</span> <span class='ocrx_word' id='word_1_259' title='bbox 843 3580 966 3620; x_wconf 90' lang='lat' dir='ltr'>non</span> <span class='ocrx_word' id='word_1_260' title='bbox 985 3564 1181 3621; x_wconf 82' lang='lat' dir='ltr'>debeo</span> <span class='ocrx_word' id='word_1_261' title='bbox 1212 3582 1226 3632; x_wconf 83' lang='lat'><strong>;</strong></span> <span class='ocrx_word' id='word_1_262' title='bbox 1258 3564 1671 3634; x_wconf 78' lang='lat' dir='ltr'>proximorum</span> <span class='ocrx_word' id='word_1_263' title='bbox 1703 3581 1805 3622; x_wconf 90' lang='lat' dir='ltr'>ne-</span> 
     </span>
    </p>
   </div>
   <div class='ocr_carea' id='block_1_42' title="bbox 144 3652 1810 3726">
    <p class='ocr_par' dir='ltr' id='par_1_42' title="bbox 144 3652 1810 3726">
     <span class='ocr_line' id='line_1_42' title="bbox 144 3652 1810 3726; baseline -0.002 -13"><span class='ocrx_word' id='word_1_264' title='bbox 144 3656 529 3714; x_wconf 83' lang='lat' dir='ltr'>cessitatibus</span> <span class='ocrx_word' id='word_1_265' title='bbox 545 3654 865 3712; x_wconf 86' lang='lat' dir='ltr'>subvenire</span> <span class='ocrx_word' id='word_1_266' title='bbox 891 3654 1087 3726; x_wconf 89' lang='lat' dir='ltr'>cupio.</span> <span class='ocrx_word' id='word_1_267' title='bbox 1120 3652 1439 3710; x_wconf 80' lang='lat' dir='ltr'>Vobiscum</span> <span class='ocrx_word' id='word_1_268' title='bbox 1458 3654 1543 3709; x_wconf 89' lang='lat' dir='ltr'>ire</span> <span class='ocrx_word' id='word_1_269' title='bbox 1563 3670 1686 3710; x_wconf 91' lang='lat' dir='ltr'>non</span> <span class='ocrx_word' id='word_1_270' title='bbox 1702 3654 1810 3710; x_wconf 85' lang='lat' dir='ltr'>dif-</span> 
     </span>
    </p>
   </div>
   <div class='ocr_carea' id='block_1_43' title="bbox 143 3742 1809 3817">
    <p class='ocr_par' dir='ltr' id='par_1_43' title="bbox 143 3742 1809 3817">
     <span class='ocr_line' id='line_1_43' title="bbox 143 3742 1809 3817; baseline -0.001 -14"><span class='ocrx_word' id='word_1_271' title='bbox 143 3747 381 3813; x_wconf 85' lang='lat' dir='ltr'>feram;</span> <span class='ocrx_word' id='word_1_272' title='bbox 413 3745 578 3817; x_wconf 87' lang='lat' dir='ltr'>quod</span> <span class='ocrx_word' id='word_1_273' title='bbox 602 3743 828 3815; x_wconf 84' lang='lat' dir='ltr'>jubetis</span> <span class='ocrx_word' id='word_1_274' title='bbox 869 3742 1196 3817; x_wconf 86' lang='lat' dir='ltr'>incipiam:</span> <span class='ocrx_word' id='word_1_275' title='bbox 1252 3748 1465 3815; x_wconf 88' lang='lat' dir='ltr'>potens</span> <span class='ocrx_word' id='word_1_276' title='bbox 1517 3748 1605 3801; x_wconf 88' lang='lat' dir='ltr'>est</span> <span class='ocrx_word' id='word_1_277' title='bbox 1655 3746 1809 3801; x_wconf 89' lang='lat' dir='ltr'>Deus</span> 
     </span>
    </p>
   </div>
   <div class='ocr_carea' id='block_1_44' title="bbox 146 3831 1735 3908">
    <p class='ocr_par' dir='ltr' id='par_1_44' title="bbox 146 3831 1735 3908">
     <span class='ocr_line' id='line_1_44' title="bbox 146 3831 1735 3908; baseline -0.002 -17"><span class='ocrx_word' id='word_1_278' title='bbox 146 3834 456 3908; x_wconf 84' lang='lat' dir='ltr'>perﬁcere,</span> <span class='ocrx_word' id='word_1_279' title='bbox 488 3838 547 3891; x_wconf 88' lang='lat' dir='ltr'>et</span> <span class='ocrx_word' id='word_1_280' title='bbox 572 3832 652 3891; x_wconf 83' lang='lat' dir='ltr'>ad</span> <span class='ocrx_word' id='word_1_281' title='bbox 677 3832 861 3888; x_wconf 84' lang='lat' dir='ltr'>ﬁnem</span> <span class='ocrx_word' id='word_1_282' title='bbox 892 3836 1121 3889; x_wconf 87' lang='lat' dir='ltr'>certum</span> <span class='ocrx_word' id='word_1_283' title='bbox 1149 3847 1342 3903; x_wconf 86' lang='lat' dir='ltr'>usque</span> <span class='ocrx_word' id='word_1_284' title='bbox 1389 3831 1735 3904; x_wconf 87' lang='lat' dir='ltr'>perducere.</span> 
     </span>
    </p>
   </div>
   <div class='ocr_carea' id='block_1_45' title="bbox 219 3920 1808 3992">
    <p class='ocr_par' dir='ltr' id='par_1_45' title="bbox 219 3920 1808 3992">
     <span class='ocr_line' id='line_1_45' title="bbox 219 3920 1808 3992; baseline -0.001 -12"><span class='ocrx_word' id='word_1_285' title='bbox 219 3929 292 3981; x_wconf 78' lang='lat'><strong>25</strong></span> <span class='ocrx_word' id='word_1_286' title='bbox 342 3923 486 3980; x_wconf 86' lang='lat' dir='ltr'>Hinc</span> <span class='ocrx_word' id='word_1_287' title='bbox 513 3938 657 3992; x_wconf 88' lang='lat' dir='ltr'>ergo</span> <span class='ocrx_word' id='word_1_288' title='bbox 682 3921 1069 3979; x_wconf 88' lang='lat' dir='ltr'>beatissimus</span> <span class='ocrx_word' id='word_1_289' title='bbox 1097 3920 1404 3979; x_wconf 81' lang='lat' dir='ltr'>confessor</span> <span class='ocrx_word' id='word_1_290' title='bbox 1435 3922 1808 3992; x_wconf 86' lang='lat' dir='ltr'>Lantbertus,</span> 
     </span>
    </p>
   </div>
   <div class='ocr_carea' id='block_1_46' title="bbox 150 4010 1811 4081">
    <p class='ocr_par' dir='ltr' id='par_1_46' title="bbox 150 4010 1811 4081">
     <span class='ocr_line' id='line_1_46' title="bbox 150 4010 1811 4081; baseline -0.002 -9"><span class='ocrx_word' id='word_1_291' title='bbox 150 4015 292 4072; x_wconf 75' lang='lat' dir='ltr'>felix</span> <span class='ocrx_word' id='word_1_292' title='bbox 321 4012 754 4070; x_wconf 89' lang='lat' dir='ltr'>commercium</span> <span class='ocrx_word' id='word_1_293' title='bbox 791 4026 1130 4081; x_wconf 78' lang='lat' dir='ltr'>aggressus,</span> <span class='ocrx_word' id='word_1_294' title='bbox 1186 4010 1544 4068; x_wconf 87' lang='lat' dir='ltr'>multimoda</span> <span class='ocrx_word' id='word_1_295' title='bbox 1590 4013 1811 4069; x_wconf 84' lang='lat' dir='ltr'>exami-</span> 
     </span>
    </p>
   </div>
   <div class='ocr_carea' id='block_1_47' title="bbox 147 4098 1806 4174">
    <p class='ocr_par' dir='ltr' id='par_1_47' title="bbox 147 4098 1806 4174">
     <span class='ocr_line' id='line_1_47' title="bbox 147 4098 1806 4174; baseline -0.003 -13"><span class='ocrx_word' id='word_1_296' title='bbox 147 4103 395 4161; x_wconf 88' lang='lat' dir='ltr'>natione</span> <span class='ocrx_word' id='word_1_297' title='bbox 414 4100 729 4174; x_wconf 88' lang='lat' dir='ltr'>probatus,</span> <span class='ocrx_word' id='word_1_298' title='bbox 747 4099 827 4158; x_wconf 90' lang='lat' dir='ltr'>ad</span> <span class='ocrx_word' id='word_1_299' title='bbox 846 4100 1157 4172; x_wconf 89' lang='lat' dir='ltr'>propriam</span> <span class='ocrx_word' id='word_1_300' title='bbox 1177 4098 1382 4156; x_wconf 87' lang='lat' dir='ltr'>sedem</span> <span class='ocrx_word' id='word_1_301' title='bbox 1406 4105 1495 4157; x_wconf 90' lang='lat' dir='ltr'>est</span> <span class='ocrx_word' id='word_1_302' title='bbox 1513 4116 1806 4157; x_wconf 85' lang='lat' dir='ltr'>reversus.</span> 
     </span>
    </p>
   </div>
   <div class='ocr_carea' id='block_1_48' title="bbox 153 4187 1811 4261">
    <p class='ocr_par' dir='ltr' id='par_1_48' title="bbox 153 4187 1811 4261">
     <span class='ocr_line' id='line_1_48' title="bbox 153 4187 1811 4261; baseline -0.001 -14"><span class='ocrx_word' id='word_1_303' title='bbox 153 4189 247 4247; x_wconf 90' lang='lat' dir='ltr'>Sic</span> <span class='ocrx_word' id='word_1_304' title='bbox 273 4189 446 4246; x_wconf 80' lang='lat' dir='ltr'>exsul</span> <span class='ocrx_word' id='word_1_305' title='bbox 473 4187 934 4256; x_wconf 89' lang='lat' dir='ltr'>sacratissimus,</span> <span class='ocrx_word' id='word_1_306' title='bbox 967 4205 1039 4245; x_wconf 91' lang='lat' dir='ltr'>ac</span> <span class='ocrx_word' id='word_1_307' title='bbox 1086 4188 1471 4245; x_wconf 86' lang='lat' dir='ltr'>inenarrabili</span> <span class='ocrx_word' id='word_1_308' title='bbox 1524 4189 1811 4261; x_wconf 89' lang='lat' dir='ltr'>patientia</span> 
     </span>
    </p>
   </div>
   <div class='ocr_carea' id='block_1_49' title="bbox 1932 343 3597 427">
    <p class='ocr_par' dir='ltr' id='par_1_49' title="bbox 1932 343 3597 427">
     <span class='ocr_line' id='line_1_49' title="bbox 1932 343 3597 427; baseline 0.018 -33"><span class='ocrx_word' id='word_1_309' title='bbox 1932 345 1992 396; x_wconf 92' lang='lat' dir='ltr'>to</span> <span class='ocrx_word' id='word_1_310' title='bbox 2026 343 2055 397; x_wconf 84' lang='lat'><strong><em>?</em></strong></span> <span class='ocrx_word' id='word_1_311' title='bbox 2088 345 2481 411; x_wconf 82' lang='lat' dir='ltr'>Exsultabant</span> <span class='ocrx_word' id='word_1_312' title='bbox 2508 356 2795 415; x_wconf 82' lang='lat' dir='ltr'>caelorum</span> <span class='ocrx_word' id='word_1_313' title='bbox 2826 343 3010 427; x_wconf 75' lang='lat' dir='ltr'>cives,</span> <span class='ocrx_word' id='word_1_314' title='bbox 3039 354 3365 419; x_wconf 79' lang='lat' dir='ltr'>individuae</span> <span class='ocrx_word' id='word_1_315' title='bbox 3412 343 3597 424; x_wconf 74' lang='lat' dir='ltr'>Trini—</span> 
     </span>
    </p>
   </div>
   <div class='ocr_carea' id='block_1_50' title="bbox 1931 431 3587 521">
    <p class='ocr_par' dir='ltr' id='par_1_50' title="bbox 1931 431 3587 521">
     <span class='ocr_line' id='line_1_50' title="bbox 1931 431 3587 521; baseline 0.015 -38"><span class='ocrx_word' id='word_1_316' title='bbox 1931 431 2036 521; x_wconf 83' lang='lat' dir='ltr'>tati</span> <span class='ocrx_word' id='word_1_317' title='bbox 2088 432 2415 521; x_wconf 81' lang='lat' dir='ltr'>referentes</span> <span class='ocrx_word' id='word_1_318' title='bbox 2464 444 2791 503; x_wconf 88' lang='lat' dir='ltr'>immensas</span> <span class='ocrx_word' id='word_1_319' title='bbox 2858 450 3294 521; x_wconf 83' lang='lat' dir='ltr'>praeconiorum</span> <span class='ocrx_word' id='word_1_320' title='bbox 3352 453 3587 511; x_wconf 90' lang='lat' dir='ltr'>laudes.</span> 
     </span>
    </p>
   </div>
   <div class='ocr_carea' id='block_1_51' title="bbox 1932 519 3591 607">
    <p class='ocr_par' dir='ltr' id='par_1_51' title="bbox 1932 519 3591 607">
     <span class='ocr_line' id='line_1_51' title="bbox 1932 519 3591 607; baseline 0.017 -34"><span class='ocrx_word' id='word_1_321' title='bbox 1932 519 2248 581; x_wconf 86' lang='lat' dir='ltr'>Gaudebat</span> <span class='ocrx_word' id='word_1_322' title='bbox 2276 530 2471 586; x_wconf 91' lang='lat' dir='ltr'>omnis</span> <span class='ocrx_word' id='word_1_323' title='bbox 2496 536 2672 607; x_wconf 88' lang='lat' dir='ltr'>terra,</span> <span class='ocrx_word' id='word_1_324' title='bbox 2698 519 2965 606; x_wconf 80' lang='lat' dir='ltr'>jubilans</span> <span class='ocrx_word' id='word_1_325' title='bbox 2998 539 3251 597; x_wconf 90' lang='lat' dir='ltr'>Domino</span> <span class='ocrx_word' id='word_1_326' title='bbox 3281 541 3343 597; x_wconf 90' lang='lat' dir='ltr'>in</span> <span class='ocrx_word' id='word_1_327' title='bbox 3368 542 3591 601; x_wconf 81' lang='lat' dir='ltr'>laetitia.</span> 
     </span>
    </p>
   </div>
   <div class='ocr_carea' id='block_1_52' title="bbox 1927 607 3593 695">
    <p class='ocr_par' dir='ltr' id='par_1_52' title="bbox 1927 607 3593 695">
     <span class='ocr_line' id='line_1_52' title="bbox 1927 607 3593 695; baseline 0.017 -34"><span class='ocrx_word' id='word_1_328' title='bbox 1927 607 2303 670; x_wconf 89' lang='lat' dir='ltr'>Plaudebant</span> <span class='ocrx_word' id='word_1_329' title='bbox 2328 620 2587 677; x_wconf 85' lang='lat' dir='ltr'>universi</span> <span class='ocrx_word' id='word_1_330' title='bbox 2616 622 2677 678; x_wconf 92' lang='lat' dir='ltr'>in</span> <span class='ocrx_word' id='word_1_331' title='bbox 2707 623 2980 695; x_wconf 82' lang='lat' dir='ltr'>excelsis,</span> <span class='ocrx_word' id='word_1_332' title='bbox 3029 630 3085 682; x_wconf 89' lang='lat' dir='ltr'>et</span> <span class='ocrx_word' id='word_1_333' title='bbox 3137 627 3421 687; x_wconf 90' lang='lat' dir='ltr'>dicebant</span> <span class='ocrx_word' id='word_1_334' title='bbox 3468 648 3593 690; x_wconf 90' lang='lat' dir='ltr'>non</span> 
     </span>
    </p>
   </div>
   <div class='ocr_carea' id='block_1_53' title="bbox 1928 700 3588 784">
    <p class='ocr_par' dir='ltr' id='par_1_53' title="bbox 1928 700 3588 784">
     <span class='ocr_line' id='line_1_53' title="bbox 1928 700 3588 784; baseline 0.014 -32"><span class='ocrx_word' id='word_1_335' title='bbox 1928 700 2164 755; x_wconf 88' lang='lat' dir='ltr'>tantum</span> <span class='ocrx_word' id='word_1_336' title='bbox 2208 720 2348 761; x_wconf 91' lang='lat' dir='ltr'>voce</span> <span class='ocrx_word' id='word_1_337' title='bbox 2408 709 2661 777; x_wconf 83' lang='lat' dir='ltr'>excelsa,</span> <span class='ocrx_word' id='word_1_338' title='bbox 2721 716 3020 784; x_wconf 88' lang='lat' dir='ltr'>quantum</span> <span class='ocrx_word' id='word_1_339' title='bbox 3067 721 3266 771; x_wconf 90' lang='lat' dir='ltr'>mente</span> <span class='ocrx_word' id='word_1_340' title='bbox 3322 718 3588 778; x_wconf 89' lang='lat' dir='ltr'>devota:</span> 
     </span>
    </p>
   </div>
   <div class='ocr_carea' id='block_1_54' title="bbox 1926 790 3586 873">
    <p class='ocr_par' dir='ltr' id='par_1_54' title="bbox 1926 790 3586 873">
     <span class='ocr_line' id='line_1_54' title="bbox 1926 790 3586 873; baseline 0.016 -33"><span class='ocrx_word' id='word_1_341' title='bbox 1926 790 2196 855; x_wconf 81' lang='lat' dir='ltr'>Agamus</span> <span class='ocrx_word' id='word_1_342' title='bbox 2233 795 2561 863; x_wconf 80' lang='lat' dir='ltr'>gratiarum</span> <span class='ocrx_word' id='word_1_343' title='bbox 2609 800 2875 857; x_wconf 84' lang='lat' dir='ltr'>actiones</span> <span class='ocrx_word' id='word_1_344' title='bbox 2924 802 3177 861; x_wconf 91' lang='lat' dir='ltr'>Domino</span> <span class='ocrx_word' id='word_1_345' title='bbox 3212 822 3224 873; x_wconf 89' lang='lat'><strong>;</strong></span> <span class='ocrx_word' id='word_1_346' title='bbox 3277 808 3542 865; x_wconf 81' lang='lat' dir='ltr'>visitavit</span> <span class='ocrx_word' id='word_1_347' title='bbox 3575 826 3586 865; x_wconf 94' lang='lat'>:</span> 
     </span>
    </p>
   </div>
   <div class='ocr_carea' id='block_1_55' title="bbox 1925 878 3588 967">
    <p class='ocr_par' dir='ltr' id='par_1_55' title="bbox 1925 878 3588 967">
     <span class='ocr_line' id='line_1_55' title="bbox 1925 878 3588 967; baseline 0.016 -37"><span class='ocrx_word' id='word_1_348' title='bbox 1925 878 2088 967; x_wconf 87' lang='lat' dir='ltr'>enim</span> <span class='ocrx_word' id='word_1_349' title='bbox 2120 896 2250 950; x_wconf 89' lang='lat' dir='ltr'>nos,</span> <span class='ocrx_word' id='word_1_350' title='bbox 2285 886 2489 943; x_wconf 88' lang='lat' dir='ltr'>Oriens</span> <span class='ocrx_word' id='word_1_351' title='bbox 2520 903 2593 944; x_wconf 79' lang='lat' dir='ltr'>ex</span> <span class='ocrx_word' id='word_1_352' title='bbox 2623 889 2741 945; x_wconf 85' lang='lat' dir='ltr'>alto</span> <span class='ocrx_word' id='word_1_353' title='bbox 2774 893 2942 959; x_wconf 85' lang='lat' dir='ltr'>(Luc.</span> <span class='ocrx_word' id='word_1_354' title='bbox 2995 894 3060 963; x_wconf 83' lang='grc' dir='ltr'>ιι)</span> <span class='ocrx_word' id='word_1_355' title='bbox 3093 910 3106 961; x_wconf 91' lang='grc'>;</span> <span class='ocrx_word' id='word_1_356' title='bbox 3159 896 3449 967; x_wconf 89' lang='lat' dir='ltr'>quoniam</span> <span class='ocrx_word' id='word_1_357' title='bbox 3495 914 3588 955; x_wconf 91' lang='lat' dir='ltr'>re-</span> 
     </span>
    </p>
   </div>
   <div class='ocr_carea' id='block_1_56' title="bbox 1927 966 3585 1050">
    <p class='ocr_par' dir='ltr' id='par_1_56' title="bbox 1927 966 3585 1050">
     <span class='ocr_line' id='line_1_56' title="bbox 1927 966 3585 1050; baseline 0.013 -29"><span class='ocrx_word' id='word_1_358' title='bbox 1927 966 2129 1024; x_wconf 86' lang='lat' dir='ltr'>tribuit</span> <span class='ocrx_word' id='word_1_359' title='bbox 2152 972 2328 1029; x_wconf 88' lang='lat' dir='ltr'>nobis</span> <span class='ocrx_word' id='word_1_360' title='bbox 2360 975 2646 1033; x_wconf 90' lang='lat' dir='ltr'>Dominus</span> <span class='ocrx_word' id='word_1_361' title='bbox 2668 983 2971 1050; x_wconf 88' lang='lat' dir='ltr'>pastorem</span> <span class='ocrx_word' id='word_1_362' title='bbox 3024 966 3297 1039; x_wconf 87' lang='lat' dir='ltr'>nostrum</span> <span class='ocrx_word' id='word_1_363' title='bbox 3354 986 3585 1043; x_wconf 87' lang='lat' dir='ltr'>Patrem</span> 
     </span>
    </p>
   </div>
   <div class='ocr_carea' id='block_1_57' title="bbox 1924 1060 3120 1138">
    <p class='ocr_par' dir='ltr' id='par_1_57' title="bbox 1924 1060 3120 1138">
     <span class='ocr_line' id='line_1_57' title="bbox 1924 1060 3120 1138; baseline 0.013 -28"><span class='ocrx_word' id='word_1_364' title='bbox 1924 1060 1983 1112; x_wconf 90' lang='lat' dir='ltr'>et</span> <span class='ocrx_word' id='word_1_365' title='bbox 2006 1060 2322 1118; x_wconf 89' lang='lat' dir='ltr'>custodem</span> <span class='ocrx_word' id='word_1_366' title='bbox 2352 1065 2542 1120; x_wconf 89' lang='lat' dir='ltr'>nostri</span> <span class='ocrx_word' id='word_1_367' title='bbox 2572 1065 3120 1138; x_wconf 91' lang='lat' dir='ltr'>vigilantissimum.</span> 
     </span>
    </p>
   </div>
   <div class='ocr_carea' id='block_1_58' title="bbox 1997 1146 3302 1231">
    <p class='ocr_par' dir='ltr' id='par_1_58' title="bbox 1997 1146 3302 1231">
     <span class='ocr_line' id='line_1_58' title="bbox 1997 1146 3302 1231; baseline 0.01 -29"><span class='ocrx_word' id='word_1_368' title='bbox 1997 1146 2088 1231; x_wconf 74' lang='lat' dir='ltr'>§ic</span> <span class='ocrx_word' id='word_1_369' title='bbox 2107 1163 2222 1231; x_wconf 54' lang='lat' dir='ltr'>re;</span> <span class='ocrx_word' id='word_1_370' title='bbox 2247 1153 2556 1231; x_wconf 83' lang='lat' dir='ltr'>etpopuli,</span> <span class='ocrx_word' id='word_1_371' title='bbox 2589 1156 2810 1226; x_wconf 90' lang='lat' dir='ltr'>pariter</span> <span class='ocrx_word' id='word_1_372' title='bbox 2834 1156 2985 1231; x_wconf 77' lang='lat' dir='ltr'>dites</span> <span class='ocrx_word' id='word_1_373' title='bbox 3012 1162 3069 1214; x_wconf 90' lang='lat' dir='ltr'>et</span> <span class='ocrx_word' id='word_1_374' title='bbox 3108 1160 3302 1231; x_wconf 87' lang='lat' dir='ltr'>egeni,</span> 
     </span>
    </p>
   </div>
   <div class='ocr_carea' id='block_1_59' title="bbox 1995 1174 3586 1303">
    <p class='ocr_par' dir='ltr' id='par_1_59' title="bbox 1995 1174 3586 1303">
     <span class='ocr_line' id='line_1_59' title="bbox 1997 1174 3302 1231; baseline 0.009 -28"><span class='ocrx_word' id='word_1_375' title='bbox 1997 1174 2088 1203; x_wconf 73' lang='grc' dir='ltr'>οιυ</span> <span class='ocrx_word' id='word_1_376' title='bbox 2118 1174 2222 1205; x_wconf 61' lang='lat' dir='ltr'>rex</span> <span class='ocrx_word' id='word_1_377' title='bbox 2247 1174 2302 1206; x_wconf 79' lang='lat' dir='ltr'>ei</span> <span class='ocrx_word' id='word_1_378' title='bbox 2328 1174 2406 1224; x_wconf 70' lang='grc' dir='ltr'>μυ</span> <span class='ocrx_word' id='word_1_379' title='bbox 2454 1174 2556 1222; x_wconf 79' lang='grc' dir='ltr'>ωι,</span> <span class='ocrx_word' id='word_1_380' title='bbox 2589 1174 2810 1226; x_wconf 75' lang='grc' dir='ltr'>ΡᾶΙἹῐΘΓ</span> <span class='ocrx_word' id='word_1_381' title='bbox 2834 1174 2985 1213; x_wconf 77' lang='lat' dir='ltr'>cutes</span> <span class='ocrx_word' id='word_1_382' title='bbox 3012 1174 3069 1214; x_wconf 75' lang='lat' dir='ltr'>et</span> <span class='ocrx_word' id='word_1_383' title='bbox 3108 1175 3138 1214; x_wconf 95' lang='lat' dir='ltr'>e</span> <span class='ocrx_word' id='word_1_384' title='bbox 3184 1176 3302 1231; x_wconf 87' lang='lat' dir='ltr'>em,</span> 
     </span>
     <span class='ocr_line' id='line_1_60' title="bbox 1995 1174 3586 1303; baseline 0.011 -31"><span class='ocrx_word' id='word_1_385' title='bbox 1995 1218 2331 1277; x_wconf 88' lang='lat' dir='ltr'>Psallebant</span> <span class='ocrx_word' id='word_1_386' title='bbox 2361 1174 2625 1280; x_wconf 63' lang='lat' dir='ltr'>allacres:</span> <span class='ocrx_word' id='word_1_387' title='bbox 2660 1227 3028 1283; x_wconf 88' lang='lat' dir='ltr'>resonabant</span> <span class='ocrx_word' id='word_1_388' title='bbox 3052 1174 3319 1303; x_wconf 56' lang='lat' dir='ltr'>ungique</span> <span class='ocrx_word' id='word_1_389' title='bbox 3346 1229 3526 1288; x_wconf 91' lang='lat' dir='ltr'>laude</span> <span class='ocrx_word' id='word_1_390' title='bbox 3539 1251 3586 1289; x_wconf 93' lang='lat' dir='ltr'>s.</span> 
     </span>
    </p>
   </div>
   <div class='ocr_carea' id='block_1_60' title="bbox 1926 1308 3586 1388">
    <p class='ocr_par' dir='ltr' id='par_1_60' title="bbox 1926 1308 3586 1388">
     <span class='ocr_line' id='line_1_61' title="bbox 1926 1308 3586 1388; baseline 0.011 -29"><span class='ocrx_word' id='word_1_391' title='bbox 1926 1308 2007 1359; x_wconf 88' lang='lat' dir='ltr'>Ita</span> <span class='ocrx_word' id='word_1_392' title='bbox 2047 1308 2219 1364; x_wconf 91' lang='lat' dir='ltr'>miles</span> <span class='ocrx_word' id='word_1_393' title='bbox 2273 1312 2577 1380; x_wconf 89' lang='lat' dir='ltr'>emeritus,</span> <span class='ocrx_word' id='word_1_394' title='bbox 2632 1314 2722 1369; x_wconf 91' lang='lat' dir='ltr'>vir</span> <span class='ocrx_word' id='word_1_395' title='bbox 2774 1317 3151 1388; x_wconf 82' lang='lat' dir='ltr'>permaxima</span> <span class='ocrx_word' id='word_1_396' title='bbox 3203 1318 3586 1377; x_wconf 88' lang='lat' dir='ltr'>tribulatione</span> 
     </span>
    </p>
   </div>
   <div class='ocr_carea' id='block_1_61' title="bbox 1926 1399 3588 1475">
    <p class='ocr_par' dir='ltr' id='par_1_61' title="bbox 1926 1399 3588 1475">
     <span class='ocr_line' id='line_1_62' title="bbox 1926 1399 3588 1475; baseline 0.01 -27"><span class='ocrx_word' id='word_1_397' title='bbox 1926 1403 2238 1467; x_wconf 85' lang='lat' dir='ltr'>purgatus,</span> <span class='ocrx_word' id='word_1_398' title='bbox 2267 1399 2446 1471; x_wconf 87' lang='lat' dir='ltr'>digne</span> <span class='ocrx_word' id='word_1_399' title='bbox 2477 1401 2683 1457; x_wconf 90' lang='lat' dir='ltr'>ovium</span> <span class='ocrx_word' id='word_1_400' title='bbox 2715 1420 2985 1475; x_wconf 86' lang='lat' dir='ltr'>suarum,</span> <span class='ocrx_word' id='word_1_401' title='bbox 3017 1405 3265 1463; x_wconf 88' lang='lat' dir='ltr'>vocibus</span> <span class='ocrx_word' id='word_1_402' title='bbox 3300 1408 3588 1465; x_wconf 88' lang='lat' dir='ltr'>attollitur</span> 
     </span>
    </p>
   </div>
   <div class='ocr_carea' id='block_1_62' title="bbox 1924 1483 3587 1569">
    <p class='ocr_par' dir='ltr' id='par_1_62' title="bbox 1924 1483 3587 1569">
     <span class='ocr_line' id='line_1_63' title="bbox 1924 1483 3587 1569; baseline 0.01 -31"><span class='ocrx_word' id='word_1_403' title='bbox 1924 1487 1981 1538; x_wconf 91' lang='lat' dir='ltr'>et</span> <span class='ocrx_word' id='word_1_404' title='bbox 2021 1483 2080 1539; x_wconf 91' lang='lat' dir='ltr'>in</span> <span class='ocrx_word' id='word_1_405' title='bbox 2113 1488 2397 1545; x_wconf 87' lang='lat' dir='ltr'>cathedra</span> <span class='ocrx_word' id='word_1_406' title='bbox 2426 1492 2893 1563; x_wconf 90' lang='lat' dir='ltr'>Trajectensium</span> <span class='ocrx_word' id='word_1_407' title='bbox 2936 1494 3234 1552; x_wconf 90' lang='lat' dir='ltr'>relocatur</span> <span class='ocrx_word' id='word_1_408' title='bbox 3287 1498 3436 1569; x_wconf 79' lang='lat' dir='ltr'>(5H)</span> <span class='ocrx_word' id='word_1_409' title='bbox 3483 1499 3587 1555; x_wconf 90' lang='lat' dir='ltr'>de-</span> 
     </span>
    </p>
   </div>
   <div class='ocr_carea' id='block_1_63' title="bbox 1925 1578 2145 1631">
    <p class='ocr_par' dir='ltr' id='par_1_63' title="bbox 1925 1578 2145 1631">
     <span class='ocr_line' id='line_1_64' title="bbox 1925 1578 2145 1631; baseline 0.009 -3"><span class='ocrx_word' id='word_1_410' title='bbox 1925 1578 2145 1631; x_wconf 88' lang='lat' dir='ltr'>center.</span> 
     </span>
    </p>
   </div>
   <div class='ocr_carea' id='block_1_64' title="bbox 2578 1690 2931 1746">
    <p class='ocr_par' dir='ltr' id='par_1_64' title="bbox 2578 1690 2931 1746">
     <span class='ocr_line' id='line_1_65' title="bbox 2578 1690 2931 1746; baseline 0.011 -5"><span class='ocrx_word' id='word_1_411' title='bbox 2578 1690 2801 1746; x_wconf 83' lang='lat' dir='ltr'><strong>CAPUT</strong></span> <span class='ocrx_word' id='word_1_412' title='bbox 2840 1694 2931 1746; x_wconf 90' lang='lat' dir='ltr'>lll.</span> 
     </span>
    </p>
   </div>
   <div class='ocr_carea' id='block_1_65' title="bbox 1920 1810 3590 1885">
    <p class='ocr_par' dir='ltr' id='par_1_65' title="bbox 1920 1810 3590 1885">
     <span class='ocr_line' id='line_1_66' title="bbox 1920 1810 3590 1885; baseline 0.005 -22"><span class='ocrx_word' id='word_1_413' title='bbox 1920 1810 2531 1885; x_wconf 12' lang='lat' dir='ltr'>Sancti_episcopatesr</span> <span class='ocrx_word' id='word_1_414' title='bbox 2548 1814 2797 1885; x_wconf 71' lang='lat' dir='ltr'>uirtutes</span> <span class='ocrx_word' id='word_1_415' title='bbox 2826 1826 2851 1885; x_wconf 89' lang='lat'><em>;</em></span> <span class='ocrx_word' id='word_1_416' title='bbox 2882 1814 3146 1871; x_wconf 73' lang='lat' dir='ltr'>ditecesis</span> <span class='ocrx_word' id='word_1_417' title='bbox 3176 1816 3251 1872; x_wconf 87' lang='lat' dir='ltr'>ab</span> <span class='ocrx_word' id='word_1_418' title='bbox 3273 1830 3336 1872; x_wconf 90' lang='lat' dir='ltr'>eo</span> <span class='ocrx_word' id='word_1_419' title='bbox 3371 1816 3590 1872; x_wconf 80' lang='lat' dir='ltr'>lustra-</span> 
     </span>
    </p>
   </div>
   <div class='ocr_carea' id='block_1_66' title="bbox 1993 1882 3593 1958">
    <p class='ocr_par' dir='ltr' id='par_1_66' title="bbox 1993 1882 3593 1958">
     <span class='ocr_line' id='line_1_67' title="bbox 1993 1882 3593 1958; baseline 0.006 -23"><span class='ocrx_word' id='word_1_420' title='bbox 1993 1887 2085 1936; x_wconf 85' lang='lat' dir='ltr'>ta:</span> <span class='ocrx_word' id='word_1_421' title='bbox 2120 1882 2437 1958; x_wconf 63' lang='grc' dir='ltr'>Ταφαηιίνί</span> <span class='ocrx_word' id='word_1_422' title='bbox 2454 1884 2535 1958; x_wconf 77' lang='lat' dir='ltr'>ad</span> <span class='ocrx_word' id='word_1_423' title='bbox 2547 1882 2855 1958; x_wconf 78' lang='lat' dir='ltr'>Christum</span> <span class='ocrx_word' id='word_1_424' title='bbox 2879 1886 3131 1958; x_wconf 78' lang='lat' dir='ltr'>adducti</span> <span class='ocrx_word' id='word_1_425' title='bbox 3146 1899 3168 1958; x_wconf 88' lang='lat'>,&#39;</span> <span class='ocrx_word' id='word_1_426' title='bbox 3182 1888 3547 1957; x_wconf 80' lang='lat' dir='ltr'>martyrium</span> <span class='ocrx_word' id='word_1_427' title='bbox 3568 1903 3593 1944; x_wconf 74' lang='lat'>.&#39;</span> 
     </span>
    </p>
   </div>
   <div class='ocr_carea' id='block_1_67' title="bbox 1993 1954 3586 2029">
    <p class='ocr_par' dir='ltr' id='par_1_67' title="bbox 1993 1954 3586 2029">
     <span class='ocr_line' id='line_1_68' title="bbox 1993 1954 3586 2029; baseline 0.004 -22"><span class='ocrx_word' id='word_1_428' title='bbox 1993 1954 2261 2022; x_wconf 80' lang='lat' dir='ltr'>corporis</span> <span class='ocrx_word' id='word_1_429' title='bbox 2293 1955 2614 2011; x_wconf 80' lang='lat' dir='ltr'>translatio</span> <span class='ocrx_word' id='word_1_430' title='bbox 2646 1961 2697 2011; x_wconf 86' lang='lat' dir='ltr'>et</span> <span class='ocrx_word' id='word_1_431' title='bbox 2722 1957 3040 2025; x_wconf 80' lang='lat' dir='ltr'>sepultura</span> <span class='ocrx_word' id='word_1_432' title='bbox 3062 1954 3365 2029; x_wconf 71' lang='lat' dir='ltr'>prodigiis</span> <span class='ocrx_word' id='word_1_433' title='bbox 3392 1960 3586 2015; x_wconf 82' lang='lat' dir='ltr'>clara.</span> 
     </span>
    </p>
   </div>
   <div class='ocr_carea' id='block_1_68' title="bbox 1992 2059 3588 2136">
    <p class='ocr_par' dir='ltr' id='par_1_68' title="bbox 1992 2059 3588 2136">
     <span class='ocr_line' id='line_1_69' title="bbox 1992 2059 3588 2136; baseline 0.004 -22"><span class='ocrx_word' id='word_1_434' title='bbox 1992 2062 2082 2115; x_wconf 80' lang='lat'>26.</span> <span class='ocrx_word' id='word_1_435' title='bbox 2111 2059 2477 2116; x_wconf 89' lang='lat' dir='ltr'>Sublimatus</span> <span class='ocrx_word' id='word_1_436' title='bbox 2520 2076 2785 2134; x_wconf 89' lang='lat' dir='ltr'>namque</span> <span class='ocrx_word' id='word_1_437' title='bbox 2843 2062 3060 2119; x_wconf 90' lang='lat' dir='ltr'>iterum</span> <span class='ocrx_word' id='word_1_438' title='bbox 3115 2064 3193 2120; x_wconf 89' lang='lat' dir='ltr'>ad</span> <span class='ocrx_word' id='word_1_439' title='bbox 3246 2063 3588 2136; x_wconf 90' lang='lat' dir='ltr'>episcopale</span> 
     </span>
    </p>
   </div>
   <div class='ocr_carea' id='block_1_69' title="bbox 1922 2149 3587 2225">
    <p class='ocr_par' dir='ltr' id='par_1_69' title="bbox 1922 2149 3587 2225">
     <span class='ocr_line' id='line_1_70' title="bbox 1922 2149 3587 2225; baseline 0.004 -22"><span class='ocrx_word' id='word_1_440' title='bbox 1922 2149 2161 2214; x_wconf 90' lang='lat' dir='ltr'>solium,</span> <span class='ocrx_word' id='word_1_441' title='bbox 2195 2150 2373 2206; x_wconf 86' lang='lat' dir='ltr'>tantis</span> <span class='ocrx_word' id='word_1_442' title='bbox 2394 2151 2574 2223; x_wconf 75' lang='lat' dir='ltr'>ccepit</span> <span class='ocrx_word' id='word_1_443' title='bbox 2598 2151 3013 2208; x_wconf 89' lang='lat' dir='ltr'>sanctitatibus</span> <span class='ocrx_word' id='word_1_444' title='bbox 3036 2167 3369 2220; x_wconf 90' lang='lat' dir='ltr'>coruscare,</span> <span class='ocrx_word' id='word_1_445' title='bbox 3394 2168 3587 2225; x_wconf 90' lang='lat' dir='ltr'>quan-</span> 
     </span>
    </p>
   </div>
   <div class='ocr_carea' id='block_1_70' title="bbox 1923 2238 3587 2311">
    <p class='ocr_par' dir='ltr' id='par_1_70' title="bbox 1923 2238 3587 2311">
     <span class='ocr_line' id='line_1_71' title="bbox 1923 2238 3587 2311; baseline 0.003 -18"><span class='ocrx_word' id='word_1_446' title='bbox 1923 2238 1993 2293; x_wconf 88' lang='lat' dir='ltr'>tis</span> <span class='ocrx_word' id='word_1_447' title='bbox 2038 2239 2136 2294; x_wconf 83' lang='lat' dir='ltr'>Dei</span> <span class='ocrx_word' id='word_1_448' title='bbox 2179 2239 2523 2311; x_wconf 82' lang='lat' dir='ltr'>pontiﬁcem</span> <span class='ocrx_word' id='word_1_449' title='bbox 2556 2244 2787 2296; x_wconf 90' lang='lat' dir='ltr'>constat</span> <span class='ocrx_word' id='word_1_450' title='bbox 2813 2240 3110 2296; x_wconf 88' lang='lat' dir='ltr'>decuisse.</span> <span class='ocrx_word' id='word_1_451' title='bbox 3140 2245 3200 2298; x_wconf 87' lang='lat' dir='ltr'>In</span> <span class='ocrx_word' id='word_1_452' title='bbox 3226 2241 3404 2298; x_wconf 88' lang='lat' dir='ltr'>corde</span> <span class='ocrx_word' id='word_1_453' title='bbox 3428 2241 3587 2298; x_wconf 90' lang='lat' dir='ltr'>illius</span> 
     </span>
    </p>
   </div>
   <div class='ocr_carea' id='block_1_71' title="bbox 1922 2327 3586 2403">
    <p class='ocr_par' dir='ltr' id='par_1_71' title="bbox 1922 2327 3586 2403">
     <span class='ocr_line' id='line_1_72' title="bbox 1922 2327 3586 2403; baseline 0.004 -22"><span class='ocrx_word' id='word_1_454' title='bbox 1922 2327 2227 2383; x_wconf 88' lang='lat' dir='ltr'>sinceritas</span> <span class='ocrx_word' id='word_1_455' title='bbox 2258 2333 2316 2383; x_wconf 90' lang='lat' dir='ltr'>et</span> <span class='ocrx_word' id='word_1_456' title='bbox 2340 2327 2488 2399; x_wconf 88' lang='lat' dir='ltr'>legis</span> <span class='ocrx_word' id='word_1_457' title='bbox 2514 2328 2822 2401; x_wconf 90' lang='lat' dir='ltr'>plenitudo</span> <span class='ocrx_word' id='word_1_458' title='bbox 2847 2347 2860 2397; x_wconf 89' lang='lat'><strong>;</strong></span> <span class='ocrx_word' id='word_1_459' title='bbox 2887 2329 2948 2385; x_wconf 85' lang='lat' dir='ltr'>in</span> <span class='ocrx_word' id='word_1_460' title='bbox 2976 2346 3077 2385; x_wconf 91' lang='lat' dir='ltr'>ore</span> <span class='ocrx_word' id='word_1_461' title='bbox 3107 2330 3296 2403; x_wconf 87' lang='lat' dir='ltr'>ipsius</span> <span class='ocrx_word' id='word_1_462' title='bbox 3342 2331 3586 2402; x_wconf 85' lang='lat' dir='ltr'>veritas,</span> 
     </span>
    </p>
   </div>
   <div class='ocr_carea' id='block_1_72' title="bbox 1920 2416 3589 2491">
    <p class='ocr_par' dir='ltr' id='par_1_72' title="bbox 1920 2416 3589 2491">
     <span class='ocr_line' id='line_1_73' title="bbox 1920 2416 3589 2491; baseline 0.004 -19"><span class='ocrx_word' id='word_1_463' title='bbox 1920 2421 1978 2472; x_wconf 88' lang='lat' dir='ltr'>et</span> <span class='ocrx_word' id='word_1_464' title='bbox 2004 2416 2261 2472; x_wconf 86' lang='lat' dir='ltr'>lenitatis</span> <span class='ocrx_word' id='word_1_465' title='bbox 2293 2417 2675 2487; x_wconf 86' lang='lat' dir='ltr'>pulchritudo</span> <span class='ocrx_word' id='word_1_466' title='bbox 2709 2436 2722 2485; x_wconf 90' lang='lat'><strong>;</strong></span> <span class='ocrx_word' id='word_1_467' title='bbox 2753 2417 2815 2472; x_wconf 91' lang='lat' dir='ltr'>in</span> <span class='ocrx_word' id='word_1_468' title='bbox 2850 2418 3104 2475; x_wconf 88' lang='lat' dir='ltr'>consilio</span> <span class='ocrx_word' id='word_1_469' title='bbox 3134 2421 3265 2491; x_wconf 86' lang='lat' dir='ltr'>ejus</span> <span class='ocrx_word' id='word_1_470' title='bbox 3318 2419 3490 2490; x_wconf 87' lang='lat' dir='ltr'>vigor</span> <span class='ocrx_word' id='word_1_471' title='bbox 3529 2426 3589 2478; x_wconf 91' lang='lat' dir='ltr'>et</span> 
     </span>
    </p>
   </div>
   <div class='ocr_carea' id='block_1_73' title="bbox 1920 2504 3583 2579">
    <p class='ocr_par' dir='ltr' id='par_1_73' title="bbox 1920 2504 3583 2579">
     <span class='ocr_line' id='line_1_74' title="bbox 1920 2504 3583 2579; baseline 0.004 -19"><span class='ocrx_word' id='word_1_472' title='bbox 1920 2504 2212 2577; x_wconf 87' lang='lat' dir='ltr'>sapientia</span> <span class='ocrx_word' id='word_1_473' title='bbox 2242 2522 2253 2559; x_wconf 91' lang='lat'><strong>:</strong></span> <span class='ocrx_word' id='word_1_474' title='bbox 2286 2504 2347 2560; x_wconf 92' lang='lat' dir='ltr'>in</span> <span class='ocrx_word' id='word_1_475' title='bbox 2370 2505 2604 2562; x_wconf 87' lang='lat' dir='ltr'>actibus</span> <span class='ocrx_word' id='word_1_476' title='bbox 2635 2506 2758 2562; x_wconf 89' lang='lat' dir='ltr'>suis</span> <span class='ocrx_word' id='word_1_477' title='bbox 2810 2507 3064 2579; x_wconf 54' lang='lat' dir='ltr'>aequitas</span> <span class='ocrx_word' id='word_1_478' title='bbox 3085 2514 3143 2565; x_wconf 88' lang='lat' dir='ltr'>et</span> <span class='ocrx_word' id='word_1_479' title='bbox 3160 2509 3535 2566; x_wconf 89' lang='lat' dir='ltr'>abundantia</span> <span class='ocrx_word' id='word_1_480' title='bbox 3569 2528 3583 2578; x_wconf 89' lang='lat'><strong>;</strong></span> 
     </span>
    </p>
   </div>
   <div class='ocr_carea' id='block_1_74' title="bbox 1919 2593 3586 2667">
    <p class='ocr_par' dir='ltr' id='par_1_74' title="bbox 1919 2593 3586 2667">
     <span class='ocr_line' id='line_1_75' title="bbox 1919 2593 3586 2667; baseline 0.003 -17"><span class='ocrx_word' id='word_1_481' title='bbox 1919 2595 1979 2650; x_wconf 93' lang='lat' dir='ltr'>in</span> <span class='ocrx_word' id='word_1_482' title='bbox 2006 2593 2453 2650; x_wconf 89' lang='lat' dir='ltr'>conversatione</span> <span class='ocrx_word' id='word_1_483' title='bbox 2482 2595 2675 2667; x_wconf 90' lang='lat' dir='ltr'>ipsius</span> <span class='ocrx_word' id='word_1_484' title='bbox 2704 2594 3048 2653; x_wconf 89' lang='lat' dir='ltr'>innocentia</span> <span class='ocrx_word' id='word_1_485' title='bbox 3075 2602 3133 2654; x_wconf 91' lang='lat' dir='ltr'>et</span> <span class='ocrx_word' id='word_1_486' title='bbox 3175 2598 3414 2656; x_wconf 86' lang='lat' dir='ltr'>castitas</span> <span class='ocrx_word' id='word_1_487' title='bbox 3447 2616 3461 2666; x_wconf 91' lang='lat'><strong>;</strong></span> <span class='ocrx_word' id='word_1_488' title='bbox 3521 2598 3586 2655; x_wconf 90' lang='lat' dir='ltr'>in</span> 
     </span>
    </p>
   </div>
   <div class='ocr_carea' id='block_1_75' title="bbox 1918 2681 3587 2752">
    <p class='ocr_par' dir='ltr' id='par_1_75' title="bbox 1918 2681 3587 2752">
     <span class='ocr_line' id='line_1_76' title="bbox 1918 2681 3587 2752; baseline 0.002 -13"><span class='ocrx_word' id='word_1_489' title='bbox 1918 2682 2128 2739; x_wconf 87' lang='lat' dir='ltr'>habitu</span> <span class='ocrx_word' id='word_1_490' title='bbox 2149 2682 2278 2752; x_wconf 89' lang='lat' dir='ltr'>ejus</span> <span class='ocrx_word' id='word_1_491' title='bbox 2300 2681 2489 2751; x_wconf 85' lang='lat' dir='ltr'>gloria</span> <span class='ocrx_word' id='word_1_492' title='bbox 2519 2688 2577 2739; x_wconf 91' lang='lat' dir='ltr'>et</span> <span class='ocrx_word' id='word_1_493' title='bbox 2602 2684 2910 2741; x_wconf 88' lang='lat' dir='ltr'>honestas.</span> <span class='ocrx_word' id='word_1_494' title='bbox 2939 2688 3075 2742; x_wconf 81' lang='lat' dir='ltr'>Erat</span> <span class='ocrx_word' id='word_1_495' title='bbox 3122 2686 3407 2743; x_wconf 87' lang='lat' dir='ltr'>nimirum</span> <span class='ocrx_word' id='word_1_496' title='bbox 3465 2686 3587 2743; x_wconf 85' lang='lat' dir='ltr'>ﬁde</span> 
     </span>
    </p>
   </div>
   <div class='ocr_carea' id='block_1_76' title="bbox 1921 2769 3588 2845">
    <p class='ocr_par' dir='ltr' id='par_1_76' title="bbox 1921 2769 3588 2845">
     <span class='ocr_line' id='line_1_77' title="bbox 1921 2769 3588 2845; baseline 0.004 -20"><span class='ocrx_word' id='word_1_497' title='bbox 1921 2769 2466 2840; x_wconf 83' lang='lat' dir='ltr'>constantissimus,</span> <span class='ocrx_word' id='word_1_498' title='bbox 2505 2786 2609 2844; x_wconf 89' lang='lat' dir='ltr'>spe</span> <span class='ocrx_word' id='word_1_499' title='bbox 2639 2771 3049 2845; x_wconf 87' lang='lat' dir='ltr'>ﬁrmissimus,</span> <span class='ocrx_word' id='word_1_500' title='bbox 3097 2774 3385 2831; x_wconf 87' lang='lat' dir='ltr'>charitate</span> <span class='ocrx_word' id='word_1_501' title='bbox 3432 2774 3588 2831; x_wconf 90' lang='lat' dir='ltr'>inte-</span> 
     </span>
    </p>
   </div>
   <div class='ocr_carea' id='block_1_77' title="bbox 1922 2858 3586 2936">
    <p class='ocr_par' dir='ltr' id='par_1_77' title="bbox 1922 2858 3586 2936">
     <span class='ocr_line' id='line_1_78' title="bbox 1922 2858 3586 2936; baseline 0.002 -21"><span class='ocrx_word' id='word_1_502' title='bbox 1922 2860 2234 2929; x_wconf 85' lang='lat' dir='ltr'>gerrimus,</span> <span class='ocrx_word' id='word_1_503' title='bbox 2256 2858 2597 2929; x_wconf 89' lang='lat' dir='ltr'>insignitus,</span> <span class='ocrx_word' id='word_1_504' title='bbox 2629 2861 2969 2933; x_wconf 87' lang='lat' dir='ltr'>prudentia,</span> <span class='ocrx_word' id='word_1_505' title='bbox 3014 2862 3302 2934; x_wconf 66' lang='lat' dir='ltr'>prmditus</span> <span class='ocrx_word' id='word_1_506' title='bbox 3358 2867 3586 2936; x_wconf 87' lang='lat' dir='ltr'>tempe-</span> 
     </span>
    </p>
   </div>
   <div class='ocr_carea' id='block_1_78' title="bbox 1920 2947 3583 3025">
    <p class='ocr_par' dir='ltr' id='par_1_78' title="bbox 1920 2947 3583 3025">
     <span class='ocr_line' id='line_1_79' title="bbox 1920 2947 3583 3025; baseline 0.003 -22"><span class='ocrx_word' id='word_1_507' title='bbox 1920 2948 2136 3017; x_wconf 85' lang='lat' dir='ltr'>rantia,</span> <span class='ocrx_word' id='word_1_508' title='bbox 2170 2947 2509 3005; x_wconf 79' lang='lat' dir='ltr'>fortitudine</span> <span class='ocrx_word' id='word_1_509' title='bbox 2540 2950 2885 3019; x_wconf 88' lang='lat' dir='ltr'>roboratus,</span> <span class='ocrx_word' id='word_1_510' title='bbox 2906 2950 3137 3020; x_wconf 90' lang='lat' dir='ltr'>justitia</span> <span class='ocrx_word' id='word_1_511' title='bbox 3157 2951 3583 3025; x_wconf 89' lang='lat' dir='ltr'>locupletatus,</span> 
     </span>
    </p>
   </div>
   <div class='ocr_carea' id='block_1_79' title="bbox 1918 3038 3590 3110">
    <p class='ocr_par' dir='ltr' id='par_1_79' title="bbox 1918 3038 3590 3110">
     <span class='ocr_line' id='line_1_80' title="bbox 1918 3038 3590 3110; baseline 0.004 -17"><span class='ocrx_word' id='word_1_512' title='bbox 1918 3038 2219 3094; x_wconf 90' lang='lat' dir='ltr'>bonorum</span> <span class='ocrx_word' id='word_1_513' title='bbox 2250 3053 2504 3110; x_wconf 88' lang='lat' dir='ltr'>operum</span> <span class='ocrx_word' id='word_1_514' title='bbox 2535 3039 2898 3097; x_wconf 86' lang='lat' dir='ltr'>exhibitione</span> <span class='ocrx_word' id='word_1_515' title='bbox 2931 3039 3271 3110; x_wconf 87' lang='lat' dir='ltr'>singularis,</span> <span class='ocrx_word' id='word_1_516' title='bbox 3314 3040 3590 3099; x_wconf 83' lang='lat' dir='ltr'>doctrina</span> 
     </span>
    </p>
   </div>
   <div class='ocr_carea' id='block_1_80' title="bbox 1919 3126 3589 3201">
    <p class='ocr_par' dir='ltr' id='par_1_80' title="bbox 1919 3126 3589 3201">
     <span class='ocr_line' id='line_1_81' title="bbox 1919 3126 3589 3201; baseline 0.001 -17"><span class='ocrx_word' id='word_1_517' title='bbox 1919 3132 1978 3184; x_wconf 89' lang='lat' dir='ltr'>et</span> <span class='ocrx_word' id='word_1_518' title='bbox 2007 3126 2320 3183; x_wconf 86' lang='lat' dir='ltr'>virtutibus</span> <span class='ocrx_word' id='word_1_519' title='bbox 2338 3126 2729 3184; x_wconf 90' lang='lat' dir='ltr'>admirabilis.</span> <span class='ocrx_word' id='word_1_520' title='bbox 2764 3130 3169 3191; x_wconf 78' lang='lat' dir='ltr'>Exornaverat</span> <span class='ocrx_word' id='word_1_521' title='bbox 3196 3128 3367 3186; x_wconf 91' lang='lat' dir='ltr'>illum</span> <span class='ocrx_word' id='word_1_522' title='bbox 3396 3129 3589 3201; x_wconf 90' lang='lat' dir='ltr'>pietas</span> 
     </span>
    </p>
   </div>
   <div class='ocr_carea' id='block_1_81' title="bbox 1921 3215 3586 3292">
    <p class='ocr_par' dir='ltr' id='par_1_81' title="bbox 1921 3215 3586 3292">
     <span class='ocr_line' id='line_1_82' title="bbox 1921 3215 3586 3292; baseline 0.002 -20"><span class='ocrx_word' id='word_1_523' title='bbox 1921 3217 2122 3272; x_wconf 80' lang='lat' dir='ltr'>aeterni</span> <span class='ocrx_word' id='word_1_524' title='bbox 2152 3216 2361 3286; x_wconf 90' lang='lat' dir='ltr'>Patris,</span> <span class='ocrx_word' id='word_1_525' title='bbox 2390 3215 2543 3273; x_wconf 88' lang='lat' dir='ltr'>sicut</span> <span class='ocrx_word' id='word_1_526' title='bbox 2567 3218 2698 3274; x_wconf 82' lang='lat' dir='ltr'>vitae</span> <span class='ocrx_word' id='word_1_527' title='bbox 2728 3217 2973 3288; x_wconf 90' lang='lat' dir='ltr'>meritis,</span> <span class='ocrx_word' id='word_1_528' title='bbox 2994 3217 3077 3275; x_wconf 90' lang='lat' dir='ltr'>ita</span> <span class='ocrx_word' id='word_1_529' title='bbox 3096 3218 3586 3292; x_wconf 90' lang='lat' dir='ltr'>etprodigiorum</span> 
     </span>
    </p>
   </div>
   <div class='ocr_carea' id='block_1_82' title="bbox 1921 3306 3587 3381">
    <p class='ocr_par' dir='ltr' id='par_1_82' title="bbox 1921 3306 3587 3381">
     <span class='ocr_line' id='line_1_83' title="bbox 1921 3306 3587 3381; baseline 0.002 -19"><span class='ocrx_word' id='word_1_530' title='bbox 1921 3306 2224 3363; x_wconf 82' lang='lat' dir='ltr'>miraculis</span> <span class='ocrx_word' id='word_1_531' title='bbox 2257 3306 2423 3377; x_wconf 70' lang='lat'>(512).</span> <span class='ocrx_word' id='word_1_532' title='bbox 2455 3309 2744 3364; x_wconf 88' lang='lat' dir='ltr'>Personas</span> <span class='ocrx_word' id='word_1_533' title='bbox 2768 3309 3100 3380; x_wconf 88' lang='lat' dir='ltr'>potentium</span> <span class='ocrx_word' id='word_1_534' title='bbox 3137 3323 3262 3364; x_wconf 90' lang='lat' dir='ltr'>non</span> <span class='ocrx_word' id='word_1_535' title='bbox 3303 3308 3587 3381; x_wconf 88' lang='lat' dir='ltr'>respicie-</span> 
     </span>
    </p>
   </div>
   <div class='ocr_carea' id='block_1_83' title="bbox 1918 3393 3583 3467">
    <p class='ocr_par' dir='ltr' id='par_1_83' title="bbox 1918 3393 3583 3467">
     <span class='ocr_line' id='line_1_84' title="bbox 1918 3393 3583 3467; baseline 0.001 -16"><span class='ocrx_word' id='word_1_536' title='bbox 1918 3396 2042 3462; x_wconf 89' lang='lat' dir='ltr'>bat,</span> <span class='ocrx_word' id='word_1_537' title='bbox 2077 3395 2179 3450; x_wconf 91' lang='lat' dir='ltr'>sed</span> <span class='ocrx_word' id='word_1_538' title='bbox 2212 3393 2411 3466; x_wconf 89' lang='lat' dir='ltr'>potius</span> <span class='ocrx_word' id='word_1_539' title='bbox 2443 3395 2522 3451; x_wconf 89' lang='lat' dir='ltr'>ad</span> <span class='ocrx_word' id='word_1_540' title='bbox 2542 3411 2783 3452; x_wconf 90' lang='lat' dir='ltr'>morum</span> <span class='ocrx_word' id='word_1_541' title='bbox 2809 3395 3170 3466; x_wconf 88' lang='lat' dir='ltr'>elegantiam</span> <span class='ocrx_word' id='word_1_542' title='bbox 3214 3396 3583 3467; x_wconf 85' lang='lat' dir='ltr'>intendebat_</span> 
     </span>
    </p>
   </div>
   <div class='ocr_carea' id='block_1_84' title="bbox 1921 3484 3589 3557">
    <p class='ocr_par' dir='ltr' id='par_1_84' title="bbox 1921 3484 3589 3557">
     <span class='ocr_line' id='line_1_85' title="bbox 1921 3484 3589 3557; baseline 0.001 -16"><span class='ocrx_word' id='word_1_543' title='bbox 1921 3488 2112 3550; x_wconf 85' lang='lat' dir='ltr'>Quem</span> <span class='ocrx_word' id='word_1_544' title='bbox 2142 3484 2475 3553; x_wconf 88' lang='lat' dir='ltr'>religiosius</span> <span class='ocrx_word' id='word_1_545' title='bbox 2504 3485 2705 3542; x_wconf 91' lang='lat' dir='ltr'>vivere</span> <span class='ocrx_word' id='word_1_546' title='bbox 2729 3485 2976 3557; x_wconf 85' lang='lat' dir='ltr'>sciebat,</span> <span class='ocrx_word' id='word_1_547' title='bbox 3008 3486 3178 3542; x_wconf 88' lang='lat' dir='ltr'>illum</span> <span class='ocrx_word' id='word_1_548' title='bbox 3229 3486 3589 3543; x_wconf 88' lang='lat' dir='ltr'>eminentius</span> 
     </span>
    </p>
   </div>
   <div class='ocr_carea' id='block_1_85' title="bbox 1918 3573 3587 3642">
    <p class='ocr_par' dir='ltr' id='par_1_85' title="bbox 1918 3573 3587 3642">
     <span class='ocr_line' id='line_1_86' title="bbox 1918 3573 3587 3642; baseline -0.001 -11"><span class='ocrx_word' id='word_1_549' title='bbox 1918 3573 2276 3631; x_wconf 90' lang='lat' dir='ltr'>honorabat.</span> <span class='ocrx_word' id='word_1_550' title='bbox 2309 3573 2602 3630; x_wconf 88' lang='lat' dir='ltr'>Omnibus</span> <span class='ocrx_word' id='word_1_551' title='bbox 2632 3573 2837 3630; x_wconf 89' lang='lat' dir='ltr'>omnia</span> <span class='ocrx_word' id='word_1_552' title='bbox 2866 3573 3058 3631; x_wconf 84' lang='lat' dir='ltr'>factus</span> <span class='ocrx_word' id='word_1_553' title='bbox 3086 3578 3229 3642; x_wconf 88' lang='lat' dir='ltr'>erat,</span> <span class='ocrx_word' id='word_1_554' title='bbox 3256 3580 3318 3631; x_wconf 91' lang='lat' dir='ltr'>ut</span> <span class='ocrx_word' id='word_1_555' title='bbox 3375 3590 3587 3631; x_wconf 90' lang='lat' dir='ltr'>omnes</span> 
     </span>
    </p>
   </div>
   <div class='ocr_carea' id='block_1_86' title="bbox 1918 3662 2668 3733">
    <p class='ocr_par' dir='ltr' id='par_1_86' title="bbox 1918 3662 2668 3733">
     <span class='ocr_line' id='line_1_87' title="bbox 1918 3662 2668 3733; baseline -0.003 -12"><span class='ocrx_word' id='word_1_556' title='bbox 1918 3662 2289 3721; x_wconf 83' lang='lat' dir='ltr'>lucrifaceret</span> <span class='ocrx_word' id='word_1_557' title='bbox 2316 3664 2375 3733; x_wconf 89' lang='grc' dir='ltr'>(Ι</span> <span class='ocrx_word' id='word_1_558' title='bbox 2400 3662 2538 3719; x_wconf 83' lang='lat' dir='ltr'>Cor.</span> <span class='ocrx_word' id='word_1_559' title='bbox 2573 3664 2668 3733; x_wconf 71' lang='grc' dir='ltr'>ιχ).</span> 
     </span>
    </p>
   </div>
   <div class='ocr_carea' id='block_1_87' title="bbox 1990 3751 3586 3825">
    <p class='ocr_par' dir='ltr' id='par_1_87' title="bbox 1990 3751 3586 3825">
     <span class='ocr_line' id='line_1_88' title="bbox 1990 3751 3586 3825; baseline -0.001 -16"><span class='ocrx_word' id='word_1_560' title='bbox 1990 3758 2080 3809; x_wconf 75' lang='grc'>27.</span> <span class='ocrx_word' id='word_1_561' title='bbox 2114 3755 2271 3808; x_wconf 87' lang='lat' dir='ltr'>Intra</span> <span class='ocrx_word' id='word_1_562' title='bbox 2287 3752 2507 3808; x_wconf 91' lang='lat' dir='ltr'>domus</span> <span class='ocrx_word' id='word_1_563' title='bbox 2529 3757 2697 3825; x_wconf 89' lang='lat' dir='ltr'>septa</span> <span class='ocrx_word' id='word_1_564' title='bbox 2721 3767 3039 3825; x_wconf 88' lang='lat' dir='ltr'>nunquam</span> <span class='ocrx_word' id='word_1_565' title='bbox 3061 3754 3189 3825; x_wconf 87' lang='lat' dir='ltr'>ejus</span> <span class='ocrx_word' id='word_1_566' title='bbox 3211 3751 3586 3809; x_wconf 87' lang='lat' dir='ltr'>ornabantur</span> 
     </span>
    </p>
   </div>
   <div class='ocr_carea' id='block_1_88' title="bbox 1921 3840 3589 3915">
    <p class='ocr_par' dir='ltr' id='par_1_88' title="bbox 1921 3840 3589 3915">
     <span class='ocr_line' id='line_1_89' title="bbox 1921 3840 3589 3915; baseline -0.002 -15"><span class='ocrx_word' id='word_1_567' title='bbox 1921 3842 2132 3900; x_wconf 89' lang='lat' dir='ltr'>sedilia</span> <span class='ocrx_word' id='word_1_568' title='bbox 2152 3844 2321 3913; x_wconf 79' lang='grc'>(513),</span> <span class='ocrx_word' id='word_1_569' title='bbox 2350 3841 2456 3897; x_wconf 90' lang='lat' dir='ltr'>sed</span> <span class='ocrx_word' id='word_1_570' title='bbox 2484 3840 2767 3899; x_wconf 86' lang='lat' dir='ltr'>volvebat</span> <span class='ocrx_word' id='word_1_571' title='bbox 2791 3840 2854 3898; x_wconf 91' lang='lat' dir='ltr'>in</span> <span class='ocrx_word' id='word_1_572' title='bbox 2883 3842 3178 3900; x_wconf 90' lang='lat' dir='ltr'>memoria</span> <span class='ocrx_word' id='word_1_573' title='bbox 3202 3840 3589 3915; x_wconf 80' lang='lat' dir='ltr'>humili,quaa</span> 
     </span>
    </p>
   </div>
   <div class='ocr_carea' id='block_1_89' title="bbox 1920 3930 3584 4006">
    <p class='ocr_par' dir='ltr' id='par_1_89' title="bbox 1920 3930 3584 4006">
     <span class='ocr_line' id='line_1_90' title="bbox 1920 3930 3584 4006; baseline -0.002 -17"><span class='ocrx_word' id='word_1_574' title='bbox 1920 3948 2309 4006; x_wconf 89' lang='lat' dir='ltr'>possessurus</span> <span class='ocrx_word' id='word_1_575' title='bbox 2333 3934 2458 3988; x_wconf 89' lang='lat' dir='ltr'>erat</span> <span class='ocrx_word' id='word_1_576' title='bbox 2485 3931 2547 3987; x_wconf 89' lang='lat' dir='ltr'>in</span> <span class='ocrx_word' id='word_1_577' title='bbox 2576 3931 2698 3988; x_wconf 88' lang='lat' dir='ltr'>vita</span> <span class='ocrx_word' id='word_1_578' title='bbox 2755 3931 3023 4004; x_wconf 88' lang='lat' dir='ltr'>perenni.</span> <span class='ocrx_word' id='word_1_579' title='bbox 3082 3930 3584 3988; x_wconf 88' lang='lat' dir='ltr'>Vcstimentorum</span> 
     </span>
    </p>
   </div>
   <div class='ocr_carea' id='block_1_90' title="bbox 1923 4018 3586 4092">
    <p class='ocr_par' dir='ltr' id='par_1_90' title="bbox 1923 4018 3586 4092">
     <span class='ocr_line' id='line_1_91' title="bbox 1923 4018 3586 4092; baseline -0.002 -15"><span class='ocrx_word' id='word_1_580' title='bbox 1923 4025 2269 4091; x_wconf 86' lang='lat' dir='ltr'>tegumenta</span> <span class='ocrx_word' id='word_1_581' title='bbox 2288 4035 2413 4077; x_wconf 91' lang='lat' dir='ltr'>non</span> <span class='ocrx_word' id='word_1_582' title='bbox 2438 4019 2591 4076; x_wconf 90' lang='lat' dir='ltr'>adeo</span> <span class='ocrx_word' id='word_1_583' title='bbox 2619 4019 2913 4078; x_wconf 87' lang='lat' dir='ltr'>induebat</span> <span class='ocrx_word' id='word_1_584' title='bbox 2938 4021 3236 4092; x_wconf 88' lang='lat' dir='ltr'>pretiosa:</span> <span class='ocrx_word' id='word_1_585' title='bbox 3262 4019 3496 4092; x_wconf 88' lang='lat' dir='ltr'>primus</span> <span class='ocrx_word' id='word_1_586' title='bbox 3531 4018 3586 4074; x_wconf 90' lang='lat' dir='ltr'>ei</span> 
     </span>
    </p>
   </div>
   <div class='ocr_carea' id='block_1_91' title="bbox 1923 4108 3597 4180">
    <p class='ocr_par' dir='ltr' id='par_1_91' title="bbox 1923 4108 3597 4180">
     <span class='ocr_line' id='line_1_92' title="bbox 1923 4108 3597 4180; baseline -0.002 -14"><span class='ocrx_word' id='word_1_587' title='bbox 1923 4110 2178 4166; x_wconf 88' lang='lat' dir='ltr'>amictus</span> <span class='ocrx_word' id='word_1_588' title='bbox 2208 4126 2417 4165; x_wconf 90' lang='lat' dir='ltr'>saccus</span> <span class='ocrx_word' id='word_1_589' title='bbox 2447 4114 2574 4166; x_wconf 89' lang='lat' dir='ltr'>erat</span> <span class='ocrx_word' id='word_1_590' title='bbox 2603 4109 2885 4165; x_wconf 89' lang='lat' dir='ltr'>silicinus.</span> <span class='ocrx_word' id='word_1_591' title='bbox 2913 4109 3203 4167; x_wconf 89' lang='lat' dir='ltr'>Studebat</span> <span class='ocrx_word' id='word_1_592' title='bbox 3230 4124 3449 4180; x_wconf 91' lang='lat' dir='ltr'>corpus</span> <span class='ocrx_word' id='word_1_593' title='bbox 3490 4108 3597 4163; x_wconf 90' lang='lat' dir='ltr'>hu-</span> 
     </span>
    </p>
   </div>
   <div class='ocr_carea' id='block_1_92' title="bbox 1927 4197 3583 4271">
    <p class='ocr_par' dir='ltr' id='par_1_92' title="bbox 1927 4197 3583 4271">
     <span class='ocr_line' id='line_1_93' title="bbox 1927 4197 3583 4271; baseline -0.004 -13"><span class='ocrx_word' id='word_1_594' title='bbox 1927 4199 2154 4258; x_wconf 89' lang='lat' dir='ltr'>miliare</span> <span class='ocrx_word' id='word_1_595' title='bbox 2173 4198 2235 4254; x_wconf 89' lang='lat' dir='ltr'>in</span> <span class='ocrx_word' id='word_1_596' title='bbox 2265 4198 2453 4266; x_wconf 86' lang='lat' dir='ltr'>terris,</span> <span class='ocrx_word' id='word_1_597' title='bbox 2488 4204 2787 4271; x_wconf 91' lang='lat' dir='ltr'>quatenus</span> <span class='ocrx_word' id='word_1_598' title='bbox 2805 4198 3012 4254; x_wconf 90' lang='lat' dir='ltr'>anima</span> <span class='ocrx_word' id='word_1_599' title='bbox 3042 4197 3289 4255; x_wconf 86' lang='lat' dir='ltr'>exaltari</span> <span class='ocrx_word' id='word_1_600' title='bbox 3323 4213 3583 4253; x_wconf 90' lang='lat' dir='ltr'>merere-</span> 
     </span>
    </p>
   </div>
   <div class='ocr_carea' id='block_1_93' title="bbox 150 4277 1809 4361">
    <p class='ocr_par' dir='ltr' id='par_1_93' title="bbox 150 4277 1809 4352">
     <span class='ocr_line' id='line_1_94' title="bbox 150 4277 1809 4352; baseline 0 -17"><span class='ocrx_word' id='word_1_601' title='bbox 150 4278 560 4352; x_wconf 88' lang='lat' dir='ltr'>plenissimus,</span> <span class='ocrx_word' id='word_1_602' title='bbox 583 4294 829 4350; x_wconf 89' lang='lat' dir='ltr'>gregem</span> <span class='ocrx_word' id='word_1_603' title='bbox 853 4293 1031 4334; x_wconf 89' lang='lat' dir='ltr'>suum</span> <span class='ocrx_word' id='word_1_604' title='bbox 1059 4277 1302 4349; x_wconf 89' lang='lat' dir='ltr'>recepit,</span> <span class='ocrx_word' id='word_1_605' title='bbox 1334 4279 1652 4349; x_wconf 73' lang='lat' dir='ltr'>magnifice</span> <span class='ocrx_word' id='word_1_606' title='bbox 1680 4296 1809 4352; x_wconf 90' lang='lat' dir='ltr'>pro-</span> 
     </span>
    </p>
   </div>
   <div class='ocr_carea' id='block_1_94' title="bbox 1938 4277 3590 4361">
    <p class='ocr_par' dir='ltr' id='par_1_94' title="bbox 1938 4286 3590 4361">
     <span class='ocr_line' id='line_1_95' title="bbox 1938 4286 3590 4361; baseline -0.004 -13"><span class='ocrx_word' id='word_1_607' title='bbox 1938 4300 2018 4348; x_wconf 76' lang='lat' dir='ltr'>tur</span> <span class='ocrx_word' id='word_1_608' title='bbox 2034 4289 2095 4345; x_wconf 93' lang='lat' dir='ltr'>in</span> <span class='ocrx_word' id='word_1_609' title='bbox 2113 4288 2296 4345; x_wconf 72' lang='lat' dir='ltr'>cmlis.</span> <span class='ocrx_word' id='word_1_610' title='bbox 2312 4287 2812 4344; x_wconf 84' lang='lat' dir='ltr'>Lustrabatvillas</span> <span class='ocrx_word' id='word_1_611' title='bbox 2826 4305 2895 4345; x_wconf 92' lang='lat' dir='ltr'>ac</span> <span class='ocrx_word' id='word_1_612' title='bbox 2908 4288 3155 4361; x_wconf 91' lang='lat' dir='ltr'>oppida,</span> <span class='ocrx_word' id='word_1_613' title='bbox 3170 4286 3278 4343; x_wconf 90' lang='lat' dir='ltr'>sibi</span> <span class='ocrx_word' id='word_1_614' title='bbox 3295 4303 3331 4343; x_wconf 93' lang='lat' dir='ltr'>a</span> <span class='ocrx_word' id='word_1_615' title='bbox 3353 4286 3590 4343; x_wconf 89' lang='lat' dir='ltr'>Christo</span> 
     </span>
    </p>
   </div>
   <div class='ocr_carea' id='block_1_95' title="bbox 154 4367 1815 4439">
    <p class='ocr_par' dir='ltr' id='par_1_95' title="bbox 154 4367 1815 4439">
     <span class='ocr_line' id='line_1_96' title="bbox 154 4367 1815 4439; baseline 0.001 -14"><span class='ocrx_word' id='word_1_616' title='bbox 154 4368 319 4439; x_wconf 82' lang='lat' dir='ltr'>texit,</span> <span class='ocrx_word' id='word_1_617' title='bbox 346 4374 403 4424; x_wconf 90' lang='lat' dir='ltr'>et</span> <span class='ocrx_word' id='word_1_618' title='bbox 425 4367 732 4426; x_wconf 76' lang='lat' dir='ltr'>indefensa</span> <span class='ocrx_word' id='word_1_619' title='bbox 766 4367 1107 4425; x_wconf 89' lang='lat' dir='ltr'>custodivit.</span> <span class='ocrx_word' id='word_1_620' title='bbox 1164 4368 1422 4435; x_wconf 85' lang='lat' dir='ltr'>Quanta,</span> <span class='ocrx_word' id='word_1_621' title='bbox 1471 4367 1572 4425; x_wconf 92' lang='lat' dir='ltr'>illo</span> <span class='ocrx_word' id='word_1_622' title='bbox 1620 4384 1815 4439; x_wconf 87' lang='lat' dir='ltr'>regre-</span> 
     </span>
    </p>
   </div>
   <div class='ocr_carea' id='block_1_96' title="bbox 155 4454 1812 4531">
    <p class='ocr_par' dir='ltr' id='par_1_96' title="bbox 155 4454 1812 4531">
     <span class='ocr_line' id='line_1_97' title="bbox 155 4454 1812 4531; baseline 0.001 -17"><span class='ocrx_word' id='word_1_623' title='bbox 155 4456 379 4528; x_wconf 86' lang='lat' dir='ltr'>diente,</span> <span class='ocrx_word' id='word_1_624' title='bbox 400 4455 712 4514; x_wconf 79' lang='lat' dir='ltr'>exsultatio</span> <span class='ocrx_word' id='word_1_625' title='bbox 737 4456 799 4513; x_wconf 93' lang='lat' dir='ltr'>in</span> <span class='ocrx_word' id='word_1_626' title='bbox 830 4454 1114 4513; x_wconf 90' lang='lat' dir='ltr'>universo</span> <span class='ocrx_word' id='word_1_627' title='bbox 1174 4454 1513 4513; x_wconf 79' lang='lat' dir='ltr'>etferbuerit</span> <span class='ocrx_word' id='word_1_628' title='bbox 1564 4458 1812 4531; x_wconf 90' lang='lat' dir='ltr'>populo,</span> 
     </span>
    </p>
   </div>
   <div class='ocr_carea' id='block_1_97' title="bbox 254 4635 1154 4707">
    <p class='ocr_par' dir='ltr' id='par_1_97' title="bbox 254 4635 1154 4707">
     <span class='ocr_line' id='line_1_98' title="bbox 254 4635 1154 4707; baseline -0.004 -12"><span class='ocrx_word' id='word_1_629' title='bbox 254 4638 382 4707; x_wconf 79' lang='lat'>507)</span> <span class='ocrx_word' id='word_1_630' title='bbox 413 4636 478 4693; x_wconf 88' lang='lat' dir='ltr'>Id</span> <span class='ocrx_word' id='word_1_631' title='bbox 506 4640 616 4706; x_wconf 91' lang='lat' dir='ltr'>est,</span> <span class='ocrx_word' id='word_1_632' title='bbox 648 4635 1154 4694; x_wconf 89' lang='lat' dir='ltr'>accusationibus.</span> 
     </span>
    </p>
   </div>
   <div class='ocr_carea' id='block_1_98' title="bbox 227 4642 1820 4785">
    <p class='ocr_par' dir='ltr' id='par_1_98' title="bbox 227 4642 1820 4785">
     <span class='ocr_line' id='line_1_99' title="bbox 254 4642 1154 4707; baseline -0.004 -12"><span class='ocrx_word' id='word_1_633' title='bbox 254 4642 382 4707; x_wconf 79' lang='lat'>507)</span> <span class='ocrx_word' id='word_1_634' title='bbox 413 4642 478 4693; x_wconf 89' lang='lat' dir='ltr'>Id</span> <span class='ocrx_word' id='word_1_635' title='bbox 506 4642 616 4706; x_wconf 89' lang='lat' dir='ltr'>est,</span> <span class='ocrx_word' id='word_1_636' title='bbox 648 4642 1154 4694; x_wconf 86' lang='lat' dir='ltr'>accusationibus.</span> 
     </span>
     <span class='ocr_line' id='line_1_100' title="bbox 227 4642 1820 4785; baseline 0.003 -20"><span class='ocrx_word' id='word_1_637' title='bbox 227 4642 401 4785; x_wconf 32' lang='lat'>2598).</span> <span class='ocrx_word' id='word_1_638' title='bbox 432 4707 736 4785; x_wconf 90' lang='lat' dir='ltr'>Pippinus,</span> <span class='ocrx_word' id='word_1_639' title='bbox 816 4711 1218 4778; x_wconf 89' lang='lat' dir='ltr'>cognomento</span> <span class='ocrx_word' id='word_1_640' title='bbox 1246 4707 1654 4785; x_wconf 14' lang='lat' dir='ltr'>AHeristal‘tus,</span> <span class='ocrx_word' id='word_1_641' title='bbox 1714 4713 1820 4785; x_wconf 90' lang='lat' dir='ltr'>qui</span> 
     </span>
    </p>
   </div>
   <div class='ocr_carea' id='block_1_99' title="bbox 158 4779 1819 4851">
    <p class='ocr_par' dir='ltr' id='par_1_99' title="bbox 158 4779 1819 4851">
     <span class='ocr_line' id='line_1_101' title="bbox 158 4779 1819 4851; baseline 0.002 -14"><span class='ocrx_word' id='word_1_642' title='bbox 158 4779 255 4837; x_wconf 90' lang='lat' dir='ltr'>hic</span> <span class='ocrx_word' id='word_1_643' title='bbox 275 4779 659 4851; x_wconf 72' lang='lat' dir='ltr'>designatur,</span> <span class='ocrx_word' id='word_1_644' title='bbox 680 4795 993 4851; x_wconf 83' lang='lat' dir='ltr'>nunquam</span> <span class='ocrx_word' id='word_1_645' title='bbox 1023 4795 1126 4834; x_wconf 82' lang='lat' dir='ltr'>rex</span> <span class='ocrx_word' id='word_1_646' title='bbox 1156 4781 1620 4851; x_wconf 79' lang='lat' dir='ltr'>autmonarcha</span> <span class='ocrx_word' id='word_1_647' title='bbox 1648 4779 1819 4851; x_wconf 76' lang='lat' dir='ltr'>Fran-</span> 
     </span>
    </p>
   </div>
   <div class='ocr_carea' id='block_1_100' title="bbox 161 4849 1820 4926">
    <p class='ocr_par' dir='ltr' id='par_1_100' title="bbox 161 4849 1820 4926">
     <span class='ocr_line' id='line_1_102' title="bbox 161 4849 1820 4926; baseline 0.002 -19"><span class='ocrx_word' id='word_1_648' title='bbox 161 4868 373 4926; x_wconf 79' lang='lat' dir='ltr'>corum</span> <span class='ocrx_word' id='word_1_649' title='bbox 402 4849 531 4926; x_wconf 81' lang='lat' dir='ltr'>fuit,</span> <span class='ocrx_word' id='word_1_650' title='bbox 563 4850 668 4906; x_wconf 90' lang='lat' dir='ltr'>sed</span> <span class='ocrx_word' id='word_1_651' title='bbox 700 4849 1161 4926; x_wconf 78' lang='lat' dir='ltr'>major-domus,</span> <span class='ocrx_word' id='word_1_652' title='bbox 1193 4849 1458 4922; x_wconf 89' lang='lat' dir='ltr'>primum</span> <span class='ocrx_word' id='word_1_653' title='bbox 1480 4850 1820 4926; x_wconf 68' lang='lat' dir='ltr'>Austrasiae,</span> 
     </span>
    </p>
   </div>
   <div class='ocr_carea' id='block_1_101' title="bbox 160 4921 1825 4996">
    <p class='ocr_par' dir='ltr' id='par_1_101' title="bbox 160 4921 1825 4996">
     <span class='ocr_line' id='line_1_103' title="bbox 160 4921 1825 4996; baseline 0.004 -19"><span class='ocrx_word' id='word_1_654' title='bbox 160 4923 379 4996; x_wconf 78' lang='lat' dir='ltr'>deinde</span> <span class='ocrx_word' id='word_1_655' title='bbox 410 4922 592 4996; x_wconf 80' lang='lat' dir='ltr'>totius</span> <span class='ocrx_word' id='word_1_656' title='bbox 623 4921 990 4996; x_wconf 81' lang='lat' dir='ltr'>monarchiae</span> <span class='ocrx_word' id='word_1_657' title='bbox 1017 4939 1030 4989; x_wconf 91' lang='lat'><strong>;</strong></span> <span class='ocrx_word' id='word_1_658' title='bbox 1064 4921 1401 4996; x_wconf 18' lang='lat' dir='ltr'>sic‘t’amen,</span> <span class='ocrx_word' id='word_1_659' title='bbox 1434 4926 1500 4977; x_wconf 89' lang='lat' dir='ltr'>ut</span> <span class='ocrx_word' id='word_1_660' title='bbox 1527 4929 1740 4996; x_wconf 72' lang='lat' dir='ltr'>praeter</span> <span class='ocrx_word' id='word_1_661' title='bbox 1764 4921 1825 4983; x_wconf 83' lang='lat' dir='ltr'>ti-</span> 
     </span>
    </p>
   </div>
   <div class='ocr_carea' id='block_1_102' title="bbox 163 4992 1825 5066">
    <p class='ocr_par' dir='ltr' id='par_1_102' title="bbox 163 4992 1825 5066">
     <span class='ocr_line' id='line_1_104' title="bbox 163 4992 1825 5066; baseline 0.003 -15"><span class='ocrx_word' id='word_1_662' title='bbox 163 4994 357 5051; x_wconf 88' lang='lat' dir='ltr'>tulum</span> <span class='ocrx_word' id='word_1_663' title='bbox 388 4993 537 5051; x_wconf 88' lang='lat' dir='ltr'>nihil</span> <span class='ocrx_word' id='word_1_664' title='bbox 564 4992 872 5066; x_wconf 74' lang='lat' dir='ltr'>ipsiregiae</span> <span class='ocrx_word' id='word_1_665' title='bbox 892 4992 1201 5066; x_wconf 78' lang='lat' dir='ltr'>potestatis</span> <span class='ocrx_word' id='word_1_666' title='bbox 1224 4992 1339 5066; x_wconf 92' lang='lat' dir='ltr'>ipsi</span> <span class='ocrx_word' id='word_1_667' title='bbox 1359 4992 1594 5066; x_wconf 71' lang='lat' dir='ltr'>deesset</span> <span class='ocrx_word' id='word_1_668' title='bbox 1626 5015 1639 5065; x_wconf 92' lang='lat'><strong>;</strong></span> <span class='ocrx_word' id='word_1_669' title='bbox 1664 4998 1825 5056; x_wconf 89' lang='lat' dir='ltr'>unde</span> 
     </span>
    </p>
   </div>
   <div class='ocr_carea' id='block_1_103' title="bbox 160 5063 1828 5142">
    <p class='ocr_par' dir='ltr' id='par_1_103' title="bbox 160 5063 1828 5142">
     <span class='ocr_line' id='line_1_105' title="bbox 160 5063 1828 5142; baseline 0.004 -21"><span class='ocrx_word' id='word_1_670' title='bbox 160 5072 218 5122; x_wconf 86' lang='lat' dir='ltr'>et</span> <span class='ocrx_word' id='word_1_671' title='bbox 244 5082 352 5142; x_wconf 76' lang='lat' dir='ltr'>rex</span> <span class='ocrx_word' id='word_1_672' title='bbox 379 5081 428 5142; x_wconf 37' lang='grc' dir='ltr'>ε..</span> <span class='ocrx_word' id='word_1_673' title='bbox 446 5063 770 5142; x_wconf 68' lang='lat' dir='ltr'>nonnullis</span> <span class='ocrx_word' id='word_1_674' title='bbox 786 5063 1119 5142; x_wconf 77' lang='lat' dir='ltr'>appellatus</span> <span class='ocrx_word' id='word_1_675' title='bbox 1151 5063 1267 5142; x_wconf 51' lang='lat' dir='ltr'>est.—</span> <span class='ocrx_word' id='word_1_676' title='bbox 1294 5064 1415 5142; x_wconf 88' lang='lat' dir='ltr'>_Hic</span> <span class='ocrx_word' id='word_1_677' title='bbox 1465 5063 1665 5142; x_wconf 76' lang='lat' dir='ltr'>autem</span> <span class='ocrx_word' id='word_1_678' title='bbox 1722 5086 1828 5142; x_wconf 90' lang='lat' dir='ltr'>per</span> 
     </span>
    </p>
   </div>
   <div class='ocr_carea' id='block_1_104' title="bbox 160 5134 1825 5209">
    <p class='ocr_par' dir='ltr' id='par_1_104' title="bbox 160 5134 1825 5209">
     <span class='ocr_line' id='line_1_106' title="bbox 160 5134 1825 5209; baseline 0.005 -17"><span class='ocrx_word' id='word_1_679' title='bbox 160 5135 476 5209; x_wconf 89' lang='lat' dir='ltr'>prolepsin</span> <span class='ocrx_word' id='word_1_680' title='bbox 504 5134 920 5209; x_wconf 81' lang='lat' dir='ltr'>monarchiam</span> <span class='ocrx_word' id='word_1_681' title='bbox 948 5134 1115 5209; x_wconf 80' lang='lat' dir='ltr'>regni</span> <span class='ocrx_word' id='word_1_682' title='bbox 1140 5134 1428 5209; x_wconf 80' lang='lat' dir='ltr'>tenuisse,</span> <span class='ocrx_word' id='word_1_683' title='bbox 1466 5137 1572 5194; x_wconf 90' lang='lat' dir='ltr'>sed</span> <span class='ocrx_word' id='word_1_684' title='bbox 1605 5144 1668 5197; x_wconf 89' lang='lat' dir='ltr'>ut</span> <span class='ocrx_word' id='word_1_685' title='bbox 1697 5134 1825 5200; x_wconf 80' lang='lat' dir='ltr'>ma-</span> 
     </span>
    </p>
   </div>
   <div class='ocr_carea' id='block_1_105' title="bbox 155 5206 1829 5279">
    <p class='ocr_par' dir='ltr' id='par_1_105' title="bbox 155 5206 1829 5279">
     <span class='ocr_line' id='line_1_107' title="bbox 155 5206 1829 5279; baseline 0.004 -16"><span class='ocrx_word' id='word_1_686' title='bbox 155 5206 507 5279; x_wconf 82' lang='lat' dir='ltr'>jor-domus</span> <span class='ocrx_word' id='word_1_687' title='bbox 532 5206 1251 5279; x_wconf 79' lang='lat' dir='ltr'>administrasse,_dic_itur</span> <span class='ocrx_word' id='word_1_688' title='bbox 1280 5224 1293 5274; x_wconf 91' lang='lat'><strong>;</strong></span> <span class='ocrx_word' id='word_1_689' title='bbox 1328 5223 1468 5264; x_wconf 91' lang='lat' dir='ltr'>cum</span> <span class='ocrx_word' id='word_1_690' title='bbox 1510 5213 1829 5270; x_wconf 72' lang='lat' dir='ltr'>Austrasiaa</span> 
     </span>
    </p>
   </div>
   <div class='ocr_carea' id='block_1_106' title="bbox 164 5276 1829 5354">
    <p class='ocr_par' dir='ltr' id='par_1_106' title="bbox 164 5276 1829 5354">
     <span class='ocr_line' id='line_1_108' title="bbox 164 5276 1829 5354; baseline 0.004 -18"><span class='ocrx_word' id='word_1_691' title='bbox 164 5276 607 5354; x_wconf 70' lang='lat' dir='ltr'>tantummodo</span> <span class='ocrx_word' id='word_1_692' title='bbox 623 5278 919 5354; x_wconf 85' lang='lat' dir='ltr'>majoratu</span> <span class='ocrx_word' id='word_1_693' title='bbox 940 5277 1145 5350; x_wconf 88' lang='lat' dir='ltr'>palatii</span> <span class='ocrx_word' id='word_1_694' title='bbox 1170 5278 1532 5354; x_wconf 77' lang='lat' dir='ltr'>fungeretur,</span> <span class='ocrx_word' id='word_1_695' title='bbox 1579 5285 1829 5354; x_wconf 87' lang='lat' dir='ltr'>quando</span> 
     </span>
    </p>
   </div>
   <div class='ocr_carea' id='block_1_107' title="bbox 164 5347 1830 5413">
    <p class='ocr_par' dir='ltr' id='par_1_107' title="bbox 164 5347 1830 5413">
     <span class='ocr_line' id='line_1_109' title="bbox 164 5347 1830 5413; baseline 0.005 -7"><span class='ocrx_word' id='word_1_696' title='bbox 164 5354 413 5406; x_wconf 88' lang='lat' dir='ltr'>sanctus</span> <span class='ocrx_word' id='word_1_697' title='bbox 448 5347 797 5405; x_wconf 85' lang='lat' dir='ltr'>Lantbertus</span> <span class='ocrx_word' id='word_1_698' title='bbox 826 5349 885 5403; x_wconf 91' lang='lat' dir='ltr'>in</span> <span class='ocrx_word' id='word_1_699' title='bbox 914 5347 1089 5404; x_wconf 75' lang='lat' dir='ltr'>suam</span> <span class='ocrx_word' id='word_1_700' title='bbox 1122 5347 1325 5404; x_wconf 85' lang='lat' dir='ltr'>sedem</span> <span class='ocrx_word' id='word_1_701' title='bbox 1357 5347 1659 5408; x_wconf 76' lang='lat' dir='ltr'>restitutus</span> <span class='ocrx_word' id='word_1_702' title='bbox 1700 5354 1830 5413; x_wconf 88' lang='lat' dir='ltr'>fuit.</span> 
     </span>
    </p>
   </div>
   <div class='ocr_carea' id='block_1_108' title="bbox 238 5419 1833 5493">
    <p class='ocr_par' dir='ltr' id='par_1_108' title="bbox 238 5419 1833 5493">
     <span class='ocr_line' id='line_1_110' title="bbox 238 5419 1833 5493; baseline 0.004 -15"><span class='ocrx_word' id='word_1_703' title='bbox 238 5419 1084 5493; x_wconf 17' lang='lat' dir='ltr'>(509)5tabuletumiscilicet,</span> <span class='ocrx_word' id='word_1_704' title='bbox 1137 5420 1239 5476; x_wconf 90' lang='lat' dir='ltr'>ubi</span> <span class='ocrx_word' id='word_1_705' title='bbox 1297 5420 1450 5476; x_wconf 87' lang='lat' dir='ltr'>inter</span> <span class='ocrx_word' id='word_1_706' title='bbox 1502 5429 1833 5485; x_wconf 84' lang='lat' dir='ltr'>monachos</span> 
     </span>
    </p>
   </div>
   <div class='ocr_carea' id='block_1_109' title="bbox 166 5490 1080 5560">
    <p class='ocr_par' dir='ltr' id='par_1_109' title="bbox 166 5490 1080 5560">
     <span class='ocr_line' id='line_1_111' title="bbox 166 5490 1080 5560; baseline -0.002 -11"><span class='ocrx_word' id='word_1_707' title='bbox 166 5490 570 5549; x_wconf 68' lang='lat' dir='ltr'>menaSticam</span> <span class='ocrx_word' id='word_1_708' title='bbox 592 5491 776 5547; x_wconf 86' lang='lat' dir='ltr'>vitam</span> <span class='ocrx_word' id='word_1_709' title='bbox 799 5490 1080 5560; x_wconf 87' lang='lat' dir='ltr'>degebat.</span> 
     </span>
    </p>
   </div>
   <div class='ocr_carea' id='block_1_110' title="bbox 238 5562 1833 5636">
    <p class='ocr_par' dir='ltr' id='par_1_110' title="bbox 238 5562 1833 5636">
     <span class='ocr_line' id='line_1_112' title="bbox 238 5562 1833 5636; baseline 0.006 -17"><span class='ocrx_word' id='word_1_710' title='bbox 238 5566 395 5632; x_wconf 72' lang='grc'>(510)</span> <span class='ocrx_word' id='word_1_711' title='bbox 427 5563 639 5620; x_wconf 82' lang='lat' dir='ltr'>Senior</span> <span class='ocrx_word' id='word_1_712' title='bbox 669 5562 831 5636; x_wconf 91' lang='lat' dir='ltr'>apud</span> <span class='ocrx_word' id='word_1_713' title='bbox 866 5562 1043 5619; x_wconf 90' lang='lat' dir='ltr'>medii</span> <span class='ocrx_word' id='word_1_714' title='bbox 1072 5563 1183 5617; x_wconf 70' lang='lat' dir='ltr'>zevi</span> <span class='ocrx_word' id='word_1_715' title='bbox 1217 5562 1532 5635; x_wconf 85' lang='lat' dir='ltr'>scriptores</span> <span class='ocrx_word' id='word_1_716' title='bbox 1588 5568 1833 5627; x_wconf 86' lang='lat' dir='ltr'>honoris</span> 
     </span>
    </p>
   </div>
   <div class='ocr_carea' id='block_1_111' title="bbox 1925 4375 3593 4449">
    <p class='ocr_par' dir='ltr' id='par_1_111' title="bbox 1925 4375 3593 4449">
     <span class='ocr_line' id='line_1_113' title="bbox 1925 4375 3593 4449; baseline -0.003 -12"><span class='ocrx_word' id='word_1_717' title='bbox 1925 4377 2273 4446; x_wconf 88' lang='lat' dir='ltr'>commissa,</span> <span class='ocrx_word' id='word_1_718' title='bbox 2307 4377 2500 4433; x_wconf 89' lang='lat' dir='ltr'>sciens</span> <span class='ocrx_word' id='word_1_719' title='bbox 2520 4376 2778 4449; x_wconf 89' lang='lat' dir='ltr'>reperire</span> <span class='ocrx_word' id='word_1_720' title='bbox 2820 4376 3121 4444; x_wconf 90' lang='lat' dir='ltr'>homines,</span> <span class='ocrx_word' id='word_1_721' title='bbox 3175 4392 3331 4447; x_wconf 90' lang='lat' dir='ltr'>quos</span> <span class='ocrx_word' id='word_1_722' title='bbox 3372 4375 3593 4432; x_wconf 88' lang='lat' dir='ltr'>faceret</span> 
     </span>
    </p>
   </div>
   <div class='ocr_carea' id='block_1_112' title="bbox 1928 4462 3587 4537">
    <p class='ocr_par' dir='ltr' id='par_1_112' title="bbox 1928 4462 3587 4537">
     <span class='ocr_line' id='line_1_114' title="bbox 1928 4462 3587 4537; baseline -0.005 -11"><span class='ocrx_word' id='word_1_723' title='bbox 1928 4474 2161 4525; x_wconf 69' lang='lat' dir='ltr'>aeterna:</span> <span class='ocrx_word' id='word_1_724' title='bbox 2172 4465 2536 4523; x_wconf 66' lang='lat' dir='ltr'>heereditatis</span> <span class='ocrx_word' id='word_1_725' title='bbox 2547 4469 2873 4522; x_wconf 86' lang='lat' dir='ltr'>consortes.</span> <span class='ocrx_word' id='word_1_726' title='bbox 2894 4462 2991 4520; x_wconf 86' lang='lat' dir='ltr'>His</span> <span class='ocrx_word' id='word_1_727' title='bbox 3011 4463 3291 4537; x_wconf 89' lang='lat' dir='ltr'>equidem</span> <span class='ocrx_word' id='word_1_728' title='bbox 3304 4462 3587 4518; x_wconf 91' lang='lat' dir='ltr'>sollicitu-</span> 
     </span>
    </p>
   </div>
   <div class='ocr_carea' id='block_1_113' title="bbox 1932 4638 3600 4712">
    <p class='ocr_par' dir='ltr' id='par_1_113' title="bbox 1932 4638 3600 4712">
     <span class='ocr_line' id='line_1_115' title="bbox 1932 4638 3600 4712; baseline -0.007 -7"><span class='ocrx_word' id='word_1_729' title='bbox 1932 4645 2136 4705; x_wconf 90' lang='lat' dir='ltr'>titulus</span> <span class='ocrx_word' id='word_1_730' title='bbox 2166 4649 2280 4712; x_wconf 91' lang='lat' dir='ltr'>est,</span> <span class='ocrx_word' id='word_1_731' title='bbox 2307 4649 2362 4702; x_wconf 91' lang='lat' dir='ltr'>et</span> <span class='ocrx_word' id='word_1_732' title='bbox 2385 4645 2691 4702; x_wconf 84' lang='lat' dir='ltr'>dominum</span> <span class='ocrx_word' id='word_1_733' title='bbox 2751 4640 3066 4712; x_wconf 87' lang='lat' dir='ltr'>signiﬁcat.</span> <span class='ocrx_word' id='word_1_734' title='bbox 3126 4639 3226 4695; x_wconf 86' lang='lat' dir='ltr'>Hic</span> <span class='ocrx_word' id='word_1_735' title='bbox 3275 4638 3350 4695; x_wconf 90' lang='lat' dir='ltr'>de</span> <span class='ocrx_word' id='word_1_736' title='bbox 3393 4641 3600 4695; x_wconf 90' lang='lat' dir='ltr'>sancto</span> 
     </span>
    </p>
   </div>
   <div class='ocr_carea' id='block_1_114' title="bbox 1934 4716 2520 4775">
    <p class='ocr_par' dir='ltr' id='par_1_114' title="bbox 1934 4716 2520 4775">
     <span class='ocr_line' id='line_1_116' title="bbox 1934 4716 2520 4775; baseline -0.005 0"><span class='ocrx_word' id='word_1_737' title='bbox 1934 4717 2250 4775; x_wconf 86' lang='lat' dir='ltr'>Lantberto</span> <span class='ocrx_word' id='word_1_738' title='bbox 2283 4716 2520 4774; x_wconf 91' lang='lat' dir='ltr'>dicitur.</span> 
     </span>
    </p>
   </div>
   <div class='ocr_carea' id='block_1_115' title="bbox 2007 4779 3602 4869">
    <p class='ocr_par' dir='ltr' id='par_1_115' title="bbox 2007 4779 3602 4869">
     <span class='ocr_line' id='line_1_117' title="bbox 2007 4779 3602 4869; baseline -0.006 -25"><span class='ocrx_word' id='word_1_739' title='bbox 2007 4789 2315 4869; x_wconf 70' lang='lat' dir='ltr'>(51l)l_laec</span> <span class='ocrx_word' id='word_1_740' title='bbox 2349 4788 2507 4845; x_wconf 91' lang='lat' dir='ltr'>circa</span> <span class='ocrx_word' id='word_1_741' title='bbox 2539 4801 2769 4842; x_wconf 89' lang='lat' dir='ltr'>annum</span> <span class='ocrx_word' id='word_1_742' title='bbox 2820 4787 2914 4839; x_wconf 77' lang='grc'>681</span> <span class='ocrx_word' id='word_1_743' title='bbox 2982 4782 3074 4838; x_wconf 88' lang='lat' dir='ltr'>vel</span> <span class='ocrx_word' id='word_1_744' title='bbox 3126 4785 3227 4838; x_wconf 75' lang='lat'>682</span> <span class='ocrx_word' id='word_1_745' title='bbox 3284 4779 3602 4849; x_wconf 88' lang='lat' dir='ltr'>contigisse</span> 
     </span>
    </p>
   </div>
   <div class='ocr_carea' id='block_1_116' title="bbox 1931 4859 2374 4933">
    <p class='ocr_par' dir='ltr' id='par_1_116' title="bbox 1931 4859 2374 4933">
     <span class='ocr_line' id='line_1_118' title="bbox 1931 4859 2374 4933; baseline -0.005 -16"><span class='ocrx_word' id='word_1_746' title='bbox 1931 4859 2060 4933; x_wconf 87' lang='lat' dir='ltr'>jam</span> <span class='ocrx_word' id='word_1_747' title='bbox 2090 4859 2374 4915; x_wconf 83' lang='lat' dir='ltr'>diximus.</span> 
     </span>
    </p>
   </div>
   <div class='ocr_carea' id='block_1_117' title="bbox 2007 4923 3606 5011">
    <p class='ocr_par' dir='ltr' id='par_1_117' title="bbox 2007 4923 3606 5011">
     <span class='ocr_line' id='line_1_119' title="bbox 2007 4923 3606 5011; baseline -0.006 -25"><span class='ocrx_word' id='word_1_748' title='bbox 2007 4935 2169 5011; x_wconf 44' lang='lat' dir='ltr'>(bili</span> <span class='ocrx_word' id='word_1_749' title='bbox 2188 4928 2658 5011; x_wconf 59' lang='lat' dir='ltr'>Quremiracula</span> <span class='ocrx_word' id='word_1_750' title='bbox 2689 4930 2745 4984; x_wconf 93' lang='lat' dir='ltr'>S.</span> <span class='ocrx_word' id='word_1_751' title='bbox 2784 4923 3482 5011; x_wconf 44' lang='lat' dir='ltr'>Lantbertu‘sepiscopus</span> <span class='ocrx_word' id='word_1_752' title='bbox 3504 4936 3606 5011; x_wconf 60' lang='lat' dir='ltr'>pa-</span> 
     </span>
    </p>
   </div>
   <div class='ocr_carea' id='block_1_118' title="bbox 1940 4993 3608 5130">
    <p class='ocr_par' dir='ltr' id='par_1_118' title="bbox 1940 4993 3608 5130">
     <span class='ocr_line' id='line_1_120' title="bbox 1940 4993 3608 5130; baseline -0.006 -72"><span class='ocrx_word' id='word_1_753' title='bbox 1940 4993 2197 5130; x_wconf 58' lang='lat' dir='ltr'>tjrativerit,</span> <span class='ocrx_word' id='word_1_754' title='bbox 2217 4993 2428 5058; x_wconf 83' lang='lat' dir='ltr'>nullus</span> <span class='ocrx_word' id='word_1_755' title='bbox 2450 5005 2745 5069; x_wconf 88' lang='lat' dir='ltr'>veterum,</span> <span class='ocrx_word' id='word_1_756' title='bbox 2775 5013 2959 5070; x_wconf 88' lang='lat' dir='ltr'>quem</span> <span class='ocrx_word' id='word_1_757' title='bbox 2980 4993 3228 5068; x_wconf 83' lang='lat' dir='ltr'>quidem</span> <span class='ocrx_word' id='word_1_758' title='bbox 3260 4993 3403 5065; x_wconf 85' lang='lat' dir='ltr'>vidi,</span> <span class='ocrx_word' id='word_1_759' title='bbox 3431 4993 3608 5051; x_wconf 86' lang='lat' dir='ltr'>tradi-</span> 
     </span>
     <span class='ocr_line' id='line_1_121' title="bbox 1984 5092 2042 5129; baseline 0 0"><span class='ocrx_word' id='word_1_760' title='bbox 1984 5092 1999 5129; x_wconf 86' lang='grc' dir='ltr'>ι</span> <span class='ocrx_word' id='word_1_761' title='bbox 2031 5118 2042 5129; x_wconf 94' lang='grc'><strong>.</strong></span> 
     </span>
    </p>
   </div>
   <div class='ocr_carea' id='block_1_119' title="bbox 1984 5074 2042 5129">
    <p class='ocr_par' dir='ltr' id='par_1_119' title="bbox 1984 5074 2042 5129">
     <span class='ocr_line' id='line_1_122' title="bbox 1984 5074 2042 5129; baseline 0 0"><span class='ocrx_word' id='word_1_762' title='bbox 1984 5074 2042 5129; x_wconf 84' lang='lat' dir='ltr'>it.</span> 
     </span>
    </p>
   </div>
   <div class='ocr_carea' id='block_1_120' title="bbox 2015 5135 3610 5217">
    <p class='ocr_par' dir='ltr' id='par_1_120' title="bbox 2015 5135 3610 5217">
     <span class='ocr_line' id='line_1_123' title="bbox 2015 5135 3610 5217; baseline -0.007 -18"><span class='ocrx_word' id='word_1_763' title='bbox 2015 5145 2160 5215; x_wconf 77' lang='grc'>(513)</span> <span class='ocrx_word' id='word_1_764' title='bbox 2192 5143 2369 5217; x_wconf 91' lang='lat' dir='ltr'>Apud</span> <span class='ocrx_word' id='word_1_765' title='bbox 2401 5138 3051 5217; x_wconf 70' lang='lat' dir='ltr'>Mabilloniumlegitur</span> <span class='ocrx_word' id='word_1_766' title='bbox 3084 5156 3096 5193; x_wconf 93' lang='lat'>:</span> <span class='ocrx_word' id='word_1_767' title='bbox 3133 5138 3252 5194; x_wconf 81' lang='lat' dir='ltr'>Sed</span> <span class='ocrx_word' id='word_1_768' title='bbox 3271 5143 3333 5217; x_wconf 62' lang='lat' dir='ltr'>et</span> <span class='ocrx_word' id='word_1_769' title='bbox 3355 5138 3439 5217; x_wconf 34' lang='grc' dir='ltr'>εἰη</span> <span class='ocrx_word' id='word_1_770' title='bbox 3482 5135 3610 5217; x_wconf 51' lang='lat' dir='ltr'>pri:</span> 
     </span>
    </p>
   </div>
   <div class='ocr_carea' id='block_1_121' title="bbox 1945 5207 3612 5286">
    <p class='ocr_par' dir='ltr' id='par_1_121' title="bbox 1945 5207 3612 5286">
     <span class='ocr_line' id='line_1_124' title="bbox 1945 5207 3612 5286; baseline -0.007 -13"><span class='ocrx_word' id='word_1_771' title='bbox 1945 5207 2081 5273; x_wconf 73' lang='lat' dir='ltr'>vate</span> <span class='ocrx_word' id='word_1_772' title='bbox 2092 5207 2154 5272; x_wconf 85' lang='lat' dir='ltr'>sé</span> <span class='ocrx_word' id='word_1_773' title='bbox 2174 5207 2485 5286; x_wconf 71' lang='lat' dir='ltr'>utinquam</span> <span class='ocrx_word' id='word_1_774' title='bbox 2509 5211 2788 5286; x_wconf 69' lang='lat' dir='ltr'>ornabat.</span> <span class='ocrx_word' id='word_1_775' title='bbox 2818 5207 3400 5286; x_wconf 66' lang='lat' dir='ltr'>Lectionemcodicis</span> <span class='ocrx_word' id='word_1_776' title='bbox 3421 5207 3612 5286; x_wconf 79' lang='lat' dir='ltr'>nostri</span> 
     </span>
    </p>
   </div>
   <div class='ocr_carea' id='block_1_122' title="bbox 1946 5279 3614 5357">
    <p class='ocr_par' dir='ltr' id='par_1_122' title="bbox 1946 5279 3614 5357">
     <span class='ocr_line' id='line_1_125' title="bbox 1946 5279 3614 5357; baseline -0.007 -15"><span class='ocrx_word' id='word_1_777' title='bbox 1946 5279 2328 5357; x_wconf 76' lang='lat' dir='ltr'>retinendam</span> <span class='ocrx_word' id='word_1_778' title='bbox 2349 5290 2517 5357; x_wconf 79' lang='lat' dir='ltr'>puto,</span> <span class='ocrx_word' id='word_1_779' title='bbox 2541 5287 2599 5338; x_wconf 88' lang='lat' dir='ltr'>et</span> <span class='ocrx_word' id='word_1_780' title='bbox 2627 5281 3106 5357; x_wconf 68' lang='lat' dir='ltr'>Qodeschalcum</span> <span class='ocrx_word' id='word_1_781' title='bbox 3127 5279 3403 5357; x_wconf 74' lang='lat' dir='ltr'>allusisse</span> <span class='ocrx_word' id='word_1_782' title='bbox 3434 5279 3506 5334; x_wconf 89' lang='lat' dir='ltr'>ad</span> <span class='ocrx_word' id='word_1_783' title='bbox 3528 5293 3614 5357; x_wconf 78' lang='lat' dir='ltr'>se-</span> 
     </span>
    </p>
   </div>
   <div class='ocr_carea' id='block_1_123' title="bbox 1951 5351 3619 5429">
    <p class='ocr_par' dir='ltr' id='par_1_123' title="bbox 1951 5351 3619 5429">
     <span class='ocr_line' id='line_1_126' title="bbox 1951 5351 3619 5429; baseline -0.008 -16"><span class='ocrx_word' id='word_1_784' title='bbox 1951 5357 2066 5413; x_wconf 88' lang='lat' dir='ltr'>dile</span> <span class='ocrx_word' id='word_1_785' title='bbox 2098 5351 2466 5429; x_wconf 72' lang='lat' dir='ltr'>episcopale,</span> <span class='ocrx_word' id='word_1_786' title='bbox 2498 5352 2665 5429; x_wconf 81' lang='lat' dir='ltr'>quod</span> <span class='ocrx_word' id='word_1_787' title='bbox 2689 5351 2837 5409; x_wconf 87' lang='lat' dir='ltr'>dum</span> <span class='ocrx_word' id='word_1_788' title='bbox 2869 5369 3116 5429; x_wconf 79' lang='lat' dir='ltr'>munere</span> <span class='ocrx_word' id='word_1_789' title='bbox 3141 5368 3252 5407; x_wconf 87' lang='lat' dir='ltr'>suo</span> <span class='ocrx_word' id='word_1_790' title='bbox 3276 5352 3619 5420; x_wconf 66' lang='lat' dir='ltr'>fungeretur</span> 
     </span>
    </p>
   </div>
   <div class='ocr_carea' id='block_1_124' title="bbox 1952 5423 3618 5500">
    <p class='ocr_par' dir='ltr' id='par_1_124' title="bbox 1952 5423 3618 5500">
     <span class='ocr_line' id='line_1_127' title="bbox 1952 5423 3618 5500; baseline -0.005 -19"><span class='ocrx_word' id='word_1_791' title='bbox 1952 5423 2200 5500; x_wconf 82' lang='lat' dir='ltr'>sanctus</span> <span class='ocrx_word' id='word_1_792' title='bbox 2229 5423 2603 5500; x_wconf 31' lang='lat' dir='ltr'>publiceﬁde</span> <span class='ocrx_word' id='word_1_793' title='bbox 2634 5440 2825 5500; x_wconf 78' lang='lat' dir='ltr'>_more</span> <span class='ocrx_word' id='word_1_794' title='bbox 2855 5423 3305 5500; x_wconf 77' lang='lat' dir='ltr'>episcoporum,</span> <span class='ocrx_word' id='word_1_795' title='bbox 3363 5433 3618 5500; x_wconf 78' lang='lat' dir='ltr'>exorna-</span> 
     </span>
    </p>
   </div>
   <div class='ocr_carea' id='block_1_125' title="bbox 1954 5494 3618 5569">
    <p class='ocr_par' dir='ltr' id='par_1_125' title="bbox 1954 5494 3618 5569">
     <span class='ocr_line' id='line_1_128' title="bbox 1954 5494 3618 5569; baseline -0.008 -13"><span class='ocrx_word' id='word_1_796' title='bbox 1954 5506 2078 5556; x_wconf 88' lang='lat' dir='ltr'>tum</span> <span class='ocrx_word' id='word_1_797' title='bbox 2106 5494 2393 5564; x_wconf 82' lang='lat' dir='ltr'>habebat,</span> <span class='ocrx_word' id='word_1_798' title='bbox 2432 5494 2713 5569; x_wconf 86' lang='lat' dir='ltr'>privatim</span> <span class='ocrx_word' id='word_1_799' title='bbox 2749 5494 2958 5553; x_wconf 72' lang='lat' dir='ltr'>domui</span> <span class='ocrx_word' id='word_1_800' title='bbox 2990 5494 3110 5552; x_wconf 60' lang='lat' dir='ltr'>sua?</span> <span class='ocrx_word' id='word_1_801' title='bbox 3144 5494 3374 5565; x_wconf 78' lang='lat' dir='ltr'>vulgari</span> <span class='ocrx_word' id='word_1_802' title='bbox 3428 5497 3618 5545; x_wconf 73' lang='lat' dir='ltr'>uirus.</span> 
     </span>
    </p>
   </div>
  </div>
