3940 6184
405 155 509 208 655

1540 133 1877 193 STEPHANI
1917 127 2223 185 EPISCOPI
2263 129 2674 187 LEODIENSIS

3729 130 3824 183 656

405 280 649 338 dinibus
680 275 962 338 serviens,
996 275 1052 326 ct
1080 272 1236 326 hanc
1258 268 1498 340 justitim
1528 265 1796 322 esuriens
1853 259 2059 317 indeﬁ-
2091 260 2138 313 A
2173 281 2230 332 et
2257 279 2408 332 Deus
2435 275 2764 349 permansit
2787 291 2929 349 cum
2960 277 3148 342 patre,
3172 278 3229 330 et
3249 273 3328 329 ad
3355 272 3831 345 redemptionem

413 372 634 428 cienter
662 366 918 429 habens,
979 361 1288 429 ingressus
1319 363 1409 414 est
1440 354 1841 413 Texandriam
1892 349 2056 420 (514),

403 471 781 534 paganorum
813 450 1117 508 erroribus
1148 449 1437 518 deditam,
1470 452 1526 503 ct
1548 445 1848 501 idolorum
1892 455 2061 513 spur-

406 530 553 605 citiis
586 543 987 618 profanatam.
1024 543 1176 609 Ergo
1234 555 1370 594 cum
1431 536 1577 592 inibi
1630 530 2060 589 iucundissimo

404 648 678 692 sermone
708 630 893 686 ﬁdem
925 627 1280 684 catholicam
1312 625 1591 700 cmpisset
1616 623 1926 689 disserere,
1957 633 2059 690 pa-

403 736 698 796 ganenses
755 718 840 792 (id
898 722 986 774 est
1044 716 1284 789 ethnici)
1337 714 1607 785 ejusdem
1648 708 1968 785 provincize
1997 705 2059 761 in

400 794 595 869 unum
618 822 971 873 convenere,
1004 805 1270 862 volentes
1292 802 1745 876 praedicatorem
1792 794 2055 852 veritatis

402 900 759 971 discerpere,
793 900 849 951 et
870 899 1006 967 post
1031 892 1527 950 contumeliarum
1549 887 1809 945 ludibria
1842 885 1918 941 ad
1965 883 2053 954 ig-

402 988 757 1046 nominiosae
789 985 996 1041 mortis
1050 984 1352 1040 destinare
1374 984 1691 1037 tormenta.
1748 979 1909 1043 Quos
1966 974 2053 1029 ira

404 1082 461 1135 et
485 1077 709 1133 saevitia
739 1074 1099 1145 frendentes,
1122 1077 1179 1128 et
1205 1070 1502 1128 diabolieo
1526 1068 1735 1142 spiritu
1754 1065 2054 1121 bacchan-

349 1180 353 1191 '
400 1172 510 1236 tes,
542 1166 850 1223 confessor
876 1162 1109 1219 Domini
1140 1161 1491 1217 Lantbertus
1522 1156 1851 1230 intrepidus
1872 1153 2054 1210 etfor-

404 1256 477 1311 tis
504 1253 847 1310 istiusmodi
874 1252 1165 1307 allocutus
1198 1254 1285 1306 est
1315 1248 1507 1305 verbis
1541 1264 1553 1302 ε

474 1348 561 1400 28.
588 1346 630 1399 Ο
664 1342 768 1398 viri
791 1342 1018 1407 fratres,
1051 1340 1341 1413 quoniam
1370 1339 1509 1394 estis
1534 1350 1747 1393 sensus
1779 1337 1837 1387 et
1881 1331 2054 1387 ratio-

396 1431 491 1489 nis
520 1447 795 1504 capaces,
828 1429 1048 1497 audite,
1080 1444 1311 1501 quaeso,
1344 1426 1652 1499 patienter,
1687 1426 1741 1478 et
1792 1437 1861 1476 ea
1919 1434 2053 1491 quas

399 1521 604 1578 dixero
642 1520 833 1587 vobis,
866 1518 1082 1575 animis
1111 1515 1539 1572 rationabiliter
1571 1510 1796 1580 iniigite
1848 1506 2057 1563 vestris

402 1611 565 1683 (515).
601 1608 991 1680 Omnipotens
1032 1610 1208 1674 Deus,
1241 1609 1409 1664 Pater
1464 1600 1841 1671 unigenitus,’
1887 1597 2057 1667 cujus

401 1715 512 1769 ego
552 1715 688 1754 sum
716 1713 945 1764 servus,
970 1695 1195 1768 quique
1223 1716 1249 1743 ‹‹
1281 1693 1442 1748 solus
1472 1691 1651 1747 habet
1704 1684 2053 1744 immortali-

398 1792 580 1843 tatem
608 1791 664 1842 ct
686 1785 882 1841 lucem
904 1783 1133 1839 habitat
1160 1779 1633 1838 inaccessibilem
1653 1779 1707 1849 ([
1727 1778 1870 1832 Tim.
1898 1778 1995 1841 v1),
2024 1796 2050 1822 ››

397 1877 526 1950 ipse
553 1890 744 1931 unum
773 1873 848 1929 de
871 1889 930 1929 se
958 1872 1161 1941 genuit
1186 1871 1310 1926 sine
1342 1874 1608 1941 tempore
1639 1866 1916 1932 Verbum,
1944 1877 2049 1936 per

398 1965 563 2038 quod
588 1964 723 2019 fecit
754 1962 959 2018 omnia
981 1978 1051 2016 ex
1073 1959 1278 2028 nihilo,
1311 1976 1444 2031 quae
1477 1960 1615 2013 sunt
1641 1956 1703 2011 in
1728 1956 1843 2011 hoc
1868 1967 2043 2008 mun-

398 2055 477 2109 do
502 2056 700 2121 (Joan.
734 2054 793 2123 1).
824 2053 1014 2116 Quam
1049 2050 1175 2105 sine
1199 2049 1366 2104 initio
1394 2046 1780 2109 nativitatem,
1814 2048 1869 2098 et
1916 2041 2049 2097 abs—

396 2159 515 2215 que
544 2142 663 2197 ﬁne
694 2139 1137 2211 generationem
1166 2137 1449 2193 admirari
1482 2133 1768 2207 spirituali
1798 2130 2050 2188 intellec-

398 2238 459 2288 tu
484 2230 811 2304 possimus,
833 2229 934 2284 sed
961 2228 1173 2283 intueri
1194 2226 1330 2282 visu
1347 2224 1643 2297 corporali
1661 2237 2050 2295 nequaquam

396 2320 685 2375 valemus.
717 2322 830 2374 Nec
856 2320 1023 2372 Pater
1053 2316 1331 2385 anterior,
1359 2331 1469 2369 nec
1528 2316 1709 2369 Natus
1762 2310 2051 2384 posterior

396 2414 501 2465 est.
526 2413 674 2466 Nam
702 2424 774 2464 ex
803 2407 895 2463 his
924 2407 1163 2462 duabus
1210 2404 1505 2477 personis,
1538 2402 1647 2458 sed
1677 2417 1798 2457 una
1839 2399 2051 2456 indivi-

401 2498 523 2554 dua
553 2493 1211 2569 etincomprehensibili
1235 2492 1510 2558 essentia,
1555 2489 1824 2564 procedit
1871 2488 2051 2561 Spiri-

398 2593 495 2644 tus
517 2590 780 2656 sanctus,
808 2583 957 2640 Patri
986 2588 1041 2639 ct
1073 2581 1212 2638 Filio
1240 2581 1446 2637 similis
1478 2581 1807 2652 majestate,
1839 2582 1895 2634 et
1918 2593 2054 2633 con-

401 2674 809 2732 substantialis
837 2673 1154 2729 indiscreta
1192 2671 1405 2726 deitate
1477 2671 1613 2725 Haec
1671 2670 1731 2724 in
1782 2668 2065 2740 personis

398 2765 645 2821 Trinitas
675 2768 730 2819 et
759 2763 816 2818 in
839 2761 1099 2817 essentia
1130 2776 1249 2815 una
1279 2764 1336 2814 et
1384 2757 1703 2831 rorequalis
1751 2756 2051 2825 divinitas,

396 2859 716 2928 postquam
775 2868 847 2907 ex
898 2850 1082 2906 nihilo
1131 2848 1352 2905 creavit
1402 2847 1746 2902 universum
1820 2846 2049 2909 orbem,

398 2942 699 3014 compegit
750 2957 822 2996 ex
877 2940 1022 2995 limo
1078 2944 1248 2994 terra:
1278 2936 1544 3010 primum
1574 2935 1817 2990 homine

398 3029 715 3085 dormienti
741 3033 968 3085 costam
1000 3026 1261 3096 abstulit,
1293 3025 1441 3081 etde
1472 3041 1543 3080 ea
1572 3023 1880 3079 mulierem
1932 3023 2050 3079 for-

398 3119 585 3175 mavit
614 3120 782 3187 (Gen.
816 3120 941 3190 xu),
965 3121 1029 3172 ut
1054 3133 1124 3172 ex
1162 3132 1370 3172 eorum
1421 3113 1807 3170 immaculata
1845 3112 2051 3169 sobole

403 3212 819 3281 apostatarum
847 3207 1207 3263 sarcirentur
1234 3204 1586 3275 angelorum
1605 3204 1812 3259 ruinae.

468 3302 556 3354 29.
591 3299 751 3363 Quos
781 3297 841 3352 in
874 3295 1158 3369 paradiso
1188 3293 1538 3350 Deliciarum
1582 3292 1799 3366 posuit,
1869 3296 1925 3348 et
1974 3308 2047 3347 ex

397 3387 563 3442 omni
590 3386 753 3456 ligno
793 3384 1106 3441 comedere
1157 3382 1354 3454 jussit,
1404 3386 1755 3454 tantumque
1794 3397 1830 3437 a
1885 3380 2046 3451 ligno

399 3475 664 3533 Scientim
683 3474 829 3531 boni
859 3478 916 3530 et
943 3473 1086 3529 mali
1113 3473 1413 3529 abstinere
1442 3470 1773 3541 mandavit,
1823 3476 1886 3526 ut
1941 3486 2048 3543 per

393 3565 818 3634 obedientiam,
852 3564 977 3619 sine
1009 3562 1204 3619 carnis
1235 3565 1444 3631 morte,
1478 3561 1554 3617 ad
1588 3560 1890 3615 cmlestem
1941 3576 2044 3615 an-

393 3655 663 3725 gelorum
694 3656 949 3729 patriam
975 3653 1343 3726 quandoque
1385 3654 1719 3726 potuissent
1770 3650 2041 3718 transire,

394 3744 443 3799 si
468 3760 530 3799 se
555 3743 954 3813 astringerent
980 3742 1281 3799 charitatis
1308 3740 1545 3797 vinculo
1598 3757 1705 3813 per
1762 3739 2041 3795 obedien-

391 3833 538 3888 tiam
568 3832 828 3887 Creatori
860 3848 992 3887 suo.
1021 3830 1135 3888 Sed
1161 3831 1315 3903 proh
1337 3829 1509 3885 dolor
1532 3830 1543 3884 t
1568 3828 1793 3884 invidia
1810 3843 2046 3899 serpen-

389 3921 484 3983 tis.
511 3922 697 3976 homo
727 3920 1121 3993 cupiditatum
1143 3919 1370 3975 illectus
1394 3923 1484 3975 est
1503 3918 1814 3985 illecebris,
1843 3917 2045 3990 sicque

392 4025 499 4081 per
527 4010 641 4065 hoc
673 4010 850 4065 morti
880 4009 1177 4064 obnoxius
1204 4025 1240 4064 a
1265 4008 1548 4081 paradiso
1579 4012 1668 4063 est
1693 4008 1934 4079 ejectus.

464 4101 576 4153 Nec
606 4097 767 4153 solus
796 4097 1070 4153 meritam
1099 4095 1500 4170 praesumptor
1548 4100 1817 4151 senserat
1868 4096 2042 4167 iram,

390 4186 494 4242 sed
523 4201 731 4241 secum
761 4201 1005 4241 omnem
1033 4186 1265 4254 generis
1290 4186 1383 4241 sui
1408 4184 1585 4240 traxit
1623 4185 2040 4258 propaginem,

2169 346 2645 422 nostram—homo
2674 346 2941 420 mortalis
2974 364 3164 419 factus
3193 368 3281 418 est
3310 380 3380 418 ex
3436 362 3677 433 Virgine
3717 379 3831 417 ma-

2172 456 2273 508 tre.
2301 455 2409 520 Qui
2442 469 2615 509 verus
2648 457 2800 509 Deus
2832 457 2889 508 et
2916 453 3098 509 homo
3126 452 3408 525 prodiens
3453 468 3527 507 ex
3588 451 3832 521 Virginis

2171 547 2356 606 utero,
2417 543 2757 598 mortalium
2816 558 2984 597 more
3031 547 3122 597 est
3175 540 3590 607 circumcisus,
3658 545 3716 595 et
3764 540 3831 596 ab

2167 632 2393 687 Joanne
2423 630 2483 686 in
2513 631 2769 687 Jordane
2825 630 3180 705 baptizatus.
3235 628 3456 685 Deinde
3508 628 3830 701 discipulos

2168 717 2389 790 elegit;
2422 720 2681 793 plurima
2720 720 3006 776 virtutum
3053 718 3223 789 signa
3268 718 3521 791 peregit,
3567 722 3628 772 et
3676 718 3830 790 quod

2167 809 2454 866 veraciter
2481 813 2627 877 erat,
2660 809 2891 864 mundo
2916 808 3120 881 palam
3151 807 3496 864 declaravit.

2237 955 2325 1008 30.
2349 951 2438 1007 Ad
2466 951 2744 1007 ultimum
2765 968 2888 1007 sua:
2909 950 3228 1012 voluntatis
3245 954 3542 1023 potestate
3563 949 3829 1006 animam

2167 1055 2339 1095 suam
2366 1041 2568 1114 posuit
2588 1040 2648 1095 in
2677 1055 2874 1105 cruce,
2901 1045 2966 1096 ut
2982 1055 3093 1096 nos
3150 1039 3472 1095 redimeret
3533 1054 3652 1094 suo
3704 1054 3831 1094 san-

2167 1128 2527 1201 guine,quos
2558 1128 2838 1185 diabolus
2861 1144 2897 1184 a
2928 1128 3124 1201 prima
3145 1127 3358 1183 mundi
3379 1126 3616 1197 origine
3638 1129 3831 1183 astric-

2166 1221 2257 1273 tos
2282 1218 2522 1274 tenehat
2546 1217 2869 1290 captivitati
2900 1232 3043 1274 suae.
3077 1217 3384 1273 Celebrato
3408 1216 3662 1272 tandem
3694 1233 3818 1289 pas-

2168 1306 2350 1362 sionis
2375 1306 2683 1379 mysterio,
2719 1306 3021 1362 destructo
3060 1305 3269 1361 mortis
3308 1305 3587 1377 imperio,
3639 1306 3831 1360 vivens

2167 1395 2261 1452 die
2284 1398 2537 1452 surrexit
2560 1395 2752 1462 tertio,
2788 1395 3053 1451 reddens
3074 1394 3249 1451 nobis
3306 1393 3700 1467 privilegium
3741 1410 3833 1449 na-

2167 1489 2334 1553 turae,
2358 1485 2524 1559 quod
2552 1485 2614 1541 in
2639 1485 2836 1559 primo
2869 1484 3244 1557 perdidimus
3293 1488 3569 1556 parente.
3631 1484 3833 1556 Sicque

2091 1607 2130 1660 Β
2167 1575 2574 1647 quadraginta
2602 1574 2817 1630 diebus
2857 1574 2980 1629 suis
3029 1572 3342 1646 discipulis
3393 1572 3830 1637 manifestatus,

2167 1664 2393 1720 eisdem
2418 1663 2496 1720 ad
2525 1663 2803 1719 ultimum
2832 1661 3325 1718 recumbentibus
3352 1660 3669 1733 apparuit,
3703 1665 3758 1717 et
3776 1662 3831 1717 in

2166 1752 2520 1809 universum
2551 1752 2762 1808 orbem
2791 1751 2875 1807 ire
2900 1751 3230 1819 mandavit,
3294 1756 3358 1806 ut
3414 1751 3833 1807 remissionem

2161 1845 2546 1915 peccatorum
2568 1839 2984 1913 praedicarent,
3007 1844 3065 1896 et
3084 1839 3251 1912 quod
3282 1839 3655 1907 didicerant,
3674 1853 3836 1895 cunc-

2157 1930 2231 1988 tis
2255 1930 2534 2001 gentibus
2548 1929 3080 1987 annuutiarent.Ac
3095 1928 3345 1986 demum
3387 1928 3506 1985 illis
3538 1929 3830 1984 cernenti-

2156 2019 2274 2077 bus
2291 2019 2473 2076 ccelos
2487 2018 2743 2088 rediit,et
2756 2019 2938 2075 victor
2952 2018 3161 2075 mortis
3182 2018 3261 2073 ad
3287 2018 3604 2074 dexteram
3628 2017 3839 2073 assedit

2157 2109 2360 2167 Patris.
2393 2110 2504 2175 Qui
2560 2108 2808 2182 Spiritus
2858 2108 3047 2164 sancti
3126 2106 3489 2163 charismate
3540 2107 3752 2163 refecti
3784 2108 3837 2161 in

2164 2198 2392 2256 cunctis
2421 2198 2645 2255 ﬁnibus
2674 2197 2838 2253 orbis
2870 2201 3012 2254 sunt
3034 2196 3313 2269 dispersi,
3347 2201 3406 2252 et
3459 2196 3631 2252 hanc
3658 2196 3836 2252 ﬁdem

2161 2287 2597 2344 annuntiarunt
2655 2285 2963 2357 omnibus,
3020 2300 3211 2357 quam
3262 2299 3377 2340 nos
3427 2284 3839 2340 indubitanter

2160 2376 2478 2438 credimus,
2511 2379 2568 2432 et
2620 2364 2795 2432 vobis
2842 2375 2905 2430 in
2963 2374 3095 2445 ejus
3145 2373 3391 2430 nomine
3449 2379 3512 2429 et
3553 2388 3672 2445 pro
3717 2374 3838 2445 ejus

2166 2481 2373 2523 amore
2402 2467 2745 2521 constanter
2768 2463 3191 2536 praedicamus.
3222 2465 3353 2518 Haec
3383 2466 3441 2517 et
3471 2461 3570 2517 his
3626 2460 3841 2518 similia

2164 2555 2344 2611 beato
2378 2553 2693 2610 Lantberto
2723 2556 3142 2626 prosequente,
3171 2555 3229 2607 et
3254 2550 3619 2607 mirabiliter
3668 2566 3841 2607 evan-

2166 2644 2474 2715 gelizante,
2537 2642 2811 2699 conversi
2870 2646 3012 2697 sunt
3067 2641 3145 2697 ad
3207 2640 3392 2696 ﬁdem
3449 2640 3839 2709 catholicam,

2163 2736 2459 2805 quotquot
2501 2736 2671 2786 erant
2718 2729 3101 2803 praeordinati
3156 2729 3235 2785 ad
3284 2728 3465 2785 vitam
3524 2733 3837 2785 aeternam.

2165 2823 2326 2875 Tunc
2352 2819 2626 2891 egregius
2652 2819 2862 2875 doctor
2891 2824 2946 2874 et
2974 2817 3441 2873 facundissimus
3476 2817 3841 2890 praedicator

1822 2951 1881 2989 ω
1911 2952 1923 3000 ς
1958 2907 2051 2989 συί
2090 2954 2131 3008 C
2163 2909 2330 3008 idola
2356 2909 2588 3008 dejecit,
2608 2908 2902 3008 populum
2927 2908 3292 3008 baptismate
3310 2907 3529 3008 sanxit,
3555 2907 3839 3007 ecclesias

2164 2999 2514 3067 construxit,
2550 2998 2892 3054 sacerdotes
2922 2997 3240 3068 ordinavit,
3277 3002 3591 3070 totamque
3654 3000 3839 3067 regio-

2161 3102 2302 3144 nem
2331 3087 2497 3143 illam
2526 3087 2753 3143 Christo
2782 3086 3031 3142 Domino
3057 3085 3447 3151 consecravit,
3472 3090 3531 3141 et
3555 3085 3623 3141 in
3652 3086 3840 3141 servi-

2162 3178 2352 3232 tutem
2383 3175 2484 3232 Dei
2516 3174 2576 3230 in
2599 3178 2959 3248 perpetuum
2989 3173 3306 3242 delegavit.

2233 3305 2320 3357 31.
2354 3301 2583 3356 Interea
2608 3299 2828 3356 talibus
2858 3299 3102 3355 instaret
3123 3297 3279 3354 curis
3310 3297 3461 3355 dum
3484 3303 3701 3371 pastor
3732 3298 3838 3355 he-

2159 3389 2300 3456 rilis,
2333 3388 2629 3445 dimicans
2653 3387 2811 3444 bella
2830 3386 3303 3443 victoriosissimi
3325 3386 3525 3458 Regis,
3554 3392 3625 3442 ut
3682 3403 3837 3460 prse-

2157 3475 2333 3532 liator
2382 3476 2638 3531 invictus
2698 3480 2755 3531 et
2822 3474 3011 3542 fortis,
3072 3474 3499 3547 triumphalem
3555 3475 3837 3548 palmam

2156 3564 2425 3637 martyrii
2458 3564 2668 3620 merito
2698 3579 2950 3636 compos
2978 3563 3038 3618 in
3065 3563 3180 3618 hoc
3222 3563 3407 3618 modo
3437 3564 3707 3620 contulit
3760 3564 3837 3619 illi

2160 3655 2325 3725 (517).
2364 3656 2491 3709 Duo
2523 3652 2823 3726 siquidem
2849 3652 3060 3707 fratres
3099 3651 3475 3725 nequissimi,
3510 3653 3726 3709 Gallus
3759 3653 3836 3707 vi-

2156 3742 2368 3798 delicet
2392 3759 2463 3799 ac
2490 3741 2734 3798 Rioldus
2758 3741 2975 3807 vocati,
3005 3739 3295 3796 adversus
3350 3741 3515 3797 beati
3560 3740 3832 3798 famulos

2154 3832 2604 3888 insurrexerunt
2624 3830 2945 3898 Lantbe-rti,
2979 3829 3310 3901 aﬂligentes
3341 3829 3476 3886 illos
3507 3830 3652 3888 dira
3679 3831 3833 3889 cala-

2154 3921 2360 3977 mitate
2386 3926 2441 3977 et
2469 3920 2802 3993 multiplici.
2829 3922 2991 3987 Quos
3014 3936 3157 3976 cum
3182 3920 3428 3975 antistes
3459 3921 3831 3993 patientissi-

2153 4026 2292 4065 mus
2316 4008 2693 4074 humillimis,
2717 4013 2782 4065 ut
2824 4008 3259 4081 resipiscerent,
3311 4013 3596 4065 exoraret
3640 4011 3833 4083 preci-

2152 4098 2289 4169 bus,
2321 4102 2379 4154 et
2403 4097 2755 4171 saepissimis
2778 4101 3056 4168 argueret
3081 4097 3627 4170 increpationibus,
3664 4104 3829 4157 tanta

2152 4187 2518 4260 pertinacius
2550 4201 2794 4257 gregem
2817 4185 3089 4242 Ecclesiae
3131 4184 3530 4255 dilaniabant,
3592 4194 3831 4260 quanto

390 4274 524 4330 etin
556 4274 840 4330 mortiferi
872 4273 1150 4329 facinoris
1175 4274 1396 4330 invexit
1442 4274 1847 4330 acerbitatem.
1900 4274 2043 4331 Hinc
2077 4305 2120 4357 ο
2151 4274 2492 4349 patientius,
2522 4279 2587 4330 ut
2615 4289 2758 4331 oves
2783 4273 3038 4344 Domini,
3067 4290 3277 4331 eorum
3336 4275 3645 4332 saevitiam
3690 4293 3829 4350 per-

387 4364 600 4421 mundi
628 4364 906 4438 princeps
935 4364 1210 4420 homines
1241 4364 1352 4420 sibi
1375 4363 1641 4421 subdidit
1665 4380 1896 4434 omnes,
1938 4365 2043 4421 do-

385 4471 495 4510 nec
525 4455 594 4521 is,
624 4453 728 4527 qui
757 4453 875 4523 egit
898 4453 1061 4525 (516),
1095 4468 1336 4509 carnem
1364 4453 1439 4510 de
1470 4453 1701 4522 Virgine
1759 4454 2037 4527 sumpsit,

382 4560 506 4616 qua
529 4543 805 4598 homines
836 4542 1154 4598 redimeret
1201 4559 1238 4599 a
1292 4547 1462 4598 reatu
1512 4542 2036 4616 praevaricationis,

381 4649 564 4705 quem
596 4649 705 4705 pro
735 4632 1075 4688 infirmitate
1105 4632 1303 4688 carnis
1334 4631 1559 4691 malitia
1580 4631 1775 4688 callidi
1797 4632 2038 4689 seduxe-

380 4727 473 4779 rat
492 4722 697 4778 hostis.
719 4724 907 4788 Quem
934 4737 1076 4777 vero
1098 4737 1169 4777 ex
1190 4724 1357 4777 Patre
1380 4725 1591 4777 natum
1605 4721 1728 4776 dixi
1750 4720 1875 4776 sine
1893 4726 2036 4778 tem-

379 4828 546 4884 pore,
578 4828 649 4867 cx
674 4811 1026 4867 intemerata
1047 4810 1347 4881 genitrice,
1380 4811 1558 4867 Maria
1588 4809 1856 4866 videlicet
1879 4827 2035 4867 sem-

377 4916 486 4972 per
517 4900 767 4972 Virgine,
799 4904 976 4957 natus
1001 4904 1089 4955 est
1115 4900 1177 4955 in
1209 4904 1495 4971 tempore,
1527 4904 1583 4955 et
1617 4899 1696 4955 ad
1727 4899 1925 4956 electri
1966 4901 2036 4955 si-

378 4990 774 5046 militudinem
799 5005 956 5045 unus
982 4990 1043 5044 in
1067 4993 1323 5061 utraque
1347 4993 1402 5045 et
1427 5006 1499 5045 ex
1522 4995 1775 5063 utraque
1796 4994 2032 5063 natura,

448 5144 534 5227 (51
550 5147 596 5227 i)
626 5148 984 5227 Tcxandria,
1010 5165 1220 5227 qpa_m__
1248 5149 1345 5227 alii
1399 5149 1877 5227 Thessandriam,
1920 5154 2007 5227 ⁸Το

374 5215 691 5297 xandriam
726 5215 1225 5297 S(:1'il)11nt,'_Belgii
1252 5226 1601 5297 tractuscst,
1658 5222 1829 5297 cujus
1865 5215 2031 5278 'situs

374 5289 442 5369 et.
459 5285 672 5342 limites
703 5293 901 5369 suntna
926 5285 1281 5369 Trajectensi
1300 5292 1525 5369 oppido
1554 5285 1763 5369 versus
1789 5293 2028 5369 Septen-

358 5360 627 5413 trioucm
661 5360 757 5414 vix
787 5360 971 5415 tribus
1002 5360 1552 5421 milliaribus’fﬂinc
1577 5360 2021 5421 Texandrorum

2151 4365 2439 4422 ferebant.
2475 4364 2767 4431 Quocirca
2794 4364 2963 4437 ponti
2991 4364 3120 4421 ﬁcis
3168 4364 3413 4421 clientes
3470 4370 3532 4421 et
3582 4369 3831 4438 cognati

2150 4456 2252 4529 qui
2279 4458 2448 4512 erant
2474 4454 2760 4528 prasapia
2780 4453 3159 4521 nobilissimi,
3209 4452 3535 4510 afﬂictione
3588 4455 3835 4527 subjec-

2151 4550 2348 4602 torum
2378 4544 2760 4616 instigantur,
2810 4549 2867 4600 et
2918 4547 2984 4599 ut
3033 4542 3338 4599 maleﬁcos
3393 4546 3693 4619 persequi
3734 4545 3835 4602 de

2147 4634 2349 4702 beant,
2377 4650 2448 4690 eo
2477 4633 2813 4704 ignorante,
2847 4633 3155 4689 communi
3184 4631 3437 4689 consilio
3459 4633 3829 4692 deliberant.

2148 4727 2298 4781 Nam
2323 4722 2805 4796 supradictorum
2834 4721 3087 4779 fratrum
3135 4721 3439 4793 protervia
3492 4730 3829 4789 crescente,

2148 4813 2278 4871 etin
2297 4812 2527 4869 malum
2538 4811 2923 4887 perdurante,
2941 4811 3097 4868 viros
3117 4825 3332 4881 genere
3345 4809 3827 4881 famosissimos,

2144 4902 2327 4958 armis
2353 4902 2734 4974 conspicuos,
2765 4900 2843 4956 ab
2868 4900 3149 4957 inchoato
3172 4915 3354 4972 opere
3401 4916 3821 4975 nequaquam

2147 4991 2441 5058 (abundat
2470 4994 2874 5063 nequaquam)
2909 4989 3137 5064 pepigit
3187 4988 3469 5046 animum
3505 5007 3829 5049 revocare.

2144 5148 2540 5207 Christianam
2572 5150 2970 5222 explicantem
3000 5149 3247 5207 inducit.

2211 5222 2357 5294 (516)
2391 5222 2449 5294 td
2481 5226 2586 5294 est,
2620 5220 2725 5292 q'm'
2745 5224 2890 5292 fecit
2916 5238 3024 5294 seu
3048 5222 3274 5277 creavit
3307 5220 3602 5277 homines.

2212 5292 2354 5364 (517)
2386 5292 2607 5348 Vitiosa
2637 5297 2724 5348 est
2753 5295 2877 5349 haec
2903 5293 3207 5365 periodus,
3241 5308 3381 5365 quae
3403 5296 3617 5348 tamen
3686 5294 3835 5352 sui

2212 5364 2321 5419 oris
2351 5368 2612 5419 mentem
2646 5365 2786 5421 satis
2811 5364 3075 5422 exnonit.
3125 5362 3300 5422 Apud
3343 5363 3834 5422 Chaneavillum

2132 5362 2321 5489 ptooris
2351 5368 2612 5419 mentem
2646 5365 2786 5421 satis
2811 5362 3075 5447 exponit.
3125 5362 3300 5446 Apud
3343 5363 3553 5446 Chape

2155 5440 2347 5489 egitur
2375 5452 2387 5489 :
2417 5437 2691 5489 Palmam
2723 5444 3005 5489 martum
3036 5436 3310 5489 Christus
3340 5436 3553 5489 Domm

2133 5436 2347 5505 legitur
2375 5452 2387 5489 :
2417 5437 2691 5492 Palmam
2723 5436 3011 5505 martyrii
3036 5436 3310 5491 Christus
3340 5436 3651 5491 Dominus
3711 5437 3829 5495 [tot

2133 5508 2305 5562 modo
2336 5509 2609 5563 contulit.

375 5430 633 5503 apostoli
660 5446 881 5503 nomen
902 5435 1259 5503 promeruit.

442 5505 590 5573 (515)
618 5500 948 5580 Subdithic
976 5505 1270 5580 prolixum
1298 5506 1483 5563 sancti
1513 5506 1776 5580 episcopi
1799 5523 2019 5580 sermo-

368 5587 504 5628 nem
516 5618 529 5643 ,
544 5589 667 5646 quo
682 5572 1018 5646 Stephanus
1028 5574 1225 5647 ipsum
1240 5592 1348 5649 pro
1370 5595 1478 5634 suo
1491 5572 1669 5634 sensu
1681 5572 1907 5635 doctrin
1916 5596 2016 5635 am
