4034 6190
125 203 226 255 657

1367 200 1457 254 DE
1495 201 1659 256 VlTA
1700 197 1942 256 SANCTI
1987 197 2376 255 LAMBERTI.

3506 217 3610 272 658

195 325 284 377 32.
320 320 483 386 Quid
540 319 762 393 plura?
796 321 934 379 Illos
973 321 1132 379 bello
1189 321 1587 396 obpetierunt,
1645 326 1801 379 utro-
1829 325 1875 377 Α
1918 320 2212 376 Viderunt
2269 322 2452 394 plane
2484 323 2726 393 signum
2754 324 3038 381 mirabile
3067 325 3261 384 instar
3281 331 3472 387 crucis
3503 324 3616 390 Do-

125 425 275 482 sque
305 408 521 464 mortis
551 407 794 481 piaculo
846 410 1211 466 indiderunt.
1272 410 1499 477 Quibus
1544 411 1627 467 ita
1657 410 1802 466 inte-

123 499 375 572 remptis
409 502 468 554 et
516 498 577 553 in
627 497 843 555 inferni
884 499 1240 556 barathrum
1295 499 1603 567 demersis,
1639 499 1803 555 Dodo

120 587 349 655 infelix,
382 586 741 660 eorum,qui
766 587 1003 643 multati
1033 588 1284 656 fuerant,
1318 587 1637 661 proximus
1671 586 1801 643 atti-

124 678 240 746 nis,
264 676 685 734 heereditatem
735 676 972 733 infandi
1004 677 1261 751 suscepit
1292 676 1576 733 criminis.
1608 674 1805 732 Perse;

123 766 388 823 eutionis
444 766 675 840 quippe
723 766 1171 823 successionem
1213 765 1291 822 ad
1340 765 1680 823 satiandam
1714 763 1804 819 sui

124 855 350 912 furoris
382 855 848 922 immanitatem,
880 871 1005 912 non
1050 860 1254 913 tamen
1278 855 1359 912 ad
1388 871 1510 910 suae
1540 853 1803 910 utilitatis

123 945 355 1019 recepit
381 944 887 1001 incolumitatem.
913 945 1018 1001 Hic
1043 960 1308 1019 namque
1332 943 1616 1017 superbia
1637 942 1809 1000 tumi-

123 1035 267 1106 dus,
290 1033 565 1090 conciliis
585 1032 803 1090 habitis
832 1038 890 1088 et
918 1034 1103 1089 armis
1131 1033 1359 1104 rigidus
1390 1033 1539 1104 (518)
1578 1032 1807 1089 lethum

117 1122 286 1179 beati
313 1120 597 1179 antistitis
628 1120 927 1177 Lautberti
954 1121 1036 1178 ob
1076 1121 1670 1193 consanguineorum
1699 1136 1805 1175 ne-

123 1229 264 1269 cem
314 1210 504 1268 corde
533 1210 715 1283 coepit
739 1209 1035 1280 meditari,
1066 1214 1123 1267 et
1150 1211 1265 1284 ipsi
1305 1226 1485 1284 opere
1515 1209 1802 1266 insidiari.

127 1301 300 1358 Unde
332 1300 448 1356 sibi
480 1299 679 1356 socios
727 1298 1021 1371 copulaus
1054 1299 1340 1356 audacter
1367 1299 1609 1372 iniquos
1641 1303 1699 1354 et
1726 1298 1807 1355 ad

121 1389 543 1464 przeliandum
563 1387 936 1459 fortissimos,
962 1388 1246 1444 Leodium
1274 1388 1523 1458 adierat,
1545 1403 1667 1461 quo
1698 1404 1806 1443 cae-

121 1479 259 1537 lebs
292 1479 441 1550 (519)
475 1477 570 1534 his
599 1476 810 1533 diebus
840 1476 988 1533 forte
1026 1476 1333 1534 manebat.
1369 1476 1593 1533 Eadem
1631 1480 1803 1532 nocte

125 1566 404 1641 pontifex
453 1565 844 1636 dignissimus
894 1580 1119 1621 corona
1159 1565 1428 1638 martyrii
1464 1564 1801 1620 subliman-

125 1657 265 1723 dus,
298 1654 526 1712 relictis
567 1654 627 1709 in
656 1654 838 1709 domo
870 1654 1167 1726 soporatis
1216 1653 1551 1724 sodalibus,
1584 1653 1802 1710 adora-
1832 1674 1875 1726 Β

126 1745 358 1802 tionem
386 1742 649 1816 perrexit
669 1740 990 1808 solitarius,
1013 1756 1202 1813 quam
1219 1742 1552 1798 diutissime
1582 1742 1823 1815 produ-_

127 1849 296 1903 cens,
329 1836 389 1888 et
413 1828 855 1899 infatigabiliter
899 1830 1274 1902 persolvens,
1307 1830 1385 1886 ad
1420 1830 1570 1886 lucis
1598 1845 1806 1902 crepu-

127 1921 374 1979 sculum
432 1934 625 1992 usque
674 1917 986 1992 protelavit
1038 1922 1347 1991 totamque
1399 1934 1568 1991 spem
1629 1933 1805 1974 suam

132 2010 394 2068 Domino
417 2008 737 2065 commisit.

244 2139 469 2206 Igneus
497 2133 810 2206 astrigeras
826 2134 956 2204 jam
980 2133 1069 2206 _sol
1090 2132 1389 2203 migrabat
1408 2133 1485 2206 ad
1507 2149 1696 2206 arces,

240 2204 525 2262 Crinibus
551 2209 605 2262 et
633 2204 818 2261 roseis
844 2204 1121 2261 tenebras
1151 2220 1372 2260 aurora
1403 2204 1675 2274 fugabat,

135 2333 286 2388 Cum
314 2334 490 2387 Pater
512 2328 916 2385 memorabilis
927 2328 1180 2385 domum
1196 2329 1445 2402 repetiit,
1476 2328 1804 2402 discipulos

132 2439 168 2479 a
189 2437 414 2477 somno
432 2419 724 2489 excitavit,
743 2424 800 2474 et
825 2422 887 2474 ut
911 2417 1287 2475 matutinales
1308 2418 1570 2491 hymnos
1594 2434 1803 2474 secure

130 2514 444 2580 canerent,
473 2507 695 2564 eisdem
716 2507 1051 2580 imperavit.

202 2623 297 2674 33.
361 2615 589 2682 Quibus
620 2619 888 2680 strenuo,
916 2618 974 2669 et
1029 2613 1190 2669 velut
1219 2613 1490 2683 decebat,
1525 2612 1800 2685 religiose

128 2704 474 2779 completis,
529 2702 654 2776 ipse
707 2702 997 2759 Dominus
1038 2701 1282 2774 jejuniis
1328 2706 1385 2757 et
1434 2702 1803 2759 orationibus

128 2800 263 2852 erat
293 2793 550 2850 nimium
578 2792 860 2865 fatigatus
894 2808 907 2846 :
954 2807 1078 2864 qua
1108 2790 1182 2846 de
1226 2806 1287 2846 re
1317 2789 1558 2846 famulis
1589 2806 1802 2862 sugge-

130 2883 432 2949 rentibus,
462 2880 539 2936 ad
565 2880 785 2936 lectum
814 2878 1049 2947 regredi
1076 2884 1164 2934 est
1192 2878 1564 2951 compulsus,
1593 2884 1799 2952 quate-

132 2989 253 3028 nus
280 2969 696 3027 lassitudinem
718 2968 915 3025 vexati
937 2967 1203 3040 corporis
1233 2967 1588 3041 quantisper
1607 2968 1802 3042 quiete

133 3061 444 3118 alleviaret
473 3059 723 3132 soporis.
788 3058 904 3114 Sed
930 3057 1148 3113 frustra
1179 3056 1261 3113 ibi
1310 3056 1618 3128 quaerebat
1646 3057 1802 3114 leva-

134 3166 303 3217 men,
335 3148 439 3205 ubi
487 3146 716 3203 nullam
747 3146 989 3202 volebat
1035 3144 1256 3201 habere
1300 3144 1630 3202 mollitiem.
1664 3146 1804 3201 Cor-

134 3256 256 3313 pus
289 3237 510 3293 ctenim
540 3253 741 3306 suum,
768 3234 936 3308 quod
967 3250 1073 3307 per
1101 3234 1262 3290 diem
1293 3234 1421 3290 sine
1450 3234 1804 3291 remissione

136 3326 507 3395 macerabat,
539 3341 645 3397 per
673 3328 914 3380 noctem
965 3323 1090 3378 sine
1129 3322 1567 3380 intermissione
1598 3323 1803 3394 attige-

135 3417 262 3472 bat.
297 3414 607 3472 Mundatus
658 3428 881 3485 nempe
928 3411 1163 3467 dudum
1199 3427 1371 3467 sacro
1422 3412 1803 3485 baptismate,

138 3503 533 3559 sublimatum
581 3500 937 3558 sacerdotali
995 3500 1461 3569 consecratione,
1520 3500 1806 3573 paracleti

138 3592 393 3665 Spiritus
425 3591 802 3664 purgabatur
824 3588 1237 3655 illustratione,
1283 3588 1581 3644 candidus
1609 3589 1688 3644 ad
1714 3590 1804 3643 ul-

137 3681 356 3736 timum
377 3679 619 3753 proprio
646 3693 879 3734 cruore.
906 3676 1184 3733 Nondum
1212 3692 1352 3733 vero
1376 3677 1801 3743 obdormierat,

137 3769 247 3825 sed
276 3768 495 3824 felicius
520 3768 825 3840 quiescere
855 3766 1263 3839 exspectabat,
1291 3783 1432 3822 cum
1461 3782 1620 3822 unus
1650 3765 1796 3836 (520)

138 3875 174 3915 e
207 3858 445 3914 famulis
474 3862 659 3913 domo
672 3856 1066 3921 forasexiit,ct
1092 3855 1371 3911 hostilem
1389 3871 1649 3911 cuneum
1662 3854 1802 3910 emi-

138 3964 261 4004 nus
292 3947 488 4003 venire
520 3945 851 4018 conspexit.
878 3948 950 4000 At
973 3946 1100 4016 ipse
1133 3945 1399 4000 concitus
1428 3946 1582 3999 intro
1613 3943 1802 4011 rediit,

139 4043 220 4105 et,
254 4037 400 4109 quid
426 4036 655 4105 viderit,
682 4035 805 4090 suis
827 4034 1147 4089 comitibus
1171 4034 1445 4090 nuntiare
1475 4050 1597 4089 non
1626 4033 1808 4089 distu-

140 4126 226 4181 lit.
256 4128 416 4181 Tunc
454 4140 659 4180 omnes
686 4123 768 4179 illi
799 4124 858 4178 in
904 4128 1213 4195 stuporem
1241 4122 1574 4178 formidinis
1606 4121 1805 4178 subito

140 4213 321 4283 versi,
374 4214 670 4268 domuum
701 4211 1046 4284 pontiﬁcem
1094 4226 1216 4267 non
1264 4210 1504 4266 fuerunt
1547 4209 1805 4267 excitare

142 4302 297 4359 ausi.
328 4301 646 4358 Praestolati
678 4306 817 4356 sunt
843 4300 949 4355 diu
979 4299 1232 4366 silenter,
1258 4300 1449 4355 donec
1480 4299 1805 4372 appropin-

140 4395 398 4464 quarent
425 4388 743 4445 adversarii
788 4388 1117 4444 venientes.

216 4484 304 4537 3-i.
341 4479 455 4537 Sed
496 4495 691 4551 neque
746 4477 1205 4534 transiliendum
1262 4482 1430 4549 puto,
1462 4475 1629 4548 quod
1677 4477 1805 4547 qui-

146 4569 408 4625 busdam
469 4567 792 4623 exercitum
837 4566 1227 4639 sequentibus
1261 4582 1295 4621 a
1326 4570 1492 4634 tergo
1534 4565 1807 4637 omnipo-

147 4657 321 4715 tentis
356 4656 455 4713 Dei
482 4656 742 4712 ostendit
771 4654 1078 4712 celsitudo.

253 4778 513 4850 Edicam
541 4778 791 4850 scriptis,
824 4778 1101 4850 clamabo
1130 4777 1378 4833 vocibus
1408 4776 1565 4845 altis,

249 4853 431 4906 Totus
461 4849 540 4905 ab
566 4846 796 4919 integro
818 4849 1171 4904 saeculorum
1203 4853 1413 4904 noscat
1433 4852 1499 4903 ut
1527 4846 1695 4903 ordo.

217 5012 367 5082 (518)
422 5011 507 5067 Ita
529 5010 754 5082 restitui
784 5027 857 5067 ex
903 5010 1304 5082 Chapeavillo,
1354 5026 1492 5082 cum
1514 5009 1575 5064 in
1602 5008 1807 5066 codice

146 5080 362 5157 nostra
387 5082 673 5157 mendose
702 5081 995 5152 legeretur
1020 5080 1047 5136 ε’
1067 5081 1326 5137 consiliis
1356 5080 1599 5137 habitus
1630 5084 1688 5137 et
1712 5097 1806 5137 ar-

144 5153 260 5208 mis
292 5153 565 5223 frigidus.

215 5222 493 5295 (519)71ta
542 5224 721 5280 etiam
773 5222 955 5279 habet
1006 5222 1655 5295 Chapeavillustem
1691 5225 1808 5295 Ste-

147 5294 390 5368 phanus
421 5296 496 5368 de
527 5297 583 5368 S.
618 5295 940 5368 Lantberto
970 5310 1156 5368 agens
1172 5294 1372 5368 denuo
1393 5294 1594 5365 utitur,
1613 5294 1695 5368 sic
1725 5294 1810 5368 in-

146 5365 384 5438 quiens.
420 5367 721 5438 Cathedra,
773 5367 867 5421 vir
914 5366 1119 5438 caelebs
1174 5366 1433 5438 ejicitur.
1479 5368 1645 5438 Forte
1671 5365 1812 5438 insi-

148 5435 333 5507 gnem
360 5437 549 5493 sancti
581 5436 913 5493 castitatem
971 5436 1151 5492 voluit
1188 5436 1492 5505 denotare,
1541 5436 1637 5491 vel
1668 5435 1812 5491 allu-

148 5508 289 5565 dere
316 5509 397 5564 ad
428 5508 589 5564 vocis
616 5515 876 5578 etymon,
904 5507 979 5562 de
1007 5523 1130 5579 quo
1164 5510 1367 5563 Festus
1394 5507 1561 5579 apud
1586 5507 1810 5579 Bober-

148 5585 278 5636 tum
310 5580 681 5652 Stephanum
698 5580 777 5652 in~
810 5578 1092 5635 thesauro
1118 5581 1202 5652 ait
1225 5596 1252 5652 :7
1289 5578 1561 5635 Caelibem
1585 5578 1812 5635 dictum

150 5650 523 5721 existimant,
550 5650 710 5723 quod
737 5650 984 5721 dignam
1014 5651 1162 5707 creto
1193 5651 1377 5707 vitam
1407 5655 1570 5721 agat.

1912 408 2159 465 miniew
2216 426 2405 482 supra
2454 411 2709 469 domum
2756 413 3064 486 pontiticis
3118 417 3383 487 rutilare,
3441 421 3611 493 quod

1910 515 2042 572 prae
2074 498 2401 571 splendore
2432 502 2714 558 claritatis
2770 520 2884 560 nec
2916 504 3052 560 visu
3091 510 3219 563 erat
3268 508 3438 565 facile
3464 525 3608 567 nec-

1911 587 2083 644 dictu
2110 588 2357 645 atfabile
2409 591 2694 661 (effabile)
2750 592 2880 648 ulli.
2948 593 3072 649 Hoc
3103 595 3310 668 utique
3369 599 3606 656 Chistus

1913 678 2213 733 Dominus
2242 677 2380 735 ideo
2410 679 2595 736 voluit
2652 684 2964 738 ostentare
2993 684 3370 754 mortalibus,
3401 692 3468 743 ut
3494 704 3605 761 per

1912 765 1975 822 id
2004 766 2240 838 liquido
2270 767 2519 824 daretur
2546 770 2791 841 intelligi
2834 770 3015 826 illum
3055 772 3341 829 veraciter
3367 776 3603 833 redem-

1911 858 2094 927 ptum
2124 856 2423 925 sanguine
2455 857 2689 927 Christi,
2740 863 2928 930 atque
2978 859 3331 916 cruciﬁxum
3367 862 3600 922 deside-

1912 943 2016 1000 riis
2047 943 2284 1001 mundi.
2321 948 2471 1002 Cum
2503 950 2705 1003 autem
2738 948 2913 1003 Dodo
2947 948 3373 1019 ferocissimus,
3406 954 3594 1010 armis

1913 1033 2199 1106 nequitiis
2229 1034 2554 1101 accinctus,
2584 1036 2807 1107 junctis
2840 1036 2959 1092 sibi
2990 1038 3268 1094 nefandis
3294 1040 3599 1112 complici-

1911 1122 2052 1190 bus,
2087 1124 2165 1178 ad
2195 1123 2399 1179 villam
2450 1125 2828 1196 pervenisset
2887 1128 3166 1199 superius
3197 1130 3595 1201 nominatam,

1912 1211 2096 1286 coepit
2137 1212 2408 1268 minister
2438 1213 2679 1269 malitite
2741 1230 2920 1270 arma
2959 1231 3341 1289 concrepare,
3397 1220 3595 1277 socios

1910 1317 2265 1375 provocare,
2292 1306 2352 1358 et
2406 1306 2684 1358 sanctum
2719 1302 2820 1359 Dei
2853 1305 3234 1361 sacerdotem
3260 1306 3376 1361 hac
3426 1308 3592 1364 illac-

1910 1406 2032 1464 que
2061 1390 2420 1447 bacchando
2451 1391 2818 1464 perquirere.
2866 1392 3013 1449 Hinc
3044 1394 3346 1462 satellites,
3381 1398 3591 1454 vesani

1909 1479 2130 1537 lictoris
2155 1480 2341 1551 jussis
2374 1480 3146 1553 obsecundantes,effractis
3177 1483 3591 1553 foribus,diru-

1909 1569 2149 1643 ptisque
2182 1568 2451 1641 scpibus,
2481 1568 2632 1626 sicut
2652 1569 2805 1625 inter
2831 1585 2975 1626 oves
3002 1570 3151 1643 lupi,
3183 1575 3411 1628 cortem
3436 1578 3589 1631 atro-

1913 1657 2055 1713 citer
2081 1660 2219 1712 sunt
2249 1656 2525 1726 ingressi.

1984 1804 2071 1855 35.
2108 1798 2403 1854 Continuo
2436 1798 2814 1867 Lantbertus,
2836 1798 2937 1854 Dei
2968 1800 3315 1870 agonitheta
3344 1802 3585 1859 fortissi-

1914 1905 2073 1956 mus,
2105 1903 2417 1943 armorum
2458 1886 2883 1957 congressione
2924 1889 3377 1961 expergefactus
3410 1895 3584 1962 (521),

1913 1994 1949 2032 a
1975 1977 2127 2033 lecto
2176 1976 2447 2043 surrexit,
2476 1991 2682 2031 ensem
2709 1991 2901 2032 manu
2954 1977 3259 2051 corripuit,
3291 1984 3348 2035 et
3376 1985 3585 2038 contra

1911 2068 2112 2123 hostes
2164 2066 2451 2121 dimicare
2508 2064 2879 2121 deliberavit.
2944 2069 3059 2122 Nec
3125 2083 3299 2123 mora
3362 2069 3584 2125 exstitit

1912 2155 2266 2211 sententiam
2298 2154 2512 2227 prioris
2540 2153 2727 2209 animi
2773 2154 3048 2221 mutavit,
3080 2155 3347 2225 gladium
3377 2156 3438 2211 in
3468 2160 3580 2213 ter-

1911 2259 2043 2299 ram
2073 2242 2412 2315 projiciens,
2449 2244 2506 2295 et
2542 2240 2673 2294 haec
2724 2240 2906 2295 corde
2933 2240 3177 2297 dicens:
3215 2263 3242 2291 «
3280 2243 3449 2314 Eripe
3478 2259 3578 2299 me

1911 2331 1986 2386 de
2012 2330 2265 2386 inimicis
2292 2328 2461 2396 meis,
2497 2331 2650 2383 Deus
2689 2343 2887 2395 meus,
2919 2333 2977 2384 et
3017 2329 3094 2385 ab
3123 2329 3575 2399 insurgentibus

1911 2419 1972 2475 in
2004 2435 2098 2475 me
2124 2418 2315 2474 libera
2343 2432 2477 2472 me:
2528 2416 2823 2489 quoniam
2861 2432 3055 2488 neque
3103 2418 3387 2490 iniquitas
3415 2436 3574 2489 mea,

1910 2524 2107 2581 neque
2136 2510 2451 2581 peccatum
2482 2510 2589 2571 est,
2639 2510 2885 2578 propter
2913 2506 3077 2578 quod
3125 2506 3578 2565 insurrexerunt

1911 2596 2233 2653 adversum
2266 2610 2363 2650 me
2390 2593 2569 2649 fortes
2600 2598 2657 2649 et
2683 2592 2894 2666 iniqui.
2930 2597 3076 2650 Ecce
3104 2611 3430 2667 synagogas
3461 2612 3573 2668 po-

1911 2686 2163 2743 tentium
2218 2686 2496 2756 quaerunt
2541 2681 2810 2738 animam
2867 2698 3087 2752 meam,
3134 2694 3321 2756 quam
3367 2684 3577 2757 depre-

1912 2790 2015 2831 cor
2046 2778 2108 2829 ut
2133 2771 2426 2844 suscipias
2452 2770 2513 2827 in
2542 2786 2714 2843 pace,
2746 2771 2851 2843 qui
2881 2787 2946 2827 es
2991 2772 3238 2829 mirator
3266 2777 3322 2829 et
3350 2773 3575 2829 miseri-

1912 2881 2066 2935 cors,
2099 2862 2346 2919 Domine
2404 2860 2597 2932 (Psal.
2644 2865 2824 2927 Lvm).
2860 2884 2887 2910 »
2918 2864 3050 2917 Haec
3074 2861 3277 2934 itaque
3306 2878 3445 2918 cum
3483 2862 3574 2919 la-

1911 2952 2134 3026 crymis
2165 2952 2228 3005 B.
2292 2948 2609 3005 Lantberto
2639 2948 3021 3021 implorante,
3052 2949 3220 3023 impii
3273 2950 3575 3024 apparito-

1911 3058 2007 3099 res
2040 3038 2372 3115 procaciter
2423 3036 2780 3103 fremebant,
2833 3037 3196 3110 lanceasque
3245 3038 3573 3111 parietibus

1912 3129 2260 3201 inﬁgebant,
2293 3132 2349 3184 et
2376 3126 2631 3183 domum
2655 3130 2971 3201 penetrare
2996 3127 3328 3183 tentabant.
3352 3132 3423 3183 At
3451 3127 3575 3183 dno

1912 3222 2162 3293 nepotes
2188 3216 2401 3289 ipsius,
2457 3217 2662 3271 Petrus
2694 3214 2970 3271 videlicet
2998 3220 3177 3288 atque
3208 3214 3572 3283 Audolecus,

1912 3309 2136 3365 fortiter
2160 3306 2243 3362 eis
2291 3304 2667 3371 resistebant,
2721 3303 2827 3376 qui
2851 3303 3105 3360 domum
3158 3303 3376 3360 intrare
3415 3303 3571 3361 vole-

1910 3397 2078 3454 bant.
2112 3394 2341 3461 Quibus
2369 3393 2451 3449 ita
2481 3393 2874 3450 frementibus
2903 3397 2960 3449 et
2987 3392 3229 3449 viriliter
3254 3393 3569 3464 agentibus

1911 3486 2002 3543 vir
2051 3483 2244 3556 inquit
2300 3481 2756 3537 serenissimus:
2819 3482 2876 3537 Si
2929 3497 3046 3550 me,
3105 3481 3229 3548 ﬁlii,
3280 3482 3569 3539 hactenus

1912 3573 2199 3631 veraciter
2253 3569 2561 3639 dilexistis,
2636 3586 2798 3625 nunc
2865 3568 3094 3624 consilii
3161 3569 3277 3624 mei
3332 3570 3569 3626 obedite

1912 3660 2247 3736 praeceptis.
2305 3660 2510 3713 Vestra
2560 3660 2701 3713 Jesu
2756 3662 3001 3729 peccata
3064 3656 3452 3730 conﬁtemini,
3514 3661 3571 3713 et

1913 3755 2077 3808 orate
2101 3764 2212 3822 pro
2266 3746 2546 3813 invicem,
2575 3749 2640 3801 ut
2684 3743 3012 3800 salvemini.
3072 3744 3163 3799 Sic
3192 3750 3398 3816 pastor
3428 3760 3567 3803 san-

1914 3844 2043 3896 ctus
2067 3838 2231 3893 dixrt.
2266 3838 2483 3892 Contra
2513 3834 2595 3889 sic
2624 3833 2949 3890 Audoletus
2980 3832 3308 3906 respondit:
3340 3834 3567 3905 Ignem,

1916 3930 2083 3984 Pater
2170 3922 2538 3990 charissime,
2628 3922 2831 3993 ignem
2924 3921 3230 3977 minantur
3319 3921 3567 3989 mittere,

1914 4034 2037 4090 quo
2058 4015 2279 4072 domus
2308 4013 2437 4068 htec
2464 4011 2840 4083 incendatur,
2894 4014 2950 4068 et
2976 4026 3087 4068 nos
3117 4011 3337 4085 pariter
3364 4025 3574 4068 exura-

1916 4122 2073 4162 mur.

1986 4234 2073 4287 36.
2089 4229 2182 4285 Ad
2208 4230 2336 4285 haec
2367 4228 2456 4284 vir
2482 4226 2919 4284 venenerabilis
2936 4226 3109 4284 dixit:
3136 4225 3320 4283 Nolite
3345 4225 3572 4295 timere,

1913 4318 2038 4388 ﬁlii,
2096 4318 2377 4375 ﬂammas
2435 4316 2727 4372 incendii:
2772 4320 2926 4373 certe
2969 4320 3187 4388 potens
3206 4319 3297 4371 est
3332 4315 3578 4371 dextera

1916 4407 2017 4464 Dei
2062 4408 2288 4480 eripere
2342 4422 2455 4462 nos
2500 4423 2534 4462 a
2585 4406 2851 4479 periculo
2901 4404 3256 4461 imminenti.
3306 4403 3463 4474 Illos,
3512 4406 3579 4458 ut

1918 4497 2118 4568 timeo,
2152 4495 2515 4568 sempiterna
2544 4495 2754 4551 induet
2782 4493 3053 4549 confusio
3079 4509 3091 4545 :
3145 4507 3328 4564 super
3351 4508 3483 4561 nos,
3510 4495 3577 4545 ut

1916 4585 2115 4653 credo,
2138 4585 2238 4641 Dei
2267 4583 2558 4641 eﬂlorebit
2587 4582 3288 4641 sanctificatio.Attamen
3316 4597 3445 4652 vos,
3472 4579 3576 4652 qui

1916 4674 1998 4730 rei
2056 4674 2244 4730 fuistis
2297 4673 2357 4730 in
2406 4673 2653 4730 crimine
2707 4673 2879 4743 (522),
2935 4669 3289 4727 sententiam
3335 4667 3576 4725 ultionis

1918 4764 2100 4820 modo
2127 4764 2385 4836 recipite,
2430 4778 2506 4819 ne
2534 4778 2641 4817 vos
2688 4760 2996 4817 infernalis
3028 4758 3250 4816 cruciet
3275 4759 3571 4828 gehenna,

1917 4856 2022 4908 sed
2067 4853 2335 4926 expiatos
2377 4851 2654 4925 perennis
2701 4849 2957 4922 excipiat
3017 4849 3155 4904 vita.
3202 4849 3287 4904 Ita
3363 4862 3573 4903 omnes

1990 5014 2136 5083 (520)
2188 5013 2518 5069 Baldoveus
2570 5012 2620 5066 is
2668 5013 2813 5080 erat,
2869 5014 3010 5066 teste
3053 5008 3462 5065 Godeschalco
3512 5008 3575 5064 in

1916 5083 2045 5139 Vita
2074 5083 2149 5139 de
2180 5088 2239 5139 Β.
2274 5083 2614 5140 Lantberto.

1988 5155 2138 5226 (521)
2182 5155 2285 5211 Hic
2324 5154 2625 5226 discrepat
2675 5152 3011 5223 Stephanus
3059 5167 3097 5207 a
3144 5149 3550 5226 Godeschalco

1916 5226 2017 5296 qui
2049 5222 2193 5282 in'S.
2230 5222 2631 5296 Lantbertum,
2663 5222 2791 5279 non
2826 5238 3136 5296 armorum
3167 5222 3437 5296 strepitu,
3470 5237 3532 5296 se

1917 5294 1959 5352 εἷ
1986 5296 2281 5352 Baldoveo
2338 5295 2564 5351 famulo
2594 5310 2704 5350 suo
2757 5294 3045 5351 exitatum
3074 5294 3252 5362 dicit;
3305 5294 3413 5350 sed
3463 5295 3574 5349 Go-

1917 5365 2221 5423 deschalci
2250 5366 2442 5439 potior
2469 5369 2559 5421 est
2572 5438 2575 5439 )
2589 5365 2928 5439 auctoritas.

1989 5439 2138 5507 (522)
2168 5433 2273 5493 Per
2301 5438 2526 5492 crimen
2553 5436 2990 5510 Godeschalcus
3020 5436 3187 5510 apud
3223 5433 3575 5510 Chapeavil:

1918 5504 2439 5581 lumLStephanus
2454 5512 2520 5581 et
2577 5508 2913 5581 Sigebertus
2953 5504 3323 5581 agnoscunt,
3351 5504 3574 5581 'eosad

1919 5576 2271 5659 praedictam
2319 5579 2490 5659 Ga_11i_
2513 5584 2570 5636 et
2603 5576 3075 5659 ltioldicaedeiu
3123 5596 3232 5659 suo
3282 5576 3573 5647 sanguine

1921 5650 2286 5723 expiandam
2318 5668 2355 5709 a
2382 5653 2437 5708 S.
2474 5652 2789 5710 Lantberto
2820 5652 3095 5709 inductos
3121 5650 3322 5707 fuisse.
