4034 6190
457 217 562 271 663

1635 204 1908 262 HERWEI
1948 201 2141 257 RHEM

2253 203 2341 259 SIS
2379 202 2714 260 ARCHIEP.
3444 215 3454 225 ’
3721 217 3803 270 σῃ

535 340 604 392 Iit
630 334 891 405 rogastis
931 328 1323 387 humilitatem
1372 333 1643 386 nostram
1680 341 1947 402 quaerere
1973 325 2121 380 divi-
2152 330 2202 383 A
2233 327 2491 385 Silvestri
2522 342 2665 397 erga
2711 326 3132 400 imperatorem
3189 329 3613 386 Constantinum
3640 333 3808 393 insere-

462 429 556 486 nis
592 428 652 482 in
685 423 939 482 oraculis
970 419 1226 492 qualiter
1277 420 1716 476 consulendum
1763 416 1935 474 vobis
1974 415 2124 471 foret

462 518 554 574 his
584 515 688 588 qui
716 509 1060 583 rebaptizati
1120 513 1280 576 sunt,
1322 514 1378 565 et
1429 525 1599 582 teque
1642 512 1706 564 ut
1751 511 1888 564 ante
1931 503 2122 578 bapti-

464 621 664 662 smum
698 603 868 673 juxta
910 599 1253 673 paganismi
1297 616 1549 670 morem,
1599 595 2123 671 quemadmodum

465 708 604 748 sues
656 705 834 745 suum
879 687 1102 744 reversi
1141 687 1220 745 ad
1263 687 1671 758 volutabrum,
1712 691 1768 742 et
1821 700 2001 742 canes
2047 683 2125 740 ad

463 779 775 844 vomitum,
828 775 1089 832 ludicras
1157 775 1493 849 voluptates
1540 775 1802 831 nefando
1853 787 2124 846 pagano-

463 886 601 925 rum
629 867 744 924 ritu
777 881 1114 937 exercuere,
1149 881 1254 921 seu
1300 865 1376 920 de
1416 864 1527 920 illis
1557 864 1661 936 qui
1689 863 1966 919 nondum
1997 877 2128 934 per-

464 959 660 1031 cipere
707 956 1079 1028 baptismum
1129 959 1477 1011 meruerunt
1507 955 1674 1026 (5'24),
1708 956 1886 1026 prout
1933 951 2126 1025 quivi-

465 1064 604 1104 mus
631 1045 970 1101 satisfacere
1013 1044 1279 1116 precatui
1313 1047 1504 1098 vestro
1539 1042 1884 1112 sategimus,
1918 1057 2128 1113 quam-

468 1141 672 1192 tumve
697 1133 953 1189 brevitas
976 1133 1260 1204 temporis
1292 1132 1446 1187 sinit.
1472 1135 1536 1187 Et
1565 1135 1628 1186 ut
1649 1129 2126 1202 unumquodque

469 1221 798 1294 capitulum
836 1220 1009 1276 vobis
1064 1219 1294 1275 facilius
1346 1219 1513 1274 ﬁeret
1556 1219 1634 1274 ad
1686 1217 2125 1291 reperiendum,

469 1309 839 1383 capitulatim
884 1309 944 1364 in
975 1310 1088 1364 hac
1121 1308 1409 1364 schedula
1439 1307 1689 1364 fecimus
1721 1307 2027 1379 scriptum.
2065 1309 2131 1362 Et

469 1395 613 1468 quia
653 1419 678 1444 ‹‹
700 1395 1108 1452 misericordia
1152 1396 1385 1452 Domini
1431 1397 1610 1468 plena
1638 1400 1725 1451 est
1755 1401 1910 1452 terra
1941 1395 2124 1465 (Psal.

468 1486 680 1557 xxx"),
709 1510 736 1535 ››
777 1486 870 1541 cui
902 1490 958 1541 et
989 1485 1245 1542 Ecclesia
1275 1502 1380 1559 per
1409 1486 1836 1559 apostrophem
1867 1484 2133 1557 precabi-

469 1575 600 1630 liter
620 1574 762 1630 dicit
787 1592 798 1628 :
825 1598 851 1632 ς(
869 1575 1154 1630 Miscreris
1180 1575 1474 1642 omnium,
1504 1574 1772 1642 Domine,
1793 1579 1849 1630 et
1868 1574 2014 1630 nihil
2035 1589 2131 1629 eo-

2231 428 2312 481 re,
2343 415 2605 470 maxime
2635 418 2882 488 propter
2905 414 3203 484 jejunium
3229 414 3602 474 hebdomada
3625 420 3690 476 ab
3710 422 3808 494 ipso

2233 503 2286 558 ei
2308 502 2623 561 indictum.
2669 528 2694 554 ‹‹
2729 506 3004 573 Sanctus,
3036 504 3248 576 inquit,
3282 503 3539 562 Silvester
3576 508 3702 565 inter
3732 529 3809 568 cie-

2234 597 2358 650 tera
2386 595 2466 650 ad
2495 595 2779 651 eumdem
2808 594 2954 650 dixit
2991 594 3284 650 Caesarem
3309 611 3320 648 :
3363 616 3388 642 «
3418 596 3582 666 Exige
3608 615 3639 654 a
3665 601 3808 673 teipso

2235 705 2261 731 ‹‹
2303 683 2417 740 hac
2450 700 2573 741 una
2601 682 2991 740 hebdomada
3024 683 3341 754 jejunium,
3372 688 3426 739 et
3452 684 3692 758 deposita
3711 704 3810 760 pur-

2235 793 2261 822 ‹‹
2305 788 2459 845 pura
2488 773 2643 830 intra
2686 773 2748 828 in
2789 771 3129 828 cubiculum
3172 775 3360 839 tuum,
3392 772 3580 846 ibique
3622 775 3809 834 induere

2236 885 2262 911 «
2306 863 2495 920 cilicio
2516 867 2850 937 prostratus
2878 863 3086 930 humo,
3115 867 3172 918 et
3202 863 3473 919 confitere
3498 868 3547 920 te
3565 865 3721 922 modo
3735 883 3812 940 per

2237 974 2263 1001 ‹‹
2305 951 2711 1020 ignorantiam
2738 966 3000 1007 errorem
3021 967 3290 1024 passum,
3310 955 3372 1007 ut
3401 951 3706 1008 Christianis
3718 970 3811 1026 per-

2239 1063 2268 1089 ‹‹
2309 1042 2678 1097 secutionem
2707 1040 3000 1097 indiceres
3026 1057 3037 1096 :
3071 1045 3126 1097 et
3151 1040 3351 1113 ipsum
3381 1040 3707 1098 Salvatorem
3724 1060 3813 1100 eor-

2239 1153 2266 1178 ‹‹
2307 1145 2525 1202 porum
2565 1135 2622 1187 et
2663 1130 3006 1187 animarum
3049 1134 3252 1186 Jesum
3299 1130 3600 1196 Christum,
3627 1147 3814 1189 nonse

2238 1241 2265 1266 «
2307 1219 2435 1274 lum
2482 1218 2808 1292 loquendo,
2861 1235 2921 1275 se
2979 1223 3036 1275 et
3087 1217 3384 1274 credendo
3432 1221 3742 1292 praenuntia,
3774 1228 3815 1279 et

2239 1330 2265 1356 «
2308 1308 2596 1380 paenitere
2645 1311 2697 1364 te
2747 1308 2969 1364 multos
3015 1312 3254 1364 sanctos
3304 1307 3399 1364 Dei
3437 1307 3744 1364 occidisse.»
3771 1313 3816 1366 Et

2239 1418 2267 1444 «
2308 1397 2494 1470 paulo
2522 1401 2680 1470 post.
2713 1397 2862 1453 lube
2911 1413 3016 1470 per
3047 1402 3234 1453 totam
3264 1395 3680 1454 hebdomadam
3704 1398 3814 1455 elec-

2240 1508 2267 1535 «
2309 1501 2635 1558 mosynam
2691 1484 2837 1553 ﬁeri,
2869 1485 3162 1541 beneﬁcia
3219 1485 3398 1541 etiam
3451 1485 3816 1558 postulantibus

2243 1599 2270 1625 ‹‹
2311 1576 2546 1643 exhibe,
2580 1581 2637 1631 et
2661 1575 2914 1632 idoneos
2947 1576 3050 1648 qui
3091 1576 3217 1631 haec
3249 1579 3631 1648 exsequantur
3655 1577 3816 1631 consti-

470 1679 609 1718 rum
634 1663 812 1718 odisti
842 1680 978 1734 qua:
1002 1663 1211 1730 fecisti,
1244 1664 1635 1720 dissimulans
1669 1668 1916 1736 peccata
1941 1662 2131 1719 homi-
2165 1687 2204 1740 Β
2243 1687 2270 1713 ‹‹
2313 1669 2430 1720 tue.
2455 1688 2482 1713 »
2527 1667 2593 1721 Et
2617 1668 2757 1737 post
2785 1663 3112 1738 aliquanta.
3149 1687 3175 1711 ‹‹
3204 1663 3484 1736 Imposuit
3512 1669 3719 1719 sanctus
3744 1665 3816 1720 Sil-

471 1767 622 1807 num
647 1756 890 1824 propter
914 1753 1321 1824 paenitentiam
1350 1755 1538 1823 (Sap.,
1570 1754 1648 1824 x1)
1667 1772 1723 1822 ;››
1747 1753 1999 1824 dignum
2024 1752 2132 1807 du-

471 1841 693 1908 ximus,
727 1840 999 1896 mirabile
1025 1847 1081 1896 et
1110 1841 1736 1898 misericordissimum
1768 1842 1925 1898 beati
1963 1844 2135 1897 Joan-

472 1930 565 1985 nis
587 1929 842 2002 apostoli
873 1935 929 1986 et
958 1931 1338 1999 evangelistae
1368 1931 1614 1999 factum,
1647 1933 1768 1987 imo
1801 1931 1989 2004 ipsius
2019 1933 2132 1986 Do-

474 2019 622 2074 mini
663 2035 817 2091 opus
848 2019 1144 2092 piissium,
1177 2024 1234 2075 et
1259 2020 1806 2088 consuetissimum,
1842 2020 1923 2076 sic
1962 2019 2134 2075 vobis

473 2107 758 2180 ponendo
798 2107 1149 2164 brevissime
1179 2111 1698 2182 expromendum;
1745 2110 2136 2182 quemadmo-

474 2196 623 2252 dum
651 2195 824 2252 vobis
857 2196 1257 2265 notissimum,
1281 2202 1337 2253 et
1365 2197 1424 2252 in
1459 2197 1860 2255 ecclesiastica
1888 2197 2137 2254 Historia

474 2285 650 2342 latius
676 2285 998 2356 digestum.

837 2394 883 2449 1.
926 2396 1012 2450 De
1039 2394 1100 2450 S.
1127 2395 1363 2450 Joanne
1388 2396 1776 2465 evangelista.

547 2483 695 2536 Cum
739 2482 864 2555 ipse
895 2482 1194 2554 Ephesum
1225 2481 1481 2553 rediens,
1514 2483 1790 2539 lustraret
1828 2482 2057 2538 vicinas
2082 2485 2139 2538 et

476 2570 792 2626 illustraret
848 2571 1210 2642 provincias,
1262 2571 1408 2626 vidit
1457 2573 1744 2642 juvenem
1805 2571 2134 2644 quemdam

477 2661 695 2717 animis
751 2676 951 2716 acrem
999 2661 1198 2731 nimis,
1239 2678 1421 2734 quem
1479 2661 1594 2717 loci
1645 2661 1800 2717 illius
1852 2661 2138 2734 episcopo

480 2748 945 2817 commendavit,
977 2749 1081 2822 qui
1121 2754 1177 2806 et
1227 2749 1304 2805 illi
1338 2750 1592 2819 gratiam
1625 2750 1805 2806 tradit
1832 2750 2135 2821 baptismi.

480 2839 702 2895 Deinde
730 2838 1040 2894 conﬁdens
1070 2839 1293 2909 gratim,
1327 2856 1449 2910 qua
1494 2839 1684 2895 fuerat
1711 2839 2136 2907 communitus,

482 2929 766 2984 eumdem
793 2928 1080 2997 juvenem
1111 2927 1416 2983 remissius
1449 2928 1670 2984 habere
1701 2929 1897 3001 coepit.
1930 2928 2043 2984 Sed
2072 2928 2140 2984 il-

481 3017 558 3083 le,
590 3017 916 3072 immatura
966 3015 1234 3071 libertate
1284 3017 1528 3088 potitus,
1563 3022 1856 3089 corruptae
1886 3017 1998 3072 viae
2028 3022 2144 3073 tra-
2174 3037 2214 3090 ο

483 3105 691 3160 mitem
722 3104 959 3160 incedit.
997 3104 1214 3160 Deinde
1255 3121 1291 3160 a
1330 3106 1497 3162 furtis
1545 3105 1706 3162 mala
1731 3122 1985 3178 quaeque
2016 3123 2146 3162 sen-

485 3193 597 3248 sim
630 3193 940 3265 incipiens,
973 3193 1220 3248 demum
1249 3195 1531 3262 magister
1559 3195 1860 3251 latronum
1893 3195 1952 3250 in
1983 3195 2146 3252 brevi

485 3282 730 3338 effectus
773 3286 884 3352 est,
917 3283 1108 3338 donec
1160 3283 1319 3339 idem
1349 3287 1601 3340 Jeannes
1633 3284 1915 3340 eamdem
1945 3284 2147 3340 locum

486 3377 753 3444 tempore
795 3373 1001 3445 elapso
1050 3372 1330 3442 invisens,
1366 3390 1397 3428 a
1429 3373 1677 3445 praefato
1708 3373 2017 3446 requisivit
2042 3375 2146 3430 de-

485 3460 750 3532 positum
777 3477 955 3516 suum
980 3461 1284 3534 episcopo.
1319 3465 1382 3518 Et
1407 3478 1545 3517 cum
1572 3463 1958 3534 comperisset
1978 3479 2148 3518 eum-

487 3550 628 3606 dem
685 3549 1068 3606 absentatum
1127 3567 1254 3606 esse
1303 3551 1614 3621 juvenem,
1675 3569 1930 3608 ascenso
1978 3552 2148 3608 citius

485 3656 661 3713 equo,
694 3639 1046 3713 perquisivit
1075 3657 1248 3708 eum;
1281 3657 1349 3696 ac
1383 3641 1728 3714 perquisito,
1753 3646 1809 3697 et
1851 3641 2145 3712 fugitanti,

487 3729 634 3786 dixit
662 3730 983 3802 Apostolus
1014 3749 1026 3786 :
1060 3750 1090 3784 ‹
1116 3732 1216 3787 Sta
1245 3733 1498 3798 tantum,
1524 3735 1584 3786 et
1613 3731 1786 3787 crede
1816 3731 1982 3799 mihi,
2006 3731 2150 3803 quia

487 3819 752 3875 Christus
804 3835 901 3874 me
945 3818 1179 3875 misit.»
1220 3823 1290 3874 At
1318 3818 1413 3874 ille
1453 3819 1726 3884 audiens,
1758 3819 1986 3876 restitit.
2015 3821 2150 3875 Jam

489 3909 708 3965 deinde
757 3908 1136 3964 tremefactus
1189 3908 1370 3964 flebat
1425 3907 1818 3975 amarissime,
1877 3912 1934 3964 et
1989 3924 2152 3964 acce-

490 3998 684 4054 dentis
717 3997 796 4053 ad
827 4013 888 4053 se
920 3997 1076 4052 senis
1115 3998 1368 4068 genibus
1412 3996 1799 4070 provolvitur,
1831 3996 2152 4066 gemitibus

492 4091 548 4142 et
615 4085 963 4154 ulutatibus,
1037 4087 1260 4159 quibus
1341 4091 1592 4160 poterat,
1651 4085 2041 4156 satisfaciens,
2101 4092 2157 4144 et

493 4173 810 4231 uberrimis
859 4175 1268 4248 lacrymarum
1322 4191 1570 4230 suarum
1623 4173 1889 4231 fontibus
1939 4174 2154 4232 iterum

492 4263 927 4337 baptizabatur,
984 4265 1292 4322 occultans
1350 4264 1541 4320 solam
1595 4262 1903 4320 dexteram
1957 4281 2152 4321 suam.

2243 1758 2436 1809 vester
2476 1769 2726 1809 manum
2783 1769 2956 1809 suam
3008 1768 3190 1826 super
3216 1756 3395 1826 caput
3429 1752 3549 1823 ejus
3575 1751 3716 1823 (quin
3735 1757 3817 1805 Au-

2243 1841 2400 1912 gusti
2432 1841 2822 1913 Constantini)
2851 1841 3214 1897 benedicens
3241 1855 3378 1896 eum
3408 1855 3474 1895 ac
3500 1839 3693 1895 faciens
3711 1843 3820 1893 cate-

2243 1932 2632 1987 chumenum.
2661 1934 2822 1986 Tunc
2853 1929 3233 2001 congregatis
3277 1927 3548 1985 omnibus
3585 1926 3818 1999 presbyte-

2244 2021 2344 2089 ris,
2377 2023 2435 2076 et
2472 2019 2848 2088 diaconibus,
2878 2035 3016 2075 cum
3057 2019 3338 2074 universo
3368 2017 3539 2086 clero,
3563 2015 3738 2071 indixit
3760 2015 3819 2082 in

2240 2109 2479 2179 junium
2510 2109 2675 2164 omni
2699 2108 2983 2178 ecclesiae,
3006 2108 3214 2163 dicens
3241 2125 3254 2163 :
3294 2108 3350 2163 Si
3381 2105 3625 2162 Ninivitze
3642 2104 3690 2159 in
3712 2120 3817 2176 prte-

2245 2199 2543 2255 dicatione
2571 2201 2738 2255 Jonse
2767 2215 2875 2272 per
2903 2199 3252 2254 triduanum
3279 2195 3584 2268 jejunium,
3609 2194 3734 2250 iram
3754 2194 3822 2248 Dei

2246 2288 2664 2361 offensamque
2693 2304 2879 2361 quam
2925 2288 3306 2360 promiserat,
3334 2286 3424 2342 his
3467 2284 3648 2340 debita
3680 2297 3825 2338 evase-

2246 2382 2406 2446 runt,
2437 2382 2667 2450 quanto
2698 2378 2892 2447 magis
2942 2393 3052 2433 nos
3092 2377 3153 2432 in
3204 2374 3609 2448 praedicatione
3652 2370 3824 2428 Domini

2245 2467 2434 2524 nostri
2480 2471 2618 2523 Jesu
2667 2467 2898 2536 Christi,
2926 2467 3378 2540 persecutiones
3415 2463 3719 2520 evademus.
3747 2463 3823 2516 Lu-

2246 2572 2487 2612 cramur
2533 2555 2786 2625 animas,
2818 2571 3030 2628 pacem
3074 2555 3172 2610 Dei
3219 2554 3480 2610 ecclesiis
3508 2550 3824 2624 acquirimus,

2247 2645 2304 2696 et
2321 2641 2647 2698 idololatris
2677 2643 2860 2698 ﬁnem
2884 2642 3416 2716 imponimuleiec
3437 2645 3616 2697 autem
3640 2637 3829 2693 iacimus

2243 2729 2504 2800 jejuniis,
2538 2731 2929 2800 orationibus,
2966 2737 3027 2788 ut
3055 2733 3183 2787 haec
3231 2749 3268 2788 a
3303 2735 3417 2788 Deo
3446 2730 3826 2802 impetremus.»

2251 2819 2319 2875 Et
2344 2824 2575 2877 caetera.

2505 2998 2595 3053 ΙΙΙ.
2638 2999 2813 3054 Dicta
2840 3000 2912 3055 Β.
2949 2999 3231 3069 Gregorii
3249 2998 3331 3054 ad
3354 2997 3644 3067 populum.

2327 3128 2538 3181 Beatus
2581 3140 2823 3197 quoque
2874 3124 3188 3195 Gregorius
3241 3123 3301 3178 in
3349 3119 3623 3191 Evangelii
3647 3113 3833 3172 homilia

2258 3214 2335 3270 ad
2361 3213 2657 3286 populum
2687 3213 2929 3283 (Homil.
2962 3218 3023 3270 19
3056 3219 3111 3269 et
3140 3217 3234 3279 '20,
3258 3215 3321 3269 in
3342 3211 3605 3281 Evang.).
3633 3231 3657 3255 «
3675 3207 3719 3260 Si
3735 3207 3834 3268 Deo,

2258 3304 2469 3376 inquit,
2509 3303 2705 3359 vivere
2759 3304 2818 3358 in
2872 3303 3126 3376 pueritia
3174 3308 3235 3358 et
3279 3304 3576 3374 juventute
3611 3293 3834 3358 noluistis,

2260 3393 2471 3449 saltem
2501 3392 2574 3448 ad
2628 3391 2899 3448 ultimam
2950 3397 3186 3448 aetatem
3231 3391 3564 3464 resipiscite,
3590 3391 3639 3442 et
3661 3383 3725 3440 ad
3746 3382 3835 3436 vita

2261 3483 2409 3550 vias,
2444 3499 2583 3538 cum
2615 3483 2746 3554 jam
2789 3482 3112 3539 laboraturi
3165 3481 3428 3538 multum
3475 3493 3588 3534 non
3621 3473 3750 3536 estis,
3774 3468 3837 3523 vel

2263 3587 2396 3627 sero
2425 3571 2616 3627 venite
2654 3595 2680 3620 »
2730 3573 2798 3628 Et
2841 3572 3051 3645 paucis
3094 3570 3476 3644 interpositis.
3509 3591 3534 3616 ‹‹
3561 3566 3836 3632 Plerumque

2263 3661 2408 3717 tales
2462 3666 2599 3718 ante
2643 3666 3122 3730 remunerantur,
3153 3661 3303 3733 quia
3341 3661 3503 3732 prius
3544 3656 3614 3713 ad
3651 3664 3836 3722 regnum

2262 3749 2337 3805 de
2371 3766 2620 3822 corpore
2669 3756 2906 3820 exeunt,
2939 3767 3124 3822 quam
3170 3750 3234 3805 hi
3285 3750 3389 3822 qui
3423 3751 3545 3820 jam
3572 3746 3623 3801 in
3651 3739 3841 3816 pueritia

2263 3840 2459 3896 vocati
2489 3857 2616 3896 esse
2647 3840 3024 3896 videbantur.
3061 3843 3279 3896 Annon
3306 3839 3382 3896 ad
3415 3836 3752 3893 undecimam
3769 3842 3838 3881 ve-

2263 3929 2351 3984 nit
2376 3929 2570 3986 latro?
2610 3929 2720 3995 Qui
2762 3929 2867 3984 etsi
2896 3945 3019 3986 non
3059 3929 3273 3985 habuit
3299 3945 3405 4002 per
3428 3930 3662 3989 aetatem,
3689 3915 3840 3974 habuit

2267 4020 2468 4072 tamen
2511 4033 2642 4072 sero
2685 4032 2792 4089 per
2820 4033 3085 4089 poenam,
3115 4017 3220 4089 qui
3269 4021 3453 4073 Deum
3498 4015 3554 4069 in
3581 4023 3726 4067 cruce
3747 4017 3842 4059 cono

2266 4104 2457 4160 fessus
2496 4110 2614 4173 est;
2664 4110 2722 4162 et
2748 4121 2902 4178 pene
2931 4122 3070 4161 cum
3102 4121 3246 4161 voce
3292 4103 3605 4169 sententiae,
3635 4094 3840 4170 spiritum

2267 4193 2564 4250 exhalavit
2591 4194 2741 4250 vitae.
2784 4198 2830 4250 Α
2858 4194 3186 4250 novissimo
3232 4198 3436 4251 autem
3462 4190 3684 4248 reddere
3709 4183 3841 4237 dena-

2267 4281 2424 4338 rium
2477 4282 2904 4355 paterfamilias
2953 4284 3150 4356 cmpit,
3195 4285 3342 4356 quia
3396 4282 3472 4338 ad
3527 4271 3752 4353 paradisi
3789 4284 3845 4322 re

493 4352 814 4444 ᾼΡοείολυδ
869 4369 1011 4410 vero
1063 4352 1458 4444 iurisiurandi
1531 4357 1908 4444 εξοΐᾶωθψο
1965 4370 2026 4409 86
2084 4371 2155 4444 εο
2188 4386 2235 4439 ι)
2271 4352 2672 4444 quiem—prius
2711 4371 3026 4438 latronem,
3051 4352 3242 4444 quam
3294 4352 3542 4428 Petrum,
3567 4359 3842 4440 perduxit"

401 4467 406 4472 ε
494 4441 953 4514 impetraturum
1009 4460 1046 4499 a
1099 4442 1401 4499 Salvatore
1447 4441 1682 4497 veniam
1721 4443 2031 4516 pollicens,
2085 4443 2158 4498 si-

494 4532 742 4605 mulque
798 4532 1054 4602 genibus
1107 4533 1238 4604 ejus
1295 4530 1667 4604 provolutus,
1725 4539 1904 4605 atque
1961 4532 2156 4605 ipsam

495 4622 825 4690 dexteram,
879 4639 952 4678 ex
1017 4622 1190 4694 cujus
1265 4622 1444 4678 caedis
1503 4621 1868 4679 conscientia
1926 4625 2160 4694 torque-

495 4711 694 4779 batur,
753 4715 1042 4785 tanquam
1102 4712 1232 4783 jam
1303 4725 1410 4784 per
1479 4710 1880 4767 innocentiam
1942 4726 2160 4782 purga-

496 4805 620 4857 tam
675 4801 1058 4873 deosculans,
1107 4802 1184 4858 ad
1234 4801 1547 4858 ecclesiam
1598 4805 1852 4868 revocat,
1889 4804 1947 4856 et
1995 4799 2158 4856 inde-

498 4891 757 4946 sinenter
817 4907 926 4964 pro
985 4908 1055 4948 eo
1114 4891 1416 4948 orationes
1466 4889 1860 4962 profundens,
1919 4893 2158 4945 etcum

495 4979 630 5051 ipso
659 4979 879 5051 pariter
907 4980 1136 5036 ducens
1185 4980 1396 5037 crebra
1433 4977 1686 5050 jejunia,
1721 4977 2157 5047 indulgentiam

498 5069 697 5123 aDeo
741 5084 929 5139 quam
979 5069 1031 5124 ei
1083 5069 1380 5141 pollicitus
1426 5068 1636 5133 fuerat,
1669 5065 2000 5138 expetebat.
2045 5070 2160 5123 Nec

497 5153 664 5227 prius
711 5155 953 5228 abstitit,
1010 5173 1197 5230 quam
1251 5173 1390 5213 eum
1435 5157 1496 5210 in
1543 5155 1825 5211 omnibus
1873 5155 2159 5213 emenda-

499 5249 648 5313 tum,
673 5247 850 5301 etiam
883 5246 1144 5302 ecclesia:
1175 5246 1501 5320 praeﬁceret
1529 5244 1788 5314 (Euseb.,
1808 5246 1964 5301 Hist.
1989 5247 2159 5318 eccl.,

497 5333 600 5389 lib.
634 5351 719 5400 ιιι,
754 5349 890 5407 cap.
914 5337 1024 5406 23).

573 5445 636 5497 ll.
679 5443 766 5497 De
791 5443 854 5498 S.
890 5445 1200 5516 Silvestre,
1229 5448 1282 5500 et
1316 5443 1711 5500 Constantino
1741 5443 2119 5513 imperatore.

567 5534 741 5588 Juvat
761 5532 856 5589 hic
881 5536 938 5589 et
968 5532 1112 5589 illud
1137 5533 1526 5590 memorabile
1554 5533 1776 5590 factum
1802 5531 1960 5589 beati
1982 5547 2158 5604 papae

2273 4463 2418 4516 Item
2447 4461 2627 4517 idem.
2671 4483 2698 4511 ‹‹
2724 4463 2992 4531 Regnum
3048 4461 3340 4516 caelorum
3379 4459 3506 4532 rapi
3547 4454 3660 4511 vult
3684 4444 3842 4538 nostris

2272 4549 2528 4621 ﬂetibus,
2560 4549 2726 4623 quod
2753 4550 2970 4606 nostris
3003 4550 3225 4606 meritis
3252 4567 3373 4606 non
3403 4549 3653 4604 debetur.
3676 4539 3844 4605 AbsPel

2271 4655 2414 4709 ergo
2467 4638 2814 4695 certitudine
2863 4640 3028 4696 nulla
3075 4655 3187 4695 nos
3234 4645 3571 4695 nostrorum
3613 4628 3842 4687 malorum

2269 4728 2546 4802 qualitas,
2607 4727 2773 4784 nulla
2824 4729 3127 4802 quantitas
3180 4729 3436 4799 frangat.
3499 4722 3712 4781 l’rzestat
3753 4727 3844 4804 ma:

2271 4832 2459 4888 gnum
2511 4817 2695 4873 venite
2744 4817 3029 4874 ﬁduciam
3075 4818 3224 4873 latro
3272 4818 3366 4873 ille
3412 4807 3748 4871 venerabilis,
3771 4813 3842 4871 qm

2270 4921 2394 4962 non
2447 4905 2584 4962 inde
2642 4907 2998 4962 venerabilis
3038 4907 3196 4962 unde
3235 4907 3408 4962 latro.
3461 4907 3598 4959 Nam
3643 4897 3764 4952 latro
3796 4902 3842 4940 ei

2270 4995 2636 5066 crudelitate,
2687 4997 3046 5052 venerabilis
3101 5013 3172 5052 ex
3212 4995 3593 5050 confessione.
3626 4981 3842 5072 Cogitate.

2268 5099 2436 5153 rogo,
2481 5085 2731 5153 cogitate
2782 5101 2970 5157 quam
3021 5085 3138 5140 sint
3191 5070 3842 5164 incomprehensibilia?

2269 5173 2677 5245 omnipotente
2724 5177 2842 5230 Deo
2877 5173 3293 5229 misericordiae
3327 5172 3564 5226 viscera.
3599 5166 3740 5220 Latro
3769 5158 3842 5207 istc

2271 5262 2530 5319 cruentis
2579 5262 2864 5320 manibus
2913 5263 3250 5318 abstractus
3288 5271 3326 5317 a’
3353 5261 3519 5316 fauce
3547 5249 3754 5311 itineris,
3780 5257 3844 5295 su-

2271 5367 2528 5425 spensus
2571 5357 2659 5408 est
2694 5353 2756 5408 in
2805 5351 3076 5425 patibulo
3108 5351 3315 5408 crucis.
3354 5349 3438 5403 Ibi
3476 5343 3744 5402 confessus
3763 5331 3840 5388 est.

2268 5442 2352 5498 ibi
2383 5446 2628 5498 sanatus
2659 5446 2765 5511 est,
2797 5441 2877 5498 ibi
2911 5442 3116 5498 audire
3147 5440 3386 5497 meruit:
3433 5433 3637 5491 «Hodie
3664 5431 3842 5482 mecum

2271 5531 2384 5587 eris
2414 5532 2473 5588 in
2504 5531 2806 5603 paradiso.
2833 5554 2858 5579 »
2893 5534 2956 5586 Et
2985 5536 3217 5586 caetera.

567 5694 719 5765 (524)
741 5695 881 5751 Vide
911 5695 1226 5770 epistolam
1247 5695 1492 5754 Joannis
1522 5710 1694 5768 papae
1717 5697 1776 5750 lx
1808 5693 1887 5750 ad
1921 5695 2226 5749 Hervreum
2257 5692 2332 5749 de
2357 5692 2612 5764 paganis
2638 5693 2943 5750 conversis
2964 5696 3020 5749 et
3041 5689 3322 5764 gentilitio
3353 5700 3515 5743 more
3534 5670 3840 5749 degenubus'
