4034 6190
259 246 368 300 065

496 364 598 420 IV.
641 363 930 433 Ejusdem
962 363 1045 417 ad
1071 365 1320 421 Petrum
1355 368 1708 436 episcopum.

332 455 449 522 Qui
481 469 699 508 rursus
731 455 897 507 Petro
925 452 1213 525 episcopo
1244 455 1493 511 Corsicae
1535 453 1820 519 scribens,
1861 450 1942 506 ait

255 546 388 618 (tib.
448 558 556 598 vu.
621 542 793 612 epist.
847 541 903 604 2)
958 558 970 596 :
1035 560 1065 592 α
1097 544 1452 600 Fraternitas
1480 548 1672 600 vestra
1702 540 1942 597 sollicite

255 633 526 702 studeat,
561 647 719 704 Opus
749 629 913 703 quod
942 629 1142 702 cmpit,
1191 632 1513 689 auxiliante
1559 631 1828 700 Domino,
1863 629 1942 685 ad

254 721 701 796 perfectionem
731 718 1027 774 deducere
1059 736 1072 787 ;
1114 722 1172 774 et
1199 719 1323 775 sive
1354 737 1457 777 eos
1486 721 1589 794 qui
1619 718 1942 793 aliquando

253 811 476 866 ﬁdeles
508 809 775 878 fuerunt,
821 807 925 863 sed
978 806 1057 863 ad
1115 807 1348 864 cultum
1395 809 1714 877 idolorum,
1755 807 1940 877 negli-

257 901 468 971 gentia
498 904 606 956 aut
629 898 980 955 necessitate
1013 896 1290 966 faciente,
1325 900 1547 956 reversi
1577 904 1733 966 sunt,
1780 897 1936 953 festi-

255 995 363 1047 net
393 1006 540 1045 cum
571 989 794 1044 indicta
825 987 1170 1060 pwnitentia
1217 987 1664 1060 aliquantorum
1707 988 1938 1044 dierum

257 1080 341 1135 ad
372 1078 565 1134 ﬁdem
597 1077 899 1144 reducere,
925 1081 988 1132 ut
1017 1079 1253 1132 reatum
1285 1093 1468 1135 suum
1508 1079 1792 1152 plangere
1837 1077 1940 1132 de-

255 1168 472 1238 beant,
500 1171 558 1222 et
584 1171 749 1222 tanto
774 1165 1002 1220 ﬁrmius
1029 1170 1274 1222 teneant
1305 1166 1420 1222 hoc
1447 1168 1526 1225 ad
1565 1167 1731 1240 quod
1771 1165 1942 1236 adju-

255 1263 448 1315 vante
483 1256 737 1312 Domino
763 1259 1157 1322 revertuntur,
1213 1261 1446 1328 quanto
1495 1257 1642 1313 illud
1687 1255 1942 1328 perfecte

256 1347 636 1414 deﬂeverint,
661 1346 820 1402 unde
845 1345 1192 1414 discedunt;
1246 1346 1369 1402 sive
1415 1363 1518 1404 eos
1545 1347 1652 1420 qui
1681 1345 1941 1402 necdum

255 1437 552 1510 baptizati
582 1441 738 1501 sunt,
771 1434 1177 1503 admonendo,
1228 1437 1525 1504 rogando,
1571 1437 1647 1492 de
1691 1439 1941 1491 venturo

251 1526 494 1598 judicio
523 1523 1124 1593 terrendo,rationem
1150 1540 1397 1596 quoque
1428 1525 1747 1581 reddendo
1776 1523 1942 1596 quod

254 1616 434 1684 ligna
460 1619 517 1670 et
540 1613 770 1686 lapides
803 1612 992 1668 colere
1020 1628 1143 1668 non
1173 1613 1414 1670 debent.
1451 1615 1712 1670 Festinet
1734 1613 1940 1668 fratcr-

1289 239 1512 299 EPIST.
1552 237 1646 295 AD
1685 235 2012 293 WITONEM
2049 238 2379 321 ARCHIEP.
2421 243 2732 300 ROTHOM.

3617 249 3718 302 066

1966 363 2014 416 Α
2053 363 2465 432 compassioni
2497 365 2730 420 medico
2759 381 2867 420 suo
2897 368 3062 437 putet
3087 364 3355 422 futurum
3379 367 3406 420 ?
3450 367 3590 422 ldeo
3617 370 3721 423 Do-

2050 449 2254 505 minus
2278 454 2446 507 Jesus
2478 469 2833 526 compassus
2863 453 3038 508 nobis
3066 459 3173 522 est,
3203 459 3269 511 ut
3288 454 3366 511 ad
3394 471 3456 510 se
3481 471 3722 512 revoca-

2049 542 2158 610 ret,
2189 555 2310 596 non
2341 541 2676 610 deterreret,
2705 543 2861 598 mitis
2892 543 3234 610 venit,venit
3258 544 3523 612 humilis,
3555 544 3722 600 deni—

2049 644 2170 700 que
2198 629 2279 686 ait
2308 649 2320 685 :
2355 651 2386 686 ‹
2421 633 2624 688 Venite
2655 632 2735 689 ad
2765 648 2882 699 me,
2912 648 3122 688 omnes
3168 633 3272 706 qui
3318 633 3628 701 laboratis,
3669 637 3726 690 et

2050 732 2166 786 ego
2200 720 2464 778 reficiam
2494 737 2603 776 vos
2636 722 2874 792 (Matth.
2908 721 3011 792 x1).
3050 745 3077 770 »
3106 722 3308 778 Deficit
3337 738 3480 792 ergo
3526 722 3723 778 Domi-

2049 823 2168 862 nus
2197 810 2391 878 Jesus,
2424 826 2547 867 non
2579 811 2861 881 excludit,
2893 826 3090 883 neque
3113 811 3336 883 abjicit,
3387 812 3722 884 meritoque

2053 897 2200 952 tales
2256 899 2587 967 discipulos
2649 900 2843 970 elegit,
2897 902 2999 973 qui
3050 900 3373 956 Dominieaa
3401 901 3722 968 voluntatis

2047 985 2401 1060 interpretes
2430 989 2671 1063 plebem
2718 990 2819 1045 Dei
2859 990 3224 1062 colligerent,
3284 1005 3406 1046 non
3449 990 3725 1062 repudia-

2049 1081 2198 1133 rent.
2235 1080 2399 1135 Unde
2429 1079 2620 1152 liquet
2649 1096 2754 1136 eos
2785 1080 2935 1136 inter
2985 1080 3194 1137 Christi
3242 1080 3567 1153 discipulos
3602 1095 3723 1136 non

2048 1181 2178 1221 esse
2209 1166 2545 1236 habendos,
2570 1168 2678 1241 qui
2703 1168 2856 1225 dura
2887 1186 2997 1242 pro
3023 1169 3291 1239 mitibus,
3323 1169 3586 1242 superba
3612 1184 3722 1241 pro

2047 1253 2378 1312 humilibus
2400 1258 2714 1329 sequenda
2740 1259 3082 1331 opinantur.
3119 1262 3184 1314 Et
3225 1274 3364 1314 cum
3405 1257 3518 1330 ipsi
3569 1275 3727 1331 quae-

2046 1346 2183 1397 rant
2213 1344 2450 1399 Domini
2474 1344 2974 1414 misericordiam,
3037 1345 3168 1402 aliis
3220 1344 3499 1400 eamdem
3549 1345 3724 1401 dene-

2049 1435 2211 1499 gant,
2241 1437 2307 1487 ut
2332 1437 2472 1488 sunt
2499 1433 2778 1490 doctores
2811 1436 3298 1500 Novatianorum,
3330 1433 3437 1505 qui
3455 1433 3719 1488 mundos

2051 1534 2112 1574 se
2140 1521 2467 1593 appellant.
2500 1523 2656 1585 Quid
2687 1524 2780 1578 his
2806 1523 3126 1596 superbius
3148 1525 3176 1579 ?
3231 1537 3371 1577 cum
3420 1522 3721 1594 Scriptura

2051 1605 2213 1663 dicat
2240 1609 2385 1680 quia
2419 1627 2431 1663 :
2467 1633 2492 1658 ‹‹
2531 1614 2716 1667 Nemo
2746 1612 3012 1667 mundus
3045 1628 3080 1667 a
3108 1615 3375 1684 peccato,
3407 1627 3517 1666 nec
3545 1611 3722 1666 unius

255 1706 424 1761 nitas
451 1708 555 1760 tua
582 1701 969 1774 omnipotenti
1014 1701 1264 1757 Domino
1313 1717 1713 1773 congregare,
1764 1706 1827 1757 ut
1881 1701 1943 1756 in
1969 1710 2016 1764 Β
2051 1695 2166 1751 diei
2189 1696 2390 1753 infans
2417 1700 2564 1769 (Job.
2599 1706 2724 1768 XIV)
2757 1719 2768 1767 ;
2803 1725 2830 1750 ››
2864 1706 2921 1756 et
2942 1701 3128 1757 David
3157 1700 3378 1756 clamat
3427 1718 3440 1755 :
3495 1723 3520 1748 ‹‹
3552 1709 3593 1754 Α
3627 1700 3724 1755 de-

259 1795 540 1852 adventu
578 1793 728 1864 ejus,
758 1808 892 1847 cum
923 1790 1221 1847 districtus
1251 1792 1405 1847 dies.
1423 1791 1648 1862 judicii
1696 1790 1938 1855 venerit,

260 1885 329 1940 in
346 1897 604 1940 numero
635 1884 975 1937 sanctorum
993 1882 1181 1952 possit
1200 1885 1304 1937 tua
1339 1881 1638 1937 sanctitas
1674 1879 1942 1936 inveniri.

263 1971 694 2042 Quodcunque
725 1971 882 2024 enim
907 1968 1108 2024 utilius
1147 1973 1204 2024 et
1234 1968 1563 2025 sublimius
1587 1973 1825 2025 acturus
1856 1983 1943 2037 es,

265 2077 464 2134 quam
509 2063 569 2114 ut
598 2058 671 2112 de
703 2057 1038 2114 animarum
1069 2057 1571 2127 viviﬁcatione,et
1602 2058 1945 2114 collectione

267 2150 642 2219 cogitans,et
667 2152 765 2203 tuo
790 2146 1194 2219 Domino,qui.
1209 2146 1312 2202 tibi
1339 2147 1552 2202 locum
1578 2147 1946 2220 praedicandi

269 2237 462 2307 dedit,
490 2235 823 2292 immortale
850 2235 1087 2292 lucrum
1111 2240 1377 2308 reportes
1402 2238 1429 2291 ‘?
1461 2257 1488 2284 »
1526 2238 1597 2291 Et
1626 2236 1871 2308 reliqua.

533 2328 593 2380 V.
639 2325 915 2394 Ejusdem
953 2326 1034 2380 ad
1070 2325 1366 2380 Mellitum
1394 2325 1691 2381 abbatem.

353 2419 422 2471 Et
450 2414 590 2470 alibi
615 2414 692 2470 ad
713 2413 998 2469 Mellitum
1030 2413 1314 2470 abbatem
1344 2413 1470 2482 (lib.
1496 2430 1582 2483 Ix,
1614 2417 1781 2484 epist.
1816 2415 1901 2484 71)
1931 2433 1942 2469 :

274 2526 306 2553 α
344 2503 496 2570 Quia
526 2519 671 2573 gens
696 2503 1025 2574 Anglorum
1075 2502 1265 2558 boves
1317 2501 1509 2557 solent
1552 2502 1612 2558 in
1656 2502 1946 2558 sacriﬁcio

273 2594 633 2650 daemonum
661 2593 881 2649 multos
907 2591 1198 2658 occidere,
1231 2590 1410 2646 debet
1438 2592 1618 2648 etiam
1645 2593 1758 2647 hac
1788 2592 1862 2647 de
1883 2609 1947 2648 re

278 2683 491 2755 aliqua
518 2682 861 2738 solemnitas
891 2681 1219 2748 immutari,
1271 2684 1337 2736 ut
1387 2680 1482 2736 die
1530 2681 1944 2752 dedicationis,

282 2772 380 2827 vel
413 2770 622 2827 natalis
647 2777 992 2828 sanctorum
1019 2775 1378 2844 martyrum,
1407 2786 1668 2842 quorum
1713 2770 1826 2826 illic
1855 2786 1947 2826 re-

282 2859 487 2932 liquiae
530 2863 856 2931 ponuntur,
893 2857 1283 2914 tabernacula
1331 2857 1442 2912 sibi
1497 2859 1654 2914 circa
1705 2859 1948 2914 easdem

282 2947 590 3018 ecclesias,
622 2964 755 3019 qua:
786 2964 856 3004 ex
888 2947 1044 3002 fanis
1074 2951 1456 3002 commutatae
1488 2951 1644 3017 sunt,
1663 2947 1737 3001 de
1762 2947 1949 3002 ramis

281 3037 574 3092 arborum
604 3035 842 3103 faciant,
879 3039 936 3092 et
965 3035 1260 3104 religiosis
1290 3034 1578 3090 conviviis
1609 3035 1950 3091 solemnita-
1976 3061 2017 3114 ο

284 3129 406 3180 tem
433 3122 745 3180 celebrent.
797 3127 911 3180 Nec
968 3121 1213 3178 diabolo
1251 3123 1379 3192 jam
1428 3121 1713 3178 animalia
1737 3127 1950 3178 immo-

280 3213 427 3283 lent,
462 3211 570 3267 sed
599 3211 673 3268 ad
705 3212 950 3268 laudem
983 3211 1084 3266 Dei
1112 3210 1174 3266 in
1203 3226 1310 3266 esu
1337 3226 1446 3266 suo
1485 3210 1772 3267 animalia
1797 3211 1949 3267 occi-

281 3300 434 3355 dant
456 3295 471 3354 ε’
503 3302 560 3354 et
585 3299 859 3356 donatori
888 3297 1164 3354 omnium
1194 3297 1269 3354 de
1300 3297 1565 3354 satietate
1597 3315 1707 3354 sua
1729 3300 1948 3370 gratias

281 3389 561 3454 referant,
595 3392 658 3444 ut
682 3388 830 3444 dum
856 3389 940 3444 eis
972 3387 1177 3459 aliqua
1224 3387 1480 3442 exterius
1534 3389 1755 3457 gaudia
1806 3388 1951 3444 refe-

281 3483 518 3544 runtur,
550 3477 627 3533 ad
657 3476 938 3532 interiora
958 3475 1182 3547 gaudia
1211 3476 1543 3532 consentire
1575 3476 1805 3532 facilius
1850 3493 1952 3532 va-

280 3567 467 3622 leant.
490 3569 625 3621 Nam
660 3565 824 3620 duris
851 3564 1156 3621 mentibus
1189 3563 1367 3619 simul
1393 3564 1596 3620 omnia
1617 3565 1950 3634 abscidere,

282 3654 656 3728 impossibile
685 3671 814 3711 esse
846 3670 971 3710 non
1001 3653 1256 3708 dubium
1283 3655 1391 3708 est.
1448 3654 1597 3718 Quia
1641 3654 1801 3708 enim
1844 3654 1948 3724 qui

284 3760 600 3800 summum
650 3743 853 3799 locum
910 3741 1235 3798 ascendere
1277 3741 1501 3812 nititur,
1545 3741 1832 3810 gradibus
1861 3742 1952 3798 vel

283 3831 590 3906 passibus,
619 3848 741 3887 non
772 3838 974 3888 autem
998 3831 1246 3888 saltibus
1277 3830 1560 3887 elevatur.
1606 3831 1696 3888 Sic
1730 3831 1952 3886 Israeli-

282 3922 405 3978 tico
431 3921 655 3992 populo
685 3921 746 3975 in
777 3924 1008 3993 Egypto
1058 3919 1347 3976 Dominus
1394 3936 1455 3974 se
1493 3919 1735 3991 quidem
1785 3919 1954 3975 inno-

284 4011 401 4066 tuit
433 4026 446 4063 :
479 4009 581 4064 sed
610 4012 811 4064 tamen
839 4009 922 4064 eis
949 4007 1381 4064 sacriﬁciorum
1403 4024 1603 4072 usum,
1626 4023 1809 4080 quem
1832 4007 1954 4063 dia-

283 4099 431 4156 bolo
463 4098 733 4154 solebant
760 4097 1062 4166 exhibere,
1080 4097 1141 4152 in
1171 4096 1397 4152 cultum
1429 4096 1736 4169 proprium
1760 4112 1950 4151 reser-

287 4187 475 4256 vavit,
511 4191 571 4242 ut
600 4187 682 4243 eis
721 4187 782 4241 in
810 4203 919 4242 suo
971 4186 1259 4242 sacriﬁcio
1312 4185 1596 4242 animalia
1641 4186 1955 4242 immolare

284 4281 640 4351 praeciperet
673 4294 686 4332 :
720 4280 1019 4348 quatenus
1050 4291 1152 4332 cor
1175 4279 1498 4344 mutantes,
1532 4275 1695 4330 aliud
1739 4275 1814 4330 de
1859 4292 1954 4331 sa-

287 4367 517 4422 criﬁcio
547 4366 903 4432 omitterent,
939 4364 1102 4421 aliud
1131 4364 1486 4430 retinerent;
1547 4368 1611 4420 ut
1658 4363 1768 4419 etsi
1821 4365 1954 4436 ipsa

285 4460 492 4512 essent
539 4454 823 4510 animalia
873 4471 1009 4526 quae
1061 4453 1271 4508 offerre
1311 4458 1763 4518 consueverant,
1816 4470 1956 4508 vero

289 4551 498 4601 tamen
527 4547 642 4599 Deo
671 4544 798 4599 haec
830 4549 887 4600 et
911 4559 1033 4599 non
1061 4542 1237 4598 idolis
1266 4543 1668 4609 immolantes,
1698 4543 1827 4613 jam
1860 4559 1952 4598 sa-

290 4634 518 4706 criticia
548 4633 680 4705 ipsa
707 4648 831 4688 non
861 4635 1075 4687 essent.
1119 4650 1148 4682 ›

697 4722 789 4775 VI.
830 4721 1180 4776 Ambrosius
1219 4722 1544 4789 episcopus.

373 4811 467 4865 His
529 4827 649 4866 non
695 4809 1008 4865 dissimilia
1077 4809 1151 4864 de
1190 4809 1585 4880 paenitentum
1639 4809 1956 4864 mitissima

295 4900 677 4971 susceptione
710 4902 764 4956 S.
798 4898 1152 4954 Ambrosius
1182 4898 1440 4954 annectit
1465 4898 1526 4953 in
1551 4897 1702 4954 libro
1731 4898 1834 4970 qui
1868 4899 1956 4953 in-

296 4990 554 5061 scriptus
583 4993 672 5044 est
689 4987 1050 5044 Pamitentiae
1081 4988 1235 5057 (cap.
1276 4988 1342 5058 l).
1387 5010 1415 5035 «
1462 4987 1570 5053 Qui
1605 4987 1800 5042 studet
1846 4988 1957 5043 hu-

298 5095 497 5134 manae
529 5078 884 5134 inﬁrmitatis
914 5076 1234 5133 emendare
1261 5077 1424 5146 vitia,
1470 5076 1666 5149 ipsam
1710 5076 1958 5132 inﬁrmi-

299 5174 478 5226 tatem
513 5168 633 5223 suis
655 5167 832 5223 dedet
857 5167 1166 5234 sustinere,
1228 5170 1285 5222 et
1330 5167 1765 5239 quoquomodo
1809 5182 1958 5238 pen-

299 5275 435 5315 sare
463 5258 746 5327 humeris,
773 5273 897 5312 non
929 5255 1203 5327 abjicere.
1231 5258 1380 5311 Nam
1420 5260 1623 5330 pastor
1653 5256 1746 5311 ille
1778 5272 1957 5311 evan-

298 5351 524 5420 gelicus
553 5349 780 5405 lassam
800 5363 974 5404 ovem
1003 5345 1235 5402 vexisse
1259 5346 1626 5415 legitur,non
1647 5346 1954 5416 abjecisse.

300 5442 370 5496 Et
402 5439 682 5495 Salomon
708 5438 790 5493 ait
821 5456 832 5492 ε
870 5456 900 5489 ‹
941 5435 1065 5491 ΝοΙὶ
1086 5436 1283 5506 justus
1310 5451 1438 5491 esse
1468 5435 1722 5491 nimium
1746 5435 1954 5505 (Eccli.

299 5530 461 5599 xvu).
481 5552 507 5578 »
538 5528 717 5585 Debet
745 5526 904 5582 enim
921 5524 1212 5596 justitiam
1241 5529 1573 5596 temperare
1603 5523 1956 5580 moderatio.

300 5623 453 5674 Nam
482 5615 1000 5690 quemadmodum
1055 5631 1114 5670 se
1165 5614 1267 5670 tibi
1313 5613 1644 5669 curandum
1676 5612 1959 5685 praebeat,

300 5723 487 5782 quem
541 5706 772 5763 fastidio
821 5703 1066 5774 habeas,
1121 5703 1224 5775 qui
1282 5702 1651 5776 contemptui
1708 5718 1790 5772 se,
1836 5717 1959 5758 non

2051 1783 2188 1839 licto
2221 1801 2358 1840 meo
2385 1789 2617 1843 munda
2650 1804 2748 1843 me
2779 1790 2969 1859 (Psal.
3003 1790 3074 1859 L).
3124 1811 3150 1838 ››
3205 1791 3267 1843 Et
3314 1791 3450 1859 post
3479 1803 3676 1860 pauca
3707 1806 3719 1842 :

2055 1894 2081 1920 ‹‹
2123 1874 2312 1928 Nemo
2341 1878 2542 1945 potest
2565 1875 2721 1932 bene
2753 1892 2931 1948 agere
2974 1875 3406 1950 pmnitentiam,
3463 1877 3575 1932 nisi
3623 1877 3726 1949 qui

2054 1961 2313 2032 speravit
2345 1961 2809 2034 indulgentiam.
2844 1989 2871 2017 ››

2609 2073 2730 2128 Vll.
2774 2076 3171 2146 Augustinus.

2125 2176 2339 2232 Beatus
2360 2175 2537 2233 docet
2564 2177 2831 2235 breviter
2859 2179 3225 2248 Augustinus
3244 2180 3499 2251 qualiter
3519 2181 3602 2237 eis
3624 2180 3728 2252 qui

2053 2268 2318 2336 praesunt
2345 2265 2419 2320 de
2451 2266 2926 2339 quibuscunque
2952 2268 3296 2323 hominibus
3318 2270 3519 2340 pravis
3549 2285 3722 2338 agen-

2050 2353 2198 2407 dum
2227 2352 2320 2423 sit,
2349 2353 2554 2409 dicens
2582 2356 2894 2425 (Paosrnn,
2933 2356 3033 2411 lib.
3053 2357 3726 2430 Sentent.S.August.):

2054 2464 2080 2489 «
2116 2445 2242 2498 Non
2274 2445 2362 2497 est
2389 2443 2847 2515 desperandum
2875 2446 2948 2500 de
2991 2445 3188 2513 malis,
3219 2446 3321 2501 sed
3346 2464 3458 2519 pro
3489 2447 3634 2520 ipsis
3664 2451 3732 2502 ut

2053 2531 2197 2586 boni
2227 2530 2374 2586 ﬁant
2397 2531 2683 2587 studiosis
2717 2534 3209 2605 supplicandum,
3266 2536 3409 2608 quia
3438 2552 3729 2592 numerus

2053 2624 2398 2677 sanctorum
2428 2620 2503 2676 de
2535 2637 2796 2678 numero
2843 2640 3080 2697 semper
3137 2630 3345 2682 auctus
3394 2631 3482 2682 est
3512 2627 3730 2698 impio-

2053 2727 2210 2766 rum.
2265 2732 2292 2759 ))

2389 2799 2527 2854 VIII.
2569 2801 2660 2856 De
2689 2802 2756 2856 S.
2783 2803 3047 2873 Remigio
3078 2805 3368 2875 episcopo.

2131 2904 2364 2974 Legitur
2390 2909 2445 2960 et
2471 2905 2549 2961 ad
2581 2905 2788 2962 locum
2819 2908 2880 2963 in
2911 2908 3062 2964 libro
3093 2909 3237 2966 Vitae
3281 2911 3438 2966 beati
3473 2911 3728 2982 Remigii

2059 2997 2422 3048 Francorum
2454 2994 2714 3065 apostoli
2743 2996 3051 3063 (Humum.
3097 2999 3229 3054 Vita
3267 2999 3330 3055 S.
3361 3000 3615 3070 Remig.)
3648 3000 3732 3054 in-

2058 3087 2144 3138 ter
2175 3085 2388 3137 caetera
2415 3082 2640 3154 quibus
2675 3084 2926 3140 refertur
2957 3088 3266 3142 conversio
3314 3088 3599 3142 Ludovici
3644 3105 3731 3144 re-

2057 3171 2146 3241 gis
2177 3175 2234 3226 et
2261 3171 2469 3243 populi
2500 3171 2654 3242 ejus.
2705 3195 2732 3221 ‹‹
2787 3173 2881 3229 [lle
2930 3175 3098 3247 (quin
3131 3180 3373 3231 sanctus
3408 3177 3731 3247 Remigius)

2057 3259 2282 3330 gaudio
2313 3275 2538 3329 magno
2568 3261 2864 3334 repletus;
2897 3279 3102 3332 regem
3127 3269 3183 3319 et
3204 3265 3522 3337 populum,
3549 3265 3733 3338 quali-

2058 3353 2144 3404 ter
2187 3347 2430 3403 diabolo
2459 3352 2516 3402 et
2539 3349 2825 3420 operibus
2877 3366 2945 3406 ac
2994 3351 3234 3423 pompis
3273 3352 3404 3422 ejus
3435 3352 3732 3407 abrenun-

2061 3439 2226 3508 tiare,
2259 3442 2316 3492 et
2345 3439 2406 3492 in
2438 3439 2624 3492 Deum
2659 3439 2898 3494 credere
2924 3440 3229 3502 deberent,
3264 3441 3484 3512 apertis
3517 3447 3574 3497 et
3600 3442 3732 3496 bre-

2057 3525 2235 3580 vibus
2269 3525 2465 3580 verbis
2493 3525 2772 3582 instruxit
2804 3545 2816 3582 :
2852 3532 2910 3583 et
2939 3528 3083 3600 quia
3113 3528 3239 3582 dies
3268 3529 3456 3584 sancti
3489 3530 3728 3584 Paschae

2060 3617 2433 3682 imminebat,
2481 3617 2781 3686 jejunium
2857 3619 3190 3674 secundum
3252 3620 3726 3676 Christianorum

2061 3706 2558 3762 consuetudinem
2588 3707 2673 3761 eis
2709 3707 2938 3762 indixit.
2973 3731 2998 3755 »

2440 3815 2524 3866 IX.
2568 3815 2654 3868 De
2681 3815 2743 3869 S.
2781 3815 3028 3870 Vedasto
3058 3815 3349 3883 episcopo.

2135 3919 2278 3976 Hinc
2309 3924 2365 3976 et
2393 3919 2453 3975 in
2483 3919 2642 3976 beati
2674 3921 2973 3994 pontiﬁcis
2997 3921 3230 3978 Vedasti
3252 3922 3377 3980 Vita
3407 3922 3721 3989 invenitur,

2059 4009 2372 4082 quomodo
2431 4009 2491 4064 in
2525 4010 2625 4066 via
2673 4010 2786 4066 sub
2835 4012 3152 4083 praesentia
3191 4012 3461 4083 ejusdem
3489 4012 3642 4081 regis
3673 4016 3731 4067 et

2061 4099 2290 4172 populi,
2322 4100 2412 4154 vir
2449 4100 2550 4154 Dei
2582 4100 2869 4155 Vedastus
2901 4117 3129 4157 caecum
3177 4101 3617 4171 illuminaverit,
3674 4105 3730 4156 et

2065 4188 2588 4260 quemadmodum
2620 4189 2782 4245 idem
2810 4206 2912 4245 rex
2944 4190 3023 4245 ad
3061 4190 3432 4264 baptismum
3483 4189 3728 4257 venerit,

2065 4283 2122 4334 et
2145 4278 2206 4333 in
2228 4279 2546 4334 Rhemensi
2582 4280 2813 4336 civitate
2856 4281 3055 4335 virum
3109 4282 3207 4336 Dei
3249 4281 3567 4336 Vedastum
3595 4295 3730 4335 san-

2064 4370 2159 4422 cto
2216 4366 2725 4422 commendaverit
2773 4367 3058 4437 Remigio.
3104 4391 3131 4416 ‹‹
3175 4371 3312 4433 Rex,
3355 4367 3655 4439 inquiens,
3695 4383 3732 4421 ο,

2066 4456 2194 4511 viro
2255 4456 2353 4510 Dei
2405 4456 2766 4526 evangelicis
2812 4456 3086 4528 apprime
3125 4456 3392 4511 imbutus
3419 4455 3726 4520 doctrinis,

2063 4549 2121 4600 et
2147 4545 2286 4600 hinc
2312 4547 2588 4617 praesenti
2628 4545 2920 4601 miraculo
2969 4545 3029 4599 in
3073 4543 3192 4599 ﬁde
3229 4543 3474 4598 ﬁrmiter
3501 4541 3734 4597 confor-

2067 4639 2241 4701 tatus,
2268 4634 2352 4689 nil
2381 4640 2648 4690 moratus
2673 4634 2733 4688 in
2765 4633 2881 4698 via,
2915 4632 2998 4687 nil
3027 4633 3312 4688 dubitans
3355 4631 3417 4686 in
3445 4630 3583 4698 ﬁde,
3623 4630 3731 4686 sed

2064 4740 2291 4793 magna
2316 4724 2618 4780 alacritate
2649 4721 2856 4792 animi,
2885 4737 3112 4790 magna
3149 4720 3523 4776 festinatione
3561 4719 3732 4777 itine-

2064 4813 2164 4874 ris.
2218 4813 2666 4869 sanctissimum
2718 4809 3064 4883 pontiﬁcem
3121 4809 3460 4879 Remigium
3527 4808 3730 4864 videre

2065 4902 2424 4974 properavit,
2459 4905 2520 4956 ut
2552 4901 2708 4956 illius
2747 4900 3152 4955 sacratissimo
3200 4897 3548 4968 ministerio,
3608 4897 3733 4968 Spi-

2065 4990 2179 5045 ritu
2211 4996 2418 5046 sancto
2441 4993 2743 5062 operante,
2779 4987 2836 5042 in
2875 4988 3292 5043 remissionem
3321 4990 3728 5059 peccatorum,

2065 5081 2122 5132 et
2170 5093 2337 5149 spem
2385 5077 2518 5132 vites
2567 5081 2821 5142 aeternas,
2863 5075 3138 5131 catholici
3179 5074 3556 5146 baptismatis
3594 5073 3731 5129 vivo

2067 5166 2406 5222 ablueretur
2457 5165 2617 5220 fonte
2670 5181 2681 5218 :
2730 5179 2868 5218 cum
2922 5181 3044 5236 quo
3099 5163 3419 5235 aliquantis
3463 5167 3731 5220 moratus

2067 5255 2301 5322 diebus,
2350 5259 2413 5309 ut
2452 5250 2870 5308 ecclesiasticis
2910 5251 3274 5309 satisfaceret
3298 5251 3731 5321 sanctionibus,

2067 5348 2124 5398 et
2149 5342 2526 5414 paenitentiae,
2557 5339 2892 5395 secundum
2920 5340 3317 5413 apostolicum
3338 5346 3728 5414 przeceptum,

2066 5431 2232 5505 prius
2265 5431 2604 5486 ablueretur
2633 5429 2940 5500 lacrymis,
2974 5431 3204 5486 dicente
3271 5433 3325 5483 Β.
3382 5434 3546 5486 Petro
3574 5428 3732 5500 prin-

2068 5521 2197 5592 cipe
2225 5519 2635 5592 apostolorum
2669 5536 2680 5572 :
2716 5541 2743 5567 «
2767 5519 3177 5576 Paenitentiam
3206 5519 3384 5589 agite,
3447 5523 3504 5573 et
3544 5515 3734 5586 bapti-

2070 5615 2226 5665 zetur
2286 5608 2703 5680 unusquisque
2761 5613 3009 5664 vestrum
3071 5609 3132 5663 in
3191 5610 3435 5663 nomine
3498 5603 3728 5661 Domini

2071 5699 2261 5756 nostri
2315 5701 2453 5754 Jesu
2496 5699 2652 5770 (Act.
2683 5701 2742 5765 ιι)
2779 5715 2791 5766 ;
2832 5716 2861 5748 »
2901 5703 2957 5754 et
3005 5698 3086 5754 sic
3131 5698 3191 5753 in
3239 5696 3484 5753 nomine
3515 5697 3732 5748 sanctae
