3940 6184
340 248 444 303 60⁸7

1514 225 1787 295 HERWEI
1826 228 2222 290 RHEMENSIS
2260 231 2581 292 ARCBIEP.
3594 246 3674 299 eos

340 369 635 426 Trinitatis
700 368 951 424 ccclesiis
1028 364 1296 437 mysterii
1366 363 1671 438 baptisma
1734 358 2000 431 suscipe-
2037 362 2081 412 A
2113 361 2338 412 vestras
2357 357 2416 413 in
2433 360 3015 427 coelum,clamantes
3039 372 3171 411 cum
3192 357 3680 430 lacrymis,Christei

341 463 430 515 ret
486 458 652 529 (525).
700 479 725 507 ))

438 548 512 602 Χ.
554 549 653 601 Ex
694 546 825 600 Vita
853 543 911 596 S.
944 542 1183 610 Basilii,
1225 541 1298 597 de
1323 541 1577 612 quodam
1607 543 1904 608 apostata.

414 637 493 689 De
519 632 787 705 quodam
815 634 1091 704 apostata
1132 630 1425 702 reperitur
1470 629 1532 683 in
1578 625 1880 683 miraculis
1935 625 1999 680 B.

346 721 534 778 Basilii
581 720 963 778 Ctesariensis
1005 718 1292 792 episcopi,
1344 717 1449 790 qui
1508 717 1727 789 scripto
1764 712 2004 784 negavit

343 811 662 879 Christum,
717 814 774 866 et
812 808 1056 865 diabolo
1108 809 1169 863 in
1211 807 1617 864 testimonium
1670 801 2002 874 negationis

343 915 468 955 suae
495 899 739 955 tradidit
766 899 1052 970 seipsum.
1096 920 1123 946 ‹‹
1159 897 1262 953 Cui
1288 897 1449 952 idem
1470 896 1558 951 vir
1587 893 1875 950 mirabilis
1896 893 2004 945 Ba-

344 988 510 1043 silius
530 988 681 1042 inter
703 991 915 1043 caetera
942 986 1088 1041 dixit
1117 1003 1129 1041 :
1164 985 1263 1040 Vis
1304 983 1519 1040 reverti
1557 983 1637 1038 ad
1686 981 2003 1038 Dominum

346 1078 533 1132 Deum
561 1077 877 1131 nostrum?
901 1075 991 1131 Ad
1011 1091 1192 1148 quem
1224 1089 1374 1147 puer
1402 1091 1415 1130 :
1452 1073 1660 1145 Utique
1690 1071 1846 1142 volo,
1899 1069 2006 1124 sed

345 1181 468 1222 non
488 1165 678 1221 valeo.
714 1165 860 1220 Dicit
887 1164 939 1220 ei
974 1181 986 1219 :
1019 1166 1211 1229 Quare
1235 1163 1264 1219 ?
1292 1162 1601 1235 respondit
1626 1176 1775 1234 puer
1805 1177 1817 1216 :
1854 1158 2004 1215 Scri-

345 1256 448 1324 pto
469 1252 766 1322 abnegavi
789 1253 1106 1318 Christum,
1139 1256 1196 1307 et
1214 1250 1522 1323 professus
1567 1265 1702 1305 sum
1740 1246 2001 1303 diabolo.

346 1341 491 1396 Dicit
516 1341 568 1395 ei
598 1347 840 1396 sanctus
868 1341 1117 1396 Basilius
1149 1357 1169 1395 .·
1202 1343 1327 1395 Non
1351 1339 1425 1394 sit
1453 1338 1556 1394 tibi
1587 1353 1742 1394 curae
1786 1355 1798 1392 :
1846 1335 2008 1391 beni-

346 1443 500 1497 gnus
530 1433 619 1485 est
643 1429 803 1484 enim
830 1432 984 1485 Deus
1015 1433 1237 1493 noster,
1272 1434 1329 1484 et
1354 1427 1599 1499 recipiet
1626 1431 1681 1481 te
1720 1425 2009 1497 paeniten-

344 1522 483 1573 tem.
519 1518 888 1586 Compatitur
917 1518 1077 1574 enim
1118 1517 1359 1573 malitiis
1402 1517 1636 1571 nostris.
1682 1537 1710 1565 ››
1776 1518 1839 1568 Et
1881 1513 2009 1585 qui-

346 1606 603 1661 busdam
630 1606 1011 1678 interpositis,
1048 1630 1067 1651 τ
1102 1605 1249 1661 Dicit
1280 1606 1353 1660 ad
1384 1620 1643 1676 puerum
1679 1603 1836 1657 idem
1877 1615 2009 1656 san-

2110 446 2303 515 Kyrie
2330 449 2564 505 eleison.
2602 452 2666 504 Et
2693 453 2884 504 stante
2915 446 3136 520 populo
3167 446 3224 502 in
3252 448 3447 504 horam
3485 454 3680 511 multam

2112 539 2384 591 extensas
2430 537 2687 592 habente
2748 552 2967 592 manus
3010 535 3068 589 iu
3114 534 3342 605 caelum,
3379 552 3499 595 ecce
3525 557 3683 598 manu-

2114 624 2332 697 scripta
2375 627 2544 699 pueri
2596 643 2703 698 per
2752 642 2951 682 aerem
3004 624 3215 691 delata,
3254 628 3305 681 et
3347 627 3417 681 ab
3456 631 3682 686 omnibus

2112 713 2243 769 visa
2299 714 2459 770 venit
2493 732 2518 769 :-
2538 720 2594 771 et
2623 714 2905 787 imposita
2935 718 3025 769 est
3052 713 3325 768 manibus
3351 718 3683 774 memorabilis

2112 801 2295 856 nostri
2322 804 2507 875 patris
2552 809 2610 859 et
2658 804 2937 878 pastoris.
3000 803 3331 874 Suscipiens
3362 808 3536 861 autem
3569 824 3683 875 eam,

2113 895 2167 945 et
2191 892 2409 959 gratias
2437 910 2623 963 agens
2658 897 2795 964 Deo,
2835 892 3075 963 gavisus
3122 893 3305 947 factus
3350 899 3429 949 est
3466 895 3624 961 valde,
3648 904 3688 953 et

2114 994 2315 1035 coram
2341 983 2504 1037 omni
2531 983 2757 1056 populo
2787 982 2934 1038 dixit
2961 982 3037 1036 ad
3067 996 3311 1053 puerum
3370 1000 3381 1035 :
3430 984 3685 1053 Cognoscis

2114 1068 2398 1124 litterulas
2445 1072 2574 1139 has,
2636 1071 2861 1127 frater?
2915 1070 3024 1136 Qui
3083 1070 3163 1125 ait
3217 1069 3291 1124 ad
3346 1087 3470 1126 eum
3507 1089 3517 1125 :
3549 1074 3686 1128 Etiam

2116 1163 2319 1214 sancte
2346 1159 2461 1223 Dei,
2496 1154 2907 1231 m'anuscripta
2941 1174 3075 1214 mea
3118 1163 3219 1213 est.
3276 1161 3335 1214 Et
3376 1159 3686 1232 disrumpens

2116 1247 2593 1319 mamiscriptum
2621 1252 2864 1302 sanctus
2898 1246 3163 1309 Basilius,
3192 1245 3450 1318 perduxit
3486 1262 3598 1302 eum
3634 1249 3687 1304 ad

2117 1334 2429 1389 ecclesiam
2474 1352 2488 1401 ;
2556 1340 2615 1390 et
2668 1335 2921 1404 dignum
2976 1334 3111 1389 fecit
3162 1339 3361 1389 sancto
3412 1334 3687 1405 ministerio,

2117 1426 2175 1477 et
2246 1424 2672 1480 communione
2743 1424 3167 1496 mysteriorum
3210 1466 3223 1491 ,
3325 1427 3377 1477 et
3442 1438 3690 1481 munerum

2118 1512 2349 1568 Christi.
2396 1536 2423 1561 ››

2533 1601 2618 1656 XI.
2659 1602 2746 1657 De
2773 1606 2980 1657 sancto
3010 1601 3349 1656 Laurentio.

347 1700 476 1749 ctus
512 1716 524 1749 :
559 1694 760 1749 Credis
801 1694 1068 1750 salvari?
1126 1694 1237 1760 Qui
1284 1694 1365 1750 ait
1412 1712 1423 1748 :
1472 1692 1680 1759 Credo,
1740 1690 2005 1755 domine,
2039 1708 2082 1763 Β
2193 1693 2348 1743 Inter
2370 1689 2487 1744 alia
2514 1689 2801 1762 scriptum
2829 1688 3085 1744 habetur
3117 1688 3175 1741 in
3202 1688 3465 1760 passione
3505 1690 3551 1741 Β.
3587 1690 3692 1741 Lau-

350 1782 572 1852 adjuva
617 1782 1089 1839 incredulitatem
1136 1798 1356 1839 meam.
1419 1785 1482 1837 Et
1547 1782 1830 1837 continuo
1906 1795 2008 1852 ap-

351 1871 725 1942 prehendens
751 1886 1001 1927 manum
1031 1872 1182 1942 ejus,
1222 1871 1449 1927 faciens
1503 1870 1714 1927 Christi
1768 1869 2009 1938 signum

352 1960 412 2016 in
467 1960 619 2031 ipso,
683 1965 741 2016 et
790 1977 990 2031 orans,
1040 1960 1279 2015 reclusit
1305 1975 1442 2014 eum
1470 1960 1529 2014 in
1560 1959 1691 2014 loco
1718 1957 2009 2014 interioris

350 2048 501 2103 sacri
532 2048 783 2120 periboli
805 2067 817 2117 ;
842 2053 900 2104 et
924 2049 1076 2105 dans
1114 2049 1165 2104 ei
1195 2049 1487 2119 regulam,
1520 2047 2009 2104 collaborabat‘ei

349 2151 455 2208 per
484 2141 602 2192 tres
632 2136 779 2193 dies.
814 2160 840 2187 »
876 2140 941 2193 Et
964 2142 1100 2210 post
1125 2137 1433 2210 aliquanta
1480 2155 1492 2192 :
1544 2158 1573 2190 α
1620 2135 2009 2205 Quadragesi—

349 2239 450 2279 mo
501 2224 595 2280 die
647 2225 774 2298 ipse
823 2230 1065 2282 sanctus
1120 2226 1198 2281 ad
1243 2242 1383 2281 eum
1431 2225 1621 2293 rediit,
1663 2230 1719 2281 et
1743 2224 1884 2280 dicit
1913 2224 2006 2279 ei:

351 2315 666 2379 Quomodo
724 2315 931 2381 habes,
988 2316 1211 2371 frater?
1270 2315 1680 2388 Respondeas,
1740 2314 1879 2369 dicit
1933 2314 2011 2370 ad

350 2419 489 2458 eum
531 2421 543 2458 :
588 2406 739 2459 Bene
771 2404 986 2471 habeo,
1017 2409 1218 2461 sancte
1249 2405 1369 2461 Dei.
1401 2405 1525 2459 Vidi
1559 2406 1715 2461 enim
1752 2408 1803 2459 te
1832 2404 2011 2458 hodie

350 2492 410 2547 in
438 2492 574 2547 visu
599 2498 970 2565 pugnantem
989 2508 1098 2565 pro
1122 2508 1239 2563 me,
1254 2497 1310 2548 et
1329 2494 1661 2549 vincentem
1676 2492 2007 2548 diabolum.

352 2583 418 2636 Et
441 2580 654 2637 iterum
685 2597 862 2638 mane
895 2582 1069 2649 facto,
1099 2585 1331 2638 vocavit
1375 2598 1611 2639 sacrum
1669 2581 1915 2652 clerum,
1957 2585 2013 2637 et

350 2670 805 2732 monasteria,et
835 2686 1077 2725 omnem
1106 2669 1332 2726 Christo
1351 2670 1675 2725 amabilem
1692 2670 2007 2743 populum,

306 2796 307 2799 η
352 2762 408 2812 et
429 2758 577 2813 dixit
611 2759 694 2813 eis
726 2776 736 2813 :
770 2758 953 2816 Filioli
982 2759 1099 2815 mei
1130 2758 1518 2824 dilectissimi,
1546 2774 1757 2815 omnes
1790 2759 2011 2827 gratias

351 2847 540 2915 agatis
574 2849 825 2902 Domino
862 2865 873 2901 :
907 2863 1042 2904 ecce
1074 2848 1234 2902 enim
1275 2863 1451 2902 ovem
1495 2847 1788 2919 perditam
1835 2846 2013 2901 debet

349 2939 555 3008 pastor
604 2935 800 2991 bonus
848 2935 904 2989 in
964 2933 1228 2990 humeris
1290 2938 1610 3007 reportare,
1679 2940 1735 2989 et
1798 2934 2009 2990 offerre

350 3022 631 3117 ecclesiae.
667 3024 1041 3095 Quapropter
1070 3021 1341 3078 debitum
1371 3026 1477 3091 est,
1511 3027 1567 3078 et
1606 3039 1716 3077 nos
1744 3021 2006 3091 vigiliam
2041 3063 2079 3117 Ο

351 3109 545 3166 facere
558 3115 752 3178 nocte,
769 3127 836 3166 ac
857 3110 1159 3185 postulare
1179 3111 1309 3182 ejus
1345 3110 1796 3180 benignitatem.
1811 3116 1875 3168 ut
1890 3127 2012 3167 non

352 3199 553 3255 vincat
601 3205 913 3273 corruptor
966 3200 1308 3256 animarum
1364 3201 1543 3256 etiam
1579 3201 1637 3255 in
1678 3200 1791 3256 hoc
1831 3201 2007 3257 facto.

355 3291 419 3344 Et
440 3287 711 3344 alacriter
730 3288 957 3361 populo
982 3293 1341 3360 coaggerato
1365 3305 1472 3362 per
1501 3304 1743 3344 omnem
1777 3294 2012 3346 noctem

350 3376 809 3451 postulaverunt
837 3380 1023 3433 Deum
1055 3393 1193 3432 cum
1221 3377 1386 3433 bono
1406 3382 1641 3451 pastore
1669 3395 1806 3433 cum
1826 3377 2015 3450 lacry-

352 3466 486 3536 mis,
520 3465 848 3522 clamantes
877 3482 988 3539 pro
1020 3482 1110 3534 eo,
1144 3467 1336 3532 Kirie,
1366 3467 1579 3522 elcison
1601 3481 1621 3534 ,'
1673 3471 1730 3522 et
1781 3470 2012 3522 mature

351 3571 491 3610 cum
511 3554 676 3611 omni
704 3555 1083 3612 multitudine
1112 3555 1319 3629 populi
1346 3556 1573 3628 accepit
1595 3561 1838 3612 sanctus
1871 3572 2014 3630 pue-

351 3661 507 3713 rum,
540 3648 597 3700 et
624 3647 832 3699 tenens
884 3643 1192 3700 dexteram
1242 3660 1494 3700 manum
1551 3646 1699 3716 ejus,
1754 3645 2013 3701 ducebat

348 3733 513 3789 illum
564 3734 624 3788 in
676 3738 945 3790 sanctam
996 3732 1310 3789 ecclesiam
1364 3733 1464 3790 Dei
1507 3751 1645 3790 cum
1695 3733 1916 3806 palmis
1956 3739 2013 3790 et

350 3822 615 3894 hymnis.
677 3825 742 3877 Et
779 3837 915 3877 ecce
970 3820 1248 3878 diabolus
1296 3822 1483 3878 oculis
1528 3823 1803 3878 omnium
1842 3823 2011 3878 fasci-

351 3928 503 3967 nans
534 3914 594 3967 in
626 3911 848 3967 tristem
879 3910 1062 3967 vitam
1088 3927 1227 3966 cum
1249 3912 1417 3968 omni
1440 3911 1773 3983 perniciosa
1798 3911 2010 3967 virtute

351 4000 613 4070 advenit,
669 4003 727 4054 et
775 3999 1144 4055 invisibiliter
1219 3999 1679 4071 apprehendens
1731 4016 2010 4073 puerum,

353 4086 687 4143 conabatur
714 4101 925 4159 rapere
954 4102 1094 4142 eum
1124 4087 1198 4143 de
1229 4103 1417 4144 manu
1464 4088 1650 4143 sancti
1679 4106 1692 4156 ;
1736 4092 1794 4144 et
1835 4088 2013 4161 coepit

294 4211 297 4214 -
352 4175 613 4231 clamare
644 4190 793 4247 puer
823 4192 837 4230 :
874 4177 1084 4232 Sancte
1114 4176 1233 4243 Dei,
1262 4176 1484 4246 adjuva
1514 4192 1631 4231 me.
1688 4181 1753 4232 Et
1800 4192 2012 4234 rursus

352 4279 679 4320 conversus
718 4268 959 4319 sanctus
991 4264 1068 4320 ad
1098 4264 1434 4335 diabolum,
1465 4265 1613 4321 dixit
1647 4283 1660 4321 :
1694 4267 2010 4338 lmprobis-

354 4355 525 4424 sime,
553 4359 611 4410 et
638 4352 981 4410 animarum
1023 4358 1355 4427 corruptor,
1411 4359 1579 4426 pater
1624 4356 2007 4413 tenebrarum

349 4446 407 4499 et
433 4414 801 4516 perditionis,
834 4457 957 4498 non
988 4414 1459 4499 sumcit‘tibi'tu‘a
1491 4444 1763 4515 perditio,
1787 4460 1911 4517 qua
1932 4451 2007 4506 te.
2046 4414 2086 4467 θ

348 4537 405 4587 et
431 4547 535 4588 eos
562 4531 669 4604 qui
697 4530 811 4587 sub
838 4535 891 4586 te
921 4535 1079 4601 sunt,
1126 4530 1396 4599 effecisti,
1455 4532 1567 4588 nisi
1615 4533 1796 4590 etiam
1824 4539 1881 4589 et
1912 4534 2011 4590 Dei

351 4621 467 4677 mei
511 4625 700 4677 tentes
740 4620 979 4693 plasma
1003 4622 1032 4676 ?
1064 4642 1089 4669 ››
1134 4624 1198 4676 Et
1251 4622 1571 4695 perpaucis
1626 4623 2007 4696 interpositis,

354 4734 381 4760 «
415 4713 667 4768 Sanctus
693 4710 794 4767 Dei
821 4710 905 4766 ait
933 4710 1011 4766 ad
1042 4710 1351 4775 diabolum
1413 4728 1425 4766 :
1488 4712 1760 4785 Increpat
1800 4718 1856 4768 te
1902 4715 2008 4769 Do-

349 4799 569 4866 minus,
623 4799 880 4856 diabole.
932 4798 1039 4865 Qui
1078 4800 1452 4871 respondens
1504 4801 1652 4857 dixit
1697 4801 1775 4856 ad
1821 4816 2005 4856 eum:

350 4888 544 4956 Basili,
578 4888 937 4961 praijudicas
957 4904 1076 4957 me,
1125 4903 1249 4944 non
1299 4889 1419 4945 abii
1455 4904 1567 4958 ego
1596 4891 1674 4946 ad
1700 4904 1860 4955 eum,
1904 4891 2009 4946 sed

348 4977 477 5048 ipse
531 4979 694 5034 venit
748 4977 825 5035 ad
874 4993 992 5033 me.
1048 4977 1384 5046 Abnegavit
1425 4978 1743 5046 Christum,
1787 4984 1844 5034 et
1876 4995 2012 5052 pro-

350 5065 544 5121 fessus
595 5071 684 5121 est
734 5067 901 5123 mihi.
958 5070 1021 5123 Et
1075 5083 1211 5122 ecce
1268 5068 1745 5140 manuscriptum
1788 5069 2005 5136 habeo,

350 5158 407 5210 et
448 5154 508 5209 in
561 5155 656 5211 die
708 5155 916 5225 judicii
964 5155 1042 5210 ad
1096 5171 1485 5212 communem
1533 5156 1797 5228 judicem
1869 5173 2007 5212 eum

350 5242 527 5298 duco.
580 5244 832 5298 Sanctus
891 5244 992 5299 Dei
1043 5243 1190 5300 dixit
1248 5262 1261 5300 :
1313 5244 1665 5301 Benedictus
1720 5245 2007 5301 Dominus

352 5336 507 5389 Deus
561 5346 751 5388 meus.
816 5337 941 5389 Non
996 5333 1267 5390 deﬂectet
1316 5335 1579 5408 populus
1638 5336 1744 5392 iste
1792 5351 2011 5392 manus

348 5423 423 5479 de
464 5420 773 5479 altitudine
820 5421 972 5488 coeli,
1022 5422 1214 5479 donec
1260 5423 1479 5480 reddas
1510 5426 2006 5498 manuscriptum.

351 5515 416 5568 Et
466 5516 815 5569 convertens
870 5525 932 5565 se
986 5510 1133 5567 dixit
1188 5512 1416 5584 populo
1458 5530 1469 5569 :
1529 5513 1739 5584 Erigite
1790 5530 2011 5570 manus

419 5693 572 5765 (525)
620 5691 769 5749 Vide
800 5691 1062 5764 Surium,
1092 5691 1250 5749 Acta
1277 5690 1337 5749 S.
1379 5693 1634 5750 Vedasti.

2119 1776 2289 1831 rentii
2313 1776 2690 1841 archilevitaa,
2724 1779 2782 1832 et
2806 1776 3085 1849 martyris
3108 1774 3337 1830 Christi.
3372 1794 3399 1825 α
3424 1777 3537 1830 Erat
3557 1776 3691 1829 homo

2119 1866 2178 1920 in
2208 1866 2486 1921 carcerali
2515 1866 2788 1922 custodia
2817 1865 3005 1922 multo
3028 1865 3162 1936 jam
3204 1869 3451 1938 tempore
3501 1864 3692 1934 gentilis,

2119 1955 2223 2027 qui
2280 1955 2575 2026 plorando
2619 1955 2859 2010 amissis
2900 1954 3087 2010 oculis
3117 1970 3310 2009 caecus
3339 1954 3511 2008 factus
3538 1953 3692 2009 fuerat.

2121 2045 2266 2099 dixit
2290 2045 2368 2099 ad
2394 2060 2533 2099 eum
2563 2045 2622 2097 Β.
2664 2044 3010 2100 Laurentius
3053 2060 3065 2097 :
3113 2044 3168 2100 Si
3230 2043 3411 2098 credis
3454 2042 3505 2097 in
3537 2041 3692 2097 Filium

2122 2133 2222 2189 Dei
2255 2134 2572 2189 Dominum
2599 2136 2805 2189 Jesum
2830 2133 3152 2199 Christum,
3180 2133 3481 2204 baptizare,
3527 2136 3572 2185 et
3607 2129 3696 2184 illu-

2121 2223 2372 2279 minabit
2394 2229 2466 2279 te.
2502 2227 2565 2278 Et
2585 2225 2871 2279 continuo
2919 2227 3057 2295 post
3102 2222 3296 2295 ipsius
3343 2221 3695 2277 confessionem

2122 2313 2442 2383 baptizata,
2479 2312 2665 2385 aperti
2696 2317 2837 2367 sunt
2866 2310 3023 2366 oculi
3052 2312 3207 2383 ejus,
3236 2316 3291 2366 et
3318 2310 3481 2381 coepit
3501 2309 3695 2363 clamare

2121 2402 2325 2457 dicens
2355 2419 2366 2456 :
2401 2402 2745 2457 Benedictus
2772 2401 3058 2457 Dominus
3080 2403 3241 2456 Deus
3273 2398 3612 2470 reternus,qui
3630 2412 3695 2451 me

2121 2491 2473 2546 illuminavit
2501 2506 2606 2564 per
2668 2495 2725 2546 Β.
2787 2490 3194 2562 Laurentium,
3237 2490 3373 2561 quia
3413 2503 3610 2559 semper
3639 2484 3695 2539 iui

2123 2596 2314 2635 caecus
2344 2584 2401 2635 et
2438 2579 2621 2635 modo
2653 2581 2843 2635 video.
2878 2582 3013 2634 Post
3040 2580 3172 2635 haec
3206 2584 3260 2635 et
3286 2578 3508 2633 beatum
3533 2575 3697 2647 Hippoc

2120 2668 2312 2740 lytum
2346 2685 2509 2724 more
2534 2670 2706 2725 solito
2739 2668 3146 2737 catechizavit,
3200 2673 3274 2740 et,
3328 2670 3543 2737 accepta
3566 2677 3698 2735 aqua.

2120 2757 2425 2813 benedixit
2450 2764 2506 2813 et
2531 2757 2851 2830 baptizavlt
2882 2757 3070 2813 illum.
3132 2758 3347 2813 Deinde
3385 2754 3538 2811 simili
3564 2750 3697 2808 modo

2122 2846 2368 2902 militem
2414 2847 2729 2920 baptizavit
2772 2851 3135 2914 Romanum,
3186 2847 3287 2919 qui
3332 2850 3385 2901 et
3420 2842 3699 2916 baptizatus,

2123 2952 2264 2991 mox
2296 2936 2582 3008 martyrio
2608 2941 2929 2993 coronatus
2961 2941 3066 2992 est.
3118 2960 3145 2985 ››

2514 3030 2622 3081 XII.
2652 3027 2740 3082 De
2769 3028 2992 3083 Sancto
3023 3026 3386 3082 Sebastiano.

2198 3115 2489 3187 Scriptum
2544 3120 2632 3170 est
2678 3116 2735 3170 in
2780 3115 3061 3187 passione
3112 3115 3304 3171 sancti
3342 3108 3627 3168 Sebastiani
3648 3105 3703 3161 ad

2122 3205 2342 3260 locum.
2374 3228 2399 3254 ‹‹
2432 3206 2581 3260 Cum
2610 3221 2820 3260 omnes
2860 3206 2965 3277 qui
3005 3205 3082 3260 ad
3129 3203 3499 3276 decipiendos
3524 3202 3704 3255 sanctos

2123 3294 2291 3365 (quin
2321 3297 2578 3352 Marcum
2610 3298 2667 3350 et
2696 3294 3123 3367 Marcellinum)
3157 3297 3446 3359 venerant,
3479 3284 3705 3345 unanimi-

2124 3388 2208 3438 ter
2237 3383 2545 3439 crederent
2571 3384 2863 3439 Christum
2903 3403 2914 3438 :
2953 3384 3315 3441 Nicostratus
3343 3399 3470 3439 cum
3512 3378 3707 3446 conjuge

2123 3487 2234 3527 sua
2283 3472 2535 3539 urgebat
2580 3471 2784 3527 dicens
2835 3489 2850 3527 :
2905 3476 3030 3528 Non
3061 3473 3304 3544 capiam
3337 3470 3537 3533 cibum,
3563 3476 3705 3535 neque

2121 3564 2352 3633 potum,
2382 3560 2493 3615 nisi
2518 3562 2872 3633 mysterium
2900 3560 3044 3616 mihi
3090 3561 3431 3617 Christianae
3476 3551 3707 3621 religionis

2122 3648 2293 3704 fuerit
2350 3648 2652 3705 traditum.
2711 3650 2814 3706 Cui
2868 3653 3111 3705 sanctus
3161 3649 3525 3705 Sebastianus
3562 3640 3704 3698 dixit:

2122 3737 2287 3792 Muta
2313 3737 2669 3806 dignitatem
2695 3741 2883 3810 tuam,
2917 3742 2972 3793 et
3000 3738 3199 3811 incipe
3231 3754 3360 3794 esse
3396 3732 3577 3792 Christi
3614 3743 3705 3785 ma-

2123 3826 2213 3894 gis
2265 3826 2721 3899 primiscrinius,
2775 3843 2961 3900 quam
3014 3828 3298 3899 praefecti.
3379 3824 3514 3881 Audi
3558 3821 3706 3889 itaque

2121 3915 2437 3971 consilium
2481 3931 2707 3985 meum,
2768 3920 2823 3971 et
2877 3932 3088 3972 omnes
3115 3933 3274 3989 quos
3314 3930 3500 3972 carcer
3527 3905 3708 3967 inclusit

2120 4020 2273 4076 quos
2304 4004 2545 4060 vincula
2574 4008 2792 4069 tenent,
2822 4020 2975 4077 quos
3010 4006 3314 4075 ergastula
3347 4000 3642 4063 conﬁciunt,
3664 3992 3706 4046 in

2122 4108 2309 4148 unum
2336 4094 2557 4161 redige.
2587 4095 2757 4158 Quod
2783 4110 2920 4149 cum
2953 4093 3181 4163 feceris,
3233 4091 3535 4150 antistitem
3564 4097 3709 4141 sacro

2122 4187 2337 4239 sanctae
2369 4183 2517 4254 legis
2545 4183 2889 4248 adhibeam,
2923 4186 2987 4239 ut
3024 4198 3164 4240 cum
3196 4183 3467 4241 omnibus
3495 4177 3582 4251 qui
3618 4187 3707 4227 cre-

2121 4272 2260 4327 dere
2285 4269 2578 4328 voluerint
2618 4272 2883 4343 mysterii
2912 4272 3205 4347 suscipias
3233 4270 3645 4328 sacramentum.
3670 4256 3708 4315 Si

2121 4362 2277 4418 enim
2303 4361 2582 4417 diabolus
2606 4361 2834 4417 Christo
2862 4368 3101 4417 sanctos
3141 4364 3273 4434 ejus
3321 4359 3533 4417 auferre
3579 4364 3709 4407 cena.

2120 4455 2213 4505 tus
2265 4456 2370 4516 est,
2430 4455 2486 4505 et
2530 4454 2825 4505 conatur:
2861 4456 3092 4521 quanto
3143 4450 3338 4520 magis
3388 4464 3491 4504 nos
3532 4436 3709 4518 pietatis

2119 4542 2494 4609 argumento,
2546 4539 2657 4594 hos
2709 4554 2864 4611 quos
2922 4538 3202 4595 diabolus
3264 4539 3471 4609 injuste
3508 4532 3710 4587 lucratus

2119 4632 2224 4694 est,
2257 4644 2465 4683 curare
2494 4627 2810 4689 debemus.
2838 4632 2894 4683 ct
2917 4644 3029 4683 suo
3060 4629 3366 4685 restituere
3394 4615 3709 4681 Creatoriilit

2121 4715 2487 4771 Nicostratus
2520 4715 2598 4770 ad
2624 4716 2753 4771 haec
2785 4715 3112 4789 respondit,
3165 4716 3370 4773 dicens
3417 4732 3427 4769 :
3460 4702 3711 4789 Quomodo

2118 4803 2338 4876 iniquis
2390 4808 2445 4859 et
2492 4804 2829 4859 criminosis
2882 4788 3140 4878 possunt
3184 4810 3390 4861 sancta
3443 4788 3710 4858 committi?

2121 4894 2370 4950 Sanctus
2395 4892 2778 4949 Sebastianus
2800 4893 2909 4948 ait:
2931 4893 3203 4950 Salvator
3219 4898 3418 4948 noster
3439 4903 3538 4963 pro
3559 4892 3712 4957 pecca-

2120 4980 2346 5037 toribus
2392 4998 2566 5037 suam
2608 4982 2784 5037 nobis
2817 4981 3099 5053 dignatus
3120 4985 3207 5038 est
3228 4979 3495 5037 exhibere
3514 4979 3712 5049 prasen'

2121 5071 2259 5126 tiam
2269 5111 2282 5137 ,
2296 5074 2353 5125 et
2364 5070 2620 5126 ostendit
2632 5071 2983 5142 mysterium
2993 5116 3006 5141 ,
3021 5087 3127 5143 per
3138 5069 3306 5143 duoq
3320 5067 3511 5125 omnia
3523 5059 3713 5137 peccata

2119 5164 2175 5216 et
2200 5160 2449 5216 crimina
2478 5161 2686 5217 omnia
2707 5161 3057 5217 hominibus
3088 5161 3449 5225 auferantur,
3466 5158 3517 5210 et
3540 5158 3711 5207 omnes

2118 5249 2361 5304 virtutes
2384 5248 2617 5304 Domini
2647 5249 3049 5306 conferantur.
3068 5252 3132 5306 Et
3152 5255 3288 5322 post
3308 5239 3713 5303 multa.Sanctus

2122 5336 2508 5393 Sebastianus
2535 5337 2681 5393 abiit
2709 5338 2786 5393 ad
2813 5338 3207 5411 Polycarpum
3232 5339 3498 5392 sanctum
3518 5323 3712 5402 prest'

2118 5431 2330 5489 terum,
2390 5426 2491 5481 ubi
2546 5432 2672 5483 erat
2720 5443 2905 5483 causa
2942 5426 3369 5500 persecutionis
3394 5411 3712 5508 occultus“?!

2118 5516 2379 5571 narravit
2406 5515 2457 5570 ei
2488 5516 2693 5572 omnia
2717 5531 2852 5588 quae
2886 5499 3048 5585 gesta
3076 5519 3230 5571 sunt.
3283 5511 3501 5580 Quibus
3541 5499 3711 5560 auditis
