  <div class='ocr_page' id='page_1' title='image "/cluster/home/n/w/nwhite01/storage/ocr_20150623/132/hvd.32044054759931/340.png"; bbox 0 0 4034 6190; ppageno 0'>
   <div class='ocr_carea' id='block_1_1' title="bbox 1267 218 2732 281">
    <p class='ocr_par' dir='ltr' id='par_1_1' title="bbox 1267 218 2732 281">
     <span class='ocr_line' id='line_1_1' title="bbox 1267 218 2732 281; baseline 0.002 -4"><span class='ocrx_word' id='word_1_1' title='bbox 1267 222 1495 279; x_wconf 88' lang='lat' dir='ltr'><strong>EPIST.</strong></span> <span class='ocrx_word' id='word_1_2' title='bbox 1537 224 1635 281; x_wconf 86' lang='lat' dir='ltr'><strong>AD</strong></span> <span class='ocrx_word' id='word_1_3' title='bbox 1676 220 2015 278; x_wconf 68' lang='lat' dir='ltr'><strong>WITONEM</strong></span> <span class='ocrx_word' id='word_1_4' title='bbox 2053 218 2376 279; x_wconf 79' lang='lat' dir='ltr'><strong>ARCHIEP.</strong></span> <span class='ocrx_word' id='word_1_5' title='bbox 2423 223 2732 280; x_wconf 80' lang='lat' dir='ltr'><strong>ROTHOM.</strong></span> 
     </span>
    </p>
   </div>
   <div class='ocr_carea' id='block_1_2' title="bbox 266 342 3156 422">
    <p class='ocr_par' dir='ltr' id='par_1_2' title="bbox 266 342 3156 422">
     <span class='ocr_line' id='line_1_2' title="bbox 266 342 3156 422; baseline 0.002 -21"><span class='ocrx_word' id='word_1_6' title='bbox 266 344 644 417; x_wconf 82' lang='lat' dir='ltr'><strong>Polycarpus</strong></span> <span class='ocrx_word' id='word_1_7' title='bbox 664 344 885 414; x_wconf 79' lang='lat' dir='ltr'><strong>gratias</strong></span> <span class='ocrx_word' id='word_1_8' title='bbox 906 343 1024 414; x_wconf 89' lang='lat' dir='ltr'><strong>egit</strong></span> <span class='ocrx_word' id='word_1_9' title='bbox 1056 347 1177 401; x_wconf 88' lang='lat' dir='ltr'><strong>Deo</strong></span> <span class='ocrx_word' id='word_1_10' title='bbox 1198 349 1256 401; x_wconf 91' lang='lat' dir='ltr'><strong>et</strong></span> <span class='ocrx_word' id='word_1_11' title='bbox 1278 361 1402 402; x_wconf 87' lang='lat' dir='ltr'><strong>una</strong></span> <span class='ocrx_word' id='word_1_12' title='bbox 1417 364 1558 404; x_wconf 89' lang='lat' dir='ltr'><strong>cum</strong></span> <span class='ocrx_word' id='word_1_13' title='bbox 1586 364 1660 404; x_wconf 89' lang='lat' dir='ltr'><strong>eo</strong></span> <span class='ocrx_word' id='word_1_14' title='bbox 1687 345 1857 404; x_wconf 82' lang='lat' dir='ltr'>venit</span> <span class='ocrx_word' id='word_1_15' title='bbox 1879 342 1965 400; x_wconf 91' lang='lat' dir='ltr'><strong>ad</strong></span> <span class='ocrx_word' id='word_1_16' title='bbox 2003 346 2053 398; x_wconf 76' lang='grc' dir='ltr'><strong>Α</strong></span> <span class='ocrx_word' id='word_1_17' title='bbox 2666 350 2797 405; x_wconf 85' lang='lat' dir='ltr'><strong>XIV.</strong></span> <span class='ocrx_word' id='word_1_18' title='bbox 2828 351 2944 407; x_wconf 89' lang='lat' dir='ltr'><strong>Leo</strong></span> <span class='ocrx_word' id='word_1_19' title='bbox 2966 366 3156 422; x_wconf 82' lang='lat' dir='ltr'><strong>papa.</strong></span> 
     </span>
    </p>
   </div>
   <div class='ocr_carea' id='block_1_3' title="bbox 266 431 3745 518">
    <p class='ocr_par' dir='ltr' id='par_1_3' title="bbox 266 431 3745 518">
     <span class='ocr_line' id='line_1_3' title="bbox 266 431 3745 518; baseline 0.004 -29"><span class='ocrx_word' id='word_1_20' title='bbox 266 433 531 489; x_wconf 91' lang='lat' dir='ltr'><strong>domum</strong></span> <span class='ocrx_word' id='word_1_21' title='bbox 557 432 869 489; x_wconf 80' lang='lat' dir='ltr'><strong>Nicostrati</strong></span> <span class='ocrx_word' id='word_1_22' title='bbox 906 449 919 487; x_wconf 88' lang='lat'><strong>:</strong></span> <span class='ocrx_word' id='word_1_23' title='bbox 953 436 1010 488; x_wconf 89' lang='lat' dir='ltr'><strong>et</strong></span> <span class='ocrx_word' id='word_1_24' title='bbox 1038 432 1253 489; x_wconf 88' lang='lat' dir='ltr'><strong>videns</strong></span> <span class='ocrx_word' id='word_1_25' title='bbox 1304 435 1512 491; x_wconf 79' lang='lat' dir='ltr'><strong>turbas</strong></span> <span class='ocrx_word' id='word_1_26' title='bbox 1557 432 1963 498; x_wconf 81' lang='lat' dir='ltr'><strong>credentium,</strong></span> <span class='ocrx_word' id='word_1_27' title='bbox 2152 431 2231 486; x_wconf 90' lang='lat' dir='ltr'><strong>De</strong></span> <span class='ocrx_word' id='word_1_28' title='bbox 2280 431 2371 487; x_wconf 85' lang='lat' dir='ltr'><strong>his</strong></span> <span class='ocrx_word' id='word_1_29' title='bbox 2422 433 2642 506; x_wconf 86' lang='lat' dir='ltr'><strong>quibus</strong></span> <span class='ocrx_word' id='word_1_30' title='bbox 2686 436 2939 494; x_wconf 88' lang='lat' dir='ltr'><strong>dubium</strong></span> <span class='ocrx_word' id='word_1_31' title='bbox 2988 445 3076 496; x_wconf 89' lang='lat' dir='ltr'><strong>est</strong></span> <span class='ocrx_word' id='word_1_32' title='bbox 3117 444 3324 496; x_wconf 89' lang='lat' dir='ltr'><strong>utrum</strong></span> <span class='ocrx_word' id='word_1_33' title='bbox 3367 440 3745 518; x_wconf 79' lang='lat' dir='ltr'><strong>baptismum</strong></span> 
     </span>
    </p>
   </div>
   <div class='ocr_carea' id='block_1_4' title="bbox 269 520 3749 601">
    <p class='ocr_par' dir='ltr' id='par_1_4' title="bbox 269 520 3749 601">
     <span class='ocr_line' id='line_1_4' title="bbox 269 520 3749 601; baseline 0.005 -24"><span class='ocrx_word' id='word_1_34' title='bbox 269 522 551 579; x_wconf 85' lang='lat' dir='ltr'><strong>salutans</strong></span> <span class='ocrx_word' id='word_1_35' title='bbox 603 537 709 578; x_wconf 91' lang='lat' dir='ltr'><strong>eos</strong></span> <span class='ocrx_word' id='word_1_36' title='bbox 761 538 900 578; x_wconf 90' lang='lat' dir='ltr'><strong>cum</strong></span> <span class='ocrx_word' id='word_1_37' title='bbox 956 522 1127 578; x_wconf 91' lang='lat' dir='ltr'><strong>omni</strong></span> <span class='ocrx_word' id='word_1_38' title='bbox 1186 522 1434 594; x_wconf 85' lang='lat' dir='ltr'><strong>gaudio,</strong></span> <span class='ocrx_word' id='word_1_39' title='bbox 1487 525 1569 581; x_wconf 85' lang='lat' dir='ltr'><strong>ait</strong></span> <span class='ocrx_word' id='word_1_40' title='bbox 1606 542 1619 579; x_wconf 90' lang='lat'><strong>:</strong></span> <span class='ocrx_word' id='word_1_41' title='bbox 1656 521 1821 579; x_wconf 88' lang='lat' dir='ltr'><strong>Beati</strong></span> <span class='ocrx_word' id='word_1_42' title='bbox 1854 536 1969 575; x_wconf 89' lang='lat' dir='ltr'><strong>vos</strong></span> <span class='ocrx_word' id='word_1_43' title='bbox 2080 520 2471 592; x_wconf 83' lang='lat' dir='ltr'><strong>perceperint,</strong></span> <span class='ocrx_word' id='word_1_44' title='bbox 2499 538 2743 580; x_wconf 90' lang='lat' dir='ltr'><strong>necesse</strong></span> <span class='ocrx_word' id='word_1_45' title='bbox 2764 530 2853 581; x_wconf 90' lang='lat' dir='ltr'><strong>est</strong></span> <span class='ocrx_word' id='word_1_46' title='bbox 2879 532 2946 583; x_wconf 91' lang='lat' dir='ltr'><strong>ut</strong></span> <span class='ocrx_word' id='word_1_47' title='bbox 2971 532 3395 601; x_wconf 89' lang='lat' dir='ltr'><strong>renascantur,</strong></span> <span class='ocrx_word' id='word_1_48' title='bbox 3442 548 3515 590; x_wconf 86' lang='lat' dir='ltr'><strong>ex</strong></span> <span class='ocrx_word' id='word_1_49' title='bbox 3545 536 3749 595; x_wconf 89' lang='lat' dir='ltr'><strong>decre-</strong></span> 
     </span>
    </p>
   </div>
   <div class='ocr_carea' id='block_1_5' title="bbox 268 607 3750 685">
    <p class='ocr_par' dir='ltr' id='par_1_5' title="bbox 268 607 3750 685">
     <span class='ocr_line' id='line_1_5' title="bbox 268 607 3750 685; baseline 0.001 -19"><span class='ocrx_word' id='word_1_50' title='bbox 268 625 488 666; x_wconf 91' lang='lat' dir='ltr'><strong>omnes</strong></span> <span class='ocrx_word' id='word_1_51' title='bbox 547 609 655 682; x_wconf 86' lang='lat' dir='ltr'><strong>qui</strong></span> <span class='ocrx_word' id='word_1_52' title='bbox 708 609 956 666; x_wconf 83' lang='lat' dir='ltr'><strong>audistis</strong></span> <span class='ocrx_word' id='word_1_53' title='bbox 1005 625 1223 667; x_wconf 89' lang='lat' dir='ltr'><strong>vocem</strong></span> <span class='ocrx_word' id='word_1_54' title='bbox 1278 611 1512 667; x_wconf 88' lang='lat' dir='ltr'><strong>Domini</strong></span> <span class='ocrx_word' id='word_1_55' title='bbox 1568 610 1768 669; x_wconf 78' lang='lat' dir='ltr'><strong>nostri</strong></span> <span class='ocrx_word' id='word_1_56' title='bbox 1822 611 1970 665; x_wconf 77' lang='lat' dir='ltr'><strong>Iesu</strong></span> <span class='ocrx_word' id='word_1_57' title='bbox 2079 607 2152 663; x_wconf 85' lang='lat' dir='ltr'><strong>tis</strong></span> <span class='ocrx_word' id='word_1_58' title='bbox 2184 624 2361 681; x_wconf 70' lang='lat' dir='ltr'><strong>papte</strong></span> <span class='ocrx_word' id='word_1_59' title='bbox 2408 611 2614 668; x_wconf 86' lang='lat' dir='ltr'><strong>Leonis</strong></span> <span class='ocrx_word' id='word_1_60' title='bbox 2656 613 2851 683; x_wconf 75' lang='lat' dir='ltr'><strong>(epist.</strong></span> <span class='ocrx_word' id='word_1_61' title='bbox 2887 617 3268 684; x_wconf 59' lang='lat' dir='ltr'><strong>acilius-tie).</strong></span> <span class='ocrx_word' id='word_1_62' title='bbox 3303 640 3331 668; x_wconf 84' lang='lat'><strong>«</strong></span> <span class='ocrx_word' id='word_1_63' title='bbox 3368 622 3427 679; x_wconf 89' lang='lat' dir='ltr'><strong>Si</strong></span> <span class='ocrx_word' id='word_1_64' title='bbox 3453 624 3624 683; x_wconf 90' lang='lat' dir='ltr'><strong>nulla</strong></span> <span class='ocrx_word' id='word_1_65' title='bbox 3650 643 3750 685; x_wconf 84' lang='lat' dir='ltr'><strong>ex.</strong></span> 
     </span>
    </p>
   </div>
   <div class='ocr_carea' id='block_1_6' title="bbox 272 694 3767 785">
    <p class='ocr_par' dir='ltr' id='par_1_6' title="bbox 272 694 3767 785">
     <span class='ocr_line' id='line_1_6' title="bbox 272 694 3767 785; baseline 0.001 -30"><span class='ocrx_word' id='word_1_66' title='bbox 272 697 518 766; x_wconf 81' lang='lat' dir='ltr'><strong>Christi,</strong></span> <span class='ocrx_word' id='word_1_67' title='bbox 541 696 792 754; x_wconf 84' lang='lat' dir='ltr'><strong>dicentis</strong></span> <span class='ocrx_word' id='word_1_68' title='bbox 822 715 834 752; x_wconf 91' lang='lat'><strong>:</strong></span> <span class='ocrx_word' id='word_1_69' title='bbox 870 720 899 746; x_wconf 86' lang='grc'><strong>‹‹</strong></span> <span class='ocrx_word' id='word_1_70' title='bbox 928 696 1139 755; x_wconf 84' lang='lat' dir='ltr'><strong>Venite</strong></span> <span class='ocrx_word' id='word_1_71' title='bbox 1161 697 1240 754; x_wconf 92' lang='lat' dir='ltr'><strong>ad</strong></span> <span class='ocrx_word' id='word_1_72' title='bbox 1259 715 1379 766; x_wconf 90' lang='lat' dir='ltr'><strong>me,</strong></span> <span class='ocrx_word' id='word_1_73' title='bbox 1408 715 1619 755; x_wconf 90' lang='lat' dir='ltr'><strong>omnes</strong></span> <span class='ocrx_word' id='word_1_74' title='bbox 1644 698 1759 771; x_wconf 87' lang='lat' dir='ltr'><strong>qui</strong></span> <span class='ocrx_word' id='word_1_75' title='bbox 1789 694 1967 785; x_wconf 83' lang='lat' dir='ltr'><strong>labo-</strong></span> <span class='ocrx_word' id='word_1_76' title='bbox 2078 700 2234 785; x_wconf 82' lang='lat' dir='ltr'><strong>stant</strong></span> <span class='ocrx_word' id='word_1_77' title='bbox 2261 698 2412 754; x_wconf 87' lang='lat' dir='ltr'><strong>inter</strong></span> <span class='ocrx_word' id='word_1_78' title='bbox 2440 700 2813 774; x_wconf 90' lang='lat' dir='ltr'><strong>propinquos</strong></span> <span class='ocrx_word' id='word_1_79' title='bbox 2840 709 2946 760; x_wconf 89' lang='lat' dir='ltr'><strong>aut</strong></span> <span class='ocrx_word' id='word_1_80' title='bbox 2966 704 3272 760; x_wconf 90' lang='lat' dir='ltr'><strong>seculares</strong></span> <span class='ocrx_word' id='word_1_81' title='bbox 3290 708 3535 785; x_wconf 86' lang='lat' dir='ltr'><strong>indicia,</strong></span> <span class='ocrx_word' id='word_1_82' title='bbox 3558 717 3767 775; x_wconf 71' lang='lat' dir='ltr'><strong>mulla.</strong></span> 
     </span>
    </p>
   </div>
   <div class='ocr_carea' id='block_1_7' title="bbox 268 782 3751 877">
    <p class='ocr_par' dir='ltr' id='par_1_7' title="bbox 268 782 3751 877">
     <span class='ocr_line' id='line_1_7' title="bbox 268 782 3751 877; baseline 0.003 -36"><span class='ocrx_word' id='word_1_83' title='bbox 268 785 417 842; x_wconf 89' lang='lat' dir='ltr'><strong>ratis</strong></span> <span class='ocrx_word' id='word_1_84' title='bbox 467 790 527 841; x_wconf 90' lang='lat' dir='ltr'><strong>et</strong></span> <span class='ocrx_word' id='word_1_85' title='bbox 577 785 805 842; x_wconf 84' lang='lat' dir='ltr'><strong>onerati</strong></span> <span class='ocrx_word' id='word_1_86' title='bbox 852 785 1016 856; x_wconf 85' lang='lat' dir='ltr'><strong>estis,</strong></span> <span class='ocrx_word' id='word_1_87' title='bbox 1049 789 1109 842; x_wconf 90' lang='lat' dir='ltr'><strong>et</strong></span> <span class='ocrx_word' id='word_1_88' title='bbox 1155 803 1268 858; x_wconf 89' lang='lat' dir='ltr'><strong>ego</strong></span> <span class='ocrx_word' id='word_1_89' title='bbox 1300 804 1405 843; x_wconf 92' lang='lat' dir='ltr'><strong>vos</strong></span> <span class='ocrx_word' id='word_1_90' title='bbox 1436 787 1820 860; x_wconf 87' lang='lat' dir='ltr'><strong>requiescere</strong></span> <span class='ocrx_word' id='word_1_91' title='bbox 1868 784 1966 841; x_wconf 86' lang='lat' dir='ltr'><strong>fa-</strong></span> <span class='ocrx_word' id='word_1_92' title='bbox 2076 782 2229 840; x_wconf 88' lang='lat' dir='ltr'><strong>inter</strong></span> <span class='ocrx_word' id='word_1_93' title='bbox 2259 785 2502 843; x_wconf 86' lang='lat' dir='ltr'><strong>clericos</strong></span> <span class='ocrx_word' id='word_1_94' title='bbox 2533 792 2638 844; x_wconf 89' lang='lat' dir='ltr'><strong>aut</strong></span> <span class='ocrx_word' id='word_1_95' title='bbox 2684 788 2941 860; x_wconf 87' lang='lat' dir='ltr'><strong>vicinos,</strong></span> <span class='ocrx_word' id='word_1_96' title='bbox 2997 789 3224 862; x_wconf 90' lang='lat' dir='ltr'><strong>quibus</strong></span> <span class='ocrx_word' id='word_1_97' title='bbox 3276 797 3359 865; x_wconf 92' lang='lat' dir='ltr'><strong>hi,</strong></span> <span class='ocrx_word' id='word_1_98' title='bbox 3409 800 3485 858; x_wconf 88' lang='lat' dir='ltr'><strong>de</strong></span> <span class='ocrx_word' id='word_1_99' title='bbox 3522 782 3751 877; x_wconf 66' lang='lat' dir='ltr'><strong>quibus</strong></span> 
     </span>
    </p>
   </div>
   <div class='ocr_carea' id='block_1_8' title="bbox 268 873 3755 960">
    <p class='ocr_par' dir='ltr' id='par_1_8' title="bbox 268 873 3755 960">
     <span class='ocr_line' id='line_1_8' title="bbox 268 873 3755 960; baseline 0.003 -29"><span class='ocrx_word' id='word_1_100' title='bbox 268 876 453 931; x_wconf 89' lang='lat' dir='ltr'><strong>ciam.</strong></span> <span class='ocrx_word' id='word_1_101' title='bbox 489 873 724 941; x_wconf 85' lang='lat' dir='ltr'><strong>Tollite,</strong></span> <span class='ocrx_word' id='word_1_102' title='bbox 764 875 979 946; x_wconf 91' lang='lat' dir='ltr'><strong>jugum</strong></span> <span class='ocrx_word' id='word_1_103' title='bbox 1017 890 1226 940; x_wconf 89' lang='lat' dir='ltr'><strong>meum</strong></span> <span class='ocrx_word' id='word_1_104' title='bbox 1273 892 1451 949; x_wconf 75' lang='lat' dir='ltr'><strong>super</strong></span> <span class='ocrx_word' id='word_1_105' title='bbox 1479 890 1610 945; x_wconf 91' lang='lat' dir='ltr'><strong>vos,</strong></span> <span class='ocrx_word' id='word_1_106' title='bbox 1664 879 1731 929; x_wconf 90' lang='lat' dir='ltr'><strong>et</strong></span> <span class='ocrx_word' id='word_1_107' title='bbox 1754 873 1965 929; x_wconf 86' lang='lat' dir='ltr'><strong>discite</strong></span> <span class='ocrx_word' id='word_1_108' title='bbox 2071 873 2378 946; x_wconf 70' lang='lat' dir='ltr'><strong>quaeritur,</strong></span> <span class='ocrx_word' id='word_1_109' title='bbox 2409 875 2689 949; x_wconf 90' lang='lat' dir='ltr'><strong>baptizati</strong></span> <span class='ocrx_word' id='word_1_110' title='bbox 2710 878 2894 935; x_wconf 91' lang='lat' dir='ltr'><strong>fuisse</strong></span> <span class='ocrx_word' id='word_1_111' title='bbox 2925 879 3289 954; x_wconf 84' lang='lat' dir='ltr'><strong>doceantur,</strong></span> <span class='ocrx_word' id='word_1_112' title='bbox 3329 873 3637 960; x_wconf 71' lang='lat' dir='ltr'><strong>agende</strong></span> <span class='ocrx_word' id='word_1_113' title='bbox 3663 903 3755 956; x_wconf 68' lang='lat' dir='ltr'><strong>est</strong></span> 
     </span>
    </p>
   </div>
   <div class='ocr_carea' id='block_1_9' title="bbox 269 962 3758 1058">
    <p class='ocr_par' dir='ltr' id='par_1_9' title="bbox 269 962 3758 1058">
     <span class='ocr_line' id='line_1_9' title="bbox 269 962 3758 1058; baseline 0.003 -37"><span class='ocrx_word' id='word_1_114' title='bbox 269 982 307 1022; x_wconf 92' lang='lat' dir='ltr'><strong>a</strong></span> <span class='ocrx_word' id='word_1_115' title='bbox 335 980 438 1020; x_wconf 91' lang='lat' dir='ltr'><strong>me</strong></span> <span class='ocrx_word' id='word_1_116' title='bbox 470 964 621 1037; x_wconf 90' lang='lat' dir='ltr'><strong>quia</strong></span> <span class='ocrx_word' id='word_1_117' title='bbox 651 963 810 1020; x_wconf 89' lang='lat' dir='ltr'><strong>mitis</strong></span> <span class='ocrx_word' id='word_1_118' title='bbox 839 980 974 1019; x_wconf 89' lang='lat' dir='ltr'><strong>sum</strong></span> <span class='ocrx_word' id='word_1_119' title='bbox 1005 968 1063 1020; x_wconf 92' lang='lat' dir='ltr'><strong>et</strong></span> <span class='ocrx_word' id='word_1_120' title='bbox 1091 964 1334 1022; x_wconf 85' lang='lat' dir='ltr'><strong>humilis</strong></span> <span class='ocrx_word' id='word_1_121' title='bbox 1364 965 1562 1031; x_wconf 91' lang='lat' dir='ltr'><strong>corde,</strong></span> <span class='ocrx_word' id='word_1_122' title='bbox 1603 969 1664 1021; x_wconf 89' lang='lat' dir='ltr'><strong>et</strong></span> <span class='ocrx_word' id='word_1_123' title='bbox 1695 962 1961 1020; x_wconf 88' lang='lat' dir='ltr'><strong>invenie-</strong></span> <span class='ocrx_word' id='word_1_124' title='bbox 2071 965 2138 1018; x_wconf 89' lang='lat' dir='ltr'><strong>ut</strong></span> <span class='ocrx_word' id='word_1_125' title='bbox 2182 969 2593 1030; x_wconf 86' lang='lat' dir='ltr'><strong>renascantur,</strong></span> <span class='ocrx_word' id='word_1_126' title='bbox 2642 982 2718 1023; x_wconf 92' lang='lat' dir='ltr'><strong>ne</strong></span> <span class='ocrx_word' id='word_1_127' title='bbox 2761 968 3090 1024; x_wconf 84' lang='lat' dir='ltr'><strong>manifeste</strong></span> <span class='ocrx_word' id='word_1_128' title='bbox 3132 983 3404 1050; x_wconf 84' lang='lat' dir='ltr'><strong>pereant,</strong></span> <span class='ocrx_word' id='word_1_129' title='bbox 3443 982 3505 1038; x_wconf 85' lang='lat' dir='ltr'><strong>in</strong></span> <span class='ocrx_word' id='word_1_130' title='bbox 3532 986 3758 1058; x_wconf 68' lang='lat' dir='ltr'><strong>quibus</strong></span> 
     </span>
    </p>
   </div>
   <div class='ocr_carea' id='block_1_10' title="bbox 266 1051 3762 1148">
    <p class='ocr_par' dir='ltr' id='par_1_10' title="bbox 266 1051 3762 1148">
     <span class='ocr_line' id='line_1_10' title="bbox 266 1051 3762 1148; baseline 0.009 -41"><span class='ocrx_word' id='word_1_131' title='bbox 266 1053 343 1108; x_wconf 90' lang='lat' dir='ltr'><strong>tis</strong></span> <span class='ocrx_word' id='word_1_132' title='bbox 376 1051 657 1125; x_wconf 87' lang='lat' dir='ltr'><strong>requiem</strong></span> <span class='ocrx_word' id='word_1_133' title='bbox 686 1051 1010 1109; x_wconf 89' lang='lat' dir='ltr'><strong>animabus</strong></span> <span class='ocrx_word' id='word_1_134' title='bbox 1042 1053 1277 1110; x_wconf 84' lang='lat' dir='ltr'><strong>vestris.</strong></span> <span class='ocrx_word' id='word_1_135' title='bbox 1310 1057 1532 1124; x_wconf 86' lang='lat' dir='ltr'><strong>Jugum</strong></span> <span class='ocrx_word' id='word_1_136' title='bbox 1557 1053 1729 1110; x_wconf 88' lang='lat' dir='ltr'><strong>enim</strong></span> <span class='ocrx_word' id='word_1_137' title='bbox 1750 1068 1959 1109; x_wconf 90' lang='lat' dir='ltr'><strong>meum</strong></span> <span class='ocrx_word' id='word_1_138' title='bbox 2068 1052 2237 1148; x_wconf 80' lang='lat' dir='ltr'><strong>quod</strong></span> <span class='ocrx_word' id='word_1_139' title='bbox 2274 1069 2398 1109; x_wconf 91' lang='lat' dir='ltr'><strong>non</strong></span> <span class='ocrx_word' id='word_1_140' title='bbox 2443 1056 2775 1113; x_wconf 88' lang='lat' dir='ltr'><strong>ostenditur</strong></span> <span class='ocrx_word' id='word_1_141' title='bbox 2832 1062 3117 1131; x_wconf 85' lang='lat' dir='ltr'><strong>gestum,</strong></span> <span class='ocrx_word' id='word_1_142' title='bbox 3169 1066 3323 1124; x_wconf 87' lang='lat' dir='ltr'><strong>ratio</strong></span> <span class='ocrx_word' id='word_1_143' title='bbox 3349 1086 3473 1128; x_wconf 89' lang='lat' dir='ltr'><strong>non</strong></span> <span class='ocrx_word' id='word_1_144' title='bbox 3505 1051 3663 1148; x_wconf 71' lang='lat' dir='ltr'><strong>sinit,</strong></span> <span class='ocrx_word' id='word_1_145' title='bbox 3696 1083 3762 1136; x_wconf 90' lang='lat' dir='ltr'><strong>ut</strong></span> 
     </span>
    </p>
   </div>
   <div class='ocr_carea' id='block_1_11' title="bbox 208 1140 3763 1226">
    <p class='ocr_par' dir='ltr' id='par_1_11' title="bbox 208 1140 3763 1226">
     <span class='ocr_line' id='line_1_11' title="bbox 208 1140 3763 1226; baseline 0.005 -27"><span class='ocrx_word' id='word_1_146' title='bbox 208 1195 221 1199; x_wconf 91' lang='lat'><em>_</em></span> <span class='ocrx_word' id='word_1_147' title='bbox 269 1157 465 1198; x_wconf 88' lang='lat' dir='ltr'><strong>suave</strong></span> <span class='ocrx_word' id='word_1_148' title='bbox 496 1146 608 1211; x_wconf 89' lang='lat' dir='ltr'><strong>est,</strong></span> <span class='ocrx_word' id='word_1_149' title='bbox 668 1146 724 1197; x_wconf 90' lang='lat' dir='ltr'><strong>et</strong></span> <span class='ocrx_word' id='word_1_150' title='bbox 774 1157 926 1197; x_wconf 90' lang='lat' dir='ltr'><strong>onus</strong></span> <span class='ocrx_word' id='word_1_151' title='bbox 955 1157 1163 1199; x_wconf 89' lang='lat' dir='ltr'><strong>meum</strong></span> <span class='ocrx_word' id='word_1_152' title='bbox 1213 1142 1339 1200; x_wconf 89' lang='lat' dir='ltr'><strong>leve</strong></span> <span class='ocrx_word' id='word_1_153' title='bbox 1368 1145 1610 1215; x_wconf 77' lang='lat' dir='ltr'><strong>(Matth.</strong></span> <span class='ocrx_word' id='word_1_154' title='bbox 1642 1148 1754 1211; x_wconf 74' lang='grc' dir='ltr'><strong>χι).</strong></span> <span class='ocrx_word' id='word_1_155' title='bbox 1782 1165 1811 1191; x_wconf 81' lang='grc'><strong>››</strong></span> <span class='ocrx_word' id='word_1_156' title='bbox 1845 1145 1958 1198; x_wconf 92' lang='lat' dir='ltr'><strong>Vos</strong></span> <span class='ocrx_word' id='word_1_157' title='bbox 2065 1140 2341 1199; x_wconf 89' lang='lat' dir='ltr'><strong>videatur</strong></span> <span class='ocrx_word' id='word_1_158' title='bbox 2363 1143 2659 1202; x_wconf 88' lang='lat' dir='ltr'><strong>iteratum.</strong></span> <span class='ocrx_word' id='word_1_159' title='bbox 2690 1146 2801 1210; x_wconf 88' lang='lat' dir='ltr'><strong>Qui</strong></span> <span class='ocrx_word' id='word_1_160' title='bbox 2851 1151 3075 1204; x_wconf 86' lang='lat' dir='ltr'><strong>autem</strong></span> <span class='ocrx_word' id='word_1_161' title='bbox 3112 1164 3371 1225; x_wconf 88' lang='lat' dir='ltr'><strong>possunt</strong></span> <span class='ocrx_word' id='word_1_162' title='bbox 3416 1140 3763 1226; x_wconf 63' lang='lat' dir='ltr'><strong>meminisse</strong></span> 
     </span>
    </p>
   </div>
   <div class='ocr_carea' id='block_1_12' title="bbox 267 1229 3763 1324">
    <p class='ocr_par' dir='ltr' id='par_1_12' title="bbox 267 1229 3763 1324">
     <span class='ocr_line' id='line_1_12' title="bbox 267 1229 3763 1324; baseline 0.008 -40"><span class='ocrx_word' id='word_1_163' title='bbox 267 1232 507 1324; x_wconf 76' lang='lat' dir='ltr'><strong>itaque,</strong></span> <span class='ocrx_word' id='word_1_164' title='bbox 540 1230 749 1287; x_wconf 84' lang='lat' dir='ltr'><strong>fratres</strong></span> <span class='ocrx_word' id='word_1_165' title='bbox 778 1230 996 1324; x_wconf 61' lang='lat' dir='ltr'><strong>nostri,</strong></span> <span class='ocrx_word' id='word_1_166' title='bbox 1034 1247 1191 1303; x_wconf 90' lang='lat' dir='ltr'><strong>quos</strong></span> <span class='ocrx_word' id='word_1_167' title='bbox 1237 1232 1620 1324; x_wconf 80' lang='lat' dir='ltr'><strong>baptismatis</strong></span> <span class='ocrx_word' id='word_1_168' title='bbox 1670 1232 1835 1324; x_wconf 83' lang='lat' dir='ltr'><strong>unda</strong></span> <span class='ocrx_word' id='word_1_169' title='bbox 1864 1232 1954 1288; x_wconf 88' lang='lat' dir='ltr'><strong>di-</strong></span> <span class='ocrx_word' id='word_1_170' title='bbox 2063 1229 2233 1324; x_wconf 79' lang='lat' dir='ltr'><strong>quod</strong></span> <span class='ocrx_word' id='word_1_171' title='bbox 2281 1230 2359 1287; x_wconf 90' lang='lat' dir='ltr'><strong>ad</strong></span> <span class='ocrx_word' id='word_1_172' title='bbox 2414 1231 2739 1324; x_wconf 77' lang='lat' dir='ltr'><strong>ecclesiam</strong></span> <span class='ocrx_word' id='word_1_173' title='bbox 2802 1233 3150 1298; x_wconf 82' lang='lat' dir='ltr'><strong>veniebant</strong></span> <span class='ocrx_word' id='word_1_174' title='bbox 3215 1261 3355 1306; x_wconf 90' lang='lat' dir='ltr'><strong>cum</strong></span> <span class='ocrx_word' id='word_1_175' title='bbox 3409 1256 3763 1324; x_wconf 83' lang='lat' dir='ltr'><strong>parentibus</strong></span> 
     </span>
    </p>
   </div>
   <div class='ocr_carea' id='block_1_13' title="bbox 266 1317 3761 1416">
    <p class='ocr_par' dir='ltr' id='par_1_13' title="bbox 266 1317 3761 1416">
     <span class='ocr_line' id='line_1_13' title="bbox 266 1317 3761 1416; baseline 0.013 -43"><span class='ocrx_word' id='word_1_176' title='bbox 266 1320 404 1416; x_wconf 51' lang='lat' dir='ltr'><strong>fuit,</strong></span> <span class='ocrx_word' id='word_1_177' title='bbox 432 1318 938 1416; x_wconf 62' lang='lat' dir='ltr'><strong>et_consecrando</strong></span> <span class='ocrx_word' id='word_1_178' title='bbox 967 1323 1087 1376; x_wconf 91' lang='lat' dir='ltr'><strong>Deo</strong></span> <span class='ocrx_word' id='word_1_179' title='bbox 1124 1322 1534 1416; x_wconf 61' lang='lat' dir='ltr'><strong>_omnipetenti</strong></span> <span class='ocrx_word' id='word_1_180' title='bbox 1563 1322 1955 1379; x_wconf 84' lang='lat' dir='ltr'><strong>charissimos</strong></span> <span class='ocrx_word' id='word_1_181' title='bbox 2064 1317 2499 1416; x_wconf 37' lang='grc' dir='ltr'><strong>δαίεςιροδεξιιξῒ</strong></span> <span class='ocrx_word' id='word_1_182' title='bbox 2533 1322 2891 1389; x_wconf 51' lang='lat' dir='ltr'><strong>recordare,</strong></span> <span class='ocrx_word' id='word_1_183' title='bbox 2951 1339 3036 1383; x_wconf 64' lang='lat' dir='ltr'><strong>an</strong></span> <span class='ocrx_word' id='word_1_184' title='bbox 3064 1333 3232 1403; x_wconf 74' lang='grc' dir='ltr'><strong>(Ιιιοά</strong></span> <span class='ocrx_word' id='word_1_185' title='bbox 3286 1337 3366 1395; x_wconf 62' lang='lat' dir='ltr'><strong>ab</strong></span> <span class='ocrx_word' id='word_1_186' title='bbox 3395 1317 3605 1398; x_wconf 65' lang='grc' dir='ltr'><strong>έοΐυω</strong></span> <span class='ocrx_word' id='word_1_187' title='bbox 3649 1361 3761 1416; x_wconf 53' lang='lat' dir='ltr'><strong>Par</strong></span> 
     </span>
    </p>
   </div>
   <div class='ocr_carea' id='block_1_14' title="bbox 268 1406 3758 1489">
    <p class='ocr_par' dir='ltr' id='par_1_14' title="bbox 268 1406 3758 1489">
     <span class='ocr_line' id='line_1_14' title="bbox 268 1406 3758 1489; baseline 0.007 -24"><span class='ocrx_word' id='word_1_188' title='bbox 268 1408 437 1465; x_wconf 87' lang='lat' dir='ltr'><strong>ﬁlios</strong></span> <span class='ocrx_word' id='word_1_189' title='bbox 488 1407 647 1477; x_wconf 86' lang='lat' dir='ltr'><strong>fecit,</strong></span> <span class='ocrx_word' id='word_1_190' title='bbox 679 1423 790 1480; x_wconf 90' lang='lat' dir='ltr'><strong>pro</strong></span> <span class='ocrx_word' id='word_1_191' title='bbox 820 1409 933 1465; x_wconf 90' lang='lat' dir='ltr'><strong>hoc</strong></span> <span class='ocrx_word' id='word_1_192' title='bbox 976 1408 1145 1481; x_wconf 93' lang='lat' dir='ltr'><strong>quod</strong></span> <span class='ocrx_word' id='word_1_193' title='bbox 1187 1426 1225 1466; x_wconf 92' lang='lat' dir='ltr'><strong>a</strong></span> <span class='ocrx_word' id='word_1_194' title='bbox 1258 1411 1568 1484; x_wconf 90' lang='lat' dir='ltr'><strong>proposito</strong></span> <span class='ocrx_word' id='word_1_195' title='bbox 1599 1427 1714 1468; x_wconf 90' lang='lat' dir='ltr'><strong>suo</strong></span> <span class='ocrx_word' id='word_1_196' title='bbox 1745 1416 1955 1469; x_wconf 89' lang='lat' dir='ltr'><strong>sancto</strong></span> <span class='ocrx_word' id='word_1_197' title='bbox 2062 1406 2335 1463; x_wconf 80' lang='lat' dir='ltr'><strong>rentibus</strong></span> <span class='ocrx_word' id='word_1_198' title='bbox 2364 1408 2642 1475; x_wconf 84' lang='lat' dir='ltr'><strong>dabatur,</strong></span> <span class='ocrx_word' id='word_1_199' title='bbox 2674 1414 3063 1483; x_wconf 82' lang='lat' dir='ltr'><strong>acceperint.</strong></span> <span class='ocrx_word' id='word_1_200' title='bbox 3097 1422 3209 1477; x_wconf 90' lang='lat' dir='ltr'><strong>Sed</strong></span> <span class='ocrx_word' id='word_1_201' title='bbox 3245 1425 3294 1479; x_wconf 89' lang='lat' dir='ltr'><strong>si</strong></span> <span class='ocrx_word' id='word_1_202' title='bbox 3321 1428 3437 1483; x_wconf 91' lang='lat' dir='ltr'><strong>hoc</strong></span> <span class='ocrx_word' id='word_1_203' title='bbox 3469 1406 3758 1489; x_wconf 63' lang='lat' dir='ltr'><strong>etiame</strong></span> 
     </span>
    </p>
   </div>
   <div class='ocr_carea' id='block_1_15' title="bbox 270 1497 3756 1577">
    <p class='ocr_par' dir='ltr' id='par_1_15' title="bbox 270 1497 3756 1577">
     <span class='ocr_line' id='line_1_15' title="bbox 270 1497 3756 1577; baseline 0.007 -24"><span class='ocrx_word' id='word_1_204' title='bbox 270 1513 567 1554; x_wconf 90' lang='lat' dir='ltr'><strong>revocare</strong></span> <span class='ocrx_word' id='word_1_205' title='bbox 602 1497 800 1553; x_wconf 86' lang='lat' dir='ltr'><strong>conati</strong></span> <span class='ocrx_word' id='word_1_206' title='bbox 842 1497 979 1553; x_wconf 89' lang='lat' dir='ltr'><strong>estis</strong></span> <span class='ocrx_word' id='word_1_207' title='bbox 1030 1498 1411 1557; x_wconf 88' lang='lat' dir='ltr'><strong>beatissimos</strong></span> <span class='ocrx_word' id='word_1_208' title='bbox 1458 1500 1678 1558; x_wconf 87' lang='lat' dir='ltr'><strong>milites</strong></span> <span class='ocrx_word' id='word_1_209' title='bbox 1722 1501 1950 1569; x_wconf 86' lang='lat' dir='ltr'><strong>Christi,</strong></span> <span class='ocrx_word' id='word_1_210' title='bbox 2062 1510 2276 1552; x_wconf 79' lang='lat' dir='ltr'><strong>eorum</strong></span> <span class='ocrx_word' id='word_1_211' title='bbox 2298 1499 2593 1554; x_wconf 79' lang='lat' dir='ltr'><strong>memoria</strong></span> <span class='ocrx_word' id='word_1_212' title='bbox 2650 1499 2935 1556; x_wconf 77' lang='lat' dir='ltr'><strong>alienum</strong></span> <span class='ocrx_word' id='word_1_213' title='bbox 2963 1510 3073 1576; x_wconf 88' lang='lat' dir='ltr'><strong>est,</strong></span> <span class='ocrx_word' id='word_1_214' title='bbox 3109 1511 3538 1571; x_wconf 87' lang='lat' dir='ltr'><strong>conferendum</strong></span> <span class='ocrx_word' id='word_1_215' title='bbox 3557 1519 3640 1573; x_wconf 90' lang='lat' dir='ltr'><strong>eis</strong></span> <span class='ocrx_word' id='word_1_216' title='bbox 3667 1522 3756 1577; x_wconf 81' lang='lat' dir='ltr'><strong>vi~</strong></span> 
     </span>
    </p>
   </div>
   <div class='ocr_carea' id='block_1_16' title="bbox 264 223 3742 294">
    <p class='ocr_par' dir='ltr' id='par_1_16' title="bbox 264 223 3742 294">
     <span class='ocr_line' id='line_1_16' title="bbox 264 223 3742 294; baseline 0.002 -19"><span class='ocrx_word' id='word_1_217' title='bbox 264 223 374 276; x_wconf 76' lang='lat'><strong>669</strong></span> <span class='ocrx_word' id='word_1_218' title='bbox 1267 223 1495 279; x_wconf 88' lang='lat' dir='ltr'><strong>EPIST.</strong></span> <span class='ocrx_word' id='word_1_219' title='bbox 1537 224 1635 281; x_wconf 85' lang='lat' dir='ltr'><strong>AD</strong></span> <span class='ocrx_word' id='word_1_220' title='bbox 1676 223 2015 278; x_wconf 67' lang='lat' dir='ltr'><strong>WITONEM</strong></span> <span class='ocrx_word' id='word_1_221' title='bbox 2053 223 2376 279; x_wconf 80' lang='lat' dir='ltr'><strong>ARCHIEP.</strong></span> <span class='ocrx_word' id='word_1_222' title='bbox 2423 223 2732 280; x_wconf 80' lang='lat' dir='ltr'><strong>ROTHOM.</strong></span> <span class='ocrx_word' id='word_1_223' title='bbox 3636 240 3742 294; x_wconf 76' lang='lat' dir='ltr'><strong>mo</strong></span> 
     </span>
    </p>
   </div>
   <div class='ocr_carea' id='block_1_17' title="bbox 269 1585 1950 1662">
    <p class='ocr_par' dir='ltr' id='par_1_17' title="bbox 269 1585 1950 1662">
     <span class='ocr_line' id='line_1_17' title="bbox 269 1585 1950 1662; baseline 0.001 -19"><span class='ocrx_word' id='word_1_224' title='bbox 269 1604 437 1661; x_wconf 91' lang='lat' dir='ltr'><strong>opus</strong></span> <span class='ocrx_word' id='word_1_225' title='bbox 467 1589 598 1643; x_wconf 90' lang='lat' dir='ltr'><strong>erat</strong></span> <span class='ocrx_word' id='word_1_226' title='bbox 646 1585 814 1643; x_wconf 83' lang='lat' dir='ltr'><strong>vobis</strong></span> <span class='ocrx_word' id='word_1_227' title='bbox 860 1587 1227 1659; x_wconf 66' lang='lat' dir='ltr'><strong>poenitentia,</strong></span> <span class='ocrx_word' id='word_1_228' title='bbox 1262 1594 1327 1646; x_wconf 88' lang='lat' dir='ltr'><strong>ut</strong></span> <span class='ocrx_word' id='word_1_229' title='bbox 1351 1603 1460 1662; x_wconf 89' lang='lat' dir='ltr'><strong>per</strong></span> <span class='ocrx_word' id='word_1_230' title='bbox 1508 1590 1712 1661; x_wconf 86' lang='lat' dir='ltr'><strong>ipsam</strong></span> <span class='ocrx_word' id='word_1_231' title='bbox 1745 1591 1822 1647; x_wconf 92' lang='lat' dir='ltr'><strong>ad</strong></span> <span class='ocrx_word' id='word_1_232' title='bbox 1862 1591 1950 1645; x_wconf 90' lang='lat' dir='ltr'><strong>in-</strong></span> 
     </span>
    </p>
   </div>
   <div class='ocr_carea' id='block_1_18' title="bbox 2060 1582 3745 1670">
    <p class='ocr_par' dir='ltr' id='par_1_18' title="bbox 2060 1582 3745 1670">
     <span class='ocr_line' id='line_1_18' title="bbox 2060 1582 3745 1670; baseline 0.014 -32"><span class='ocrx_word' id='word_1_233' title='bbox 2060 1582 2257 1654; x_wconf 88' lang='lat' dir='ltr'><strong>detur,</strong></span> <span class='ocrx_word' id='word_1_234' title='bbox 2287 1585 2450 1655; x_wconf 92' lang='lat' dir='ltr'><strong>quod</strong></span> <span class='ocrx_word' id='word_1_235' title='bbox 2484 1586 2770 1643; x_wconf 86' lang='lat' dir='ltr'><strong>collatum</strong></span> <span class='ocrx_word' id='word_1_236' title='bbox 2801 1603 2950 1646; x_wconf 83' lang='lat' dir='ltr'><strong>esse</strong></span> <span class='ocrx_word' id='word_1_237' title='bbox 2977 1595 3242 1651; x_wconf 88' lang='lat' dir='ltr'><strong>nescitur</strong></span> <span class='ocrx_word' id='word_1_238' title='bbox 3275 1618 3287 1654; x_wconf 91' lang='lat'><strong>:</strong></span> <span class='ocrx_word' id='word_1_239' title='bbox 3324 1602 3467 1670; x_wconf 88' lang='lat' dir='ltr'><strong>quia</strong></span> <span class='ocrx_word' id='word_1_240' title='bbox 3503 1618 3628 1661; x_wconf 91' lang='lat' dir='ltr'><strong>non</strong></span> <span class='ocrx_word' id='word_1_241' title='bbox 3659 1611 3745 1661; x_wconf 91' lang='lat' dir='ltr'><strong>te-</strong></span> 
     </span>
    </p>
   </div>
   <div class='ocr_carea' id='block_1_19' title="bbox 267 1672 3749 1758">
    <p class='ocr_par' dir='ltr' id='par_1_19' title="bbox 267 1672 3749 1758">
     <span class='ocr_line' id='line_1_19' title="bbox 267 1672 3749 1758; baseline 0.008 -38"><span class='ocrx_word' id='word_1_242' title='bbox 267 1677 662 1748; x_wconf 70' lang='lat' dir='ltr'><strong>dulgentiam</strong></span> <span class='ocrx_word' id='word_1_243' title='bbox 690 1676 990 1733; x_wconf 70' lang='lat' dir='ltr'><strong>veniretis.</strong></span> <span class='ocrx_word' id='word_1_244' title='bbox 1026 1681 1191 1734; x_wconf 81' lang='lat' dir='ltr'><strong>Nunc</strong></span> <span class='ocrx_word' id='word_1_245' title='bbox 1220 1682 1427 1735; x_wconf 70' lang='lat' dir='ltr'><strong>autem</strong></span> <span class='ocrx_word' id='word_1_246' title='bbox 1455 1694 1581 1751; x_wconf 77' lang='lat' dir='ltr'><strong>qua,</strong></span> <span class='ocrx_word' id='word_1_247' title='bbox 1614 1679 1695 1735; x_wconf 82' lang='lat' dir='ltr'><strong>ad</strong></span> <span class='ocrx_word' id='word_1_248' title='bbox 1725 1684 1951 1737; x_wconf 77' lang='lat' dir='ltr'><strong>tantam</strong></span> <span class='ocrx_word' id='word_1_249' title='bbox 1989 1693 2034 1750; x_wconf 75' lang='grc' dir='ltr'>Β</span> <span class='ocrx_word' id='word_1_250' title='bbox 2062 1672 2304 1728; x_wconf 89' lang='lat' dir='ltr'><strong>meritas</strong></span> <span class='ocrx_word' id='word_1_251' title='bbox 2334 1673 2648 1731; x_wconf 69' lang='lat' dir='ltr'><strong>intervenit</strong></span> <span class='ocrx_word' id='word_1_252' title='bbox 2675 1681 3195 1751; x_wconf 67' lang='lat' dir='ltr'><strong>prmsumptionis,</strong></span> <span class='ocrx_word' id='word_1_253' title='bbox 3240 1686 3341 1741; x_wconf 89' lang='lat' dir='ltr'><strong>ubi</strong></span> <span class='ocrx_word' id='word_1_254' title='bbox 3371 1693 3467 1757; x_wconf 82' lang='lat' dir='ltr'><strong>est</strong></span> <span class='ocrx_word' id='word_1_255' title='bbox 3499 1690 3749 1758; x_wconf 85' lang='lat' dir='ltr'><strong>diligen-</strong></span> 
     </span>
    </p>
   </div>
   <div class='ocr_carea' id='block_1_20' title="bbox 275 1764 1955 1841">
    <p class='ocr_par' dir='ltr' id='par_1_20' title="bbox 275 1764 1955 1841">
     <span class='ocr_line' id='line_1_20' title="bbox 275 1764 1955 1841; baseline 0.003 -20"><span class='ocrx_word' id='word_1_256' title='bbox 275 1766 543 1836; x_wconf 85' lang='lat' dir='ltr'><strong>gloriam</strong></span> <span class='ocrx_word' id='word_1_257' title='bbox 578 1764 931 1833; x_wconf 87' lang='lat' dir='ltr'><strong>accessistis,</strong></span> <span class='ocrx_word' id='word_1_258' title='bbox 974 1770 1039 1821; x_wconf 89' lang='lat' dir='ltr'><strong>ut</strong></span> <span class='ocrx_word' id='word_1_259' title='bbox 1061 1767 1244 1822; x_wconf 89' lang='lat' dir='ltr'><strong>etiam</strong></span> <span class='ocrx_word' id='word_1_260' title='bbox 1275 1766 1356 1823; x_wconf 89' lang='lat' dir='ltr'><strong>ad</strong></span> <span class='ocrx_word' id='word_1_261' title='bbox 1379 1767 1733 1839; x_wconf 88' lang='lat' dir='ltr'><strong>passionem</strong></span> <span class='ocrx_word' id='word_1_262' title='bbox 1766 1785 1804 1826; x_wconf 88' lang='lat' dir='ltr'><strong>a</strong></span> <span class='ocrx_word' id='word_1_263' title='bbox 1832 1785 1955 1841; x_wconf 89' lang='lat' dir='ltr'><strong>qua</strong></span> 
     </span>
    </p>
   </div>
   <div class='ocr_carea' id='block_1_21' title="bbox 271 1853 1955 1928">
    <p class='ocr_par' dir='ltr' id='par_1_21' title="bbox 271 1853 1955 1928">
     <span class='ocr_line' id='line_1_21' title="bbox 271 1853 1955 1928; baseline 0.003 -19"><span class='ocrx_word' id='word_1_264' title='bbox 271 1855 553 1911; x_wconf 86' lang='lat' dir='ltr'><strong>dolenter</strong></span> <span class='ocrx_word' id='word_1_265' title='bbox 581 1853 731 1910; x_wconf 90' lang='lat' dir='ltr'><strong>alios</strong></span> <span class='ocrx_word' id='word_1_266' title='bbox 760 1869 1039 1910; x_wconf 89' lang='lat' dir='ltr'><strong>revocare</strong></span> <span class='ocrx_word' id='word_1_267' title='bbox 1068 1855 1354 1923; x_wconf 87' lang='lat' dir='ltr'><strong>voluistis,</strong></span> <span class='ocrx_word' id='word_1_268' title='bbox 1388 1856 1467 1912; x_wconf 86' lang='lat' dir='ltr'><strong>ad</strong></span> <span class='ocrx_word' id='word_1_269' title='bbox 1492 1857 1699 1928; x_wconf 88' lang='lat' dir='ltr'><strong>ipsam</strong></span> <span class='ocrx_word' id='word_1_270' title='bbox 1726 1858 1955 1914; x_wconf 88' lang='lat' dir='ltr'><strong>deside-</strong></span> 
     </span>
    </p>
   </div>
   <div class='ocr_carea' id='block_1_22' title="bbox 273 1942 1955 2012">
    <p class='ocr_par' dir='ltr' id='par_1_22' title="bbox 273 1942 1955 2012">
     <span class='ocr_line' id='line_1_22' title="bbox 273 1942 1955 2012; baseline 0.003 -14"><span class='ocrx_word' id='word_1_271' title='bbox 273 1943 421 1999; x_wconf 84' lang='lat' dir='ltr'><strong>retis</strong></span> <span class='ocrx_word' id='word_1_272' title='bbox 470 1946 779 2012; x_wconf 81' lang='lat' dir='ltr'><strong>gratanter</strong></span> <span class='ocrx_word' id='word_1_273' title='bbox 838 1942 983 1999; x_wconf 88' lang='lat' dir='ltr'><strong>velle</strong></span> <span class='ocrx_word' id='word_1_274' title='bbox 1023 1958 1259 2000; x_wconf 89' lang='lat' dir='ltr'><strong>currere</strong></span> <span class='ocrx_word' id='word_1_275' title='bbox 1308 1947 1366 2000; x_wconf 91' lang='lat' dir='ltr'><strong>et</strong></span> <span class='ocrx_word' id='word_1_276' title='bbox 1417 1944 1680 2002; x_wconf 88' lang='lat' dir='ltr'><strong>libenter</strong></span> <span class='ocrx_word' id='word_1_277' title='bbox 1725 1964 1737 2001; x_wconf 92' lang='lat'>:</span> <span class='ocrx_word' id='word_1_278' title='bbox 1789 1951 1955 2003; x_wconf 90' lang='lat' dir='ltr'><strong>vetus</strong></span> 
     </span>
    </p>
   </div>
   <div class='ocr_carea' id='block_1_23' title="bbox 271 2031 1953 2107">
    <p class='ocr_par' dir='ltr' id='par_1_23' title="bbox 271 2031 1953 2107">
     <span class='ocr_line' id='line_1_23' title="bbox 271 2031 1953 2107; baseline 0.001 -18"><span class='ocrx_word' id='word_1_279' title='bbox 271 2034 396 2089; x_wconf 90' lang='lat' dir='ltr'><strong>hoc</strong></span> <span class='ocrx_word' id='word_1_280' title='bbox 428 2031 647 2089; x_wconf 86' lang='lat' dir='ltr'><strong>Christi</strong></span> <span class='ocrx_word' id='word_1_281' title='bbox 688 2031 1005 2088; x_wconf 88' lang='lat' dir='ltr'><strong>artiﬁcium</strong></span> <span class='ocrx_word' id='word_1_282' title='bbox 1040 2036 1148 2088; x_wconf 90' lang='lat' dir='ltr'><strong>est.</strong></span> <span class='ocrx_word' id='word_1_283' title='bbox 1199 2036 1346 2089; x_wconf 87' lang='lat' dir='ltr'><strong>Nam</strong></span> <span class='ocrx_word' id='word_1_284' title='bbox 1376 2033 1585 2105; x_wconf 89' lang='lat' dir='ltr'><strong>ipsum</strong></span> <span class='ocrx_word' id='word_1_285' title='bbox 1632 2052 1804 2107; x_wconf 47' lang='lat' dir='ltr'><strong>quem</strong></span> <span class='ocrx_word' id='word_1_286' title='bbox 1845 2052 1953 2092; x_wconf 87' lang='lat' dir='ltr'><strong>vas</strong></span> 
     </span>
    </p>
   </div>
   <div class='ocr_carea' id='block_1_24' title="bbox 272 2121 1953 2193">
    <p class='ocr_par' dir='ltr' id='par_1_24' title="bbox 272 2121 1953 2193">
     <span class='ocr_line' id='line_1_24' title="bbox 272 2121 1953 2193; baseline 0.002 -16"><span class='ocrx_word' id='word_1_287' title='bbox 272 2121 588 2179; x_wconf 87' lang='lat' dir='ltr'><strong>electionis</strong></span> <span class='ocrx_word' id='word_1_288' title='bbox 624 2136 748 2176; x_wconf 68' lang='lat' dir='ltr'><strong>suae</strong></span> <span class='ocrx_word' id='word_1_289' title='bbox 779 2136 906 2176; x_wconf 89' lang='lat' dir='ltr'><strong>esse</strong></span> <span class='ocrx_word' id='word_1_290' title='bbox 948 2121 1234 2191; x_wconf 90' lang='lat' dir='ltr'><strong>dignatus</strong></span> <span class='ocrx_word' id='word_1_291' title='bbox 1264 2126 1373 2189; x_wconf 89' lang='lat' dir='ltr'><strong>est,</strong></span> <span class='ocrx_word' id='word_1_292' title='bbox 1426 2127 1484 2177; x_wconf 89' lang='lat' dir='ltr'><strong>et</strong></span> <span class='ocrx_word' id='word_1_293' title='bbox 1511 2122 1709 2178; x_wconf 88' lang='lat' dir='ltr'><strong>voluit</strong></span> <span class='ocrx_word' id='word_1_294' title='bbox 1734 2124 1953 2193; x_wconf 88' lang='lat' dir='ltr'><strong>magis-</strong></span> 
     </span>
    </p>
   </div>
   <div class='ocr_carea' id='block_1_25' title="bbox 270 2209 1953 2282">
    <p class='ocr_par' dir='ltr' id='par_1_25' title="bbox 270 2209 1953 2282">
     <span class='ocr_line' id='line_1_25' title="bbox 270 2209 1953 2282; baseline 0.002 -15"><span class='ocrx_word' id='word_1_295' title='bbox 270 2216 439 2267; x_wconf 86' lang='lat' dir='ltr'><strong>trum</strong></span> <span class='ocrx_word' id='word_1_296' title='bbox 472 2210 739 2280; x_wconf 89' lang='lat' dir='ltr'><strong>gentium</strong></span> <span class='ocrx_word' id='word_1_297' title='bbox 785 2209 951 2279; x_wconf 90' lang='lat' dir='ltr'><strong>dare,</strong></span> <span class='ocrx_word' id='word_1_298' title='bbox 980 2210 1087 2282; x_wconf 87' lang='lat' dir='ltr'><strong>qui</strong></span> <span class='ocrx_word' id='word_1_299' title='bbox 1130 2225 1254 2266; x_wconf 90' lang='lat' dir='ltr'><strong>non</strong></span> <span class='ocrx_word' id='word_1_300' title='bbox 1285 2210 1479 2266; x_wconf 91' lang='lat' dir='ltr'><strong>solum</strong></span> <span class='ocrx_word' id='word_1_301' title='bbox 1510 2211 1786 2268; x_wconf 84' lang='lat' dir='ltr'><strong>ﬁdelium</strong></span> <span class='ocrx_word' id='word_1_302' title='bbox 1830 2214 1953 2270; x_wconf 88' lang='lat' dir='ltr'><strong>ani-</strong></span> 
     </span>
    </p>
   </div>
   <div class='ocr_carea' id='block_1_26' title="bbox 273 2298 1953 2372">
    <p class='ocr_par' dir='ltr' id='par_1_26' title="bbox 273 2298 1953 2372">
     <span class='ocr_line' id='line_1_26' title="bbox 273 2298 1953 2372; baseline 0.001 -16"><span class='ocrx_word' id='word_1_303' title='bbox 273 2316 416 2356; x_wconf 91' lang='lat' dir='ltr'><strong>mos</strong></span> <span class='ocrx_word' id='word_1_304' title='bbox 446 2315 484 2355; x_wconf 90' lang='lat' dir='ltr'><strong>a</strong></span> <span class='ocrx_word' id='word_1_305' title='bbox 515 2299 749 2372; x_wconf 90' lang='lat' dir='ltr'><strong>pietatis</strong></span> <span class='ocrx_word' id='word_1_306' title='bbox 769 2299 1081 2372; x_wconf 87' lang='lat' dir='ltr'><strong>proposito</strong></span> <span class='ocrx_word' id='word_1_307' title='bbox 1111 2298 1451 2365; x_wconf 84' lang='lat' dir='ltr'><strong>revocabat,</strong></span> <span class='ocrx_word' id='word_1_308' title='bbox 1485 2301 1598 2355; x_wconf 85' lang='lat' dir='ltr'><strong>sed</strong></span> <span class='ocrx_word' id='word_1_309' title='bbox 1627 2302 1809 2358; x_wconf 89' lang='lat' dir='ltr'><strong>etiam</strong></span> <span class='ocrx_word' id='word_1_310' title='bbox 1850 2318 1953 2357; x_wconf 86' lang='lat' dir='ltr'><strong>no-</strong></span> 
     </span>
    </p>
   </div>
   <div class='ocr_carea' id='block_1_27' title="bbox 272 2386 1948 2459">
    <p class='ocr_par' dir='ltr' id='par_1_27' title="bbox 272 2386 1948 2459">
     <span class='ocr_line' id='line_1_27' title="bbox 272 2386 1948 2459; baseline 0.002 -15"><span class='ocrx_word' id='word_1_311' title='bbox 272 2389 466 2444; x_wconf 86' lang='lat' dir='ltr'><strong>lentes</strong></span> <span class='ocrx_word' id='word_1_312' title='bbox 521 2404 558 2444; x_wconf 92' lang='lat' dir='ltr'><strong>a</strong></span> <span class='ocrx_word' id='word_1_313' title='bbox 616 2387 842 2443; x_wconf 86' lang='lat' dir='ltr'><strong>Christo</strong></span> <span class='ocrx_word' id='word_1_314' title='bbox 894 2387 1200 2443; x_wconf 89' lang='lat' dir='ltr'><strong>discedere</strong></span> <span class='ocrx_word' id='word_1_315' title='bbox 1252 2386 1554 2459; x_wconf 90' lang='lat' dir='ltr'><strong>lapidibus</strong></span> <span class='ocrx_word' id='word_1_316' title='bbox 1606 2390 1948 2447; x_wconf 87' lang='lat' dir='ltr'><strong>obruebat:</strong></span> 
     </span>
    </p>
   </div>
   <div class='ocr_carea' id='block_1_28' title="bbox 274 2476 1949 2548">
    <p class='ocr_par' dir='ltr' id='par_1_28' title="bbox 274 2476 1949 2548">
     <span class='ocr_line' id='line_1_28' title="bbox 274 2476 1949 2548; baseline 0.001 -14"><span class='ocrx_word' id='word_1_317' title='bbox 274 2479 443 2535; x_wconf 92' lang='lat' dir='ltr'><strong>hunc</strong></span> <span class='ocrx_word' id='word_1_318' title='bbox 470 2476 648 2533; x_wconf 89' lang='lat' dir='ltr'><strong>nobis</strong></span> <span class='ocrx_word' id='word_1_319' title='bbox 676 2476 806 2548; x_wconf 89' lang='lat' dir='ltr'><strong>ipse</strong></span> <span class='ocrx_word' id='word_1_320' title='bbox 857 2477 1144 2532; x_wconf 90' lang='lat' dir='ltr'><strong>Dominus</strong></span> <span class='ocrx_word' id='word_1_321' title='bbox 1173 2476 1516 2548; x_wconf 87' lang='lat' dir='ltr'><strong>apostolum</strong></span> <span class='ocrx_word' id='word_1_322' title='bbox 1563 2479 1949 2547; x_wconf 86' lang='lat' dir='ltr'><strong>condonavit,</strong></span> 
     </span>
    </p>
   </div>
   <div class='ocr_carea' id='block_1_29' title="bbox 276 2565 1951 2641">
    <p class='ocr_par' dir='ltr' id='par_1_29' title="bbox 276 2565 1951 2641">
     <span class='ocr_line' id='line_1_29' title="bbox 276 2565 1951 2641; baseline 0.002 -19"><span class='ocrx_word' id='word_1_323' title='bbox 276 2566 605 2638; x_wconf 85' lang='lat' dir='ltr'><strong>tribuitque</strong></span> <span class='ocrx_word' id='word_1_324' title='bbox 654 2565 833 2620; x_wconf 91' lang='lat' dir='ltr'><strong>nobis</strong></span> <span class='ocrx_word' id='word_1_325' title='bbox 883 2582 957 2621; x_wconf 81' lang='lat' dir='ltr'><strong>ex</strong></span> <span class='ocrx_word' id='word_1_326' title='bbox 988 2565 1167 2622; x_wconf 90' lang='lat' dir='ltr'><strong>Saulo</strong></span> <span class='ocrx_word' id='word_1_327' title='bbox 1227 2565 1497 2637; x_wconf 86' lang='lat' dir='ltr'><strong>Paulum,</strong></span> <span class='ocrx_word' id='word_1_328' title='bbox 1548 2583 1622 2622; x_wconf 84' lang='lat' dir='ltr'><strong>ex</strong></span> <span class='ocrx_word' id='word_1_329' title='bbox 1676 2574 1951 2641; x_wconf 88' lang='lat' dir='ltr'><strong>apostata</strong></span> 
     </span>
    </p>
   </div>
   <div class='ocr_carea' id='block_1_30' title="bbox 277 2652 1948 2727">
    <p class='ocr_par' dir='ltr' id='par_1_30' title="bbox 277 2652 1948 2727">
     <span class='ocr_line' id='line_1_30' title="bbox 277 2652 1948 2727; baseline 0.002 -17"><span class='ocrx_word' id='word_1_330' title='bbox 277 2654 421 2710; x_wconf 88' lang='lat' dir='ltr'><strong>fecit</strong></span> <span class='ocrx_word' id='word_1_331' title='bbox 460 2652 828 2726; x_wconf 88' lang='lat' dir='ltr'><strong>apostolum,</strong></span> <span class='ocrx_word' id='word_1_332' title='bbox 871 2658 929 2709; x_wconf 92' lang='lat' dir='ltr'><strong>et</strong></span> <span class='ocrx_word' id='word_1_333' title='bbox 956 2653 1122 2709; x_wconf 91' lang='lat' dir='ltr'><strong>dedit</strong></span> <span class='ocrx_word' id='word_1_334' title='bbox 1152 2653 1420 2709; x_wconf 67' lang='lat' dir='ltr'><strong>Ecclesiae</strong></span> <span class='ocrx_word' id='word_1_335' title='bbox 1450 2670 1524 2710; x_wconf 84' lang='lat' dir='ltr'><strong>ex</strong></span> <span class='ocrx_word' id='word_1_336' title='bbox 1572 2662 1948 2727; x_wconf 84' lang='lat' dir='ltr'><strong>persecutore</strong></span> 
     </span>
    </p>
   </div>
   <div class='ocr_carea' id='block_1_31' title="bbox 278 2740 1948 2816">
    <p class='ocr_par' dir='ltr' id='par_1_31' title="bbox 278 2740 1948 2816">
     <span class='ocr_line' id='line_1_31' title="bbox 278 2740 1948 2816; baseline 0.002 -19"><span class='ocrx_word' id='word_1_337' title='bbox 278 2746 577 2799; x_wconf 87' lang='lat' dir='ltr'><strong>rectorem</strong></span> <span class='ocrx_word' id='word_1_338' title='bbox 611 2758 624 2796; x_wconf 88' lang='lat'><strong><em>:</em></strong></span> <span class='ocrx_word' id='word_1_339' title='bbox 650 2746 887 2798; x_wconf 87' lang='lat' dir='ltr'><strong>amator</strong></span> <span class='ocrx_word' id='word_1_340' title='bbox 917 2740 1221 2815; x_wconf 88' lang='lat' dir='ltr'><strong>passionis</strong></span> <span class='ocrx_word' id='word_1_341' title='bbox 1250 2741 1442 2797; x_wconf 88' lang='lat' dir='ltr'><strong>factus</strong></span> <span class='ocrx_word' id='word_1_342' title='bbox 1472 2749 1580 2812; x_wconf 89' lang='lat' dir='ltr'><strong>est,</strong></span> <span class='ocrx_word' id='word_1_343' title='bbox 1612 2744 1717 2815; x_wconf 92' lang='lat' dir='ltr'><strong>qui</strong></span> <span class='ocrx_word' id='word_1_344' title='bbox 1748 2760 1948 2816; x_wconf 87' lang='lat' dir='ltr'><strong>perse-</strong></span> 
     </span>
    </p>
   </div>
   <div class='ocr_carea' id='block_1_32' title="bbox 270 2830 1948 2902">
    <p class='ocr_par' dir='ltr' id='par_1_32' title="bbox 270 2830 1948 2902">
     <span class='ocr_line' id='line_1_32' title="bbox 270 2830 1948 2902; baseline 0.002 -16"><span class='ocrx_word' id='word_1_345' title='bbox 270 2830 533 2887; x_wconf 83' lang='lat' dir='ltr'><strong>cutionis</strong></span> <span class='ocrx_word' id='word_1_346' title='bbox 563 2835 771 2887; x_wconf 86' lang='lat' dir='ltr'><strong>auctor</strong></span> <span class='ocrx_word' id='word_1_347' title='bbox 808 2830 1144 2899; x_wconf 83' lang='lat' dir='ltr'><strong>exstiterat;</strong></span> <span class='ocrx_word' id='word_1_348' title='bbox 1194 2834 1252 2886; x_wconf 90' lang='lat' dir='ltr'><strong>et</strong></span> <span class='ocrx_word' id='word_1_349' title='bbox 1288 2831 1393 2902; x_wconf 90' lang='lat' dir='ltr'><strong>qui</strong></span> <span class='ocrx_word' id='word_1_350' title='bbox 1436 2831 1645 2887; x_wconf 91' lang='lat' dir='ltr'><strong>alienis</strong></span> <span class='ocrx_word' id='word_1_351' title='bbox 1680 2832 1948 2889; x_wconf 85' lang='lat' dir='ltr'><strong>afﬂictio-</strong></span> 
     </span>
    </p>
   </div>
   <div class='ocr_carea' id='block_1_33' title="bbox 276 2918 1945 2993">
    <p class='ocr_par' dir='ltr' id='par_1_33' title="bbox 276 2918 1945 2993">
     <span class='ocr_line' id='line_1_33' title="bbox 276 2918 1945 2993; baseline 0.001 -19"><span class='ocrx_word' id='word_1_352' title='bbox 276 2919 459 2974; x_wconf 87' lang='lat' dir='ltr'><strong>nibus</strong></span> <span class='ocrx_word' id='word_1_353' title='bbox 489 2918 656 2991; x_wconf 89' lang='lat' dir='ltr'><strong>prius</strong></span> <span class='ocrx_word' id='word_1_354' title='bbox 690 2918 1124 2990; x_wconf 81' lang='lat' dir='ltr'><strong>gratulabatur,</strong></span> <span class='ocrx_word' id='word_1_355' title='bbox 1153 2919 1214 2974; x_wconf 92' lang='lat' dir='ltr'><strong>in</strong></span> <span class='ocrx_word' id='word_1_356' title='bbox 1240 2920 1363 2974; x_wconf 89' lang='lat' dir='ltr'><strong>suis</strong></span> <span class='ocrx_word' id='word_1_357' title='bbox 1389 2920 1778 2992; x_wconf 88' lang='lat' dir='ltr'><strong>postmodum</strong></span> <span class='ocrx_word' id='word_1_358' title='bbox 1811 2938 1945 2993; x_wconf 91' lang='lat' dir='ltr'><strong>per-</strong></span> 
     </span>
    </p>
   </div>
   <div class='ocr_carea' id='block_1_34' title="bbox 279 3007 2016 3101">
    <p class='ocr_par' dir='ltr' id='par_1_34' title="bbox 279 3007 2016 3101">
     <span class='ocr_line' id='line_1_34' title="bbox 279 3007 2016 3101; baseline 0.002 -39"><span class='ocrx_word' id='word_1_359' title='bbox 279 3007 687 3101; x_wconf 79' lang='lat' dir='ltr'><strong>secutionibus</strong></span> <span class='ocrx_word' id='word_1_360' title='bbox 715 3008 1052 3101; x_wconf 58' lang='lat' dir='ltr'><strong>lietabatur.</strong></span> <span class='ocrx_word' id='word_1_361' title='bbox 1084 3008 1217 3101; x_wconf 81' lang='lat' dir='ltr'><strong>Ipse</strong></span> <span class='ocrx_word' id='word_1_362' title='bbox 1247 3008 1351 3080; x_wconf 87' lang='lat' dir='ltr'><strong>qui</strong></span> <span class='ocrx_word' id='word_1_363' title='bbox 1388 3011 1528 3065; x_wconf 86' lang='lat' dir='ltr'><strong>tunc</strong></span> <span class='ocrx_word' id='word_1_364' title='bbox 1558 3010 1633 3101; x_wconf 78' lang='lat' dir='ltr'><strong>in</strong></span> <span class='ocrx_word' id='word_1_365' title='bbox 1670 3010 1944 3101; x_wconf 89' lang='lat' dir='ltr'><strong>apostolo</strong></span> <span class='ocrx_word' id='word_1_366' title='bbox 1975 3046 2016 3101; x_wconf 63' lang='grc' dir='ltr'><strong>ρ</strong></span> 
     </span>
    </p>
   </div>
   <div class='ocr_carea' id='block_1_35' title="bbox 270 3096 1945 3169">
    <p class='ocr_par' dir='ltr' id='par_1_35' title="bbox 270 3096 1945 3169">
     <span class='ocr_line' id='line_1_35' title="bbox 270 3096 1945 3169; baseline 0.002 -18"><span class='ocrx_word' id='word_1_367' title='bbox 270 3113 389 3151; x_wconf 88' lang='lat' dir='ltr'><strong>suo</strong></span> <span class='ocrx_word' id='word_1_368' title='bbox 416 3096 685 3153; x_wconf 87' lang='lat' dir='ltr'><strong>virtutem</strong></span> <span class='ocrx_word' id='word_1_369' title='bbox 713 3097 892 3154; x_wconf 88' lang='lat' dir='ltr'><strong>istam</strong></span> <span class='ocrx_word' id='word_1_370' title='bbox 922 3097 1210 3163; x_wconf 80' lang='lat' dir='ltr'><strong>exercuit,</strong></span> <span class='ocrx_word' id='word_1_371' title='bbox 1241 3101 1373 3169; x_wconf 89' lang='lat' dir='ltr'><strong>ipse</strong></span> <span class='ocrx_word' id='word_1_372' title='bbox 1408 3112 1570 3153; x_wconf 90' lang='lat' dir='ltr'><strong>nunc</strong></span> <span class='ocrx_word' id='word_1_373' title='bbox 1599 3098 1674 3154; x_wconf 91' lang='lat' dir='ltr'><strong>de</strong></span> <span class='ocrx_word' id='word_1_374' title='bbox 1700 3100 1831 3169; x_wconf 89' lang='lat' dir='ltr'><strong>ipso</strong></span> <span class='ocrx_word' id='word_1_375' title='bbox 1860 3098 1945 3154; x_wconf 88' lang='lat' dir='ltr'><strong>in—</strong></span> 
     </span>
    </p>
   </div>
   <div class='ocr_carea' id='block_1_36' title="bbox 268 3184 1942 3257">
    <p class='ocr_par' dir='ltr' id='par_1_36' title="bbox 268 3184 1942 3257">
     <span class='ocr_line' id='line_1_36' title="bbox 268 3184 1942 3257; baseline 0.001 -17"><span class='ocrx_word' id='word_1_376' title='bbox 268 3184 539 3241; x_wconf 85' lang='lat' dir='ltr'><strong>ferorum</strong></span> <span class='ocrx_word' id='word_1_377' title='bbox 596 3186 884 3252; x_wconf 86' lang='lat' dir='ltr'><strong>conclavi,</strong></span> <span class='ocrx_word' id='word_1_378' title='bbox 941 3200 1015 3240; x_wconf 86' lang='lat' dir='ltr'><strong>ex</strong></span> <span class='ocrx_word' id='word_1_379' title='bbox 1066 3185 1216 3257; x_wconf 91' lang='lat' dir='ltr'><strong>ipsis</strong></span> <span class='ocrx_word' id='word_1_380' title='bbox 1257 3185 1595 3242; x_wconf 86' lang='lat' dir='ltr'><strong>draconum</strong></span> <span class='ocrx_word' id='word_1_381' title='bbox 1646 3186 1942 3256; x_wconf 84' lang='lat' dir='ltr'><strong>faucibus,</strong></span> 
     </span>
    </p>
   </div>
   <div class='ocr_carea' id='block_1_37' title="bbox 272 3269 1947 3342">
    <p class='ocr_par' dir='ltr' id='par_1_37' title="bbox 272 3269 1947 3342">
     <span class='ocr_line' id='line_1_37' title="bbox 272 3269 1947 3342; baseline 0.001 -17"><span class='ocrx_word' id='word_1_382' title='bbox 272 3270 619 3325; x_wconf 87' lang='lat' dir='ltr'><strong>animarum</strong></span> <span class='ocrx_word' id='word_1_383' title='bbox 648 3274 993 3326; x_wconf 89' lang='lat' dir='ltr'><strong>vestrarum</strong></span> <span class='ocrx_word' id='word_1_384' title='bbox 1027 3269 1430 3342; x_wconf 87' lang='lat' dir='ltr'><strong>captivitatem</strong></span> <span class='ocrx_word' id='word_1_385' title='bbox 1465 3270 1682 3342; x_wconf 87' lang='lat' dir='ltr'><strong>eripuit</strong></span> <span class='ocrx_word' id='word_1_386' title='bbox 1714 3288 1727 3325; x_wconf 91' lang='lat'><strong>:</strong></span> <span class='ocrx_word' id='word_1_387' title='bbox 1761 3275 1817 3327; x_wconf 90' lang='lat' dir='ltr'><strong>et</strong></span> <span class='ocrx_word' id='word_1_388' title='bbox 1847 3287 1947 3326; x_wconf 91' lang='lat' dir='ltr'><strong>vo-</strong></span> 
     </span>
    </p>
   </div>
   <div class='ocr_carea' id='block_1_38' title="bbox 267 3353 1944 3412">
    <p class='ocr_par' dir='ltr' id='par_1_38' title="bbox 267 3353 1944 3412">
     <span class='ocr_line' id='line_1_38' title="bbox 267 3353 1944 3412; baseline 0.001 -3"><span class='ocrx_word' id='word_1_389' title='bbox 267 3353 366 3409; x_wconf 88' lang='lat' dir='ltr'><strong>bis</strong></span> <span class='ocrx_word' id='word_1_390' title='bbox 448 3369 609 3409; x_wconf 89' lang='lat' dir='ltr'><strong>nunc</strong></span> <span class='ocrx_word' id='word_1_391' title='bbox 687 3370 725 3412; x_wconf 91' lang='lat' dir='ltr'><strong>a</strong></span> <span class='ocrx_word' id='word_1_392' title='bbox 804 3353 1064 3410; x_wconf 90' lang='lat' dir='ltr'><strong>tenebris</strong></span> <span class='ocrx_word' id='word_1_393' title='bbox 1129 3353 1206 3410; x_wconf 91' lang='lat' dir='ltr'><strong>ad</strong></span> <span class='ocrx_word' id='word_1_394' title='bbox 1271 3353 1469 3410; x_wconf 89' lang='lat' dir='ltr'><strong>lucem</strong></span> <span class='ocrx_word' id='word_1_395' title='bbox 1534 3355 1944 3411; x_wconf 88' lang='lat' dir='ltr'><strong>remeantibus</strong></span> 
     </span>
    </p>
   </div>
   <div class='ocr_carea' id='block_1_39' title="bbox 267 3442 1944 3514">
    <p class='ocr_par' dir='ltr' id='par_1_39' title="bbox 267 3442 1944 3514">
     <span class='ocr_line' id='line_1_39' title="bbox 267 3442 1944 3514; baseline 0.001 -17"><span class='ocrx_word' id='word_1_396' title='bbox 267 3446 509 3497; x_wconf 66' lang='lat' dir='ltr'><strong>aeterna:</strong></span> <span class='ocrx_word' id='word_1_397' title='bbox 560 3442 690 3499; x_wconf 65' lang='lat' dir='ltr'><strong>vita:</strong></span> <span class='ocrx_word' id='word_1_398' title='bbox 721 3443 947 3514; x_wconf 88' lang='lat' dir='ltr'><strong>januas</strong></span> <span class='ocrx_word' id='word_1_399' title='bbox 1000 3442 1294 3513; x_wconf 88' lang='lat' dir='ltr'><strong>patefecit.</strong></span> <span class='ocrx_word' id='word_1_400' title='bbox 1357 3443 1507 3509; x_wconf 88' lang='lat' dir='ltr'><strong>Quia</strong></span> <span class='ocrx_word' id='word_1_401' title='bbox 1556 3459 1699 3514; x_wconf 92' lang='lat' dir='ltr'><strong>ergo</strong></span> <span class='ocrx_word' id='word_1_402' title='bbox 1732 3460 1944 3501; x_wconf 91' lang='lat' dir='ltr'><strong>omnes</strong></span> 
     </span>
    </p>
   </div>
   <div class='ocr_carea' id='block_1_40' title="bbox 268 3530 1943 3604">
    <p class='ocr_par' dir='ltr' id='par_1_40' title="bbox 268 3530 1943 3604">
     <span class='ocr_line' id='line_1_40' title="bbox 268 3530 1943 3604; baseline 0.002 -19"><span class='ocrx_word' id='word_1_403' title='bbox 268 3530 603 3602; x_wconf 63' lang='lat' dir='ltr'><strong>daemones,</strong></span> <span class='ocrx_word' id='word_1_404' title='bbox 651 3531 754 3604; x_wconf 91' lang='lat' dir='ltr'><strong>qui</strong></span> <span class='ocrx_word' id='word_1_405' title='bbox 799 3534 942 3587; x_wconf 89' lang='lat' dir='ltr'><strong>sunt</strong></span> <span class='ocrx_word' id='word_1_406' title='bbox 990 3530 1375 3589; x_wconf 83' lang='lat' dir='ltr'><strong>tenebrarum</strong></span> <span class='ocrx_word' id='word_1_407' title='bbox 1428 3530 1552 3599; x_wconf 90' lang='lat' dir='ltr'><strong>ﬁlii,</strong></span> <span class='ocrx_word' id='word_1_408' title='bbox 1597 3532 1943 3589; x_wconf 87' lang='lat' dir='ltr'><strong>contristan-</strong></span> 
     </span>
    </p>
   </div>
   <div class='ocr_carea' id='block_1_41' title="bbox 271 3618 1939 3692">
    <p class='ocr_par' dir='ltr' id='par_1_41' title="bbox 271 3618 1939 3692">
     <span class='ocr_line' id='line_1_41' title="bbox 271 3618 1939 3692; baseline 0 -18"><span class='ocrx_word' id='word_1_409' title='bbox 271 3625 402 3687; x_wconf 89' lang='lat' dir='ltr'><strong>tur;</strong></span> <span class='ocrx_word' id='word_1_410' title='bbox 430 3624 487 3674; x_wconf 88' lang='lat' dir='ltr'><strong>et</strong></span> <span class='ocrx_word' id='word_1_411' title='bbox 515 3634 724 3675; x_wconf 89' lang='lat' dir='ltr'><strong>omnes</strong></span> <span class='ocrx_word' id='word_1_412' title='bbox 761 3618 954 3675; x_wconf 88' lang='lat' dir='ltr'><strong>sancti</strong></span> <span class='ocrx_word' id='word_1_413' title='bbox 982 3618 1198 3688; x_wconf 84' lang='lat' dir='ltr'><strong>angeli,</strong></span> <span class='ocrx_word' id='word_1_414' title='bbox 1231 3619 1338 3692; x_wconf 88' lang='lat' dir='ltr'><strong>qui</strong></span> <span class='ocrx_word' id='word_1_415' title='bbox 1369 3624 1508 3675; x_wconf 89' lang='lat' dir='ltr'><strong>sunt</strong></span> <span class='ocrx_word' id='word_1_416' title='bbox 1544 3619 1648 3675; x_wconf 86' lang='lat' dir='ltr'><strong>ﬁlii</strong></span> <span class='ocrx_word' id='word_1_417' title='bbox 1670 3618 1939 3689; x_wconf 90' lang='lat' dir='ltr'><strong>luminis,</strong></span> 
     </span>
    </p>
   </div>
   <div class='ocr_carea' id='block_1_42' title="bbox 270 3708 1940 3781">
    <p class='ocr_par' dir='ltr' id='par_1_42' title="bbox 270 3708 1940 3781">
     <span class='ocr_line' id='line_1_42' title="bbox 270 3708 1940 3781; baseline 0.001 -17"><span class='ocrx_word' id='word_1_418' title='bbox 270 3709 671 3779; x_wconf 82' lang='lat' dir='ltr'><strong>gratulantur,</strong></span> <span class='ocrx_word' id='word_1_419' title='bbox 704 3708 955 3765; x_wconf 88' lang='lat' dir='ltr'><strong>accedat</strong></span> <span class='ocrx_word' id='word_1_420' title='bbox 982 3708 1443 3781; x_wconf 89' lang='lat' dir='ltr'><strong>uniusquisque,</strong></span> <span class='ocrx_word' id='word_1_421' title='bbox 1489 3713 1547 3765; x_wconf 88' lang='lat' dir='ltr'><strong>et</strong></span> <span class='ocrx_word' id='word_1_422' title='bbox 1593 3708 1691 3765; x_wconf 92' lang='lat' dir='ltr'><strong>det</strong></span> <span class='ocrx_word' id='word_1_423' title='bbox 1716 3724 1940 3766; x_wconf 88' lang='lat' dir='ltr'><strong>nomen</strong></span> 
     </span>
    </p>
   </div>
   <div class='ocr_carea' id='block_1_43' title="bbox 271 3797 1941 3871">
    <p class='ocr_par' dir='ltr' id='par_1_43' title="bbox 271 3797 1941 3871">
     <span class='ocr_line' id='line_1_43' title="bbox 271 3797 1941 3871; baseline 0 -17"><span class='ocrx_word' id='word_1_424' title='bbox 271 3814 481 3870; x_wconf 90' lang='lat' dir='ltr'><strong>suum,</strong></span> <span class='ocrx_word' id='word_1_425' title='bbox 516 3802 577 3855; x_wconf 89' lang='lat' dir='ltr'><strong>ut</strong></span> <span class='ocrx_word' id='word_1_426' title='bbox 604 3798 899 3855; x_wconf 87' lang='lat' dir='ltr'><strong>hodierno</strong></span> <span class='ocrx_word' id='word_1_427' title='bbox 926 3797 1022 3853; x_wconf 89' lang='lat' dir='ltr'><strong>die</strong></span> <span class='ocrx_word' id='word_1_428' title='bbox 1052 3813 1244 3871; x_wconf 90' lang='lat' dir='ltr'><strong>usque</strong></span> <span class='ocrx_word' id='word_1_429' title='bbox 1275 3797 1355 3854; x_wconf 88' lang='lat' dir='ltr'><strong>ad</strong></span> <span class='ocrx_word' id='word_1_430' title='bbox 1382 3814 1700 3870; x_wconf 90' lang='lat' dir='ltr'><strong>vesperum</strong></span> <span class='ocrx_word' id='word_1_431' title='bbox 1722 3798 1941 3870; x_wconf 91' lang='lat' dir='ltr'><strong>perdu-</strong></span> 
     </span>
    </p>
   </div>
   <div class='ocr_carea' id='block_1_44' title="bbox 266 3886 1940 3959">
    <p class='ocr_par' dir='ltr' id='par_1_44' title="bbox 266 3886 1940 3959">
     <span class='ocr_line' id='line_1_44' title="bbox 266 3886 1940 3959; baseline 0 -16"><span class='ocrx_word' id='word_1_432' title='bbox 266 3891 442 3945; x_wconf 89' lang='lat' dir='ltr'><strong>cente</strong></span> <span class='ocrx_word' id='word_1_433' title='bbox 466 3887 716 3959; x_wconf 84' lang='lat' dir='ltr'><strong>jejunio,</strong></span> <span class='ocrx_word' id='word_1_434' title='bbox 762 3888 1045 3944; x_wconf 88' lang='lat' dir='ltr'><strong>festivum</strong></span> <span class='ocrx_word' id='word_1_435' title='bbox 1075 3886 1459 3959; x_wconf 85' lang='lat' dir='ltr'><strong>baptismatis</strong></span> <span class='ocrx_word' id='word_1_436' title='bbox 1491 3892 1940 3944; x_wconf 87' lang='lat' dir='ltr'><strong>sacramentum</strong></span> 
     </span>
    </p>
   </div>
   <div class='ocr_carea' id='block_1_45' title="bbox 267 3975 1940 4050">
    <p class='ocr_par' dir='ltr' id='par_1_45' title="bbox 267 3975 1940 4050">
     <span class='ocr_line' id='line_1_45' title="bbox 267 3975 1940 4050; baseline 0 -18"><span class='ocrx_word' id='word_1_437' title='bbox 267 3982 686 4050; x_wconf 89' lang='lat' dir='ltr'><strong>opportunum</strong></span> <span class='ocrx_word' id='word_1_438' title='bbox 740 3983 982 4049; x_wconf 90' lang='lat' dir='ltr'><strong>tempus</strong></span> <span class='ocrx_word' id='word_1_439' title='bbox 1038 3975 1321 4032; x_wconf 88' lang='lat' dir='ltr'><strong>inveniat.</strong></span> <span class='ocrx_word' id='word_1_440' title='bbox 1358 3979 1421 4031; x_wconf 86' lang='lat' dir='ltr'><strong>Et</strong></span> <span class='ocrx_word' id='word_1_441' title='bbox 1460 3975 1695 4032; x_wconf 88' lang='lat' dir='ltr'><strong>iterum.</strong></span> <span class='ocrx_word' id='word_1_442' title='bbox 1733 3977 1940 4032; x_wconf 92' lang='lat' dir='ltr'><strong>Omnis</strong></span> 
     </span>
    </p>
   </div>
   <div class='ocr_carea' id='block_1_46' title="bbox 264 4064 1937 4137">
    <p class='ocr_par' dir='ltr' id='par_1_46' title="bbox 264 4064 1937 4137">
     <span class='ocr_line' id='line_1_46' title="bbox 264 4064 1937 4137; baseline -0.001 -17"><span class='ocrx_word' id='word_1_443' title='bbox 264 4064 501 4122; x_wconf 85' lang='lat' dir='ltr'><strong>familia</strong></span> <span class='ocrx_word' id='word_1_444' title='bbox 558 4081 692 4137; x_wconf 83' lang='lat' dir='ltr'><strong>quas</strong></span> <span class='ocrx_word' id='word_1_445' title='bbox 750 4068 877 4121; x_wconf 89' lang='lat' dir='ltr'><strong>erat</strong></span> <span class='ocrx_word' id='word_1_446' title='bbox 940 4065 1002 4119; x_wconf 91' lang='lat' dir='ltr'><strong>in</strong></span> <span class='ocrx_word' id='word_1_447' title='bbox 1070 4066 1255 4121; x_wconf 90' lang='lat' dir='ltr'><strong>domo</strong></span> <span class='ocrx_word' id='word_1_448' title='bbox 1319 4065 1653 4134; x_wconf 82' lang='lat' dir='ltr'><strong>Nicostrati,</strong></span> <span class='ocrx_word' id='word_1_449' title='bbox 1721 4065 1937 4121; x_wconf 81' lang='lat' dir='ltr'><strong>animae</strong></span> 
     </span>
    </p>
   </div>
   <div class='ocr_carea' id='block_1_47' title="bbox 265 4154 1937 4228">
    <p class='ocr_par' dir='ltr' id='par_1_47' title="bbox 265 4154 1937 4228">
     <span class='ocr_line' id='line_1_47' title="bbox 265 4154 1937 4228; baseline -0.001 -17"><span class='ocrx_word' id='word_1_450' title='bbox 265 4170 448 4211; x_wconf 70' lang='grc' dir='ltr'>χχχιιι</span> <span class='ocrx_word' id='word_1_451' title='bbox 504 4154 830 4228; x_wconf 86' lang='lat' dir='ltr'><strong>promiscui</strong></span> <span class='ocrx_word' id='word_1_452' title='bbox 886 4169 1065 4211; x_wconf 81' lang='lat' dir='ltr'><strong>sexus</strong></span> <span class='ocrx_word' id='word_1_453' title='bbox 1100 4158 1155 4209; x_wconf 90' lang='lat' dir='ltr'><strong>et</strong></span> <span class='ocrx_word' id='word_1_454' title='bbox 1184 4155 1372 4211; x_wconf 63' lang='lat' dir='ltr'><strong>aetatis</strong></span> <span class='ocrx_word' id='word_1_455' title='bbox 1407 4174 1418 4209; x_wconf 81' lang='lat'><strong>2</strong></span> <span class='ocrx_word' id='word_1_456' title='bbox 1456 4154 1675 4211; x_wconf 87' lang='lat' dir='ltr'><strong>dehinc</strong></span> <span class='ocrx_word' id='word_1_457' title='bbox 1724 4170 1937 4213; x_wconf 87' lang='lat' dir='ltr'><strong>omnes</strong></span> 
     </span>
    </p>
   </div>
   <div class='ocr_carea' id='block_1_48' title="bbox 263 4243 1934 4318">
    <p class='ocr_par' dir='ltr' id='par_1_48' title="bbox 263 4243 1934 4318">
     <span class='ocr_line' id='line_1_48' title="bbox 263 4243 1934 4318; baseline 0 -19"><span class='ocrx_word' id='word_1_458' title='bbox 263 4243 379 4317; x_wconf 90' lang='lat' dir='ltr'><strong>qui</strong></span> <span class='ocrx_word' id='word_1_459' title='bbox 429 4244 630 4315; x_wconf 89' lang='lat' dir='ltr'><strong>vincti,</strong></span> <span class='ocrx_word' id='word_1_460' title='bbox 703 4259 774 4301; x_wconf 88' lang='lat' dir='ltr'><strong>ac</strong></span> <span class='ocrx_word' id='word_1_461' title='bbox 850 4243 924 4298; x_wconf 92' lang='lat' dir='ltr'><strong>de</strong></span> <span class='ocrx_word' id='word_1_462' title='bbox 1000 4244 1256 4301; x_wconf 88' lang='lat' dir='ltr'><strong>carceris</strong></span> <span class='ocrx_word' id='word_1_463' title='bbox 1318 4244 1596 4318; x_wconf 89' lang='lat' dir='ltr'><strong>squalore</strong></span> <span class='ocrx_word' id='word_1_464' title='bbox 1669 4243 1934 4313; x_wconf 90' lang='lat' dir='ltr'><strong>adducti,</strong></span> 
     </span>
    </p>
   </div>
   <div class='ocr_carea' id='block_1_49' title="bbox 2067 1761 2490 1834">
    <p class='ocr_par' dir='ltr' id='par_1_49' title="bbox 2067 1761 2490 1834">
     <span class='ocr_line' id='line_1_49' title="bbox 2067 1761 2490 1834; baseline 0.009 -18"><span class='ocrx_word' id='word_1_465' title='bbox 2067 1761 2143 1816; x_wconf 89' lang='lat' dir='ltr'><strong>tia</strong></span> <span class='ocrx_word' id='word_1_466' title='bbox 2168 1761 2422 1834; x_wconf 86' lang='lat' dir='ltr'><strong>pietatis.</strong></span> <span class='ocrx_word' id='word_1_467' title='bbox 2462 1786 2490 1813; x_wconf 89' lang='grc'><strong>››</strong></span> 
     </span>
    </p>
   </div>
   <div class='ocr_carea' id='block_1_50' title="bbox 2665 1853 3136 1913">
    <p class='ocr_par' dir='ltr' id='par_1_50' title="bbox 2665 1853 3136 1913">
     <span class='ocr_line' id='line_1_50' title="bbox 2665 1853 3136 1913; baseline 0.011 -5"><span class='ocrx_word' id='word_1_468' title='bbox 2665 1853 2781 1909; x_wconf 85' lang='lat' dir='ltr'><strong>XV.</strong></span> <span class='ocrx_word' id='word_1_469' title='bbox 2817 1855 2969 1911; x_wconf 84' lang='lat' dir='ltr'><strong>Item</strong></span> <span class='ocrx_word' id='word_1_470' title='bbox 2998 1860 3136 1913; x_wconf 86' lang='lat' dir='ltr'><strong>Leo.</strong></span> 
     </span>
    </p>
   </div>
   <div class='ocr_carea' id='block_1_51' title="bbox 2135 1938 3738 2010">
    <p class='ocr_par' dir='ltr' id='par_1_51' title="bbox 2135 1938 3738 2010">
     <span class='ocr_line' id='line_1_51' title="bbox 2135 1938 3738 2010; baseline 0.009 -19"><span class='ocrx_word' id='word_1_471' title='bbox 2135 1938 2391 2010; x_wconf 88' lang='lat' dir='ltr'><strong>Captivis</strong></span> <span class='ocrx_word' id='word_1_472' title='bbox 2412 1939 2578 1996; x_wconf 91' lang='lat' dir='ltr'><strong>cibos</strong></span> <span class='ocrx_word' id='word_1_473' title='bbox 2598 1940 3009 2001; x_wconf 89' lang='lat' dir='ltr'><strong>immolatitios</strong></span> <span class='ocrx_word' id='word_1_474' title='bbox 3039 1948 3394 2003; x_wconf 86' lang='lat' dir='ltr'><strong>necessitate</strong></span> <span class='ocrx_word' id='word_1_475' title='bbox 3416 1949 3738 2006; x_wconf 84' lang='lat' dir='ltr'><strong>comeden-</strong></span> 
     </span>
    </p>
   </div>
   <div class='ocr_carea' id='block_1_52' title="bbox 2066 2026 3731 2107">
    <p class='ocr_par' dir='ltr' id='par_1_52' title="bbox 2066 2026 3731 2107">
     <span class='ocr_line' id='line_1_52' title="bbox 2066 2026 3731 2107; baseline 0.008 -27"><span class='ocrx_word' id='word_1_476' title='bbox 2066 2026 2222 2081; x_wconf 89' lang='lat' dir='ltr'><strong>tibus</strong></span> <span class='ocrx_word' id='word_1_477' title='bbox 2267 2029 2612 2099; x_wconf 83' lang='lat' dir='ltr'><strong>paenitentia</strong></span> <span class='ocrx_word' id='word_1_478' title='bbox 2656 2032 3048 2089; x_wconf 89' lang='lat' dir='ltr'><strong>concedenda</strong></span> <span class='ocrx_word' id='word_1_479' title='bbox 3077 2050 3153 2090; x_wconf 81' lang='lat' dir='ltr'><strong>ex</strong></span> <span class='ocrx_word' id='word_1_480' title='bbox 3175 2036 3426 2090; x_wconf 88' lang='lat' dir='ltr'><strong>decretis</strong></span> <span class='ocrx_word' id='word_1_481' title='bbox 3457 2037 3731 2107; x_wconf 85' lang='lat' dir='ltr'><strong>ejusdem</strong></span> 
     </span>
    </p>
   </div>
   <div class='ocr_carea' id='block_1_53' title="bbox 2064 2115 3733 2190">
    <p class='ocr_par' dir='ltr' id='par_1_53' title="bbox 2064 2115 3733 2190">
     <span class='ocr_line' id='line_1_53' title="bbox 2064 2115 3733 2190; baseline 0.008 -21"><span class='ocrx_word' id='word_1_482' title='bbox 2064 2122 2238 2188; x_wconf 57' lang='lat' dir='ltr'><strong>papae</strong></span> <span class='ocrx_word' id='word_1_483' title='bbox 2268 2115 2481 2171; x_wconf 89' lang='lat' dir='ltr'><strong>Leonis</strong></span> <span class='ocrx_word' id='word_1_484' title='bbox 2513 2117 2700 2187; x_wconf 77' lang='lat' dir='ltr'><strong>(epist.</strong></span> <span class='ocrx_word' id='word_1_485' title='bbox 2735 2118 2818 2174; x_wconf 85' lang='lat' dir='ltr'><strong>ad</strong></span> <span class='ocrx_word' id='word_1_486' title='bbox 2844 2121 3087 2190; x_wconf 50' lang='grc' dir='ltr'><strong>Νέαιρα).</strong></span> <span class='ocrx_word' id='word_1_487' title='bbox 3140 2143 3169 2169; x_wconf 93' lang='grc'><strong>‹‹</strong></span> <span class='ocrx_word' id='word_1_488' title='bbox 3203 2123 3282 2178; x_wconf 90' lang='lat' dir='ltr'><strong>De</strong></span> <span class='ocrx_word' id='word_1_489' title='bbox 3312 2123 3405 2177; x_wconf 90' lang='lat' dir='ltr'><strong>his</strong></span> <span class='ocrx_word' id='word_1_490' title='bbox 3454 2123 3733 2181; x_wconf 88' lang='lat' dir='ltr'><strong>Christia-</strong></span> 
     </span>
    </p>
   </div>
   <div class='ocr_carea' id='block_1_54' title="bbox 2062 2201 3729 2280">
    <p class='ocr_par' dir='ltr' id='par_1_54' title="bbox 2062 2201 3729 2280">
     <span class='ocr_line' id='line_1_54' title="bbox 2062 2201 3729 2280; baseline 0.007 -25"><span class='ocrx_word' id='word_1_491' title='bbox 2062 2201 2174 2267; x_wconf 91' lang='lat' dir='ltr'><strong>nis,</strong></span> <span class='ocrx_word' id='word_1_492' title='bbox 2205 2201 2307 2274; x_wconf 86' lang='lat' dir='ltr'><strong>qui</strong></span> <span class='ocrx_word' id='word_1_493' title='bbox 2337 2202 2488 2259; x_wconf 87' lang='lat' dir='ltr'><strong>inter</strong></span> <span class='ocrx_word' id='word_1_494' title='bbox 2513 2219 2617 2259; x_wconf 91' lang='lat' dir='ltr'><strong>eos</strong></span> <span class='ocrx_word' id='word_1_495' title='bbox 2644 2220 2683 2261; x_wconf 87' lang='lat' dir='ltr'><strong>a</strong></span> <span class='ocrx_word' id='word_1_496' title='bbox 2724 2205 2948 2276; x_wconf 88' lang='lat' dir='ltr'><strong>quibus</strong></span> <span class='ocrx_word' id='word_1_497' title='bbox 3000 2206 3237 2264; x_wconf 86' lang='lat' dir='ltr'><strong>fuerant</strong></span> <span class='ocrx_word' id='word_1_498' title='bbox 3284 2209 3586 2280; x_wconf 90' lang='lat' dir='ltr'><strong>captivati,</strong></span> <span class='ocrx_word' id='word_1_499' title='bbox 3618 2212 3729 2267; x_wconf 92' lang='lat' dir='ltr'><strong>im-</strong></span> 
     </span>
    </p>
   </div>
   <div class='ocr_carea' id='block_1_55' title="bbox 2062 2289 3725 2367">
    <p class='ocr_par' dir='ltr' id='par_1_55' title="bbox 2062 2289 3725 2367">
     <span class='ocr_line' id='line_1_55' title="bbox 2062 2289 3725 2367; baseline 0.008 -23"><span class='ocrx_word' id='word_1_500' title='bbox 2062 2289 2366 2346; x_wconf 87' lang='lat' dir='ltr'><strong>molatitiis</strong></span> <span class='ocrx_word' id='word_1_501' title='bbox 2393 2290 2539 2345; x_wconf 89' lang='lat' dir='ltr'><strong>cibis</strong></span> <span class='ocrx_word' id='word_1_502' title='bbox 2568 2298 2917 2349; x_wconf 87' lang='lat' dir='ltr'><strong>asseruntur</strong></span> <span class='ocrx_word' id='word_1_503' title='bbox 2946 2310 3077 2351; x_wconf 87' lang='lat' dir='ltr'><strong>esse</strong></span> <span class='ocrx_word' id='word_1_504' title='bbox 3108 2295 3319 2367; x_wconf 89' lang='lat' dir='ltr'><strong>polluti</strong></span> <span class='ocrx_word' id='word_1_505' title='bbox 3351 2314 3363 2353; x_wconf 90' lang='lat'>:</span> <span class='ocrx_word' id='word_1_506' title='bbox 3415 2299 3725 2357; x_wconf 74' lang='lat' dir='ltr'><strong>consulta-</strong></span> 
     </span>
    </p>
   </div>
   <div class='ocr_carea' id='block_1_56' title="bbox 2062 2378 3724 2459">
    <p class='ocr_par' dir='ltr' id='par_1_56' title="bbox 2062 2378 3724 2459">
     <span class='ocr_line' id='line_1_56' title="bbox 2062 2378 3724 2459; baseline 0.008 -26"><span class='ocrx_word' id='word_1_507' title='bbox 2062 2379 2207 2434; x_wconf 90' lang='lat' dir='ltr'><strong>tioni</strong></span> <span class='ocrx_word' id='word_1_508' title='bbox 2239 2378 2544 2435; x_wconf 87' lang='lat' dir='ltr'><strong>charitatis</strong></span> <span class='ocrx_word' id='word_1_509' title='bbox 2568 2384 2683 2443; x_wconf 66' lang='lat' dir='ltr'><strong>tuae</strong></span> <span class='ocrx_word' id='word_1_510' title='bbox 2725 2382 2842 2437; x_wconf 92' lang='lat' dir='ltr'><strong>hoc</strong></span> <span class='ocrx_word' id='word_1_511' title='bbox 2864 2383 3043 2440; x_wconf 88' lang='lat' dir='ltr'><strong>etiam</strong></span> <span class='ocrx_word' id='word_1_512' title='bbox 3075 2385 3569 2459; x_wconf 91' lang='lat' dir='ltr'><strong>respondendum</strong></span> <span class='ocrx_word' id='word_1_513' title='bbox 3593 2405 3724 2447; x_wconf 87' lang='lat' dir='ltr'><strong>esse</strong></span> 
     </span>
    </p>
   </div>
   <div class='ocr_carea' id='block_1_57' title="bbox 2060 2468 3722 2550">
    <p class='ocr_par' dir='ltr' id='par_1_57' title="bbox 2060 2468 3722 2550">
     <span class='ocr_line' id='line_1_57' title="bbox 2060 2468 3722 2550; baseline 0.007 -27"><span class='ocrx_word' id='word_1_514' title='bbox 2060 2468 2383 2535; x_wconf 90' lang='lat' dir='ltr'><strong>credimus,</strong></span> <span class='ocrx_word' id='word_1_515' title='bbox 2437 2473 2501 2523; x_wconf 91' lang='lat' dir='ltr'><strong>ut</strong></span> <span class='ocrx_word' id='word_1_516' title='bbox 2538 2470 2901 2541; x_wconf 68' lang='lat' dir='ltr'><strong>poenitentiae</strong></span> <span class='ocrx_word' id='word_1_517' title='bbox 2934 2473 3339 2531; x_wconf 81' lang='lat' dir='ltr'><strong>satisfactione</strong></span> <span class='ocrx_word' id='word_1_518' title='bbox 3370 2483 3722 2550; x_wconf 83' lang='lat' dir='ltr'><strong>purgentur,</strong></span> 
     </span>
    </p>
   </div>
   <div class='ocr_carea' id='block_1_58' title="bbox 2058 2559 3724 2636">
    <p class='ocr_par' dir='ltr' id='par_1_58' title="bbox 2058 2559 3724 2636">
     <span class='ocr_line' id='line_1_58' title="bbox 2058 2559 3724 2636; baseline 0.008 -26"><span class='ocrx_word' id='word_1_519' title='bbox 2058 2573 2192 2629; x_wconf 69' lang='lat' dir='ltr'><strong>quae</strong></span> <span class='ocrx_word' id='word_1_520' title='bbox 2223 2572 2345 2612; x_wconf 91' lang='lat' dir='ltr'><strong>non</strong></span> <span class='ocrx_word' id='word_1_521' title='bbox 2378 2560 2499 2612; x_wconf 90' lang='lat' dir='ltr'><strong>tam</strong></span> <span class='ocrx_word' id='word_1_522' title='bbox 2528 2559 2813 2630; x_wconf 89' lang='lat' dir='ltr'><strong>temporis</strong></span> <span class='ocrx_word' id='word_1_523' title='bbox 2860 2559 3256 2633; x_wconf 88' lang='lat' dir='ltr'><strong>longitudine,</strong></span> <span class='ocrx_word' id='word_1_524' title='bbox 3299 2574 3486 2636; x_wconf 74' lang='lat' dir='ltr'><strong>Quam</strong></span> <span class='ocrx_word' id='word_1_525' title='bbox 3525 2568 3724 2624; x_wconf 87' lang='lat' dir='ltr'><strong>cordis</strong></span> 
     </span>
    </p>
   </div>
   <div class='ocr_carea' id='block_1_59' title="bbox 2059 2644 3725 2722">
    <p class='ocr_par' dir='ltr' id='par_1_59' title="bbox 2059 2644 3725 2722">
     <span class='ocr_line' id='line_1_59' title="bbox 2059 2644 3725 2722; baseline 0.008 -21"><span class='ocrx_word' id='word_1_526' title='bbox 2059 2644 2520 2719; x_wconf 88' lang='lat' dir='ltr'><strong>compunctione</strong></span> <span class='ocrx_word' id='word_1_527' title='bbox 2575 2648 2891 2718; x_wconf 89' lang='lat' dir='ltr'><strong>pensanda</strong></span> <span class='ocrx_word' id='word_1_528' title='bbox 2938 2654 3046 2706; x_wconf 91' lang='lat' dir='ltr'><strong>est.</strong></span> <span class='ocrx_word' id='word_1_529' title='bbox 3094 2654 3179 2722; x_wconf 87' lang='lat' dir='ltr'><strong>Et,</strong></span> <span class='ocrx_word' id='word_1_530' title='bbox 3229 2653 3349 2709; x_wconf 87' lang='lat' dir='ltr'><strong>sive</strong></span> <span class='ocrx_word' id='word_1_531' title='bbox 3394 2655 3510 2711; x_wconf 90' lang='lat' dir='ltr'><strong>hoc</strong></span> <span class='ocrx_word' id='word_1_532' title='bbox 3535 2661 3725 2714; x_wconf 89' lang='lat' dir='ltr'><strong>terror</strong></span> 
     </span>
    </p>
   </div>
   <div class='ocr_carea' id='block_1_60' title="bbox 2058 2734 3725 2807">
    <p class='ocr_par' dir='ltr' id='par_1_60' title="bbox 2058 2734 3725 2807">
     <span class='ocr_line' id='line_1_60' title="bbox 2058 2734 3725 2807; baseline 0.008 -18"><span class='ocrx_word' id='word_1_533' title='bbox 2058 2734 2384 2801; x_wconf 81' lang='lat' dir='ltr'><strong>extorserit,</strong></span> <span class='ocrx_word' id='word_1_534' title='bbox 2416 2736 2541 2789; x_wconf 89' lang='lat' dir='ltr'><strong>sive</strong></span> <span class='ocrx_word' id='word_1_535' title='bbox 2570 2734 2763 2791; x_wconf 88' lang='lat' dir='ltr'><strong>fames</strong></span> <span class='ocrx_word' id='word_1_536' title='bbox 2793 2739 3066 2807; x_wconf 86' lang='lat' dir='ltr'><strong>suaserit,</strong></span> <span class='ocrx_word' id='word_1_537' title='bbox 3100 2757 3223 2798; x_wconf 90' lang='lat' dir='ltr'><strong>non</strong></span> <span class='ocrx_word' id='word_1_538' title='bbox 3250 2742 3553 2800; x_wconf 89' lang='lat' dir='ltr'><strong>dubitetur</strong></span> <span class='ocrx_word' id='word_1_539' title='bbox 3580 2745 3725 2802; x_wconf 55' lang='lat' dir='ltr'><strong>abm</strong></span> 
     </span>
    </p>
   </div>
   <div class='ocr_carea' id='block_1_61' title="bbox 2055 2823 3725 2902">
    <p class='ocr_par' dir='ltr' id='par_1_61' title="bbox 2055 2823 3725 2902">
     <span class='ocr_line' id='line_1_61' title="bbox 2055 2823 3725 2902; baseline 0.008 -25"><span class='ocrx_word' id='word_1_540' title='bbox 2055 2823 2301 2879; x_wconf 79' lang='lat' dir='ltr'><strong>landum</strong></span> <span class='ocrx_word' id='word_1_541' title='bbox 2320 2841 2332 2878; x_wconf 90' lang='lat'><strong>:</strong></span> <span class='ocrx_word' id='word_1_542' title='bbox 2353 2840 2488 2878; x_wconf 90' lang='lat' dir='ltr'><strong>cum</strong></span> <span class='ocrx_word' id='word_1_543' title='bbox 2513 2824 2863 2894; x_wconf 87' lang='lat' dir='ltr'><strong>hujusmodi</strong></span> <span class='ocrx_word' id='word_1_544' title='bbox 2895 2827 3067 2883; x_wconf 90' lang='lat' dir='ltr'><strong>cibus</strong></span> <span class='ocrx_word' id='word_1_545' title='bbox 3098 2846 3208 2902; x_wconf 89' lang='lat' dir='ltr'><strong>pro</strong></span> <span class='ocrx_word' id='word_1_546' title='bbox 3240 2835 3424 2900; x_wconf 89' lang='lat' dir='ltr'><strong>metu,</strong></span> <span class='ocrx_word' id='word_1_547' title='bbox 3447 2838 3551 2888; x_wconf 89' lang='lat' dir='ltr'><strong>aut</strong></span> <span class='ocrx_word' id='word_1_548' title='bbox 3573 2834 3725 2890; x_wconf 88' lang='lat' dir='ltr'><strong>indi-</strong></span> 
     </span>
    </p>
   </div>
   <div class='ocr_carea' id='block_1_62' title="bbox 2058 2912 3718 2995">
    <p class='ocr_par' dir='ltr' id='par_1_62' title="bbox 2058 2912 3718 2995">
     <span class='ocr_line' id='line_1_62' title="bbox 2058 2912 3718 2995; baseline 0.004 -29"><span class='ocrx_word' id='word_1_549' title='bbox 2058 2928 2170 2982; x_wconf 70' lang='lat' dir='ltr'><strong>gen</strong></span> <span class='ocrx_word' id='word_1_550' title='bbox 2180 2912 2276 2983; x_wconf 89' lang='lat' dir='ltr'><strong>tia,</strong></span> <span class='ocrx_word' id='word_1_551' title='bbox 2290 2928 2413 2967; x_wconf 92' lang='lat' dir='ltr'><strong>non</strong></span> <span class='ocrx_word' id='word_1_552' title='bbox 2425 2928 2535 2984; x_wconf 90' lang='lat' dir='ltr'><strong>pro</strong></span> <span class='ocrx_word' id='word_1_553' title='bbox 2558 2913 2862 2982; x_wconf 88' lang='lat' dir='ltr'><strong>religionis</strong></span> <span class='ocrx_word' id='word_1_554' title='bbox 2884 2918 3267 2974; x_wconf 88' lang='lat' dir='ltr'><strong>veneratione</strong></span> <span class='ocrx_word' id='word_1_555' title='bbox 3292 2919 3365 2974; x_wconf 91' lang='lat' dir='ltr'><strong>sit</strong></span> <span class='ocrx_word' id='word_1_556' title='bbox 3386 2927 3718 2995; x_wconf 86' lang='lat' dir='ltr'><strong>sumptus.»</strong></span> 
     </span>
    </p>
   </div>
   <div class='ocr_carea' id='block_1_63' title="bbox 2481 3028 3307 3091">
    <p class='ocr_par' dir='ltr' id='par_1_63' title="bbox 2481 3028 3307 3091">
     <span class='ocr_line' id='line_1_63' title="bbox 2481 3028 3307 3091; baseline 0.017 -14"><span class='ocrx_word' id='word_1_557' title='bbox 2481 3028 2620 3082; x_wconf 74' lang='lat' dir='ltr'><strong>XVI.</strong></span> <span class='ocrx_word' id='word_1_558' title='bbox 2647 3030 2748 3085; x_wconf 74' lang='lat' dir='ltr'><em>Ex</em></span> <span class='ocrx_word' id='word_1_559' title='bbox 2776 3033 3030 3087; x_wconf 79' lang='lat' dir='ltr'><strong>concitio</strong></span> <span class='ocrx_word' id='word_1_560' title='bbox 3059 3035 3307 3091; x_wconf 73' lang='lat' dir='ltr'><strong>Nicwno</strong></span> 
     </span>
    </p>
   </div>
   <div class='ocr_carea' id='block_1_64' title="bbox 2131 3114 3721 3196">
    <p class='ocr_par' dir='ltr' id='par_1_64' title="bbox 2131 3114 3721 3196">
     <span class='ocr_line' id='line_1_64' title="bbox 2131 3114 3721 3196; baseline 0.008 -29"><span class='ocrx_word' id='word_1_561' title='bbox 2131 3116 2206 3168; x_wconf 80' lang='lat' dir='ltr'><strong>De</strong></span> <span class='ocrx_word' id='word_1_562' title='bbox 2245 3114 2413 3169; x_wconf 90' lang='lat' dir='ltr'><strong>laicis</strong></span> <span class='ocrx_word' id='word_1_563' title='bbox 2445 3115 2550 3188; x_wconf 90' lang='lat' dir='ltr'><strong>qui</strong></span> <span class='ocrx_word' id='word_1_564' title='bbox 2587 3119 2773 3172; x_wconf 91' lang='lat' dir='ltr'><strong>Deum</strong></span> <span class='ocrx_word' id='word_1_565' title='bbox 2827 3126 3216 3189; x_wconf 87' lang='lat' dir='ltr'><strong>negaverunt,</strong></span> <span class='ocrx_word' id='word_1_566' title='bbox 3268 3126 3326 3178; x_wconf 90' lang='lat' dir='ltr'><strong>et</strong></span> <span class='ocrx_word' id='word_1_567' title='bbox 3366 3122 3442 3177; x_wconf 91' lang='lat' dir='ltr'><strong>de</strong></span> <span class='ocrx_word' id='word_1_568' title='bbox 3490 3122 3586 3178; x_wconf 89' lang='lat' dir='ltr'><strong>his</strong></span> <span class='ocrx_word' id='word_1_569' title='bbox 3618 3124 3721 3196; x_wconf 85' lang='lat' dir='ltr'><strong>qui</strong></span> 
     </span>
    </p>
   </div>
   <div class='ocr_carea' id='block_1_65' title="bbox 2054 3201 3722 3276">
    <p class='ocr_par' dir='ltr' id='par_1_65' title="bbox 2054 3201 3722 3276">
     <span class='ocr_line' id='line_1_65' title="bbox 2054 3201 3722 3276; baseline 0.007 -20"><span class='ocrx_word' id='word_1_570' title='bbox 2054 3201 2668 3276; x_wconf 87' lang='lat' dir='ltr'><strong>abrenuntiaverunt,,</strong></span> <span class='ocrx_word' id='word_1_571' title='bbox 2724 3211 2782 3261; x_wconf 90' lang='lat' dir='ltr'><strong>et</strong></span> <span class='ocrx_word' id='word_1_572' title='bbox 2835 3207 3051 3263; x_wconf 85' lang='lat' dir='ltr'><strong>iterum</strong></span> <span class='ocrx_word' id='word_1_573' title='bbox 3094 3209 3168 3264; x_wconf 88' lang='lat' dir='ltr'><strong>ad</strong></span> <span class='ocrx_word' id='word_1_574' title='bbox 3237 3209 3524 3266; x_wconf 71' lang='lat' dir='ltr'><strong>sseculum</strong></span> <span class='ocrx_word' id='word_1_575' title='bbox 3584 3217 3722 3268; x_wconf 89' lang='lat' dir='ltr'><strong>sunt</strong></span> 
     </span>
    </p>
   </div>
   <div class='ocr_carea' id='block_1_66' title="bbox 2053 3292 3716 3374">
    <p class='ocr_par' dir='ltr' id='par_1_66' title="bbox 2053 3292 3716 3374">
     <span class='ocr_line' id='line_1_66' title="bbox 2053 3292 3716 3374; baseline 0.007 -29"><span class='ocrx_word' id='word_1_576' title='bbox 2053 3292 2293 3361; x_wconf 89' lang='lat' dir='ltr'><strong>reversi,</strong></span> <span class='ocrx_word' id='word_1_577' title='bbox 2322 3308 2394 3348; x_wconf 84' lang='lat' dir='ltr'><strong>ex</strong></span> <span class='ocrx_word' id='word_1_578' title='bbox 2434 3294 2686 3350; x_wconf 86' lang='lat' dir='ltr'><strong>concilio</strong></span> <span class='ocrx_word' id='word_1_579' title='bbox 2718 3294 2954 3351; x_wconf 74' lang='lat' dir='ltr'><strong>Nicseno</strong></span> <span class='ocrx_word' id='word_1_580' title='bbox 2999 3298 3185 3366; x_wconf 85' lang='lat' dir='ltr'><strong>(conc.</strong></span> <span class='ocrx_word' id='word_1_581' title='bbox 3218 3299 3376 3368; x_wconf 62' lang='lat' dir='ltr'><strong>Nic,</strong></span> <span class='ocrx_word' id='word_1_582' title='bbox 3409 3314 3543 3354; x_wconf 90' lang='lat' dir='ltr'><strong>can.</strong></span> <span class='ocrx_word' id='word_1_583' title='bbox 3585 3301 3669 3374; x_wconf 89' lang='lat' dir='ltr'><strong>ll)</strong></span> <span class='ocrx_word' id='word_1_584' title='bbox 3702 3318 3716 3357; x_wconf 90' lang='lat'><strong>:</strong></span> 
     </span>
    </p>
   </div>
   <div class='ocr_carea' id='block_1_67' title="bbox 2054 3382 3720 3459">
    <p class='ocr_par' dir='ltr' id='par_1_67' title="bbox 2054 3382 3720 3459">
     <span class='ocr_line' id='line_1_67' title="bbox 2054 3382 3720 3459; baseline 0.008 -26"><span class='ocrx_word' id='word_1_585' title='bbox 2054 3402 2081 3429; x_wconf 90' lang='grc'><em>‹‹</em></span> <span class='ocrx_word' id='word_1_586' title='bbox 2127 3382 2205 3436; x_wconf 89' lang='lat' dir='ltr'><strong>De</strong></span> <span class='ocrx_word' id='word_1_587' title='bbox 2272 3382 2363 3436; x_wconf 91' lang='lat' dir='ltr'><strong>his</strong></span> <span class='ocrx_word' id='word_1_588' title='bbox 2428 3383 2530 3454; x_wconf 90' lang='lat' dir='ltr'><strong>qui</strong></span> <span class='ocrx_word' id='word_1_589' title='bbox 2593 3389 2804 3455; x_wconf 80' lang='lat' dir='ltr'><strong>praeter</strong></span> <span class='ocrx_word' id='word_1_590' title='bbox 2860 3385 3281 3442; x_wconf 87' lang='lat' dir='ltr'><strong>necessitatem</strong></span> <span class='ocrx_word' id='word_1_591' title='bbox 3345 3390 3720 3459; x_wconf 68' lang='lat' dir='ltr'><strong>praevaricati</strong></span> 
     </span>
    </p>
   </div>
   <div class='ocr_carea' id='block_1_68' title="bbox 2054 3472 3719 3546">
    <p class='ocr_par' dir='ltr' id='par_1_68' title="bbox 2054 3472 3719 3546">
     <span class='ocr_line' id='line_1_68' title="bbox 2054 3472 3719 3546; baseline 0.006 -22"><span class='ocrx_word' id='word_1_592' title='bbox 2054 3474 2210 3538; x_wconf 90' lang='lat' dir='ltr'><strong>sunt,</strong></span> <span class='ocrx_word' id='word_1_593' title='bbox 2261 3475 2364 3526; x_wconf 89' lang='lat' dir='ltr'><strong>aut</strong></span> <span class='ocrx_word' id='word_1_594' title='bbox 2418 3477 2663 3542; x_wconf 88' lang='lat' dir='ltr'><strong>propter</strong></span> <span class='ocrx_word' id='word_1_595' title='bbox 2730 3472 3103 3529; x_wconf 87' lang='lat' dir='ltr'><strong>ablationem</strong></span> <span class='ocrx_word' id='word_1_596' title='bbox 3156 3473 3536 3546; x_wconf 82' lang='lat' dir='ltr'><strong>facultatum,</strong></span> <span class='ocrx_word' id='word_1_597' title='bbox 3616 3483 3719 3535; x_wconf 88' lang='lat' dir='ltr'><strong>aut</strong></span> 
     </span>
    </p>
   </div>
   <div class='ocr_carea' id='block_1_69' title="bbox 2052 3558 3715 3637">
    <p class='ocr_par' dir='ltr' id='par_1_69' title="bbox 2052 3558 3715 3637">
     <span class='ocr_line' id='line_1_69' title="bbox 2052 3558 3715 3637; baseline 0.006 -25"><span class='ocrx_word' id='word_1_598' title='bbox 2052 3564 2294 3630; x_wconf 89' lang='lat' dir='ltr'><strong>propter</strong></span> <span class='ocrx_word' id='word_1_599' title='bbox 2335 3558 2692 3631; x_wconf 89' lang='lat' dir='ltr'><strong>periculum,</strong></span> <span class='ocrx_word' id='word_1_600' title='bbox 2748 3560 2839 3616; x_wconf 88' lang='lat' dir='ltr'><strong>vel</strong></span> <span class='ocrx_word' id='word_1_601' title='bbox 2890 3560 3097 3633; x_wconf 85' lang='lat' dir='ltr'><strong>aliquit</strong></span> <span class='ocrx_word' id='word_1_602' title='bbox 3150 3563 3501 3633; x_wconf 85' lang='lat' dir='ltr'><strong>hujusmodi</strong></span> <span class='ocrx_word' id='word_1_603' title='bbox 3549 3566 3715 3637; x_wconf 92' lang='lat' dir='ltr'><strong>quod</strong></span> 
     </span>
    </p>
   </div>
   <div class='ocr_carea' id='block_1_70' title="bbox 2050 3646 3712 3723">
    <p class='ocr_par' dir='ltr' id='par_1_70' title="bbox 2050 3646 3712 3723">
     <span class='ocr_line' id='line_1_70' title="bbox 2050 3646 3712 3723; baseline 0.005 -23"><span class='ocrx_word' id='word_1_604' title='bbox 2050 3646 2275 3701; x_wconf 83' lang='lat' dir='ltr'><strong>factum</strong></span> <span class='ocrx_word' id='word_1_605' title='bbox 2305 3650 2393 3702; x_wconf 90' lang='lat' dir='ltr'><strong>est</strong></span> <span class='ocrx_word' id='word_1_606' title='bbox 2412 3646 2525 3701; x_wconf 89' lang='lat' dir='ltr'><strong>sub</strong></span> <span class='ocrx_word' id='word_1_607' title='bbox 2558 3647 2876 3718; x_wconf 88' lang='lat' dir='ltr'><strong>tyrannide</strong></span> <span class='ocrx_word' id='word_1_608' title='bbox 2918 3648 3119 3703; x_wconf 88' lang='lat' dir='ltr'><strong>Licinii</strong></span> <span class='ocrx_word' id='word_1_609' title='bbox 3156 3666 3169 3704; x_wconf 91' lang='lat'>:</span> <span class='ocrx_word' id='word_1_610' title='bbox 3196 3650 3423 3722; x_wconf 88' lang='lat' dir='ltr'><strong>placuit</strong></span> <span class='ocrx_word' id='word_1_611' title='bbox 3454 3653 3712 3723; x_wconf 89' lang='lat' dir='ltr'><strong>synodo,</strong></span> 
     </span>
    </p>
   </div>
   <div class='ocr_carea' id='block_1_71' title="bbox 2050 3735 3713 3809">
    <p class='ocr_par' dir='ltr' id='par_1_71' title="bbox 2050 3735 3713 3809">
     <span class='ocr_line' id='line_1_71' title="bbox 2050 3735 3713 3809; baseline 0.004 -20"><span class='ocrx_word' id='word_1_612' title='bbox 2050 3735 2329 3806; x_wconf 88' lang='lat' dir='ltr'><strong>quamvis</strong></span> <span class='ocrx_word' id='word_1_613' title='bbox 2377 3735 2751 3792; x_wconf 87' lang='lat' dir='ltr'><strong>humanitate</strong></span> <span class='ocrx_word' id='word_1_614' title='bbox 2814 3736 3145 3809; x_wconf 89' lang='lat' dir='ltr'><strong>probentur</strong></span> <span class='ocrx_word' id='word_1_615' title='bbox 3198 3736 3449 3809; x_wconf 89' lang='lat' dir='ltr'><strong>indigni,</strong></span> <span class='ocrx_word' id='word_1_616' title='bbox 3510 3745 3713 3796; x_wconf 90' lang='lat' dir='ltr'><strong>tamen</strong></span> 
     </span>
    </p>
   </div>
   <div class='ocr_carea' id='block_1_72' title="bbox 2053 3823 3712 3900">
    <p class='ocr_par' dir='ltr' id='par_1_72' title="bbox 2053 3823 3712 3900">
     <span class='ocr_line' id='line_1_72' title="bbox 2053 3823 3712 3900; baseline 0.004 -21"><span class='ocrx_word' id='word_1_617' title='bbox 2053 3824 2137 3879; x_wconf 90' lang='lat' dir='ltr'><strong>eis</strong></span> <span class='ocrx_word' id='word_1_618' title='bbox 2188 3823 2669 3881; x_wconf 87' lang='lat' dir='ltr'><strong>benevolentiam</strong></span> <span class='ocrx_word' id='word_1_619' title='bbox 2719 3824 3112 3881; x_wconf 87' lang='lat' dir='ltr'><strong>commodari.</strong></span> <span class='ocrx_word' id='word_1_620' title='bbox 3164 3826 3511 3900; x_wconf 84' lang='lat' dir='ltr'><strong>Quicunque</strong></span> <span class='ocrx_word' id='word_1_621' title='bbox 3569 3843 3712 3899; x_wconf 90' lang='lat' dir='ltr'><strong>ergo</strong></span> 
     </span>
    </p>
   </div>
   <div class='ocr_carea' id='block_1_73' title="bbox 2050 3912 3713 3987">
    <p class='ocr_par' dir='ltr' id='par_1_73' title="bbox 2050 3912 3713 3987">
     <span class='ocr_line' id='line_1_73' title="bbox 2050 3912 3713 3987; baseline 0.004 -20"><span class='ocrx_word' id='word_1_622' title='bbox 2050 3927 2324 3969; x_wconf 90' lang='lat' dir='ltr'><strong>veracem</strong></span> <span class='ocrx_word' id='word_1_623' title='bbox 2353 3912 2792 3987; x_wconf 70' lang='lat' dir='ltr'><strong>paenitudinem</strong></span> <span class='ocrx_word' id='word_1_624' title='bbox 2819 3916 3053 3983; x_wconf 88' lang='lat' dir='ltr'><strong>gerunt,</strong></span> <span class='ocrx_word' id='word_1_625' title='bbox 3084 3914 3273 3970; x_wconf 90' lang='lat' dir='ltr'><strong>tribus</strong></span> <span class='ocrx_word' id='word_1_626' title='bbox 3306 3916 3480 3971; x_wconf 87' lang='lat' dir='ltr'><strong>annis</strong></span> <span class='ocrx_word' id='word_1_627' title='bbox 3507 3916 3713 3974; x_wconf 88' lang='lat' dir='ltr'><strong>ﬁdeles</strong></span> 
     </span>
    </p>
   </div>
   <div class='ocr_carea' id='block_1_74' title="bbox 2048 4003 3713 4071">
    <p class='ocr_par' dir='ltr' id='par_1_74' title="bbox 2048 4003 3713 4071">
     <span class='ocr_line' id='line_1_74' title="bbox 2048 4003 3713 4071; baseline 0.003 -14"><span class='ocrx_word' id='word_1_628' title='bbox 2048 4003 2201 4058; x_wconf 88' lang='lat' dir='ltr'><strong>inter</strong></span> <span class='ocrx_word' id='word_1_629' title='bbox 2243 4003 2555 4059; x_wconf 88' lang='lat' dir='ltr'><strong>audientes</strong></span> <span class='ocrx_word' id='word_1_630' title='bbox 2585 4003 2942 4071; x_wconf 87' lang='lat' dir='ltr'><strong>habeantur,</strong></span> <span class='ocrx_word' id='word_1_631' title='bbox 2999 4006 3057 4057; x_wconf 89' lang='lat' dir='ltr'><strong>et</strong></span> <span class='ocrx_word' id='word_1_632' title='bbox 3086 4015 3194 4060; x_wconf 79' lang='lat' dir='ltr'><strong>sex</strong></span> <span class='ocrx_word' id='word_1_633' title='bbox 3233 4008 3407 4060; x_wconf 89' lang='lat' dir='ltr'><strong>annis</strong></span> <span class='ocrx_word' id='word_1_634' title='bbox 3448 4006 3614 4061; x_wconf 89' lang='lat' dir='ltr'><strong>omni</strong></span> <span class='ocrx_word' id='word_1_635' title='bbox 3650 4019 3713 4062; x_wconf 90' lang='lat' dir='ltr'><strong>se</strong></span> 
     </span>
    </p>
   </div>
   <div class='ocr_carea' id='block_1_75' title="bbox 2049 4091 3713 4162">
    <p class='ocr_par' dir='ltr' id='par_1_75' title="bbox 2049 4091 3713 4162">
     <span class='ocr_line' id='line_1_75' title="bbox 2049 4091 3713 4162; baseline 0.003 -16"><span class='ocrx_word' id='word_1_636' title='bbox 2049 4091 2400 4148; x_wconf 86' lang='lat' dir='ltr'><strong>contritione</strong></span> <span class='ocrx_word' id='word_1_637' title='bbox 2456 4091 2762 4162; x_wconf 90' lang='lat' dir='ltr'><strong>dejiciant,</strong></span> <span class='ocrx_word' id='word_1_638' title='bbox 2815 4092 3058 4148; x_wconf 90' lang='lat' dir='ltr'><strong>duobus</strong></span> <span class='ocrx_word' id='word_1_639' title='bbox 3109 4096 3312 4148; x_wconf 89' lang='lat' dir='ltr'><strong>autem</strong></span> <span class='ocrx_word' id='word_1_640' title='bbox 3357 4094 3531 4150; x_wconf 90' lang='lat' dir='ltr'><strong>annis</strong></span> <span class='ocrx_word' id='word_1_641' title='bbox 3587 4095 3713 4151; x_wconf 87' lang='lat' dir='ltr'><strong>sive</strong></span> 
     </span>
    </p>
   </div>
   <div class='ocr_carea' id='block_1_76' title="bbox 2048 4178 3552 4253">
    <p class='ocr_par' dir='ltr' id='par_1_76' title="bbox 2048 4178 3552 4253">
     <span class='ocr_line' id='line_1_76' title="bbox 2048 4178 3552 4253; baseline -0.002 -17"><span class='ocrx_word' id='word_1_642' title='bbox 2048 4180 2348 4237; x_wconf 88' lang='lat' dir='ltr'><strong>oblatione</strong></span> <span class='ocrx_word' id='word_1_643' title='bbox 2376 4178 2605 4253; x_wconf 89' lang='lat' dir='ltr'><strong>populo</strong></span> <span class='ocrx_word' id='word_1_644' title='bbox 2630 4181 2689 4236; x_wconf 91' lang='lat' dir='ltr'><strong>in</strong></span> <span class='ocrx_word' id='word_1_645' title='bbox 2721 4180 2990 4236; x_wconf 90' lang='lat' dir='ltr'><strong>oratione</strong></span> <span class='ocrx_word' id='word_1_646' title='bbox 3019 4181 3487 4239; x_wconf 88' lang='lat' dir='ltr'><strong>communicent.</strong></span> <span class='ocrx_word' id='word_1_647' title='bbox 3524 4205 3552 4233; x_wconf 86' lang='grc'><strong>››</strong></span> 
     </span>
    </p>
   </div>
   <div class='ocr_carea' id='block_1_77' title="bbox 2332 4270 3426 4341">
    <p class='ocr_par' dir='ltr' id='par_1_77' title="bbox 2332 4270 3426 4341">
     <span class='ocr_line' id='line_1_77' title="bbox 2332 4270 3426 4341; baseline 0.002 -15"><span class='ocrx_word' id='word_1_648' title='bbox 2332 4272 2489 4326; x_wconf 83' lang='lat' dir='ltr'><strong>XVII.</strong></span> <span class='ocrx_word' id='word_1_649' title='bbox 2521 4271 2617 4327; x_wconf 76' lang='lat' dir='ltr'><strong>Ea:</strong></span> <span class='ocrx_word' id='word_1_650' title='bbox 2651 4272 2905 4327; x_wconf 74' lang='lat' dir='ltr'><strong>concilio</strong></span> <span class='ocrx_word' id='word_1_651' title='bbox 2936 4270 3426 4341; x_wconf 75' lang='lat' dir='ltr'><strong>Carthaginensi.</strong></span> 
     </span>
    </p>
   </div>
   <div class='ocr_carea' id='block_1_78' title="bbox 262 4333 1936 4451">
    <p class='ocr_par' dir='ltr' id='par_1_78' title="bbox 262 4333 1936 4451">
     <span class='ocr_line' id='line_1_78' title="bbox 262 4333 1936 4408; baseline -0.001 -17"><span class='ocrx_word' id='word_1_652' title='bbox 262 4333 490 4391; x_wconf 64' lang='lat' dir='ltr'><strong>animai</strong></span> <span class='ocrx_word' id='word_1_653' title='bbox 542 4350 653 4403; x_wconf 70' lang='lat' dir='ltr'><strong>xw,</strong></span> <span class='ocrx_word' id='word_1_654' title='bbox 705 4349 919 4391; x_wconf 90' lang='lat' dir='ltr'><strong>omnes</strong></span> <span class='ocrx_word' id='word_1_655' title='bbox 964 4333 1060 4390; x_wconf 89' lang='lat' dir='ltr'><strong>isti</strong></span> <span class='ocrx_word' id='word_1_656' title='bbox 1094 4351 1220 4391; x_wconf 79' lang='lat' dir='ltr'><strong>xux</strong></span> <span class='ocrx_word' id='word_1_657' title='bbox 1270 4351 1307 4392; x_wconf 90' lang='lat' dir='ltr'><strong>a</strong></span> <span class='ocrx_word' id='word_1_658' title='bbox 1346 4339 1554 4392; x_wconf 89' lang='lat' dir='ltr'><strong>sancto</strong></span> <span class='ocrx_word' id='word_1_659' title='bbox 1607 4334 1936 4408; x_wconf 85' lang='lat' dir='ltr'><strong>Polycarpo</strong></span> 
     </span>
     <span class='ocr_line' id='line_1_79' title="bbox 265 4422 1908 4451; baseline 0 0"><span class='ocrx_word' id='word_1_660' title='bbox 265 4423 623 4451; x_wconf 55' lang='grc' dir='ltr'><strong>...ηελλ-,διηηι</strong></span> <span class='ocrx_word' id='word_1_661' title='bbox 669 4422 949 4451; x_wconf 59' lang='grc' dir='ltr'><strong>ι-..ηηιευιιζ</strong></span> <span class='ocrx_word' id='word_1_662' title='bbox 1020 4428 1070 4451; x_wconf 74' lang='grc' dir='ltr'>...ι</span> <span class='ocrx_word' id='word_1_663' title='bbox 1125 4440 1151 4451; x_wconf 67' lang='grc' dir='ltr'>η</span> <span class='ocrx_word' id='word_1_664' title='bbox 1189 4429 1392 4451; x_wconf 36' lang='lat' dir='ltr'><strong>Mennim</strong></span> <span class='ocrx_word' id='word_1_665' title='bbox 1429 4424 1775 4451; x_wconf 63' lang='grc' dir='ltr'><strong>Ωηιπιηιεηηη</strong></span> <span class='ocrx_word' id='word_1_666' title='bbox 1810 4442 1908 4451; x_wconf 72' lang='grc' dir='ltr'><strong>η...-</strong></span> 
     </span>
    </p>
   </div>
   <div class='ocr_carea' id='block_1_79' title="bbox 2058 4333 3711 4451">
    <p class='ocr_par' dir='ltr' id='par_1_79' title="bbox 2123 4333 3711 4431">
     <span class='ocr_line' id='line_1_80' title="bbox 2123 4333 3711 4431; baseline 0 -16"><span class='ocrx_word' id='word_1_667' title='bbox 2123 4359 2325 4426; x_wconf 75' lang='lat' dir='ltr'><strong>(Cone.</strong></span> <span class='ocrx_word' id='word_1_668' title='bbox 2382 4357 2701 4429; x_wconf 80' lang='lat' dir='ltr'><strong>Carthag.,</strong></span> <span class='ocrx_word' id='word_1_669' title='bbox 2762 4374 2863 4415; x_wconf 78' lang='lat' dir='ltr'><strong>an.</strong></span> <span class='ocrx_word' id='word_1_670' title='bbox 2924 4358 3049 4425; x_wconf 76' lang='grc'><strong>348,</strong></span> <span class='ocrx_word' id='word_1_671' title='bbox 3111 4333 3246 4415; x_wconf 64' lang='lat' dir='ltr'><strong>can.</strong></span> <span class='ocrx_word' id='word_1_672' title='bbox 3314 4360 3386 4431; x_wconf 88' lang='lat'><strong>1.)</strong></span> <span class='ocrx_word' id='word_1_673' title='bbox 3438 4381 3467 4409; x_wconf 84' lang='grc'><strong><em>‹‹</em></strong></span> <span class='ocrx_word' id='word_1_674' title='bbox 3499 4362 3711 4416; x_wconf 88' lang='lat' dir='ltr'><strong>Gratus</strong></span> 
     </span>
    </p>
   </div>
   <div class='ocr_carea' id='block_1_80' title="bbox 262 4422 1937 4498">
    <p class='ocr_par' dir='ltr' id='par_1_80' title="bbox 262 4422 1937 4498">
     <span class='ocr_line' id='line_1_81' title="bbox 262 4422 1937 4498; baseline 0 -19"><span class='ocrx_word' id='word_1_675' title='bbox 262 4423 626 4498; x_wconf 87' lang='lat' dir='ltr'><strong>presbytero</strong></span> <span class='ocrx_word' id='word_1_676' title='bbox 667 4422 975 4498; x_wconf 84' lang='lat' dir='ltr'><strong>baptizati,</strong></span> <span class='ocrx_word' id='word_1_677' title='bbox 1017 4428 1073 4481; x_wconf 92' lang='lat' dir='ltr'><strong>et</strong></span> <span class='ocrx_word' id='word_1_678' title='bbox 1122 4440 1159 4481; x_wconf 94' lang='lat' dir='ltr'><strong>a</strong></span> <span class='ocrx_word' id='word_1_679' title='bbox 1188 4429 1395 4481; x_wconf 88' lang='lat' dir='ltr'><strong>sancto</strong></span> <span class='ocrx_word' id='word_1_680' title='bbox 1428 4424 1778 4481; x_wconf 87' lang='lat' dir='ltr'><strong>Sebastiano</strong></span> <span class='ocrx_word' id='word_1_681' title='bbox 1809 4442 1937 4479; x_wconf 89' lang='lat' dir='ltr'><strong>sus-</strong></span> 
     </span>
    </p>
   </div>
   <div class='ocr_carea' id='block_1_81' title="bbox 260 4512 671 4585">
    <p class='ocr_par' dir='ltr' id='par_1_81' title="bbox 260 4512 671 4585">
     <span class='ocr_line' id='line_1_82' title="bbox 260 4512 671 4585; baseline -0.015 -15"><span class='ocrx_word' id='word_1_682' title='bbox 260 4512 430 4585; x_wconf 89' lang='lat' dir='ltr'><strong>cepti</strong></span> <span class='ocrx_word' id='word_1_683' title='bbox 463 4517 618 4569; x_wconf 88' lang='lat' dir='ltr'><strong>sunt.</strong></span> <span class='ocrx_word' id='word_1_684' title='bbox 643 4533 671 4564; x_wconf 71' lang='grc'><strong>1</strong></span> 
     </span>
    </p>
   </div>
   <div class='ocr_carea' id='block_1_82' title="bbox 394 4660 1820 4736">
    <p class='ocr_par' dir='ltr' id='par_1_82' title="bbox 394 4660 1820 4736">
     <span class='ocr_line' id='line_1_83' title="bbox 394 4660 1820 4736; baseline 0.002 -20"><span class='ocrx_word' id='word_1_685' title='bbox 394 4662 541 4718; x_wconf 76' lang='lat' dir='ltr'><strong>XIII.</strong></span> <span class='ocrx_word' id='word_1_686' title='bbox 587 4662 775 4721; x_wconf 86' lang='lat' dir='ltr'><strong>Verba</strong></span> <span class='ocrx_word' id='word_1_687' title='bbox 805 4662 1011 4719; x_wconf 75' lang='lat' dir='ltr'><strong>domui</strong></span> <span class='ocrx_word' id='word_1_688' title='bbox 1036 4660 1219 4721; x_wconf 76' lang='lat' dir='ltr'><strong>Bede?</strong></span> <span class='ocrx_word' id='word_1_689' title='bbox 1251 4663 1333 4734; x_wconf 77' lang='lat' dir='ltr'><strong>(in</strong></span> <span class='ocrx_word' id='word_1_690' title='bbox 1362 4664 1539 4720; x_wconf 85' lang='lat' dir='ltr'><strong>Joan.</strong></span> <span class='ocrx_word' id='word_1_691' title='bbox 1576 4678 1706 4733; x_wconf 76' lang='lat' dir='ltr'><strong>cap.</strong></span> <span class='ocrx_word' id='word_1_692' title='bbox 1739 4665 1820 4736; x_wconf 86' lang='lat' dir='ltr'><strong>III)</strong></span> 
     </span>
    </p>
   </div>
   <div class='ocr_carea' id='block_1_83' title="bbox 341 4804 1931 4877">
    <p class='ocr_par' dir='ltr' id='par_1_83' title="bbox 341 4804 1931 4877">
     <span class='ocr_line' id='line_1_84' title="bbox 341 4804 1931 4877; baseline 0.002 -16"><span class='ocrx_word' id='word_1_693' title='bbox 341 4828 371 4854; x_wconf 75' lang='grc' dir='ltr'>α</span> <span class='ocrx_word' id='word_1_694' title='bbox 411 4808 586 4862; x_wconf 81' lang='lat' dir='ltr'><strong>Juxta</strong></span> <span class='ocrx_word' id='word_1_695' title='bbox 616 4805 1008 4877; x_wconf 87' lang='lat' dir='ltr'><strong>salutiferam,</strong></span> <span class='ocrx_word' id='word_1_696' title='bbox 1037 4812 1093 4863; x_wconf 91' lang='lat' dir='ltr'><strong>et</strong></span> <span class='ocrx_word' id='word_1_697' title='bbox 1120 4806 1533 4863; x_wconf 87' lang='lat' dir='ltr'><strong>ﬁrmissimam</strong></span> <span class='ocrx_word' id='word_1_698' title='bbox 1558 4804 1698 4861; x_wconf 88' lang='lat' dir='ltr'><strong>ﬁdei</strong></span> <span class='ocrx_word' id='word_1_699' title='bbox 1725 4809 1931 4863; x_wconf 87' lang='lat' dir='ltr'><strong>catho-</strong></span> 
     </span>
    </p>
   </div>
   <div class='ocr_carea' id='block_1_84' title="bbox 258 4893 1936 4963">
    <p class='ocr_par' dir='ltr' id='par_1_84' title="bbox 258 4893 1936 4963">
     <span class='ocr_line' id='line_1_85' title="bbox 258 4893 1936 4963; baseline 0.001 -14"><span class='ocrx_word' id='word_1_700' title='bbox 258 4896 399 4950; x_wconf 60' lang='lat' dir='ltr'><strong>lica</strong></span> <span class='ocrx_word' id='word_1_701' title='bbox 429 4894 791 4963; x_wconf 85' lang='lat' dir='ltr'><strong>doctrinam,</strong></span> <span class='ocrx_word' id='word_1_702' title='bbox 818 4894 881 4950; x_wconf 93' lang='lat' dir='ltr'><strong>in</strong></span> <span class='ocrx_word' id='word_1_703' title='bbox 912 4899 1036 4951; x_wconf 87' lang='lat' dir='ltr'><strong>toto</strong></span> <span class='ocrx_word' id='word_1_704' title='bbox 1067 4899 1360 4951; x_wconf 85' lang='lat' dir='ltr'><strong>terrarum</strong></span> <span class='ocrx_word' id='word_1_705' title='bbox 1390 4893 1537 4949; x_wconf 89' lang='lat' dir='ltr'><strong>orbe</strong></span> <span class='ocrx_word' id='word_1_706' title='bbox 1575 4894 1936 4951; x_wconf 89' lang='lat' dir='ltr'><strong>unanimiter</strong></span> 
     </span>
    </p>
   </div>
   <div class='ocr_carea' id='block_1_85' title="bbox 265 4982 1933 5057">
    <p class='ocr_par' dir='ltr' id='par_1_85' title="bbox 265 4982 1933 5057">
     <span class='ocr_line' id='line_1_86' title="bbox 265 4982 1933 5057; baseline 0.001 -18"><span class='ocrx_word' id='word_1_707' title='bbox 265 4999 347 5039; x_wconf 86' lang='lat' dir='ltr'><strong>ac</strong></span> <span class='ocrx_word' id='word_1_708' title='bbox 391 4982 642 5039; x_wconf 88' lang='lat' dir='ltr'><strong>ﬁdeliter</strong></span> <span class='ocrx_word' id='word_1_709' title='bbox 686 4983 767 5041; x_wconf 90' lang='lat' dir='ltr'><strong>ab</strong></span> <span class='ocrx_word' id='word_1_710' title='bbox 796 4983 1080 5040; x_wconf 84' lang='lat' dir='ltr'><strong>omnibus</strong></span> <span class='ocrx_word' id='word_1_711' title='bbox 1133 4982 1581 5039; x_wconf 81' lang='lat' dir='ltr'><strong>observandam</strong></span> <span class='ocrx_word' id='word_1_712' title='bbox 1615 5000 1626 5039; x_wconf 91' lang='lat'><strong>:</strong></span> <span class='ocrx_word' id='word_1_713' title='bbox 1661 4984 1827 5057; x_wconf 89' lang='lat' dir='ltr'><strong>quod</strong></span> <span class='ocrx_word' id='word_1_714' title='bbox 1859 4985 1933 5041; x_wconf 91' lang='lat' dir='ltr'><strong>de</strong></span> 
     </span>
    </p>
   </div>
   <div class='ocr_carea' id='block_1_86' title="bbox 259 5071 1935 5146">
    <p class='ocr_par' dir='ltr' id='par_1_86' title="bbox 259 5071 1935 5146">
     <span class='ocr_line' id='line_1_87' title="bbox 259 5071 1935 5146; baseline 0 -17"><span class='ocrx_word' id='word_1_715' title='bbox 259 5071 518 5139; x_wconf 84' lang='lat' dir='ltr'><strong>carnali,</strong></span> <span class='ocrx_word' id='word_1_716' title='bbox 551 5073 665 5129; x_wconf 88' lang='lat' dir='ltr'><strong>hoc</strong></span> <span class='ocrx_word' id='word_1_717' title='bbox 696 5073 879 5129; x_wconf 88' lang='lat' dir='ltr'><strong>etiam</strong></span> <span class='ocrx_word' id='word_1_718' title='bbox 907 5072 983 5129; x_wconf 91' lang='lat' dir='ltr'><strong>de</strong></span> <span class='ocrx_word' id='word_1_719' title='bbox 1008 5073 1256 5146; x_wconf 88' lang='lat' dir='ltr'><strong>spiritali</strong></span> <span class='ocrx_word' id='word_1_720' title='bbox 1284 5077 1374 5129; x_wconf 89' lang='lat' dir='ltr'><strong>est</strong></span> <span class='ocrx_word' id='word_1_721' title='bbox 1393 5073 1776 5143; x_wconf 88' lang='lat' dir='ltr'><strong>generatione</strong></span> <span class='ocrx_word' id='word_1_722' title='bbox 1806 5088 1935 5129; x_wconf 86' lang='lat' dir='ltr'><strong>sen-</strong></span> 
     </span>
    </p>
   </div>
   <div class='ocr_carea' id='block_1_87' title="bbox 260 5161 1931 5237">
    <p class='ocr_par' dir='ltr' id='par_1_87' title="bbox 260 5161 1931 5237">
     <span class='ocr_line' id='line_1_88' title="bbox 260 5161 1931 5237; baseline 0 -18"><span class='ocrx_word' id='word_1_723' title='bbox 260 5161 585 5219; x_wconf 88' lang='lat' dir='ltr'><strong>tiendum:</strong></span> <span class='ocrx_word' id='word_1_724' title='bbox 636 5176 1035 5235; x_wconf 63' lang='lat' dir='ltr'><strong>nequaquam</strong></span> <span class='ocrx_word' id='word_1_725' title='bbox 1087 5161 1357 5219; x_wconf 88' lang='lat' dir='ltr'><strong>videlicet</strong></span> <span class='ocrx_word' id='word_1_726' title='bbox 1408 5176 1566 5233; x_wconf 89' lang='lat' dir='ltr'><strong>eam,</strong></span> <span class='ocrx_word' id='word_1_727' title='bbox 1605 5168 1931 5237; x_wconf 87' lang='lat' dir='ltr'><strong>postquam</strong></span> 
     </span>
    </p>
   </div>
   <div class='ocr_carea' id='block_1_88' title="bbox 258 5249 1929 5325">
    <p class='ocr_par' dir='ltr' id='par_1_88' title="bbox 258 5249 1929 5325">
     <span class='ocr_line' id='line_1_89' title="bbox 258 5249 1929 5325; baseline 0.001 -18"><span class='ocrx_word' id='word_1_728' title='bbox 258 5249 456 5307; x_wconf 87' lang='lat' dir='ltr'><strong>semel</strong></span> <span class='ocrx_word' id='word_1_729' title='bbox 485 5251 720 5324; x_wconf 84' lang='lat' dir='ltr'><strong>expleta</strong></span> <span class='ocrx_word' id='word_1_730' title='bbox 752 5252 942 5320; x_wconf 80' lang='lat' dir='ltr'><strong>fuerit,</strong></span> <span class='ocrx_word' id='word_1_731' title='bbox 976 5268 1152 5325; x_wconf 89' lang='lat' dir='ltr'><strong>posse</strong></span> <span class='ocrx_word' id='word_1_732' title='bbox 1173 5252 1377 5325; x_wconf 88' lang='lat' dir='ltr'><strong>repeti.</strong></span> <span class='ocrx_word' id='word_1_733' title='bbox 1409 5253 1541 5309; x_wconf 89' lang='lat' dir='ltr'><strong>Sive</strong></span> <span class='ocrx_word' id='word_1_734' title='bbox 1559 5253 1719 5308; x_wconf 88' lang='lat' dir='ltr'><strong>enim</strong></span> <span class='ocrx_word' id='word_1_735' title='bbox 1747 5254 1929 5309; x_wconf 66' lang='lat' dir='ltr'><strong>haere-</strong></span> 
     </span>
    </p>
   </div>
   <div class='ocr_carea' id='block_1_89' title="bbox 259 5338 1929 5413">
    <p class='ocr_par' dir='ltr' id='par_1_89' title="bbox 259 5338 1929 5413">
     <span class='ocr_line' id='line_1_90' title="bbox 259 5338 1929 5413; baseline 0 -17"><span class='ocrx_word' id='word_1_736' title='bbox 259 5340 443 5409; x_wconf 89' lang='lat' dir='ltr'><strong>ticus,</strong></span> <span class='ocrx_word' id='word_1_737' title='bbox 469 5338 590 5395; x_wconf 90' lang='lat' dir='ltr'><strong>sive</strong></span> <span class='ocrx_word' id='word_1_738' title='bbox 650 5341 1055 5413; x_wconf 88' lang='lat' dir='ltr'><strong>chismaticus,</strong></span> <span class='ocrx_word' id='word_1_739' title='bbox 1092 5342 1215 5398; x_wconf 89' lang='lat' dir='ltr'><strong>sive</strong></span> <span class='ocrx_word' id='word_1_740' title='bbox 1247 5340 1642 5411; x_wconf 83' lang='lat' dir='ltr'><strong>facinorosus,</strong></span> <span class='ocrx_word' id='word_1_741' title='bbox 1674 5341 1929 5413; x_wconf 89' lang='lat' dir='ltr'><strong>quisque</strong></span> 
     </span>
    </p>
   </div>
   <div class='ocr_carea' id='block_1_90' title="bbox 257 5429 1930 5503">
    <p class='ocr_par' dir='ltr' id='par_1_90' title="bbox 257 5429 1930 5503">
     <span class='ocr_line' id='line_1_91' title="bbox 257 5429 1930 5503; baseline 0.001 -19"><span class='ocrx_word' id='word_1_742' title='bbox 257 5430 329 5485; x_wconf 88' lang='lat' dir='ltr'><strong>in</strong></span> <span class='ocrx_word' id='word_1_743' title='bbox 361 5429 737 5487; x_wconf 84' lang='lat' dir='ltr'><strong>confessione</strong></span> <span class='ocrx_word' id='word_1_744' title='bbox 768 5437 989 5488; x_wconf 59' lang='lat' dir='ltr'><strong>sancte</strong></span> <span class='ocrx_word' id='word_1_745' title='bbox 1015 5431 1311 5488; x_wconf 84' lang='lat' dir='ltr'><strong>Trinitatis</strong></span> <span class='ocrx_word' id='word_1_746' title='bbox 1339 5430 1604 5503; x_wconf 87' lang='lat' dir='ltr'><strong>baptizat</strong></span> <span class='ocrx_word' id='word_1_747' title='bbox 1636 5448 1649 5484; x_wconf 89' lang='lat'><strong>:</strong></span> <span class='ocrx_word' id='word_1_748' title='bbox 1682 5446 1805 5485; x_wconf 90' lang='lat' dir='ltr'><strong>non</strong></span> <span class='ocrx_word' id='word_1_749' title='bbox 1833 5447 1930 5486; x_wconf 90' lang='lat' dir='ltr'><strong>va-</strong></span> 
     </span>
    </p>
   </div>
   <div class='ocr_carea' id='block_1_91' title="bbox 255 5517 1929 5592">
    <p class='ocr_par' dir='ltr' id='par_1_91' title="bbox 255 5517 1929 5592">
     <span class='ocr_line' id='line_1_92' title="bbox 255 5517 1929 5592; baseline 0 -17"><span class='ocrx_word' id='word_1_750' title='bbox 255 5519 349 5575; x_wconf 90' lang='lat' dir='ltr'><strong>let</strong></span> <span class='ocrx_word' id='word_1_751' title='bbox 375 5517 469 5573; x_wconf 88' lang='lat' dir='ltr'><strong>ille</strong></span> <span class='ocrx_word' id='word_1_752' title='bbox 494 5520 598 5591; x_wconf 91' lang='lat' dir='ltr'><strong>qui</strong></span> <span class='ocrx_word' id='word_1_753' title='bbox 618 5521 698 5578; x_wconf 89' lang='lat' dir='ltr'><strong>ita</strong></span> <span class='ocrx_word' id='word_1_754' title='bbox 733 5520 1067 5592; x_wconf 88' lang='lat' dir='ltr'><strong>baptizatus</strong></span> <span class='ocrx_word' id='word_1_755' title='bbox 1093 5525 1202 5588; x_wconf 86' lang='lat' dir='ltr'><strong>est,</strong></span> <span class='ocrx_word' id='word_1_756' title='bbox 1237 5535 1272 5576; x_wconf 89' lang='lat' dir='ltr'><strong>a</strong></span> <span class='ocrx_word' id='word_1_757' title='bbox 1305 5520 1481 5575; x_wconf 90' lang='lat' dir='ltr'><strong>bonis</strong></span> <span class='ocrx_word' id='word_1_758' title='bbox 1509 5519 1813 5575; x_wconf 84' lang='lat' dir='ltr'><strong>catholicis</strong></span> <span class='ocrx_word' id='word_1_759' title='bbox 1842 5534 1929 5575; x_wconf 85' lang='lat' dir='ltr'><strong>re—</strong></span> 
     </span>
    </p>
   </div>
   <div class='ocr_carea' id='block_1_92' title="bbox 254 5608 1925 5681">
    <p class='ocr_par' dir='ltr' id='par_1_92' title="bbox 254 5608 1925 5681">
     <span class='ocr_line' id='line_1_93' title="bbox 254 5608 1925 5681; baseline -0.002 -15"><span class='ocrx_word' id='word_1_760' title='bbox 254 5608 577 5681; x_wconf 88' lang='lat' dir='ltr'><strong>baptizari,</strong></span> <span class='ocrx_word' id='word_1_761' title='bbox 607 5625 682 5665; x_wconf 91' lang='lat' dir='ltr'><strong>ne</strong></span> <span class='ocrx_word' id='word_1_762' title='bbox 712 5608 1028 5678; x_wconf 88' lang='lat' dir='ltr'><strong>confessio,</strong></span> <span class='ocrx_word' id='word_1_763' title='bbox 1058 5610 1148 5666; x_wconf 89' lang='lat' dir='ltr'><strong>vel</strong></span> <span class='ocrx_word' id='word_1_764' title='bbox 1177 5608 1462 5665; x_wconf 83' lang='lat' dir='ltr'><strong>exhibitio</strong></span> <span class='ocrx_word' id='word_1_765' title='bbox 1487 5608 1632 5665; x_wconf 88' lang='lat' dir='ltr'><strong>tanti</strong></span> <span class='ocrx_word' id='word_1_766' title='bbox 1662 5608 1925 5665; x_wconf 87' lang='lat' dir='ltr'><strong>nominis</strong></span> 
     </span>
    </p>
   </div>
   <div class='ocr_carea' id='block_1_93' title="bbox 255 5697 940 5757">
    <p class='ocr_par' dir='ltr' id='par_1_93' title="bbox 255 5697 940 5757">
     <span class='ocr_line' id='line_1_94' title="bbox 255 5697 940 5757; baseline -0.009 -2"><span class='ocrx_word' id='word_1_767' title='bbox 255 5697 539 5757; x_wconf 88' lang='lat' dir='ltr'><strong>videatur</strong></span> <span class='ocrx_word' id='word_1_768' title='bbox 563 5698 878 5755; x_wconf 86' lang='lat' dir='ltr'><strong>annullari.</strong></span> <span class='ocrx_word' id='word_1_769' title='bbox 913 5720 940 5748; x_wconf 80' lang='lat'><strong>»</strong></span> 
     </span>
    </p>
   </div>
   <div class='ocr_carea' id='block_1_94' title="bbox 2049 4446 3710 4521">
    <p class='ocr_par' dir='ltr' id='par_1_94' title="bbox 2049 4446 3710 4521">
     <span class='ocr_line' id='line_1_95' title="bbox 2049 4446 3710 4521; baseline -0.001 -17"><span class='ocrx_word' id='word_1_770' title='bbox 2049 4448 2366 4521; x_wconf 90' lang='lat' dir='ltr'><strong>episcopus</strong></span> <span class='ocrx_word' id='word_1_771' title='bbox 2413 4446 2562 4502; x_wconf 79' lang='lat' dir='ltr'><strong>dixit</strong></span> <span class='ocrx_word' id='word_1_772' title='bbox 2599 4464 2613 4502; x_wconf 90' lang='lat'><strong>:</strong></span> <span class='ocrx_word' id='word_1_773' title='bbox 2658 4447 2717 4504; x_wconf 92' lang='lat' dir='ltr'><strong>Si</strong></span> <span class='ocrx_word' id='word_1_774' title='bbox 2769 4446 2939 4502; x_wconf 85' lang='lat' dir='ltr'><strong>vobis</strong></span> <span class='ocrx_word' id='word_1_775' title='bbox 2989 4447 3203 4518; x_wconf 88' lang='lat' dir='ltr'><strong>placet,</strong></span> <span class='ocrx_word' id='word_1_776' title='bbox 3258 4448 3710 4503; x_wconf 90' lang='lat' dir='ltr'><strong>consideremus</strong></span> 
     </span>
    </p>
   </div>
   <div class='ocr_carea' id='block_1_95' title="bbox 2048 4534 3712 4610">
    <p class='ocr_par' dir='ltr' id='par_1_95' title="bbox 2048 4534 3712 4610">
     <span class='ocr_line' id='line_1_96' title="bbox 2048 4534 3712 4610; baseline -0.001 -18"><span class='ocrx_word' id='word_1_777' title='bbox 2048 4537 2311 4610; x_wconf 89' lang='lat' dir='ltr'><strong>primum</strong></span> <span class='ocrx_word' id='word_1_778' title='bbox 2396 4535 2634 4591; x_wconf 88' lang='lat' dir='ltr'><strong>titulum</strong></span> <span class='ocrx_word' id='word_1_779' title='bbox 2704 4534 3206 4607; x_wconf 85' lang='lat' dir='ltr'><strong>rebaptizationis.</strong></span> <span class='ocrx_word' id='word_1_780' title='bbox 3275 4535 3439 4591; x_wconf 87' lang='lat' dir='ltr'><strong>Unde</strong></span> <span class='ocrx_word' id='word_1_781' title='bbox 3497 4536 3712 4592; x_wconf 87' lang='lat' dir='ltr'><strong>sancti-</strong></span> 
     </span>
    </p>
   </div>
   <div class='ocr_carea' id='block_1_96' title="bbox 2050 4623 3712 4697">
    <p class='ocr_par' dir='ltr' id='par_1_96' title="bbox 2050 4623 3712 4697">
     <span class='ocr_line' id='line_1_97' title="bbox 2050 4623 3712 4697; baseline -0.001 -14"><span class='ocrx_word' id='word_1_782' title='bbox 2050 4631 2230 4683; x_wconf 89' lang='lat' dir='ltr'><strong>tatem</strong></span> <span class='ocrx_word' id='word_1_783' title='bbox 2281 4630 2543 4681; x_wconf 84' lang='lat' dir='ltr'><strong>vestram</strong></span> <span class='ocrx_word' id='word_1_784' title='bbox 2568 4624 2828 4697; x_wconf 89' lang='lat' dir='ltr'><strong>portulo,</strong></span> <span class='ocrx_word' id='word_1_785' title='bbox 2886 4626 2951 4679; x_wconf 89' lang='lat' dir='ltr'><strong>ut</strong></span> <span class='ocrx_word' id='word_1_786' title='bbox 2978 4624 3195 4680; x_wconf 84' lang='lat' dir='ltr'><strong>mentis</strong></span> <span class='ocrx_word' id='word_1_787' title='bbox 3242 4627 3447 4679; x_wconf 80' lang='lat' dir='ltr'><strong>vestras</strong></span> <span class='ocrx_word' id='word_1_788' title='bbox 3489 4623 3712 4697; x_wconf 89' lang='lat' dir='ltr'><strong>placita</strong></span> 
     </span>
    </p>
   </div>
   <div class='ocr_carea' id='block_1_97' title="bbox 2047 4712 3707 4790">
    <p class='ocr_par' dir='ltr' id='par_1_97' title="bbox 2047 4712 3707 4790">
     <span class='ocr_line' id='line_1_98' title="bbox 2047 4712 3707 4790; baseline -0.003 -18"><span class='ocrx_word' id='word_1_789' title='bbox 2047 4713 2418 4790; x_wconf 88' lang='lat' dir='ltr'><strong>producatis,</strong></span> <span class='ocrx_word' id='word_1_790' title='bbox 2473 4713 2551 4769; x_wconf 89' lang='lat' dir='ltr'><strong>ad</strong></span> <span class='ocrx_word' id='word_1_791' title='bbox 2592 4712 3065 4769; x_wconf 87' lang='lat' dir='ltr'><strong>descendentem</strong></span> <span class='ocrx_word' id='word_1_792' title='bbox 3118 4712 3179 4766; x_wconf 88' lang='lat' dir='ltr'><strong>in</strong></span> <span class='ocrx_word' id='word_1_793' title='bbox 3224 4726 3470 4784; x_wconf 90' lang='lat' dir='ltr'><strong>aquam,</strong></span> <span class='ocrx_word' id='word_1_794' title='bbox 3511 4715 3569 4768; x_wconf 90' lang='lat' dir='ltr'><strong>et</strong></span> <span class='ocrx_word' id='word_1_795' title='bbox 3620 4712 3707 4768; x_wconf 88' lang='lat' dir='ltr'><strong>in-</strong></span> 
     </span>
    </p>
   </div>
   <div class='ocr_carea' id='block_1_98' title="bbox 2048 4799 3710 4874">
    <p class='ocr_par' dir='ltr' id='par_1_98' title="bbox 2048 4799 3710 4874">
     <span class='ocr_line' id='line_1_99' title="bbox 2048 4799 3710 4874; baseline 0 -16"><span class='ocrx_word' id='word_1_796' title='bbox 2048 4808 2411 4874; x_wconf 88' lang='lat' dir='ltr'><strong>terrogatum</strong></span> <span class='ocrx_word' id='word_1_797' title='bbox 2441 4802 2501 4857; x_wconf 90' lang='lat' dir='ltr'><strong>in</strong></span> <span class='ocrx_word' id='word_1_798' title='bbox 2533 4801 2817 4858; x_wconf 87' lang='lat' dir='ltr'><strong>Trinitate</strong></span> <span class='ocrx_word' id='word_1_799' title='bbox 2845 4801 3180 4856; x_wconf 87' lang='lat' dir='ltr'><strong>secundum</strong></span> <span class='ocrx_word' id='word_1_800' title='bbox 3202 4801 3505 4872; x_wconf 80' lang='lat' dir='ltr'><strong>Evangelii</strong></span> <span class='ocrx_word' id='word_1_801' title='bbox 3523 4799 3710 4858; x_wconf 87' lang='lat' dir='ltr'><strong>ﬁdem</strong></span> 
     </span>
    </p>
   </div>
   <div class='ocr_carea' id='block_1_99' title="bbox 2046 4888 3710 4964">
    <p class='ocr_par' dir='ltr' id='par_1_99' title="bbox 2046 4888 3710 4964">
     <span class='ocr_line' id='line_1_100' title="bbox 2046 4888 3710 4964; baseline 0 -17"><span class='ocrx_word' id='word_1_802' title='bbox 2046 4896 2103 4947; x_wconf 90' lang='lat' dir='ltr'><strong>et</strong></span> <span class='ocrx_word' id='word_1_803' title='bbox 2131 4891 2548 4964; x_wconf 88' lang='lat' dir='ltr'><strong>apostolorum</strong></span> <span class='ocrx_word' id='word_1_804' title='bbox 2592 4890 2952 4958; x_wconf 88' lang='lat' dir='ltr'><strong>doctrinam,</strong></span> <span class='ocrx_word' id='word_1_805' title='bbox 2985 4892 3042 4944; x_wconf 88' lang='lat' dir='ltr'><strong>et</strong></span> <span class='ocrx_word' id='word_1_806' title='bbox 3088 4888 3433 4944; x_wconf 87' lang='lat' dir='ltr'><strong>confessum</strong></span> <span class='ocrx_word' id='word_1_807' title='bbox 3485 4889 3710 4947; x_wconf 88' lang='lat' dir='ltr'><strong>bonam</strong></span> 
     </span>
    </p>
   </div>
   <div class='ocr_carea' id='block_1_100' title="bbox 2045 4977 3709 5037">
    <p class='ocr_par' dir='ltr' id='par_1_100' title="bbox 2045 4977 3709 5037">
     <span class='ocr_line' id='line_1_101' title="bbox 2045 4977 3709 5037; baseline -0.001 -1"><span class='ocrx_word' id='word_1_808' title='bbox 2045 4980 2473 5037; x_wconf 89' lang='lat' dir='ltr'><strong>conscientiam</strong></span> <span class='ocrx_word' id='word_1_809' title='bbox 2528 4979 2591 5034; x_wconf 88' lang='lat' dir='ltr'><strong>in</strong></span> <span class='ocrx_word' id='word_1_810' title='bbox 2647 4981 2833 5034; x_wconf 89' lang='lat' dir='ltr'><strong>Deum</strong></span> <span class='ocrx_word' id='word_1_811' title='bbox 2904 4977 2980 5033; x_wconf 92' lang='lat' dir='ltr'><strong>de</strong></span> <span class='ocrx_word' id='word_1_812' title='bbox 3055 4978 3487 5034; x_wconf 88' lang='lat' dir='ltr'><strong>resurrectione</strong></span> <span class='ocrx_word' id='word_1_813' title='bbox 3569 4979 3709 5035; x_wconf 84' lang='lat' dir='ltr'><strong>Jesu</strong></span> 
     </span>
    </p>
   </div>
   <div class='ocr_carea' id='block_1_101' title="bbox 2045 5065 3709 5135">
    <p class='ocr_par' dir='ltr' id='par_1_101' title="bbox 2045 5065 3709 5135">
     <span class='ocr_line' id='line_1_102' title="bbox 2045 5065 3709 5135; baseline -0.001 -10"><span class='ocrx_word' id='word_1_814' title='bbox 2045 5068 2253 5126; x_wconf 88' lang='lat' dir='ltr'><strong>Christi</strong></span> <span class='ocrx_word' id='word_1_815' title='bbox 2288 5086 2299 5122; x_wconf 92' lang='lat'>:</span> <span class='ocrx_word' id='word_1_816' title='bbox 2331 5068 2378 5123; x_wconf 89' lang='lat' dir='ltr'><strong>si</strong></span> <span class='ocrx_word' id='word_1_817' title='bbox 2413 5067 2586 5123; x_wconf 86' lang='lat' dir='ltr'><strong>liceat</strong></span> <span class='ocrx_word' id='word_1_818' title='bbox 2614 5066 2830 5122; x_wconf 89' lang='lat' dir='ltr'><strong>iterum</strong></span> <span class='ocrx_word' id='word_1_819' title='bbox 2869 5065 3221 5135; x_wconf 85' lang='lat' dir='ltr'><strong>interrogari</strong></span> <span class='ocrx_word' id='word_1_820' title='bbox 3260 5066 3321 5121; x_wconf 91' lang='lat' dir='ltr'><strong>in</strong></span> <span class='ocrx_word' id='word_1_821' title='bbox 3347 5066 3561 5122; x_wconf 87' lang='lat' dir='ltr'><strong>eadem</strong></span> <span class='ocrx_word' id='word_1_822' title='bbox 3588 5067 3709 5124; x_wconf 89' lang='lat' dir='ltr'><strong>ﬁde</strong></span> 
     </span>
    </p>
   </div>
   <div class='ocr_carea' id='block_1_102' title="bbox 2044 5154 3709 5231">
    <p class='ocr_par' dir='ltr' id='par_1_102' title="bbox 2044 5154 3709 5231">
     <span class='ocr_line' id='line_1_103' title="bbox 2044 5154 3709 5231; baseline -0.001 -16"><span class='ocrx_word' id='word_1_823' title='bbox 2044 5164 2100 5215; x_wconf 88' lang='lat' dir='ltr'><strong>et</strong></span> <span class='ocrx_word' id='word_1_824' title='bbox 2124 5158 2187 5214; x_wconf 91' lang='lat' dir='ltr'><strong>in</strong></span> <span class='ocrx_word' id='word_1_825' title='bbox 2219 5172 2447 5231; x_wconf 89' lang='lat' dir='ltr'><strong>aquam</strong></span> <span class='ocrx_word' id='word_1_826' title='bbox 2482 5157 2696 5213; x_wconf 89' lang='lat' dir='ltr'><strong>iterum</strong></span> <span class='ocrx_word' id='word_1_827' title='bbox 2748 5154 2912 5224; x_wconf 86' lang='lat' dir='ltr'><strong>tingi.</strong></span> <span class='ocrx_word' id='word_1_828' title='bbox 2944 5154 3211 5211; x_wconf 88' lang='lat' dir='ltr'><strong>Universi</strong></span> <span class='ocrx_word' id='word_1_829' title='bbox 3237 5155 3500 5228; x_wconf 89' lang='lat' dir='ltr'><strong>episcopi</strong></span> <span class='ocrx_word' id='word_1_830' title='bbox 3543 5157 3709 5213; x_wconf 81' lang='lat' dir='ltr'><strong>dixe-</strong></span> 
     </span>
    </p>
   </div>
   <div class='ocr_carea' id='block_1_103' title="bbox 2044 5244 3710 5319">
    <p class='ocr_par' dir='ltr' id='par_1_103' title="bbox 2044 5244 3710 5319">
     <span class='ocr_line' id='line_1_104' title="bbox 2044 5244 3710 5319; baseline -0.001 -15"><span class='ocrx_word' id='word_1_831' title='bbox 2044 5254 2186 5304; x_wconf 90' lang='lat' dir='ltr'><strong>runt</strong></span> <span class='ocrx_word' id='word_1_832' title='bbox 2218 5265 2229 5302; x_wconf 89' lang='lat'><strong>:</strong></span> <span class='ocrx_word' id='word_1_833' title='bbox 2262 5247 2445 5317; x_wconf 85' lang='lat' dir='ltr'><strong>Absit,</strong></span> <span class='ocrx_word' id='word_1_834' title='bbox 2470 5246 2627 5302; x_wconf 91' lang='lat' dir='ltr'><strong>absit</strong></span> <span class='ocrx_word' id='word_1_835' title='bbox 2659 5261 2672 5299; x_wconf 87' lang='lat'><strong>:</strong></span> <span class='ocrx_word' id='word_1_836' title='bbox 2706 5244 2941 5301; x_wconf 89' lang='lat' dir='ltr'><strong>illicitas</strong></span> <span class='ocrx_word' id='word_1_837' title='bbox 2966 5259 3096 5300; x_wconf 90' lang='lat' dir='ltr'><strong>esse</strong></span> <span class='ocrx_word' id='word_1_838' title='bbox 3116 5246 3426 5301; x_wconf 88' lang='lat' dir='ltr'><strong>sancimus</strong></span> <span class='ocrx_word' id='word_1_839' title='bbox 3453 5245 3710 5319; x_wconf 84' lang='lat' dir='ltr'><strong>rebapti-</strong></span> 
     </span>
    </p>
   </div>
   <div class='ocr_carea' id='block_1_104' title="bbox 2042 5333 3710 5405">
    <p class='ocr_par' dir='ltr' id='par_1_104' title="bbox 2042 5333 3710 5405">
     <span class='ocr_line' id='line_1_105' title="bbox 2042 5333 3710 5405; baseline -0.001 -13"><span class='ocrx_word' id='word_1_840' title='bbox 2042 5337 2329 5405; x_wconf 87' lang='lat' dir='ltr'><strong>zationes,</strong></span> <span class='ocrx_word' id='word_1_841' title='bbox 2370 5341 2427 5392; x_wconf 89' lang='lat' dir='ltr'><strong>et</strong></span> <span class='ocrx_word' id='word_1_842' title='bbox 2458 5335 2598 5390; x_wconf 88' lang='lat' dir='ltr'><strong>satis</strong></span> <span class='ocrx_word' id='word_1_843' title='bbox 2629 5338 2719 5390; x_wconf 73' lang='lat' dir='ltr'><strong>est</strong></span> <span class='ocrx_word' id='word_1_844' title='bbox 2750 5333 3014 5390; x_wconf 88' lang='lat' dir='ltr'><strong>alienum</strong></span> <span class='ocrx_word' id='word_1_845' title='bbox 3047 5350 3082 5390; x_wconf 87' lang='lat' dir='ltr'><strong>a</strong></span> <span class='ocrx_word' id='word_1_846' title='bbox 3112 5334 3344 5391; x_wconf 89' lang='lat' dir='ltr'><strong>sincera</strong></span> <span class='ocrx_word' id='word_1_847' title='bbox 3368 5334 3489 5391; x_wconf 87' lang='lat' dir='ltr'><strong>ﬁde</strong></span> <span class='ocrx_word' id='word_1_848' title='bbox 3533 5339 3591 5391; x_wconf 92' lang='lat' dir='ltr'><strong>et</strong></span> <span class='ocrx_word' id='word_1_849' title='bbox 3613 5350 3710 5391; x_wconf 90' lang='lat' dir='ltr'><strong>ca-</strong></span> 
     </span>
    </p>
   </div>
   <div class='ocr_carea' id='block_1_105' title="bbox 2040 5423 2701 5497">
    <p class='ocr_par' dir='ltr' id='par_1_105' title="bbox 2040 5423 2701 5497">
     <span class='ocr_line' id='line_1_106' title="bbox 2040 5423 2701 5497; baseline -0.005 -16"><span class='ocrx_word' id='word_1_850' title='bbox 2040 5425 2265 5481; x_wconf 89' lang='lat' dir='ltr'><strong>tholica</strong></span> <span class='ocrx_word' id='word_1_851' title='bbox 2294 5423 2633 5497; x_wconf 90' lang='lat' dir='ltr'><strong>disciplina.</strong></span> <span class='ocrx_word' id='word_1_852' title='bbox 2673 5444 2701 5473; x_wconf 71' lang='grc' dir='ltr'><strong>ιι</strong></span> 
     </span>
    </p>
   </div>
   <div class='ocr_carea' id='block_1_106' title="bbox 2394 5512 3368 5583">
    <p class='ocr_par' dir='ltr' id='par_1_106' title="bbox 2394 5512 3368 5583">
     <span class='ocr_line' id='line_1_107' title="bbox 2394 5512 3368 5583; baseline 0.001 -15"><span class='ocrx_word' id='word_1_853' title='bbox 2394 5514 2575 5568; x_wconf 85' lang='lat' dir='ltr'><strong>XVIII.</strong></span> <span class='ocrx_word' id='word_1_854' title='bbox 2612 5514 2710 5569; x_wconf 74' lang='lat' dir='ltr'><strong>Ea:</strong></span> <span class='ocrx_word' id='word_1_855' title='bbox 2737 5514 2992 5569; x_wconf 76' lang='lat' dir='ltr'><strong>concilio</strong></span> <span class='ocrx_word' id='word_1_856' title='bbox 3018 5512 3368 5583; x_wconf 76' lang='lat' dir='ltr'><strong>Ancyram.</strong></span> 
     </span>
    </p>
   </div>
   <div class='ocr_carea' id='block_1_107' title="bbox 2106 5598 3706 5673">
    <p class='ocr_par' dir='ltr' id='par_1_107' title="bbox 2106 5598 3706 5673">
     <span class='ocr_line' id='line_1_108' title="bbox 2106 5598 3706 5673; baseline -0.003 -15"><span class='ocrx_word' id='word_1_857' title='bbox 2106 5600 2312 5672; x_wconf 80' lang='lat' dir='ltr'><strong>(Cone.</strong></span> <span class='ocrx_word' id='word_1_858' title='bbox 2345 5602 2601 5671; x_wconf 81' lang='lat' dir='ltr'><strong>Ancyr.,</strong></span> <span class='ocrx_word' id='word_1_859' title='bbox 2632 5614 2766 5657; x_wconf 89' lang='lat' dir='ltr'><strong>can.</strong></span> <span class='ocrx_word' id='word_1_860' title='bbox 2804 5602 2880 5673; x_wconf 86' lang='lat' dir='ltr'><strong>I.)</strong></span> <span class='ocrx_word' id='word_1_861' title='bbox 2918 5603 2999 5658; x_wconf 88' lang='lat' dir='ltr'><strong>De</strong></span> <span class='ocrx_word' id='word_1_862' title='bbox 3027 5600 3121 5656; x_wconf 88' lang='lat' dir='ltr'><strong>his</strong></span> <span class='ocrx_word' id='word_1_863' title='bbox 3149 5601 3254 5673; x_wconf 92' lang='lat' dir='ltr'><strong>qui</strong></span> <span class='ocrx_word' id='word_1_864' title='bbox 3283 5600 3518 5669; x_wconf 88' lang='lat' dir='ltr'><strong>timore,</strong></span> <span class='ocrx_word' id='word_1_865' title='bbox 3559 5598 3706 5654; x_wconf 87' lang='lat' dir='ltr'><strong>ritus</strong></span> 
     </span>
    </p>
   </div>
   <div class='ocr_carea' id='block_1_108' title="bbox 2033 5689 3708 5765">
    <p class='ocr_par' dir='ltr' id='par_1_108' title="bbox 2033 5689 3708 5765">
     <span class='ocr_line' id='line_1_109' title="bbox 2033 5689 3708 5765; baseline -0.002 -17"><span class='ocrx_word' id='word_1_866' title='bbox 2033 5690 2345 5765; x_wconf 87' lang='lat' dir='ltr'><strong>gentilium</strong></span> <span class='ocrx_word' id='word_1_867' title='bbox 2367 5694 2746 5765; x_wconf 88' lang='lat' dir='ltr'><strong>peregerunt.</strong></span> <span class='ocrx_word' id='word_1_868' title='bbox 2763 5713 2791 5741; x_wconf 83' lang='lat'><strong>«</strong></span> <span class='ocrx_word' id='word_1_869' title='bbox 2816 5693 3119 5763; x_wconf 86' lang='lat' dir='ltr'><strong>Quotquot</strong></span> <span class='ocrx_word' id='word_1_870' title='bbox 3136 5689 3539 5747; x_wconf 88' lang='lat' dir='ltr'><strong>ascenderunt</strong></span> <span class='ocrx_word' id='word_1_871' title='bbox 3558 5691 3708 5745; x_wconf 81' lang='lat' dir='ltr'><strong>tem&#39;</strong></span> 
     </span>
    </p>
   </div>
  </div>
