4034 6190
374 211 472 268 671

1556 208 1832 264 ΗΕΒνΕΙ
1872 203 2272 260 RHEMENSIS
2311 205 2628 262 ARCHIEP.

3642 225 3723 277 672

373 336 475 409 pla
503 353 642 393 cum
673 340 829 393 veste
855 333 1114 404 lugubri,
1166 336 1222 387 et
1257 331 1673 388 recumbentes
1702 332 1850 387 inter
1876 329 2024 384 alios
2062 329 2112 382 Α
2143 329 2322 383 etiam
2355 327 2644 386 habentes
2664 331 2850 387 aetatis
2873 331 3070 386 senilis
3101 331 3386 401 intuitum,
3410 341 3462 391 et
3489 340 3727 409 periculo-

372 425 910 488 manducaverunt,
940 423 1144 475 ﬂentes
1171 437 1184 486 ;
1218 419 1265 474 si
1285 419 1713 492 compleverint
1735 418 2024 492 poeniten-

375 514 518 570 tiam
549 513 778 570 triennii
823 516 1078 582 tempus,
1112 509 1237 564 sine
1267 509 1568 565 oblatione
1623 508 2029 580 suscipiantur

376 604 452 659 ad
483 600 995 668 communionem,
1032 597 1093 653 id
1125 603 1235 666 est,
1275 604 1334 654 ut
1363 599 1478 671 ipsi
1506 599 1876 655 oblationem
1905 612 2028 652 non

373 691 642 747 offerant.
690 688 746 744 Si
775 692 975 744 autem
1004 688 1275 761 perducti
1305 688 1383 744 ad
1431 688 1656 760 templa
1690 703 1812 743 non
1855 701 2027 742 man-

374 780 764 848 ducaverunt,
827 777 1136 833 biennium
1188 783 1472 834 maneant
1520 777 1580 832 in
1628 775 2024 850 paenitentia:

375 868 542 924 tertio
566 883 706 922 vero
736 883 896 923 anno
927 867 1392 934 communicent,
1427 866 1530 922 sed
1558 866 1683 922 sine
1705 865 2026 932 oblatione,

376 962 442 1012 ut
467 955 693 1012 dictum
726 961 813 1012 est
845 974 856 1010 :
891 961 954 1012 ut
983 961 1198 1028 quarto
1221 960 1353 1026 jam
1397 972 1558 1012 anno
1603 955 2028 1028 perfectionem

377 1061 552 1100 suam
599 1046 949 1118 percipiant.
987 1045 1346 1117 Episcopum
1380 1049 1580 1101 autem
1628 1045 1765 1099 hinc
1809 1043 2030 1098 habere

374 1134 674 1190 licentiam
719 1139 972 1207 oportet,
1006 1139 1068 1190 ut
1099 1151 1208 1207 pro
1244 1134 1336 1190 his
1368 1139 1616 1207 peccata
1658 1133 2031 1204 singulorum

377 1221 729 1285 consideret,
771 1225 826 1276 et
869 1225 1046 1293 prout
1075 1222 1285 1278 viderit
1323 1221 1860 1288 conversationem,
1891 1236 2030 1276 nor-

376 1326 542 1366 mam
576 1309 971 1382 regulamque
1016 1311 1419 1367 conversionis
1450 1305 1735 1367 attribuat
1774 1329 1786 1365 :
1832 1310 1891 1365 id
1922 1315 2028 1375 est,

377 1404 441 1454 ut
463 1399 789 1454 humanius
821 1415 1029 1468 agens,
1059 1401 1394 1456 secundum
1433 1400 1568 1455 vitae
1599 1400 1852 1456 modum
1885 1403 2031 1455 tem-

377 1503 489 1559 pus
515 1487 692 1542 alicni
725 1487 1018 1553 breviare,
1050 1493 1152 1544 aut
1185 1489 1365 1544 etiam
1395 1489 1686 1560 prolixius
1713 1488 1878 1560 quod
1909 1503 2035 1543 cor-

375 1577 621 1633 rectioni
674 1577 1081 1632 necessarium
1139 1578 1352 1634 viderit
1402 1579 1642 1634 addere.
1680 1577 2035 1632 Discutiatur

379 1671 578 1722 autem
606 1666 879 1720 omnium
903 1666 1121 1720 horum
1153 1667 1208 1721 et
1238 1668 1586 1738 praecedens
1618 1667 1760 1733 vita,
1805 1672 1860 1720 et
1888 1682 2032 1738 pos-

381 1754 574 1810 terior.
638 1757 698 1808 Et
763 1755 844 1810 ita
900 1755 1055 1810 circa
1095 1771 1196 1810 eos
1256 1755 1640 1812 sacerdotalis
1690 1756 2034 1812 humanitas

379 1841 738 1897 moderetur.
775 1865 800 1889 ››

957 1932 1084 1986 XIX.
1113 1933 1211 1987 Ex
1247 1933 1466 1988 eodem.

452 2019 652 2087 (Ibid.,
683 2034 816 2074 can.
854 2022 932 2091 6.)
967 2023 1043 2074 De
1075 2020 1166 2074 his
1197 2021 1301 2091 qui
1328 2021 1667 2092 frequenter
1700 2021 1875 2076 idolis
1923 2021 2034 2076 im-

380 2106 776 2175 molaverunt,
805 2124 877 2162 ex
925 2107 1175 2163 concilio
1225 2111 1548 2180 Aneyrano
1581 2129 1592 2164 :
1639 2132 1663 2157 ‹‹
1702 2112 1779 2164 De
1809 2110 1899 2164 his
1933 2110 2038 2182 qui

379 2196 540 2251 festis
583 2196 797 2252 diebus
843 2213 1244 2270 paganorum,
1276 2199 1334 2253 in
1369 2199 1610 2254 remotis
1641 2215 1847 2255 eorum
1894 2199 2038 2254 locis

379 2284 663 2340 conviviis
691 2286 1099 2351 interfuerunt,
1133 2292 1190 2342 et
1241 2303 1380 2342 suas
1411 2287 1799 2343 nihilominus
1830 2288 2040 2360 epulas

379 2373 603 2429 ibidem
630 2379 1030 2446 portaverunt,
1057 2379 1231 2444 atque
1257 2376 1647 2431 comederunt
1679 2394 1690 2431 :
1726 2376 1946 2448 placuit
1977 2380 2042 2432 ut

378 2468 515 2534 post
541 2463 766 2518 biennii
787 2464 1200 2536 prenitentiam
1228 2464 1627 2537 suscipiantur
1659 2484 1670 2520 :
1701 2465 1782 2520 ita
1814 2470 2038 2535 tamen,

379 2555 580 2608 utrum
631 2557 903 2608 autcum
932 2553 1232 2608 oblatione
1286 2554 1608 2626 recipiendi
1660 2555 1794 2623 sint,
1839 2571 1916 2610 an
1962 2553 2040 2610 ad

380 2640 571 2696 solam
609 2641 1099 2697 communionem
1130 2641 1361 2697 admitti
1408 2642 1689 2711 debeant,
1723 2643 2042 2714 unusquis-

378 2743 496 2795 que
517 2728 939 2800 episcoporum
963 2729 1263 2784 examinet
1285 2730 1468 2785 vitam
1496 2746 1724 2797 eorum,
1750 2737 1807 2786 et
1836 2735 2039 2802 praete-

377 2816 490 2873 rita
511 2833 581 2872 ac
598 2818 915 2888 praesentia
932 2817 1137 2874 habita
1150 2818 1623 2874 consideratione
1642 2819 1992 2891 perpendat.
2014 2843 2039 2867 ››

974 2909 1076 2960 ΧΧ.
1107 2907 1208 2962 Ex
1237 2907 1436 2962 eodem

451 2995 652 3065 (Ibid.,
696 3009 828 3049 can.
862 2995 936 3065 7.)
972 2997 1048 3048 De
1075 2994 1168 3049 his
1209 2994 1312 3066 qui
1344 2995 1532 3050 coacti
1561 2994 1734 3050 idolis
1766 2995 2039 3051 immola-

379 3087 611 3148 verunt,
651 3098 723 3137 ex
755 3081 970 3136 eodem
999 3081 1251 3137 concilio
1280 3101 1291 3138 :
1323 3106 1349 3129 ‹‹
1383 3083 1449 3137 Hi
1481 3083 1585 3154 qui
1617 3083 1906 3152 secundo,
1939 3089 2044 3140 aut

378 3171 545 3226 tertio
621 3171 1108 3226 sacrificaverunt
1174 3171 1230 3225 vi
1293 3171 1503 3242 coacti,
1555 3177 1816 3243 quatuor
1866 3173 2040 3228 annis

381 3274 509 3314 sese
557 3260 634 3314 ad
687 3259 1098 3331 paenitentiam
1141 3259 1492 3316 submittant
1525 3278 1536 3314 :
1571 3260 1812 3315 duobus
1842 3267 2042 3317 autem

381 3347 510 3403 aliis
559 3348 686 3403 sine
735 3347 1036 3403 oblatione
1086 3348 1552 3417 communicent,
1596 3349 1850 3420 septimo
1881 3365 2042 3406 anno

380 3436 804 3508 perfectionem
834 3436 1125 3508 recepturi
1150 3437 1615 3492 communionis.

959 3527 1084 3580 XXI.
1121 3525 1236 3580 Leo
1271 3539 1456 3593 papa.

454 3617 531 3670 De
553 3614 650 3670 his
682 3613 785 3686 qui
816 3612 1092 3668 convivio
1115 3612 1444 3682 gentilium,
1469 3618 1525 3668 et
1549 3614 1700 3668 escis
1726 3614 2044 3670 immolati-

381 3703 474 3758 tiis
501 3703 596 3759 usi
618 3707 776 3770 sunt,
800 3706 857 3757 et
874 3701 1124 3757 decretis
1146 3717 1320 3774 papae
1355 3703 1564 3757 Leonis
1594 3703 1756 3773 (epis.
1785 3705 1866 3758 ad
1891 3705 2042 3759 Rus-

382 3793 526 3860 tic)
561 3815 588 3841 ‹‹
619 3791 677 3848 Si
698 3791 972 3847 convivio
991 3790 1118 3845 solo
1137 3790 1467 3860 gentilium,
1487 3797 1542 3847 ot
1559 3791 1708 3847 escis
1728 3792 2042 3847 immolati-

381 3879 473 3934 tiis
499 3881 591 3936 usi
624 3884 788 3944 sunt,
808 3884 1066 3949 possunt
1084 3878 1328 3949 jejuniis
1349 3886 1404 3934 et
1423 3895 1642 3936 manus
1663 3879 2043 3952 impositione

380 3968 645 4039 purgari,
671 3973 736 4022 ut
764 3966 1048 4038 deinceps
1071 3966 1149 4022 ab
1169 3967 1515 4040 idolothytis
1535 3969 1924 4038 abstinentes,
1949 3987 2042 4026 sa-

383 4061 828 4111 cramentorum
863 4055 1073 4110 Christi
1095 4056 1324 4128 possint
1344 4074 1476 4112 esse
1495 4057 1835 4130 participes.
1865 4059 1920 4116 Si
1941 4076 2044 4115 au-

384 4150 505 4200 tem
535 4144 699 4200 idola
727 4144 1152 4214 adoraverunt,
1180 4151 1284 4201 aut
1312 4145 1649 4201 homicidiis
1680 4147 1767 4202 vel
1787 4148 2042 4205 fornica-

385 4233 645 4288 tionibus
667 4233 1055 4289 contaminati
1073 4238 1228 4298 sunt,
1245 4233 1324 4289 ad
1341 4235 1832 4292 communionem
1848 4254 1950 4293 eos
1962 4239 2045 4293 ni-

385 4321 434 4376 si
464 4336 570 4392 per
588 4321 999 4393 paenitentiam
1017 4321 1322 4392 publicam
1346 4338 1466 4378 non
1489 4325 1985 4395 oportetadmitti.
2011 4348 2040 4379 ›

868 4411 1023 4466 XXII.
1059 4412 1203 4467 Item
1239 4413 1353 4468 Leo
1374 4427 1560 4482 papa.

454 4499 626 4566 Quod
680 4499 741 4555 hi
798 4499 902 4572 qui
947 4499 1024 4555 ad
1064 4500 1435 4557 iterationem
1479 4503 1784 4574 baptismi,
1832 4504 1921 4559 vel
1963 4505 2041 4572 vi,

383 4587 474 4644 vel
500 4588 711 4645 timore
743 4588 952 4656 coacti,
1000 4589 1237 4646 animas
1267 4590 1650 4659 inclinarunt,
1683 4593 2044 4663 poenitentiae

385 4679 501 4734 sint
547 4678 899 4735 sublevandi
952 4680 1246 4734 remedio.
1295 4683 1407 4734 Leo
1442 4695 1602 4752 papa
1632 4681 1709 4735 ad
1743 4683 2045 4738 Rusticum

386 4767 834 4822 Narbonensem
868 4766 1224 4838 episcopum
1260 4785 1271 4821 :
1308 4790 1334 4815 α
1373 4767 1440 4820 Hi
1464 4767 1536 4821 de
1561 4767 1783 4838 quibus
1813 4768 2046 4826 dilectio

386 4860 488 4913 tua
517 4873 630 4912 nos
661 4856 911 4912 credidit
939 4856 1364 4914 consulendos.
1413 4856 1518 4928 qui
1569 4857 1646 4912 ad
1705 4858 2045 4917 iterandum

383 4943 782 5015 baptismum,
836 4943 927 4997 vel
980 4949 1137 4998 metu
1173 4943 1384 5006 coacti,
1439 4943 1530 4998 vel
1567 4960 1762 5002 errore
1797 4949 2046 5006 traducti

385 5036 545 5099 sunt,
605 5035 661 5086 et
718 5047 878 5086 nunc
919 5048 980 5086 se
1036 5035 1244 5085 contra
1303 5030 1605 5087 catholicae
1655 5033 1791 5090 ﬁdei
1845 5054 2044 5094 sacra-

383 5123 655 5174 mentum
748 5119 942 5187 egisse
1035 5123 1430 5188 cognoscunt,
1509 5137 1583 5176 ea
1659 5129 1749 5179 est
1829 5129 2047 5184 consti-

385 5207 610 5263 tuenda
675 5207 1030 5273 moderatio,
1086 5223 1206 5279 qua
1265 5207 1325 5263 in
1378 5210 1722 5268 societatem
1775 5222 2046 5274 nostram

384 5313 507 5352 non
536 5297 649 5352 nisi
693 5313 802 5370 per
831 5297 1192 5369 paenitentiae
1237 5299 1592 5368 remedium,
1636 5308 1692 5358 et
1721 5320 1828 5376 per
1856 5307 2047 5380 impo-

385 5386 662 5442 sitionem
713 5386 1074 5459 episcopalis
1119 5403 1336 5444 manus
1394 5395 1839 5451 communionis
1904 5398 2046 5453 reci-

382 5475 552 5550 piant
624 5475 932 5532 unitatem.
1025 5479 1316 5551 Tempora
1402 5481 1786 5550 paenitudinis
1873 5487 2047 5542 solita

383 5565 816 5632 moderatione,
851 5569 952 5622 tuo
986 5566 1402 5623 constituenda
1419 5569 1669 5639 judicio,
1696 5580 1872 5643 prout
1902 5591 2045 5631 con-

380 5670 693 5713 versorum
732 5654 967 5712 animos
998 5654 1332 5728 inspexeris
1365 5673 1494 5713 esse
1525 5660 1790 5730 devotos,
1824 5664 2044 5735 pariter

2141 433 2277 472 rum
2328 433 2731 492 quorumque,
2769 426 2886 498 aut
2940 420 3348 489 aegritudinum
3402 427 3728 499 respicientes

2139 507 2538 564 necessitates.
2576 514 2638 564 ln
2668 509 2890 582 quibus
2921 510 2970 564 si
3000 510 3133 582 quis
3174 511 3252 565 ita
3291 514 3529 581 graviter
3554 533 3728 586 urgea-

2139 601 2253 664 tur,
2283 601 2347 652 ut
2373 597 2521 653 dum
2551 599 2749 655 adhuc
2789 599 3044 672 paenitet,
3073 599 3144 655 de
3185 600 3365 656 salute
3413 603 3582 674 ipsius
3618 608 3729 664 des-

2138 690 2396 758 peretur,
2428 693 2662 760 oportet
2719 688 2767 744 ei
2801 703 2908 760 per
2969 688 3389 745 sacerdotalem
3443 692 3733 752 sollicitudi-

2138 791 2280 831 nem
2311 778 2752 832 communionis
2776 777 2964 847 gratia
2996 777 3312 834 subveniri.
3359 803 3384 828 ››

2449 867 2624 922 XXIII.
2657 868 2756 924 Ex
2782 867 3027 923 Actibus
3057 869 3472 936 apostolorum.

2215 952 2446 1021 Legitur
2490 954 2553 1009 in
2604 955 2844 1010 Actibus
2885 954 3292 1026 apostolorum
3319 955 3476 1026 quod
3524 959 3732 1029 quidam

2140 1041 2568 1098 descendentes
2593 1043 2668 1098 de
2697 1043 2904 1098 Iudaea
2956 1043 3236 1098 docerent
3271 1042 3469 1099 fratres
3505 1053 3734 1117 oportere

2141 1131 2504 1200 circumcidi,
2536 1137 2592 1188 et
2649 1149 2884 1190 servare
2931 1133 3124 1202 legem
3176 1133 3370 1204 Moysi.
3404 1136 3640 1206 Apostoli
3667 1142 3734 1193 ta-

2142 1236 2301 1287 men,
2335 1226 2392 1277 et
2422 1222 2685 1278 seniores
2711 1239 2850 1278 cum
2880 1223 3045 1278 omni
3077 1221 3332 1278 Ecclesia
3363 1223 3637 1293 jusserint,
3666 1227 3736 1280 ni-

2144 1309 2225 1364 hil
2249 1310 2445 1365 oneris
2471 1311 2626 1366 ultra
2670 1312 3048 1383 imponentes
3079 1311 3182 1376 eis,
3235 1315 3297 1365 ut
3334 1310 3667 1368 abstinerent
3691 1331 3736 1368 se

2144 1398 2221 1454 ab
2249 1399 2572 1455 immolatis
2608 1401 3088 1469 simulacrorum,
3113 1405 3169 1456 et
3198 1400 3477 1469 sanguine
3505 1406 3555 1455 et
3589 1401 3738 1458 suffo-

2145 1487 2311 1556 catis,
2340 1491 2396 1544 et
2426 1488 2816 1544 fornicatione
2849 1491 3003 1555 (Act.
3037 1489 3149 1559 xv).

2502 1579 2673 1632 XXIV.
2706 1578 2806 1633 Ea:
2837 1577 3088 1632 concilio
3121 1577 3430 1646 Africano.

2078 1683 2117 1735 Β
2219 1665 2292 1719 Ut
2313 1680 2453 1719 cum
2486 1666 2827 1735 Donatistis,
2857 1665 2961 1738 qui
2989 1665 3067 1721 ab
3088 1665 3369 1720 omnibus
3389 1665 3661 1720 catholicis
3681 1667 3742 1720 si-

2147 1759 2246 1808 cut
2278 1753 2356 1808 ab
2389 1755 2665 1810 universo
2697 1761 2988 1811 terrarum
3023 1754 3168 1810 orbe
3200 1758 3366 1810 erant
3393 1754 3651 1814 damnati,
3677 1755 3741 1808 le-

2147 1843 2282 1897 nius
2311 1849 2605 1913 ageretur,
2635 1861 2708 1899 ex
2743 1843 2994 1900 concilio
3043 1843 3317 1899 Africano
3365 1843 3539 1913 (conc.
3584 1845 3742 1911 Afric.

2147 1948 2247 1987 an.
2279 1935 2404 1998 401,
2428 1949 2561 1988 can.
2582 1937 2657 2000 3).
2693 1956 2719 1982 «
2746 1933 3133 2003 Pertractatis,
3166 1937 3222 1989 et
3253 1931 3618 1988 consideratis
3643 1948 3743 1986 om-

2149 2019 2327 2075 nibus
2383 2037 2517 2092 quae
2580 2021 2808 2076 utilitati
2859 2021 3133 2076 Ecclesim
3174 2019 3483 2076 convenire
3512 2018 3749 2074 videban-

2150 2114 2263 2178 tur,
2294 2116 2594 2166 annuente
2623 2118 2799 2184 atque
2824 2111 3278 2166 administrante
3307 2110 3513 2182 Spiritu
3539 2109 3642 2172 Dei,
3662 2109 3747 2163 ele-

2150 2199 2349 2267 gimus
2381 2217 2520 2255 cum
2551 2201 2896 2257 memoratis
2917 2199 3284 2267 hominibus,
3307 2198 3570 2271 quamvis
3589 2197 3652 2252 de
3668 2201 3749 2252 Do-

2151 2290 2352 2344 minici
2383 2291 2649 2361 corporis
2680 2290 2924 2360 unitate,
2956 2289 3224 2362 inquieta
3250 2288 3600 2344 dissensione
3627 2303 3748 2358 prte-

2151 2378 2304 2442 cisis,
2337 2378 2544 2434 leniter
2569 2385 2624 2434 et
2651 2378 2899 2451 paciﬁce
2929 2394 3105 2448 agere
3135 2396 3147 2432 :
3190 2383 3272 2444 ut,
3303 2382 3582 2449 quantum
3604 2376 3654 2430 in
3672 2391 3751 2430 no-

2152 2467 2245 2522 bis
2299 2471 2404 2535 est,
2447 2467 2751 2535 omnibus,
2807 2467 2912 2540 qui
2984 2483 3198 2522 eorum
3246 2464 3660 2528 communione,
3707 2467 3750 2515 et

2153 2556 2430 2612 societate
2483 2557 2686 2612 irretiti
2743 2560 2900 2622 sunt,
2954 2571 3059 2628 per
3108 2555 3420 2610 universas
3458 2551 3749 2625 provincias

2152 2645 2447 2700 africanas
2473 2647 2708 2716 penitus
2751 2645 3102 2712 innotescat,
3145 2659 3336 2716 quam
3365 2640 3661 2698 miserabili
3683 2655 3752 2694 er-

2151 2749 2282 2788 rore
2339 2733 2596 2788 devincti
2653 2738 2808 2789 sunt.
2859 2733 2973 2788 Nisi
3027 2732 3196 2803 forte,
3258 2731 3408 2787 sicut
3442 2729 3574 2785 dicit
3608 2735 3755 2800 Apos-

2154 2823 2325 2889 tolus,
2411 2823 2586 2878 nobis
2668 2823 2729 2878 in
2799 2821 3272 2878 mansuetudine
3357 2817 3757 2892 corripientibus

2151 2911 2386 2967 diversa
2442 2911 2778 2977 sentientes,
2843 2911 2943 2966 det
2998 2910 3110 2966 illis
3167 2912 3330 2966 Deus
3401 2905 3755 2981 paenitentiam

2151 3001 2227 3055 ad
2321 2999 2806 3069 cognoscendam
2898 2999 3236 3056 veritatem.
3317 3003 3374 3053 et
3457 2995 3757 3067 resipiscant

2151 3089 2225 3144 de
2281 3088 2506 3144 diaboli
2559 3088 2788 3160 laqueis
2845 3088 3125 3161 captivati
3178 3087 3264 3144 ab
3312 3087 3444 3160 ipso
3493 3086 3547 3140 in
3605 3081 3757 3155 ipsius

2151 3178 2541 3234 voluntatem.
2580 3200 2607 3227 »

2544 3270 2719 3322 XXV.
2754 3269 2853 3323 Ex
2884 3268 3200 3324 Cwlestz'no
3235 3283 3418 3338 papa.

2224 3356 2395 3421 Quod
2426 3356 2573 3412 nulli
2605 3356 2677 3412 sit
2699 3355 2910 3412 ultima
2940 3355 3291 3428 paenitentia
3317 3349 3671 3424 deneganda,
3704 3362 3761 3402 ex

2153 3446 2398 3517 epistola
2459 3462 2630 3517 papae
2685 3445 2981 3501 Caelestini
3014 3444 3092 3500 ad
3123 3445 3444 3516 episcopos
3487 3439 3759 3497 Galliarum

2154 3535 2341 3604 (θρίδᾶ
2401 3539 2474 3599 2)-
2554 3559 2579 3583 ‹‹
2625 3534 2993 3604 Agnovimus
3063 3534 3477 3606 paenitentiam
3551 3526 3761 3585 morien-

2157 3625 2312 3680 tibus
2343 3625 2648 3693 denegari,
2703 3639 2814 3679 nec
2860 3623 3099 3679 illorum
3127 3622 3442 3678 desideriis
3481 3617 3646 3676 annui
3680 3613 3761 3685 qui

2153 3713 2352 3769 obitus
2384 3715 2474 3768 sui
2505 3720 2767 3785 tempore
2798 3714 2912 3768 hoc
2944 3713 3160 3768 animle
3194 3729 3322 3768 suae
3349 3709 3585 3784 cupiunt
3609 3717 3762 3760 reme-

2153 3801 2253 3856 dio
2284 3801 2604 3856 subveniri.
2643 3801 2984 3870 Horremus,
3018 3800 3227 3867 fateor,
3277 3804 3452 3856 tantae
3493 3791 3763 3868 impietatis

2155 3891 2416 3963 aliquem
2446 3891 2711 3964 reperiri,
2746 3894 2809 3946 ut
2839 3891 2913 3945 de
2948 3889 3045 3945 Dei
3068 3889 3286 3962 pietate
3317 3889 3595 3961 desperet,
3623 3877 3763 3956 quasi

2153 3997 2276 4036 non
2323 3983 2511 4053 possit
2571 3983 2645 4038 ad
2707 3997 2770 4036 se
2832 3982 3048 4054 quovis
3115 3986 3383 4054 tempore
3441 3969 3764 4044 concurrenti

2156 4087 2523 4137 succurrere,
2572 4077 2627 4126 et
2657 4071 3089 4143 periclitantem
3141 4071 3255 4125 sub
3313 4084 3489 4125 onere
3537 4066 3765 4139 peccato-

2153 4176 2287 4215 rum
2321 4160 2629 4215 hominem
2660 4159 2972 4225 redimere,
3000 4175 3123 4231 quo
3154 4175 3217 4214 se
3247 4159 3343 4214 ille
3400 4152 3645 4229 expediri
3685 4149 3765 4203 de-

2157 4248 2396 4317 siderat,
2453 4253 2510 4304 et
2551 4247 2808 4304 liberari.
2869 4247 3021 4312 Quid
3073 4248 3210 4313 hoc,
3267 4261 3433 4315 rogo,
3490 4240 3638 4298 aliud
3677 4239 3764 4298 est.

2083 4382 2126 4435 Β
2157 4353 2343 4410 quam
2373 4337 2646 4392 morienti
2674 4342 2929 4392 mortem
2969 4334 3212 4400 addere,
3261 4336 3509 4406 ejusque
3541 4329 3765 4435 animali:

2157 4443 2269 4482 sua
2293 4425 2656 4494 crudelitate,
2688 4441 2762 4480 ne
2792 4423 3072 4480 absoluta
3097 4439 3228 4479 esse
3252 4423 3458 4496 possit,
3489 4410 3765 4475 occidere?

2156 4530 2294 4570 cum
2350 4519 2504 4570 Deus
2538 4514 2616 4570 ad
2671 4511 3156 4569 subveniendum
3185 4510 3614 4584 paratissimus,
3653 4499 3768 4558 invi-

2155 4607 2289 4659 tans
2340 4604 2416 4660 ad
2453 4588 2885 4675 paenitentiam,
2929 4601 3012 4656 sic
3042 4601 3369 4674 promittat.
3402 4599 3678 4657 Peccator,
3701 4589 3766 4643 in-

2155 4692 2301 4763 quit,
2353 4708 2717 4764 quacunque
2767 4690 2862 4745 die
2917 4705 3243 4746 conversus
3314 4687 3506 4754 fuerit,
3562 4681 3768 4756 peccata

2156 4781 2286 4850 ejus
2335 4797 2455 4836 non
2502 4781 2956 4852 reputabuntur.
2991 4782 3056 4834 Et
3092 4779 3306 4834 iterum
3340 4795 3353 4832 :
3384 4776 3524 4832 Nolo
3554 4773 3768 4828 mortem

2156 4871 2510 4942 peccatoris,
2543 4869 2650 4926 sed
2685 4873 2916 4925 tantum
2963 4873 3026 4924 ut
3065 4872 3468 4935 convertatur,
3521 4867 3574 4918 et
3624 4859 3767 4913 vivat-

2160 4959 2422 5015 Salutem
2459 4975 2600 5027 ergo
2650 4958 2879 5014 homini
2927 4957 3153 5023 adimit,
3195 4955 3471 5028 quisquis
3520 4952 3571 5007 ei
3597 4944 3769 5005 mortis

2158 5052 2424 5118 tempore
2456 5045 2866 5119 paenitentiam
2896 5044 3214 5114 denegavit
3247 5061 3258 5099 :
3292 5047 3349 5098 et
3378 5036 3690 5113 desperavit
3712 5031 3770 5086 de

2157 5135 2471 5191 clementia
2489 5135 2609 5205 Dei,
2627 5136 2732 5208 qui
2747 5152 2886 5190 eum
2913 5135 2992 5191 ad
3013 5131 3492 5190 subveniendum
3514 5119 3768 5208 morienti.

2159 5239 2502 5278 succurrere
2551 5206 2666 5278 vel—
2690 5223 2750 5278 in
2796 5225 3102 5278 momento
3152 5235 3352 5294 posse,
3387 5233 3504 5274 non
3539 5206 3767 5302 credidit:

2159 5311 2515 5368 Pet-didisset
2567 5316 2622 5368 et
2658 5311 2808 5366 latro
2841 5311 2901 5366 in
2932 5326 3106 5366 cruce
3148 5309 3466 5382 praemium
3495 5305 3570 5361 ad
3593 5298 3766 5355 Christi

2158 5401 2463 5456 dexteram
2510 5401 2802 5473 pendens,
2836 5399 2882 5454 si
2913 5399 3082 5454 illum
3128 5399 3303 5454 unius
3335 5397 3496 5452 horae
3526 5388 3769 5466 paeniten-

2159 5489 2240 5544 tia
2269 5505 2389 5544 non
2414 5489 2681 5560 juvisset.
2725 5490 2874 5543 Cum
2927 5503 3060 5543 esse
3090 5488 3150 5543 in
3184 5502 3360 5560 paena
3415 5479 3686 5556 paenituit,
3729 5475 3772 5523 ei

2159 5594 2266 5650 per
2315 5580 2492 5634 unius
2547 5578 2838 5634 sermonis
2896 5577 3352 5641 confessionem,
3403 5563 3768 5650 habitaculqu

2160 5645 2426 5739 bal'adisi
2460 5669 2578 5724 Deo
2607 5666 2986 5740 promittente
3015 5663 3360 5740 promeruit.
3394 5664 3538 5718 Vera
3559 5669 3685 5726 ergo
3709 5645 3770 5704 ad

2079 3032 2120 3085 Ο
