  <div class='ocr_page' id='page_1' title='image "/cluster/home/n/w/nwhite01/storage/ocr_20150623/132/hvd.32044054759931/342.png"; bbox 0 0 3940 6184; ppageno 0'>
   <div class='ocr_carea' id='block_1_1' title="bbox 245 170 345 223">
    <p class='ocr_par' dir='ltr' id='par_1_1' title="bbox 245 170 345 223">
     <span class='ocr_line' id='line_1_1' title="bbox 245 170 345 223; baseline 0 0"><span class='ocrx_word' id='word_1_1' title='bbox 245 170 345 223; x_wconf 83' lang='grc'>673</span> 
     </span>
    </p>
   </div>
   <div class='ocr_carea' id='block_1_2' title="bbox 1289 166 2608 235">
    <p class='ocr_par' dir='ltr' id='par_1_2' title="bbox 1289 166 2608 235">
     <span class='ocr_line' id='line_1_2' title="bbox 1289 166 2608 235; baseline 0.005 -9"><span class='ocrx_word' id='word_1_2' title='bbox 1289 171 1673 227; x_wconf 80' lang='lat' dir='ltr'>SENTENTIA</span> <span class='ocrx_word' id='word_1_3' title='bbox 1712 166 1780 224; x_wconf 91' lang='lat' dir='ltr'>IN</span> <span class='ocrx_word' id='word_1_4' title='bbox 1822 167 2207 229; x_wconf 79' lang='lat' dir='ltr'>OCCISORES</span> <span class='ocrx_word' id='word_1_5' title='bbox 2249 168 2608 235; x_wconf 83' lang='lat' dir='ltr'><strong>FULCONIS.</strong></span> 
     </span>
    </p>
   </div>
   <div class='ocr_carea' id='block_1_3' title="bbox 3547 192 3666 247">
    <p class='ocr_par' dir='ltr' id='par_1_3' title="bbox 3547 192 3666 247">
     <span class='ocr_line' id='line_1_3' title="bbox 3547 192 3666 247; baseline 0.008 -1"><span class='ocrx_word' id='word_1_6' title='bbox 3547 192 3666 247; x_wconf 70' lang='grc'>674</span> 
     </span>
    </p>
   </div>
   <div class='ocr_carea' id='block_1_4' title="bbox 244 289 3669 377">
    <p class='ocr_par' dir='ltr' id='par_1_4' title="bbox 244 289 3669 377">
     <span class='ocr_line' id='line_1_4' title="bbox 244 289 3669 377; baseline 0.006 -30"><span class='ocrx_word' id='word_1_7' title='bbox 244 294 429 347; x_wconf 92' lang='lat' dir='ltr'>Deum</span> <span class='ocrx_word' id='word_1_8' title='bbox 480 289 789 346; x_wconf 85' lang='lat' dir='ltr'>conversio</span> <span class='ocrx_word' id='word_1_9' title='bbox 832 291 893 346; x_wconf 92' lang='lat' dir='ltr'>in</span> <span class='ocrx_word' id='word_1_10' title='bbox 928 291 1148 348; x_wconf 86' lang='lat' dir='ltr'>ultimis</span> <span class='ocrx_word' id='word_1_11' title='bbox 1180 294 1535 366; x_wconf 90' lang='lat' dir='ltr'>positorum,</span> <span class='ocrx_word' id='word_1_12' title='bbox 1562 296 1761 349; x_wconf 91' lang='lat' dir='ltr'>mente</span> <span class='ocrx_word' id='word_1_13' title='bbox 1792 308 1899 365; x_wconf 90' lang='lat' dir='ltr'>po-</span> <span class='ocrx_word' id='word_1_14' title='bbox 1938 297 1984 348; x_wconf 82' lang='lat' dir='ltr'><strong>A</strong></span> <span class='ocrx_word' id='word_1_15' title='bbox 2013 309 2357 367; x_wconf 85' lang='lat' dir='ltr'>personam,</span> <span class='ocrx_word' id='word_1_16' title='bbox 2389 300 2714 374; x_wconf 87' lang='lat' dir='ltr'>ipsumque</span> <span class='ocrx_word' id='word_1_17' title='bbox 2761 319 2863 359; x_wconf 91' lang='lat' dir='ltr'>cor</span> <span class='ocrx_word' id='word_1_18' title='bbox 2910 306 3244 377; x_wconf 87' lang='lat' dir='ltr'>panitentis</span> <span class='ocrx_word' id='word_1_19' title='bbox 3282 310 3515 367; x_wconf 84' lang='lat' dir='ltr'>curiose</span> <span class='ocrx_word' id='word_1_20' title='bbox 3554 313 3669 369; x_wconf 61' lang='lat' dir='ltr'>dis»-</span> 
     </span>
    </p>
   </div>
   <div class='ocr_carea' id='block_1_5' title="bbox 140 380 1899 457">
    <p class='ocr_par' dir='ltr' id='par_1_5' title="bbox 140 380 1899 457">
     <span class='ocr_line' id='line_1_5' title="bbox 140 380 1899 457; baseline -0.001 -19"><span class='ocrx_word' id='word_1_21' title='bbox 140 438 149 443; x_wconf 62' lang='lat'>,</span> <span class='ocrx_word' id='word_1_22' title='bbox 241 380 353 438; x_wconf 90' lang='lat' dir='ltr'>tius</span> <span class='ocrx_word' id='word_1_23' title='bbox 384 380 740 436; x_wconf 73' lang='lat' dir='ltr'>astimanda</span> <span class='ocrx_word' id='word_1_24' title='bbox 765 396 951 453; x_wconf 90' lang='lat' dir='ltr'>quam</span> <span class='ocrx_word' id='word_1_25' title='bbox 984 384 1273 455; x_wconf 90' lang='lat' dir='ltr'>tempore,</span> <span class='ocrx_word' id='word_1_26' title='bbox 1302 385 1596 457; x_wconf 85' lang='lat' dir='ltr'>propheta</span> <span class='ocrx_word' id='word_1_27' title='bbox 1629 388 1739 438; x_wconf 89' lang='lat' dir='ltr'>hoc</span> <span class='ocrx_word' id='word_1_28' title='bbox 1770 382 1899 438; x_wconf 88' lang='lat' dir='ltr'>tali-</span> 
     </span>
    </p>
   </div>
   <div class='ocr_carea' id='block_1_6' title="bbox 243 472 1899 542">
    <p class='ocr_par' dir='ltr' id='par_1_6' title="bbox 243 472 1899 542">
     <span class='ocr_line' id='line_1_6' title="bbox 243 472 1899 542; baseline 0 -17"><span class='ocrx_word' id='word_1_29' title='bbox 243 474 325 525; x_wconf 88' lang='lat' dir='ltr'>ter</span> <span class='ocrx_word' id='word_1_30' title='bbox 369 472 672 524; x_wconf 77' lang='lat' dir='ltr'>asserente</span> <span class='ocrx_word' id='word_1_31' title='bbox 707 486 718 523; x_wconf 93' lang='lat'>:</span> <span class='ocrx_word' id='word_1_32' title='bbox 770 472 917 525; x_wconf 88' lang='lat' dir='ltr'>Cum</span> <span class='ocrx_word' id='word_1_33' title='bbox 963 487 1288 528; x_wconf 89' lang='lat' dir='ltr'>conversus</span> <span class='ocrx_word' id='word_1_34' title='bbox 1331 472 1713 542; x_wconf 86' lang='lat' dir='ltr'>ingemueris,</span> <span class='ocrx_word' id='word_1_35' title='bbox 1760 476 1899 526; x_wconf 90' lang='lat' dir='ltr'>tunc</span> 
     </span>
    </p>
   </div>
   <div class='ocr_carea' id='block_1_7' title="bbox 243 558 1899 632">
    <p class='ocr_par' dir='ltr' id='par_1_7' title="bbox 243 558 1899 632">
     <span class='ocr_line' id='line_1_7' title="bbox 243 558 1899 632; baseline 0.001 -19"><span class='ocrx_word' id='word_1_36' title='bbox 243 558 444 614; x_wconf 88' lang='lat' dir='ltr'>salvus</span> <span class='ocrx_word' id='word_1_37' title='bbox 470 558 608 613; x_wconf 89' lang='lat' dir='ltr'>eris.</span> <span class='ocrx_word' id='word_1_38' title='bbox 645 561 791 615; x_wconf 88' lang='lat' dir='ltr'>Cum</span> <span class='ocrx_word' id='word_1_39' title='bbox 821 575 964 629; x_wconf 88' lang='lat' dir='ltr'>ergo</span> <span class='ocrx_word' id='word_1_40' title='bbox 1012 560 1302 617; x_wconf 86' lang='lat' dir='ltr'>Dominus</span> <span class='ocrx_word' id='word_1_41' title='bbox 1337 562 1412 617; x_wconf 88' lang='lat' dir='ltr'>sit</span> <span class='ocrx_word' id='word_1_42' title='bbox 1442 561 1637 617; x_wconf 84' lang='lat' dir='ltr'>cordis</span> <span class='ocrx_word' id='word_1_43' title='bbox 1666 560 1899 632; x_wconf 91' lang='lat' dir='ltr'>inspec-</span> 
     </span>
    </p>
   </div>
   <div class='ocr_carea' id='block_1_8' title="bbox 240 647 1900 722">
    <p class='ocr_par' dir='ltr' id='par_1_8' title="bbox 240 647 1900 722">
     <span class='ocr_line' id='line_1_8' title="bbox 240 647 1900 722; baseline 0.001 -19"><span class='ocrx_word' id='word_1_44' title='bbox 240 652 349 716; x_wconf 87' lang='lat' dir='ltr'>tor,</span> <span class='ocrx_word' id='word_1_45' title='bbox 372 647 590 719; x_wconf 87' lang='lat' dir='ltr'>quovis</span> <span class='ocrx_word' id='word_1_46' title='bbox 620 650 886 719; x_wconf 91' lang='lat' dir='ltr'>tempore</span> <span class='ocrx_word' id='word_1_47' title='bbox 907 665 1028 704; x_wconf 92' lang='lat' dir='ltr'>non</span> <span class='ocrx_word' id='word_1_48' title='bbox 1051 654 1141 705; x_wconf 92' lang='lat' dir='ltr'>est</span> <span class='ocrx_word' id='word_1_49' title='bbox 1166 649 1523 719; x_wconf 82' lang='lat' dir='ltr'>deneganda</span> <span class='ocrx_word' id='word_1_50' title='bbox 1553 648 1900 722; x_wconf 76' lang='lat' dir='ltr'>poenitentia</span> 
     </span>
    </p>
   </div>
   <div class='ocr_carea' id='block_1_9' title="bbox 240 735 1901 810">
    <p class='ocr_par' dir='ltr' id='par_1_9' title="bbox 240 735 1901 810">
     <span class='ocr_line' id='line_1_9' title="bbox 240 735 1901 810; baseline 0.002 -20"><span class='ocrx_word' id='word_1_51' title='bbox 240 735 581 810; x_wconf 81' lang='lat' dir='ltr'>postulanti,</span> <span class='ocrx_word' id='word_1_52' title='bbox 634 752 772 791; x_wconf 91' lang='lat' dir='ltr'>cum</span> <span class='ocrx_word' id='word_1_53' title='bbox 819 736 901 792; x_wconf 86' lang='lat' dir='ltr'>illi</span> <span class='ocrx_word' id='word_1_54' title='bbox 942 754 1006 793; x_wconf 91' lang='lat' dir='ltr'>se</span> <span class='ocrx_word' id='word_1_55' title='bbox 1048 738 1271 809; x_wconf 81' lang='lat' dir='ltr'>obliget</span> <span class='ocrx_word' id='word_1_56' title='bbox 1307 739 1513 810; x_wconf 87' lang='lat' dir='ltr'>judici,</span> <span class='ocrx_word' id='word_1_57' title='bbox 1550 739 1643 794; x_wconf 86' lang='lat' dir='ltr'>cui</span> <span class='ocrx_word' id='word_1_58' title='bbox 1669 738 1901 794; x_wconf 89' lang='lat' dir='ltr'>occulta</span> 
     </span>
    </p>
   </div>
   <div class='ocr_carea' id='block_1_10' title="bbox 240 825 1069 883">
    <p class='ocr_par' dir='ltr' id='par_1_10' title="bbox 240 825 1069 883">
     <span class='ocr_line' id='line_1_10' title="bbox 240 825 1069 883; baseline -0.002 -1"><span class='ocrx_word' id='word_1_59' title='bbox 240 826 445 882; x_wconf 85' lang='lat' dir='ltr'>omnia</span> <span class='ocrx_word' id='word_1_60' title='bbox 474 825 708 883; x_wconf 89' lang='lat' dir='ltr'>noverit</span> <span class='ocrx_word' id='word_1_61' title='bbox 735 827 1003 883; x_wconf 85' lang='lat' dir='ltr'>revelari.</span> <span class='ocrx_word' id='word_1_62' title='bbox 1038 846 1069 880; x_wconf 83' lang='grc'>›</span> 
     </span>
    </p>
   </div>
   <div class='ocr_carea' id='block_1_11' title="bbox 578 952 1549 1011">
    <p class='ocr_par' dir='ltr' id='par_1_11' title="bbox 578 952 1549 1011">
     <span class='ocr_line' id='line_1_11' title="bbox 578 952 1549 1011; baseline 0 -2"><span class='ocrx_word' id='word_1_63' title='bbox 578 952 750 1009; x_wconf 87' lang='lat' dir='ltr'><strong>XXVI.</strong></span> <span class='ocrx_word' id='word_1_64' title='bbox 776 953 877 1009; x_wconf 73' lang='lat' dir='ltr'>Ea:</span> <span class='ocrx_word' id='word_1_65' title='bbox 904 954 1320 1011; x_wconf 68' lang='lat' dir='ltr'>Paenitentiali</span> <span class='ocrx_word' id='word_1_66' title='bbox 1348 955 1549 1011; x_wconf 71' lang='lat' dir='ltr'>Beda.</span> 
     </span>
    </p>
   </div>
   <div class='ocr_carea' id='block_1_12' title="bbox 307 1079 1899 1168">
    <p class='ocr_par' dir='ltr' id='par_1_12' title="bbox 307 1079 1899 1168">
     <span class='ocr_line' id='line_1_12' title="bbox 307 1079 1899 1168; baseline 0.002 -20"><span class='ocrx_word' id='word_1_67' title='bbox 307 1095 371 1149; x_wconf 92' lang='lat' dir='ltr'><strong>In</strong></span> <span class='ocrx_word' id='word_1_68' title='bbox 400 1093 598 1150; x_wconf 90' lang='lat' dir='ltr'>libello</span> <span class='ocrx_word' id='word_1_69' title='bbox 629 1094 733 1167; x_wconf 88' lang='lat' dir='ltr'>qui</span> <span class='ocrx_word' id='word_1_70' title='bbox 769 1095 1177 1168; x_wconf 89' lang='lat' dir='ltr'>supercriptus</span> <span class='ocrx_word' id='word_1_71' title='bbox 1208 1101 1297 1153; x_wconf 91' lang='lat' dir='ltr'>est</span> <span class='ocrx_word' id='word_1_72' title='bbox 1346 1079 1767 1153; x_wconf 83' lang='lat' dir='ltr'>Panitentiaiis</span> <span class='ocrx_word' id='word_1_73' title='bbox 1797 1099 1899 1151; x_wconf 89' lang='lat' dir='ltr'>Be-</span> 
     </span>
    </p>
   </div>
   <div class='ocr_carea' id='block_1_13' title="bbox 236 1183 1899 1255">
    <p class='ocr_par' dir='ltr' id='par_1_13' title="bbox 236 1183 1899 1255">
     <span class='ocr_line' id='line_1_13' title="bbox 236 1183 1899 1255; baseline 0.003 -18"><span class='ocrx_word' id='word_1_74' title='bbox 236 1183 325 1237; x_wconf 83' lang='lat' dir='ltr'>da</span> <span class='ocrx_word' id='word_1_75' title='bbox 358 1183 687 1255; x_wconf 83' lang='lat' dir='ltr'>presbyteri</span> <span class='ocrx_word' id='word_1_76' title='bbox 721 1184 1077 1239; x_wconf 82' lang='lat' dir='ltr'>venerabilis</span> <span class='ocrx_word' id='word_1_77' title='bbox 1101 1186 1205 1255; x_wconf 88' lang='lat' dir='ltr'>(De</span> <span class='ocrx_word' id='word_1_78' title='bbox 1233 1187 1449 1243; x_wconf 81' lang='lat' dir='ltr'>remed.</span> <span class='ocrx_word' id='word_1_79' title='bbox 1466 1192 1720 1255; x_wconf 83' lang='lat' dir='ltr'>peccat.,</span> <span class='ocrx_word' id='word_1_80' title='bbox 1744 1201 1899 1255; x_wconf 72' lang='lat' dir='ltr'>pra:-</span> 
     </span>
    </p>
   </div>
   <div class='ocr_carea' id='block_1_14' title="bbox 232 1272 1898 1347">
    <p class='ocr_par' dir='ltr' id='par_1_14' title="bbox 232 1272 1898 1347">
     <span class='ocr_line' id='line_1_14' title="bbox 232 1272 1898 1347; baseline 0.002 -20"><span class='ocrx_word' id='word_1_81' title='bbox 232 1274 375 1342; x_wconf 81' lang='lat' dir='ltr'>fat.)</span> <span class='ocrx_word' id='word_1_82' title='bbox 410 1289 422 1326; x_wconf 90' lang='lat'><strong>:</strong></span> <span class='ocrx_word' id='word_1_83' title='bbox 457 1295 483 1320; x_wconf 84' lang='lat'><strong>«</strong></span> <span class='ocrx_word' id='word_1_84' title='bbox 520 1272 740 1329; x_wconf 89' lang='lat' dir='ltr'>Solerte</span> <span class='ocrx_word' id='word_1_85' title='bbox 763 1273 1164 1330; x_wconf 85' lang='lat' dir='ltr'>admonemus</span> <span class='ocrx_word' id='word_1_86' title='bbox 1194 1274 1439 1330; x_wconf 89' lang='lat' dir='ltr'>doctum</span> <span class='ocrx_word' id='word_1_87' title='bbox 1468 1290 1773 1347; x_wconf 86' lang='lat' dir='ltr'>quemque</span> <span class='ocrx_word' id='word_1_88' title='bbox 1804 1289 1898 1330; x_wconf 85' lang='lat' dir='ltr'>sa-</span> 
     </span>
    </p>
   </div>
   <div class='ocr_carea' id='block_1_15' title="bbox 236 1361 1896 1437">
    <p class='ocr_par' dir='ltr' id='par_1_15' title="bbox 236 1361 1896 1437">
     <span class='ocr_line' id='line_1_15' title="bbox 236 1361 1896 1437; baseline 0.001 -21"><span class='ocrx_word' id='word_1_89' title='bbox 236 1361 537 1417; x_wconf 84' lang='lat' dir='ltr'>cerdotem</span> <span class='ocrx_word' id='word_1_90' title='bbox 565 1361 793 1429; x_wconf 77' lang='lat' dir='ltr'>Christi,</span> <span class='ocrx_word' id='word_1_91' title='bbox 827 1367 890 1417; x_wconf 90' lang='lat' dir='ltr'>ut</span> <span class='ocrx_word' id='word_1_92' title='bbox 918 1363 980 1418; x_wconf 89' lang='lat' dir='ltr'>in</span> <span class='ocrx_word' id='word_1_93' title='bbox 1010 1364 1321 1432; x_wconf 81' lang='lat' dir='ltr'>universis,</span> <span class='ocrx_word' id='word_1_94' title='bbox 1340 1381 1472 1437; x_wconf 82' lang='lat' dir='ltr'>qua</span> <span class='ocrx_word' id='word_1_95' title='bbox 1492 1364 1588 1419; x_wconf 89' lang='lat' dir='ltr'>hic</span> <span class='ocrx_word' id='word_1_96' title='bbox 1613 1363 1896 1419; x_wconf 84' lang='lat' dir='ltr'>adnotata</span> 
     </span>
    </p>
   </div>
   <div class='ocr_carea' id='block_1_16' title="bbox 235 1451 1893 1524">
    <p class='ocr_par' dir='ltr' id='par_1_16' title="bbox 235 1451 1893 1524">
     <span class='ocr_line' id='line_1_16' title="bbox 235 1451 1893 1524; baseline 0.001 -18"><span class='ocrx_word' id='word_1_97' title='bbox 235 1451 534 1524; x_wconf 70' lang='lat' dir='ltr'>repererit,</span> <span class='ocrx_word' id='word_1_98' title='bbox 586 1468 817 1519; x_wconf 83' lang='lat' dir='ltr'>sexum,</span> <span class='ocrx_word' id='word_1_99' title='bbox 864 1456 1122 1521; x_wconf 88' lang='lat' dir='ltr'>atatem,</span> <span class='ocrx_word' id='word_1_100' title='bbox 1174 1453 1599 1517; x_wconf 89' lang='lat' dir='ltr'>conditionem,</span> <span class='ocrx_word' id='word_1_101' title='bbox 1650 1457 1893 1520; x_wconf 90' lang='lat' dir='ltr'>statum,</span> 
     </span>
    </p>
   </div>
   <div class='ocr_carea' id='block_1_17' title="bbox 1095 1701 1899 1821">
    <p class='ocr_par' dir='ltr' id='par_1_17' title="bbox 1095 1701 1899 1821">
     <span class='ocr_line' id='line_1_17' title="bbox 1095 1701 1899 1821; baseline -0.004 0"><span class='ocrx_word' id='word_1_102' title='bbox 1095 1701 1899 1821; x_wconf 73' lang='lat' dir='ltr'><strong>CONCILIUM</strong></span> 
     </span>
    </p>
   </div>
   <div class='ocr_carea' id='block_1_18' title="bbox 2012 389 3667 465">
    <p class='ocr_par' dir='ltr' id='par_1_18' title="bbox 2012 389 3667 465">
     <span class='ocr_line' id='line_1_18' title="bbox 2012 389 3667 465; baseline 0.011 -26"><span class='ocrx_word' id='word_1_103' title='bbox 2012 390 2250 441; x_wconf 85' lang='lat' dir='ltr'>cernat:</span> <span class='ocrx_word' id='word_1_104' title='bbox 2280 392 2337 444; x_wconf 91' lang='lat' dir='ltr'>et</span> <span class='ocrx_word' id='word_1_105' title='bbox 2380 389 2714 445; x_wconf 89' lang='lat' dir='ltr'>secundum</span> <span class='ocrx_word' id='word_1_106' title='bbox 2757 392 2883 447; x_wconf 86' lang='lat' dir='ltr'>hac</span> <span class='ocrx_word' id='word_1_107' title='bbox 2914 394 3062 465; x_wconf 88' lang='lat' dir='ltr'>quid</span> <span class='ocrx_word' id='word_1_108' title='bbox 3117 396 3229 452; x_wconf 90' lang='lat' dir='ltr'>sibi</span> <span class='ocrx_word' id='word_1_109' title='bbox 3277 398 3470 454; x_wconf 86' lang='lat' dir='ltr'>visum</span> <span class='ocrx_word' id='word_1_110' title='bbox 3496 400 3667 458; x_wconf 86' lang='lat' dir='ltr'>fuerit</span> 
     </span>
    </p>
   </div>
   <div class='ocr_carea' id='block_1_19' title="bbox 2011 474 3667 559">
    <p class='ocr_par' dir='ltr' id='par_1_19' title="bbox 2011 474 3667 559">
     <span class='ocr_line' id='line_1_19' title="bbox 2011 474 3667 559; baseline 0.01 -31"><span class='ocrx_word' id='word_1_111' title='bbox 2011 474 2245 543; x_wconf 80' lang='lat' dir='ltr'>singula</span> <span class='ocrx_word' id='word_1_112' title='bbox 2294 494 2550 550; x_wconf 89' lang='lat' dir='ltr'>quaque</span> <span class='ocrx_word' id='word_1_113' title='bbox 2605 478 2853 548; x_wconf 90' lang='lat' dir='ltr'>judicet.</span> <span class='ocrx_word' id='word_1_114' title='bbox 2909 482 3285 547; x_wconf 87' lang='lat' dir='ltr'>Quibusdam</span> <span class='ocrx_word' id='word_1_115' title='bbox 3327 501 3592 559; x_wconf 87' lang='lat' dir='ltr'>namque</span> <span class='ocrx_word' id='word_1_116' title='bbox 3632 505 3667 546; x_wconf 87' lang='lat' dir='ltr'>a</span> 
     </span>
    </p>
   </div>
   <div class='ocr_carea' id='block_1_20' title="bbox 2010 562 3669 642">
    <p class='ocr_par' dir='ltr' id='par_1_20' title="bbox 2010 562 3669 642">
     <span class='ocr_line' id='line_1_20' title="bbox 2010 562 3669 642; baseline 0.009 -25"><span class='ocrx_word' id='word_1_117' title='bbox 2010 562 2156 618; x_wconf 91' lang='lat' dir='ltr'>cibis</span> <span class='ocrx_word' id='word_1_118' title='bbox 2187 564 2545 622; x_wconf 89' lang='lat' dir='ltr'>abstinendo</span> <span class='ocrx_word' id='word_1_119' title='bbox 2566 566 2695 622; x_wconf 90' lang='lat' dir='ltr'>aliis</span> <span class='ocrx_word' id='word_1_120' title='bbox 2724 567 3141 642; x_wconf 82' lang='lat' dir='ltr'>eleemosynas</span> <span class='ocrx_word' id='word_1_121' title='bbox 3173 573 3395 641; x_wconf 89' lang='lat' dir='ltr'>dando,</span> <span class='ocrx_word' id='word_1_122' title='bbox 3416 576 3669 631; x_wconf 90' lang='lat' dir='ltr'>nonnul-</span> 
     </span>
    </p>
   </div>
   <div class='ocr_carea' id='block_1_21' title="bbox 2008 651 3666 737">
    <p class='ocr_par' dir='ltr' id='par_1_21' title="bbox 2008 651 3666 737">
     <span class='ocr_line' id='line_1_21' title="bbox 2008 651 3666 737; baseline 0.01 -32"><span class='ocrx_word' id='word_1_123' title='bbox 2008 651 2080 706; x_wconf 90' lang='lat' dir='ltr'>lis</span> <span class='ocrx_word' id='word_1_124' title='bbox 2112 653 2405 710; x_wconf 90' lang='lat' dir='ltr'>ﬂectendo</span> <span class='ocrx_word' id='word_1_125' title='bbox 2436 655 2656 729; x_wconf 85' lang='lat' dir='ltr'>sapius</span> <span class='ocrx_word' id='word_1_126' title='bbox 2702 672 2918 727; x_wconf 91' lang='lat' dir='ltr'>genua,</span> <span class='ocrx_word' id='word_1_127' title='bbox 2953 660 3091 715; x_wconf 91' lang='lat' dir='ltr'>huic</span> <span class='ocrx_word' id='word_1_128' title='bbox 3138 662 3197 716; x_wconf 92' lang='lat' dir='ltr'>in</span> <span class='ocrx_word' id='word_1_129' title='bbox 3228 679 3400 719; x_wconf 86' lang='lat' dir='ltr'>cruce</span> <span class='ocrx_word' id='word_1_130' title='bbox 3430 665 3666 737; x_wconf 87' lang='lat' dir='ltr'>stando,</span> 
     </span>
    </p>
   </div>
   <div class='ocr_carea' id='block_1_22' title="bbox 2008 742 3669 823">
    <p class='ocr_par' dir='ltr' id='par_1_22' title="bbox 2008 742 3669 823">
     <span class='ocr_line' id='line_1_22' title="bbox 2008 742 3669 823; baseline 0.008 -26"><span class='ocrx_word' id='word_1_131' title='bbox 2008 746 2112 798; x_wconf 91' lang='lat' dir='ltr'>aut</span> <span class='ocrx_word' id='word_1_132' title='bbox 2140 742 2303 798; x_wconf 91' lang='lat' dir='ltr'>aliud</span> <span class='ocrx_word' id='word_1_133' title='bbox 2334 743 2559 817; x_wconf 89' lang='lat' dir='ltr'>aliquid</span> <span class='ocrx_word' id='word_1_134' title='bbox 2586 744 2937 815; x_wconf 90' lang='lat' dir='ltr'>hujusmodi</span> <span class='ocrx_word' id='word_1_135' title='bbox 2956 749 3121 819; x_wconf 88' lang='lat' dir='ltr'>quod</span> <span class='ocrx_word' id='word_1_136' title='bbox 3148 750 3224 805; x_wconf 89' lang='lat' dir='ltr'>ad</span> <span class='ocrx_word' id='word_1_137' title='bbox 3252 753 3669 823; x_wconf 79' lang='lat' dir='ltr'>purgationem</span> 
     </span>
    </p>
   </div>
   <div class='ocr_carea' id='block_1_23' title="bbox 2005 834 3669 911">
    <p class='ocr_par' dir='ltr' id='par_1_23' title="bbox 2005 834 3669 911">
     <span class='ocr_line' id='line_1_23' title="bbox 2005 834 3669 911; baseline 0.008 -25"><span class='ocrx_word' id='word_1_138' title='bbox 2005 836 2391 903; x_wconf 91' lang='lat' dir='ltr'>peccatorum</span> <span class='ocrx_word' id='word_1_139' title='bbox 2421 834 2715 906; x_wconf 89' lang='lat' dir='ltr'>pertineat</span> <span class='ocrx_word' id='word_1_140' title='bbox 2734 835 3007 893; x_wconf 90' lang='lat' dir='ltr'>faciendo</span> <span class='ocrx_word' id='word_1_141' title='bbox 3040 855 3053 892; x_wconf 88' lang='lat'><em>:</em></span> <span class='ocrx_word' id='word_1_142' title='bbox 3081 838 3353 911; x_wconf 87' lang='lat' dir='ltr'>plurimis</span> <span class='ocrx_word' id='word_1_143' title='bbox 3394 842 3669 899; x_wconf 88' lang='lat' dir='ltr'>universa</span> 
     </span>
    </p>
   </div>
   <div class='ocr_carea' id='block_1_24' title="bbox 2007 922 3664 1001">
    <p class='ocr_par' dir='ltr' id='par_1_24' title="bbox 2007 922 3664 1001">
     <span class='ocr_line' id='line_1_24' title="bbox 2007 922 3664 1001; baseline 0.007 -25"><span class='ocrx_word' id='word_1_144' title='bbox 2007 922 2135 976; x_wconf 88' lang='lat' dir='ltr'>hac</span> <span class='ocrx_word' id='word_1_145' title='bbox 2182 922 2420 991; x_wconf 89' lang='lat' dir='ltr'>agenda</span> <span class='ocrx_word' id='word_1_146' title='bbox 2468 928 2622 979; x_wconf 90' lang='lat' dir='ltr'>sunt.</span> <span class='ocrx_word' id='word_1_147' title='bbox 2673 928 2919 981; x_wconf 81' lang='lat' dir='ltr'>Necesse</span> <span class='ocrx_word' id='word_1_148' title='bbox 2972 933 3063 983; x_wconf 90' lang='lat' dir='ltr'>est</span> <span class='ocrx_word' id='word_1_149' title='bbox 3105 935 3299 984; x_wconf 89' lang='lat' dir='ltr'>errata</span> <span class='ocrx_word' id='word_1_150' title='bbox 3350 931 3664 1001; x_wconf 82' lang='lat' dir='ltr'>corrigere,</span> 
     </span>
    </p>
   </div>
   <div class='ocr_carea' id='block_1_25' title="bbox 2008 1010 3666 1091">
    <p class='ocr_par' dir='ltr' id='par_1_25' title="bbox 2008 1010 3666 1091">
     <span class='ocr_line' id='line_1_25' title="bbox 2008 1010 3666 1091; baseline 0.007 -27"><span class='ocrx_word' id='word_1_151' title='bbox 2008 1025 2145 1082; x_wconf 83' lang='lat' dir='ltr'>qua</span> <span class='ocrx_word' id='word_1_152' title='bbox 2176 1010 2451 1069; x_wconf 90' lang='lat' dir='ltr'>universa</span> <span class='ocrx_word' id='word_1_153' title='bbox 2494 1011 2553 1067; x_wconf 93' lang='lat' dir='ltr'>in</span> <span class='ocrx_word' id='word_1_154' title='bbox 2586 1013 2862 1069; x_wconf 80' lang='lat' dir='ltr'>examine</span> <span class='ocrx_word' id='word_1_155' title='bbox 2892 1014 3130 1072; x_wconf 86' lang='lat' dir='ltr'>discreti</span> <span class='ocrx_word' id='word_1_156' title='bbox 3159 1016 3380 1075; x_wconf 87' lang='lat' dir='ltr'>debent</span> <span class='ocrx_word' id='word_1_157' title='bbox 3407 1020 3666 1091; x_wconf 88' lang='lat' dir='ltr'>pendere</span> 
     </span>
    </p>
   </div>
   <div class='ocr_carea' id='block_1_26' title="bbox 2000 1097 2308 1168">
    <p class='ocr_par' dir='ltr' id='par_1_26' title="bbox 2000 1097 2308 1168">
     <span class='ocr_line' id='line_1_26' title="bbox 2000 1097 2308 1168; baseline 0.003 -16"><span class='ocrx_word' id='word_1_158' title='bbox 2000 1097 2241 1168; x_wconf 90' lang='lat' dir='ltr'>judicis.</span> <span class='ocrx_word' id='word_1_159' title='bbox 2282 1122 2308 1147; x_wconf 86' lang='lat'>»</span> 
     </span>
    </p>
   </div>
   <div class='ocr_carea' id='block_1_27' title="bbox 2081 1186 3668 1266">
    <p class='ocr_par' dir='ltr' id='par_1_27' title="bbox 2081 1186 3668 1266">
     <span class='ocr_line' id='line_1_27' title="bbox 2081 1186 3668 1266; baseline 0.006 -24"><span class='ocrx_word' id='word_1_160' title='bbox 2081 1188 2328 1258; x_wconf 88' lang='lat' dir='ltr'>Semper</span> <span class='ocrx_word' id='word_1_161' title='bbox 2359 1186 2419 1241; x_wconf 89' lang='lat' dir='ltr'>in</span> <span class='ocrx_word' id='word_1_162' title='bbox 2448 1188 2678 1245; x_wconf 90' lang='lat' dir='ltr'>Christo</span> <span class='ocrx_word' id='word_1_163' title='bbox 2704 1190 2854 1247; x_wconf 83' lang='lat' dir='ltr'>felici</span> <span class='ocrx_word' id='word_1_164' title='bbox 2888 1208 3168 1248; x_wconf 91' lang='lat' dir='ltr'>successu</span> <span class='ocrx_word' id='word_1_165' title='bbox 3211 1194 3575 1266; x_wconf 83' lang='lat' dir='ltr'>prapolleat.</span> <span class='ocrx_word' id='word_1_166' title='bbox 3610 1199 3668 1251; x_wconf 92' lang='lat' dir='ltr'>et</span> 
     </span>
    </p>
   </div>
   <div class='ocr_carea' id='block_1_28' title="bbox 2007 1274 3667 1354">
    <p class='ocr_par' dir='ltr' id='par_1_28' title="bbox 2007 1274 3667 1354">
     <span class='ocr_line' id='line_1_28' title="bbox 2007 1274 3667 1354; baseline 0.006 -25"><span class='ocrx_word' id='word_1_167' title='bbox 2007 1274 2290 1330; x_wconf 88' lang='lat' dir='ltr'>omnibus</span> <span class='ocrx_word' id='word_1_168' title='bbox 2322 1275 2381 1330; x_wconf 91' lang='lat' dir='ltr'>in</span> <span class='ocrx_word' id='word_1_169' title='bbox 2415 1275 2589 1333; x_wconf 87' lang='lat' dir='ltr'>bonis</span> <span class='ocrx_word' id='word_1_170' title='bbox 2617 1279 2837 1349; x_wconf 84' lang='lat' dir='ltr'>vigeat,</span> <span class='ocrx_word' id='word_1_171' title='bbox 2869 1281 3196 1338; x_wconf 89' lang='lat' dir='ltr'>reverenda</span> <span class='ocrx_word' id='word_1_172' title='bbox 3222 1286 3277 1338; x_wconf 90' lang='lat' dir='ltr'>et</span> <span class='ocrx_word' id='word_1_173' title='bbox 3306 1283 3667 1354; x_wconf 90' lang='lat' dir='ltr'>percolenda</span> 
     </span>
    </p>
   </div>
   <div class='ocr_carea' id='block_1_29' title="bbox 2008 1364 3665 1435">
    <p class='ocr_par' dir='ltr' id='par_1_29' title="bbox 2008 1364 3665 1435">
     <span class='ocr_line' id='line_1_29' title="bbox 2008 1364 3665 1435; baseline 0.005 -16"><span class='ocrx_word' id='word_1_174' title='bbox 2008 1364 2371 1433; x_wconf 83' lang='lat' dir='ltr'>germanitas</span> <span class='ocrx_word' id='word_1_175' title='bbox 2421 1373 2635 1435; x_wconf 90' lang='lat' dir='ltr'>vestra,</span> <span class='ocrx_word' id='word_1_176' title='bbox 2684 1385 2917 1425; x_wconf 88' lang='lat' dir='ltr'>memor</span> <span class='ocrx_word' id='word_1_177' title='bbox 2962 1371 3148 1426; x_wconf 88' lang='lat' dir='ltr'>nostri</span> <span class='ocrx_word' id='word_1_178' title='bbox 3192 1371 3249 1426; x_wconf 89' lang='lat' dir='ltr'>in</span> <span class='ocrx_word' id='word_1_179' title='bbox 3296 1372 3665 1428; x_wconf 87' lang='lat' dir='ltr'>orationibus</span> 
     </span>
    </p>
   </div>
   <div class='ocr_carea' id='block_1_30' title="bbox 2009 1452 2865 1517">
    <p class='ocr_par' dir='ltr' id='par_1_30' title="bbox 2009 1452 2865 1517">
     <span class='ocr_line' id='line_1_30' title="bbox 2009 1452 2865 1517; baseline 0.008 -12"><span class='ocrx_word' id='word_1_180' title='bbox 2009 1452 2151 1517; x_wconf 89' lang='lat' dir='ltr'>suis,</span> <span class='ocrx_word' id='word_1_181' title='bbox 2184 1456 2241 1506; x_wconf 84' lang='lat' dir='ltr'>et</span> <span class='ocrx_word' id='word_1_182' title='bbox 2259 1452 2550 1509; x_wconf 85' lang='lat' dir='ltr'>universa</span> <span class='ocrx_word' id='word_1_183' title='bbox 2575 1455 2865 1513; x_wconf 88' lang='lat' dir='ltr'>Ecclesia.</span> 
     </span>
    </p>
   </div>
   <div class='ocr_carea' id='block_1_31' title="bbox 2022 1702 2813 1825">
    <p class='ocr_par' dir='ltr' id='par_1_31' title="bbox 2022 1702 2813 1825">
     <span class='ocr_line' id='line_1_31' title="bbox 2022 1702 2813 1825; baseline 0.003 -5"><span class='ocrx_word' id='word_1_184' title='bbox 2022 1702 2813 1825; x_wconf 79' lang='lat' dir='ltr'>RHEMENSE</span> 
     </span>
    </p>
   </div>
   <div class='ocr_carea' id='block_1_32' title="bbox 1414 1947 2491 2034">
    <p class='ocr_par' dir='ltr' id='par_1_32' title="bbox 1414 1947 2491 2034">
     <span class='ocr_line' id='line_1_32' title="bbox 1414 1947 2491 2034; baseline 0.004 -3"><span class='ocrx_word' id='word_1_185' title='bbox 1414 1947 1937 2033; x_wconf 77' lang='lat' dir='ltr'>PB/ESIDE</span> <span class='ocrx_word' id='word_1_186' title='bbox 1998 1948 2491 2034; x_wconf 76' lang='lat' dir='ltr'>BERV/EO</span> 
     </span>
    </p>
   </div>
   <div class='ocr_carea' id='block_1_33' title="bbox 228 2124 3659 2269">
    <p class='ocr_par' dir='ltr' id='par_1_33' title="bbox 228 2124 3659 2269">
     <span class='ocr_line' id='line_1_33' title="bbox 228 2124 3659 2269; baseline 0.002 -86"><span class='ocrx_word' id='word_1_187' title='bbox 228 2124 308 2183; x_wconf 85' lang='lat' dir='ltr'><strong>In</strong></span> <span class='ocrx_word' id='word_1_188' title='bbox 354 2145 470 2205; x_wconf 83' lang='lat' dir='ltr'>quo</span> <span class='ocrx_word' id='word_1_189' title='bbox 521 2125 857 2187; x_wconf 77' lang='lat' dir='ltr'>anathema</span> <span class='ocrx_word' id='word_1_190' title='bbox 904 2127 1126 2188; x_wconf 68' lang='lat' dir='ltr'>dictum</span> <span class='ocrx_word' id='word_1_191' title='bbox 1182 2129 1244 2187; x_wconf 71' lang='lat' dir='ltr'>in</span> <span class='ocrx_word' id='word_1_192' title='bbox 1299 2148 1394 2189; x_wconf 85' lang='lat' dir='ltr'>eos</span> <span class='ocrx_word' id='word_1_193' title='bbox 1443 2130 1555 2208; x_wconf 70' lang='lat' dir='ltr'>qui</span> <span class='ocrx_word' id='word_1_194' title='bbox 1605 2127 1945 2269; x_wconf 60' lang='lat' dir='ltr'>Fulconegzh</span> <span class='ocrx_word' id='word_1_195' title='bbox 1976 2127 2487 2267; x_wconf 46' lang='lat' dir='ltr'>arcﬁggscopum</span> <span class='ocrx_word' id='word_1_196' title='bbox 2547 2131 2914 2206; x_wconf 75' lang='lat' dir='ltr'>occiderant,</span> <span class='ocrx_word' id='word_1_197' title='bbox 2968 2132 3171 2211; x_wconf 70' lang='lat' dir='ltr'>pridie</span> <span class='ocrx_word' id='word_1_198' title='bbox 3225 2131 3430 2192; x_wconf 82' lang='lat' dir='ltr'>Nonas</span> <span class='ocrx_word' id='word_1_199' title='bbox 3482 2133 3659 2205; x_wconf 67' lang='lat' dir='ltr'>Julii,</span> 
     </span>
     <span class='ocr_line' id='line_1_34' title="bbox 1666 2219 2087 2268; baseline -0.005 0"><span class='ocrx_word' id='word_1_200' title='bbox 1666 2227 1823 2268; x_wconf 74' lang='lat' dir='ltr'>anno</span> <span class='ocrx_word' id='word_1_201' title='bbox 1949 2219 2087 2267; x_wconf 79' lang='lat' dir='ltr'>rzstz</span> 
     </span>
    </p>
   </div>
   <div class='ocr_carea' id='block_1_34' title="bbox 1666 2219 2087 2268">
    <p class='ocr_par' dir='ltr' id='par_1_34' title="bbox 1666 2219 2087 2268">
     <span class='ocr_line' id='line_1_35' title="bbox 1666 2219 2087 2268; baseline -0.002 -1"><span class='ocrx_word' id='word_1_202' title='bbox 1666 2227 1823 2268; x_wconf 75' lang='lat' dir='ltr'>anno</span> <span class='ocrx_word' id='word_1_203' title='bbox 1857 2219 2087 2268; x_wconf 67' lang='lat' dir='ltr'>L&#39;Izrz&#39;stz</span> 
     </span>
    </p>
   </div>
   <div class='ocr_carea' id='block_1_35' title="bbox 1289 2352 2581 2427">
    <p class='ocr_par' dir='ltr' id='par_1_35' title="bbox 1289 2352 2581 2427">
     <span class='ocr_line' id='line_1_36' title="bbox 1289 2352 2581 2427; baseline 0.001 -18"><span class='ocrx_word' id='word_1_204' title='bbox 1289 2355 1487 2427; x_wconf 78' lang='lat' dir='ltr'>(Apud</span> <span class='ocrx_word' id='word_1_205' title='bbox 1520 2353 1704 2411; x_wconf 88' lang='lat' dir='ltr'>Labb.</span> <span class='ocrx_word' id='word_1_206' title='bbox 1738 2352 1957 2411; x_wconf 88' lang='lat' dir='ltr'>Concil.</span> <span class='ocrx_word' id='word_1_207' title='bbox 1989 2357 2136 2409; x_wconf 89' lang='lat' dir='ltr'>tom.</span> <span class='ocrx_word' id='word_1_208' title='bbox 2171 2358 2256 2425; x_wconf 90' lang='lat' dir='ltr'>IX,</span> <span class='ocrx_word' id='word_1_209' title='bbox 2288 2355 2400 2410; x_wconf 90' lang='lat' dir='ltr'>col.</span> <span class='ocrx_word' id='word_1_210' title='bbox 2433 2356 2581 2427; x_wconf 72' lang='grc'>481.)</span> 
     </span>
    </p>
   </div>
   <div class='ocr_carea' id='block_1_36' title="bbox 1740 2534 2150 2551">
    <p class='ocr_par' dir='ltr' id='par_1_36' title="bbox 1740 2534 2150 2551">
     <span class='ocr_line' id='line_1_37' title="bbox 1740 2534 2150 2551; baseline -0.005 0"><span class='ocrx_word' id='word_1_211' title='bbox 1740 2534 2150 2551; x_wconf 52' lang='grc' dir='ltr'>*Μ</span> 
     </span>
    </p>
   </div>
   <div class='ocr_carea' id='block_1_37' title="bbox 296 2663 3665 2738">
    <p class='ocr_par' dir='ltr' id='par_1_37' title="bbox 296 2663 3665 2738">
     <span class='ocr_line' id='line_1_38' title="bbox 296 2663 3665 2738; baseline 0.002 -21"><span class='ocrx_word' id='word_1_212' title='bbox 296 2665 479 2719; x_wconf 80' lang='lat' dir='ltr'>Anno</span> <span class='ocrx_word' id='word_1_213' title='bbox 507 2668 611 2720; x_wconf 83' lang='lat'>900</span> <span class='ocrx_word' id='word_1_214' title='bbox 648 2663 967 2720; x_wconf 87' lang='lat' dir='ltr'>Dominica</span> <span class='ocrx_word' id='word_1_215' title='bbox 1006 2664 1455 2733; x_wconf 87' lang='lat' dir='ltr'>incarnationis,</span> <span class='ocrx_word' id='word_1_216' title='bbox 1480 2666 1668 2738; x_wconf 88' lang='lat' dir='ltr'>pridie</span> <span class='ocrx_word' id='word_1_217' title='bbox 1695 2670 1891 2722; x_wconf 86' lang='lat' dir='ltr'>Nonas</span> <span class='ocrx_word' id='word_1_218' title='bbox 1932 2667 1973 2721; x_wconf 93' lang='lat' dir='ltr'><strong>B</strong></span> <span class='ocrx_word' id='word_1_219' title='bbox 2005 2665 2190 2721; x_wconf 89' lang='lat' dir='ltr'>sionis</span> <span class='ocrx_word' id='word_1_220' title='bbox 2221 2682 2292 2720; x_wconf 83' lang='lat' dir='ltr'>ex</span> <span class='ocrx_word' id='word_1_221' title='bbox 2341 2664 2561 2720; x_wconf 89' lang='lat' dir='ltr'>intimis</span> <span class='ocrx_word' id='word_1_222' title='bbox 2606 2664 2879 2721; x_wconf 87' lang='lat' dir='ltr'>cordium</span> <span class='ocrx_word' id='word_1_223' title='bbox 2934 2665 3201 2738; x_wconf 88' lang='lat' dir='ltr'>suspiriis</span> <span class='ocrx_word' id='word_1_224' title='bbox 3256 2667 3484 2723; x_wconf 86' lang='lat' dir='ltr'>emittit.</span> <span class='ocrx_word' id='word_1_225' title='bbox 3514 2668 3665 2733; x_wconf 86' lang='lat' dir='ltr'>Quia</span> 
     </span>
    </p>
   </div>
   <div class='ocr_carea' id='block_1_38' title="bbox 212 2751 1890 2827">
    <p class='ocr_par' dir='ltr' id='par_1_38' title="bbox 212 2751 1890 2827">
     <span class='ocr_line' id='line_1_39' title="bbox 212 2751 1890 2827; baseline 0.001 -19"><span class='ocrx_word' id='word_1_226' title='bbox 212 2751 383 2821; x_wconf 82' lang='lat' dir='ltr'>Julii,</span> <span class='ocrx_word' id='word_1_227' title='bbox 415 2753 613 2825; x_wconf 92' lang='lat' dir='ltr'>primo</span> <span class='ocrx_word' id='word_1_228' title='bbox 639 2753 861 2809; x_wconf 90' lang='lat' dir='ltr'>scilicet</span> <span class='ocrx_word' id='word_1_229' title='bbox 902 2754 998 2809; x_wconf 93' lang='lat' dir='ltr'>die</span> <span class='ocrx_word' id='word_1_230' title='bbox 1023 2755 1271 2827; x_wconf 90' lang='lat' dir='ltr'>quando</span> <span class='ocrx_word' id='word_1_231' title='bbox 1297 2755 1609 2811; x_wconf 88' lang='lat' dir='ltr'>ordinatus</span> <span class='ocrx_word' id='word_1_232' title='bbox 1640 2761 1727 2811; x_wconf 91' lang='lat' dir='ltr'>est</span> <span class='ocrx_word' id='word_1_233' title='bbox 1753 2755 1890 2810; x_wconf 81' lang='lat' dir='ltr'>Her-</span> 
     </span>
    </p>
   </div>
   <div class='ocr_carea' id='block_1_39' title="bbox 214 2839 1892 2916">
    <p class='ocr_par' dir='ltr' id='par_1_39' title="bbox 214 2839 1892 2916">
     <span class='ocr_line' id='line_1_40' title="bbox 214 2839 1892 2916; baseline 0.002 -22"><span class='ocrx_word' id='word_1_234' title='bbox 214 2856 394 2895; x_wconf 78' lang='lat' dir='ltr'>vaus</span> <span class='ocrx_word' id='word_1_235' title='bbox 418 2840 479 2895; x_wconf 93' lang='lat' dir='ltr'>in</span> <span class='ocrx_word' id='word_1_236' title='bbox 506 2839 1024 2914; x_wconf 89' lang='lat' dir='ltr'>archiepiscopatu</span> <span class='ocrx_word' id='word_1_237' title='bbox 1041 2842 1357 2898; x_wconf 84' lang='lat' dir='ltr'>Rhemensi</span> <span class='ocrx_word' id='word_1_238' title='bbox 1382 2844 1721 2916; x_wconf 90' lang='lat' dir='ltr'>episcopus,</span> <span class='ocrx_word' id='word_1_239' title='bbox 1739 2843 1892 2898; x_wconf 86' lang='lat' dir='ltr'>lecta</span> 
     </span>
    </p>
   </div>
   <div class='ocr_carea' id='block_1_40' title="bbox 215 2930 1891 3004">
    <p class='ocr_par' dir='ltr' id='par_1_40' title="bbox 215 2930 1891 3004">
     <span class='ocr_line' id='line_1_41' title="bbox 215 2930 1891 3004; baseline 0.002 -20"><span class='ocrx_word' id='word_1_240' title='bbox 215 2934 315 2985; x_wconf 88' lang='lat' dir='ltr'>est</span> <span class='ocrx_word' id='word_1_241' title='bbox 344 2930 886 2986; x_wconf 81' lang='lat' dir='ltr'>excommunicatio</span> <span class='ocrx_word' id='word_1_242' title='bbox 916 2930 1046 2986; x_wconf 85' lang='lat' dir='ltr'>hac</span> <span class='ocrx_word' id='word_1_243' title='bbox 1075 2947 1212 3003; x_wconf 83' lang='lat' dir='ltr'>qua</span> <span class='ocrx_word' id='word_1_244' title='bbox 1240 2932 1524 3004; x_wconf 90' lang='lat' dir='ltr'>sequitur,</span> <span class='ocrx_word' id='word_1_245' title='bbox 1554 2933 1611 2987; x_wconf 93' lang='lat' dir='ltr'>in</span> <span class='ocrx_word' id='word_1_246' title='bbox 1644 2932 1891 2988; x_wconf 90' lang='lat' dir='ltr'>ecclesia</span> 
     </span>
    </p>
   </div>
   <div class='ocr_carea' id='block_1_41' title="bbox 215 3017 1889 3093">
    <p class='ocr_par' dir='ltr' id='par_1_41' title="bbox 215 3017 1889 3093">
     <span class='ocr_line' id='line_1_42' title="bbox 215 3017 1889 3093; baseline 0.001 -20"><span class='ocrx_word' id='word_1_247' title='bbox 215 3022 449 3074; x_wconf 84' lang='lat' dir='ltr'>sancta</span> <span class='ocrx_word' id='word_1_248' title='bbox 480 3017 669 3075; x_wconf 81' lang='lat' dir='ltr'>Maria</span> <span class='ocrx_word' id='word_1_249' title='bbox 693 3018 950 3087; x_wconf 84' lang='lat' dir='ltr'>Rhemis,</span> <span class='ocrx_word' id='word_1_250' title='bbox 972 3019 1368 3092; x_wconf 83' lang='lat' dir='ltr'>prasentibus</span> <span class='ocrx_word' id='word_1_251' title='bbox 1389 3020 1687 3093; x_wconf 90' lang='lat' dir='ltr'>episcopis</span> <span class='ocrx_word' id='word_1_252' title='bbox 1712 3021 1889 3076; x_wconf 88' lang='lat' dir='ltr'>infra-</span> 
     </span>
    </p>
   </div>
   <div class='ocr_carea' id='block_1_42' title="bbox 214 3108 450 3180">
    <p class='ocr_par' dir='ltr' id='par_1_42' title="bbox 214 3108 450 3180">
     <span class='ocr_line' id='line_1_43' title="bbox 214 3108 450 3180; baseline 0.004 -17"><span class='ocrx_word' id='word_1_253' title='bbox 214 3108 450 3180; x_wconf 90' lang='lat' dir='ltr'>criptis.</span> 
     </span>
    </p>
   </div>
   <div class='ocr_carea' id='block_1_43' title="bbox 297 3198 1887 3257">
    <p class='ocr_par' dir='ltr' id='par_1_43' title="bbox 297 3198 1887 3257">
     <span class='ocr_line' id='line_1_44' title="bbox 297 3198 1887 3257; baseline 0.003 -5"><span class='ocrx_word' id='word_1_254' title='bbox 297 3198 583 3253; x_wconf 85' lang='lat' dir='ltr'>Hervaus</span> <span class='ocrx_word' id='word_1_255' title='bbox 626 3198 869 3254; x_wconf 89' lang='lat' dir='ltr'>nomine</span> <span class='ocrx_word' id='word_1_256' title='bbox 900 3215 1022 3255; x_wconf 91' lang='lat' dir='ltr'>non</span> <span class='ocrx_word' id='word_1_257' title='bbox 1066 3199 1277 3256; x_wconf 91' lang='lat' dir='ltr'>merito</span> <span class='ocrx_word' id='word_1_258' title='bbox 1301 3200 1666 3256; x_wconf 83' lang='lat' dir='ltr'>Rhemorum</span> <span class='ocrx_word' id='word_1_259' title='bbox 1695 3200 1887 3257; x_wconf 87' lang='lat' dir='ltr'>archi-</span> 
     </span>
    </p>
   </div>
   <div class='ocr_carea' id='block_1_44' title="bbox 188 3288 1889 3361">
    <p class='ocr_par' dir='ltr' id='par_1_44' title="bbox 188 3288 1889 3361">
     <span class='ocr_line' id='line_1_45' title="bbox 188 3288 1889 3361; baseline 0.001 -16"><span class='ocrx_word' id='word_1_260' title='bbox 188 3288 550 3361; x_wconf 78' lang='lat' dir='ltr'>episcopus</span> <span class='ocrx_word' id='word_1_261' title='bbox 572 3304 644 3344; x_wconf 86' lang='lat' dir='ltr'>ac</span> <span class='ocrx_word' id='word_1_262' title='bbox 672 3288 865 3361; x_wconf 91' lang='lat' dir='ltr'>plebis</span> <span class='ocrx_word' id='word_1_263' title='bbox 896 3289 997 3345; x_wconf 91' lang='lat' dir='ltr'>Dei</span> <span class='ocrx_word' id='word_1_264' title='bbox 1015 3289 1279 3345; x_wconf 90' lang='lat' dir='ltr'>famulus</span> <span class='ocrx_word' id='word_1_265' title='bbox 1304 3290 1430 3347; x_wconf 88' lang='lat' dir='ltr'>Vito</span> <span class='ocrx_word' id='word_1_266' title='bbox 1452 3292 1889 3361; x_wconf 82' lang='lat' dir='ltr'>Rothomagen—</span> 
     </span>
    </p>
   </div>
   <div class='ocr_carea' id='block_1_45' title="bbox 215 3377 1887 3453">
    <p class='ocr_par' dir='ltr' id='par_1_45' title="bbox 215 3377 1887 3453">
     <span class='ocr_line' id='line_1_46' title="bbox 215 3377 1887 3453; baseline 0.001 -20"><span class='ocrx_word' id='word_1_267' title='bbox 215 3378 384 3433; x_wconf 87' lang='lat' dir='ltr'>sium</span> <span class='ocrx_word' id='word_1_268' title='bbox 405 3377 913 3450; x_wconf 83' lang='lat' dir='ltr'>archiepiscopus,</span> <span class='ocrx_word' id='word_1_269' title='bbox 943 3377 1207 3433; x_wconf 87' lang='lat' dir='ltr'>Riculfus</span> <span class='ocrx_word' id='word_1_270' title='bbox 1242 3380 1627 3435; x_wconf 89' lang='lat' dir='ltr'>Suessionum</span> <span class='ocrx_word' id='word_1_271' title='bbox 1658 3380 1887 3453; x_wconf 91' lang='lat' dir='ltr'>episco-</span> 
     </span>
    </p>
   </div>
   <div class='ocr_carea' id='block_1_46' title="bbox 214 3466 1945 3541">
    <p class='ocr_par' dir='ltr' id='par_1_46' title="bbox 214 3466 1945 3541">
     <span class='ocr_line' id='line_1_47' title="bbox 214 3466 1945 3541; baseline 0.002 -20"><span class='ocrx_word' id='word_1_272' title='bbox 214 3482 360 3539; x_wconf 87' lang='lat' dir='ltr'>pus,</span> <span class='ocrx_word' id='word_1_273' title='bbox 390 3466 556 3522; x_wconf 88' lang='lat' dir='ltr'>Hetlo</span> <span class='ocrx_word' id='word_1_274' title='bbox 589 3467 1153 3536; x_wconf 72' lang='lat' dir='ltr'>Noviomagensium</span> <span class='ocrx_word' id='word_1_275' title='bbox 1186 3468 1528 3541; x_wconf 87' lang='lat' dir='ltr'>episcopus,</span> <span class='ocrx_word' id='word_1_276' title='bbox 1550 3469 1757 3525; x_wconf 90' lang='lat' dir='ltr'>Dodilo</span> <span class='ocrx_word' id='word_1_277' title='bbox 1786 3471 1887 3525; x_wconf 91' lang='lat' dir='ltr'>Ca-</span> <span class='ocrx_word' id='word_1_278' title='bbox 1938 3470 1945 3487; x_wconf 91' lang='lat'><strong><em>&#39;</em></strong></span> 
     </span>
    </p>
   </div>
   <div class='ocr_carea' id='block_1_47' title="bbox 215 3556 1888 3629">
    <p class='ocr_par' dir='ltr' id='par_1_47' title="bbox 215 3556 1888 3629">
     <span class='ocr_line' id='line_1_48' title="bbox 215 3556 1888 3629; baseline 0.001 -18"><span class='ocrx_word' id='word_1_279' title='bbox 215 3571 646 3613; x_wconf 86' lang='lat' dir='ltr'>meracensum</span> <span class='ocrx_word' id='word_1_280' title='bbox 686 3557 1031 3629; x_wconf 88' lang='lat' dir='ltr'>episcopus,</span> <span class='ocrx_word' id='word_1_281' title='bbox 1056 3556 1437 3613; x_wconf 88' lang='lat' dir='ltr'>Herinandus</span> <span class='ocrx_word' id='word_1_282' title='bbox 1467 3557 1888 3614; x_wconf 84' lang='lat' dir='ltr'>Morinensium</span> 
     </span>
    </p>
   </div>
   <div class='ocr_carea' id='block_1_48' title="bbox 213 3644 1885 3719">
    <p class='ocr_par' dir='ltr' id='par_1_48' title="bbox 213 3644 1885 3719">
     <span class='ocr_line' id='line_1_49' title="bbox 213 3644 1885 3719; baseline -0.001 -17"><span class='ocrx_word' id='word_1_283' title='bbox 213 3644 565 3718; x_wconf 84' lang='lat' dir='ltr'>episcopus,</span> <span class='ocrx_word' id='word_1_284' title='bbox 624 3646 899 3717; x_wconf 88' lang='lat' dir='ltr'>Otgarius</span> <span class='ocrx_word' id='word_1_285' title='bbox 968 3645 1469 3701; x_wconf 79' lang='lat' dir='ltr'>Ambianensium</span> <span class='ocrx_word' id='word_1_286' title='bbox 1543 3646 1885 3719; x_wconf 90' lang='lat' dir='ltr'>episcopus,</span> 
     </span>
    </p>
   </div>
   <div class='ocr_carea' id='block_1_49' title="bbox 215 3733 1890 3806">
    <p class='ocr_par' dir='ltr' id='par_1_49' title="bbox 215 3733 1890 3806">
     <span class='ocr_line' id='line_1_50' title="bbox 215 3733 1890 3806; baseline 0.002 -19"><span class='ocrx_word' id='word_1_287' title='bbox 215 3734 567 3790; x_wconf 87' lang='lat' dir='ltr'>Honoratus</span> <span class='ocrx_word' id='word_1_288' title='bbox 596 3734 1046 3790; x_wconf 89' lang='lat' dir='ltr'>Belvacensium</span> <span class='ocrx_word' id='word_1_289' title='bbox 1077 3733 1419 3806; x_wconf 91' lang='lat' dir='ltr'>episcopus,</span> <span class='ocrx_word' id='word_1_290' title='bbox 1449 3734 1673 3789; x_wconf 85' lang='lat' dir='ltr'>Mancio</span> <span class='ocrx_word' id='word_1_291' title='bbox 1725 3735 1890 3790; x_wconf 89' lang='lat' dir='ltr'>Cata-</span> 
     </span>
    </p>
   </div>
   <div class='ocr_carea' id='block_1_50' title="bbox 212 3821 1886 3895">
    <p class='ocr_par' dir='ltr' id='par_1_50' title="bbox 212 3821 1886 3895">
     <span class='ocr_line' id='line_1_51' title="bbox 212 3821 1886 3895; baseline 0 -17"><span class='ocrx_word' id='word_1_292' title='bbox 212 3821 609 3879; x_wconf 84' lang='lat' dir='ltr'>launensium</span> <span class='ocrx_word' id='word_1_293' title='bbox 660 3823 1000 3895; x_wconf 90' lang='lat' dir='ltr'>episcopus,</span> <span class='ocrx_word' id='word_1_294' title='bbox 1051 3821 1339 3878; x_wconf 79' lang='lat' dir='ltr'>Rodulfus</span> <span class='ocrx_word' id='word_1_295' title='bbox 1399 3822 1886 3878; x_wconf 85' lang='lat' dir='ltr'>Laudunensium</span> 
     </span>
    </p>
   </div>
   <div class='ocr_carea' id='block_1_51' title="bbox 213 3911 1885 3985">
    <p class='ocr_par' dir='ltr' id='par_1_51' title="bbox 213 3911 1885 3985">
     <span class='ocr_line' id='line_1_52' title="bbox 213 3911 1885 3985; baseline -0.001 -17"><span class='ocrx_word' id='word_1_296' title='bbox 213 3911 570 3985; x_wconf 79' lang='lat' dir='ltr'>episcopus,</span> <span class='ocrx_word' id='word_1_297' title='bbox 623 3912 884 3969; x_wconf 83' lang='lat' dir='ltr'>Otfridus</span> <span class='ocrx_word' id='word_1_298' title='bbox 940 3911 1471 3967; x_wconf 90' lang='lat' dir='ltr'>Silvanectensium</span> <span class='ocrx_word' id='word_1_299' title='bbox 1546 3912 1885 3985; x_wconf 91' lang='lat' dir='ltr'>episcopus,</span> 
     </span>
    </p>
   </div>
   <div class='ocr_carea' id='block_1_52' title="bbox 211 4000 1411 4073">
    <p class='ocr_par' dir='ltr' id='par_1_52' title="bbox 211 4000 1411 4073">
     <span class='ocr_line' id='line_1_53' title="bbox 211 4000 1411 4073; baseline -0.002 -16"><span class='ocrx_word' id='word_1_300' title='bbox 211 4001 642 4073; x_wconf 81' lang='lat' dir='ltr'>Angelrannus</span> <span class='ocrx_word' id='word_1_301' title='bbox 664 4000 1050 4057; x_wconf 81' lang='lat' dir='ltr'>Meldensium</span> <span class='ocrx_word' id='word_1_302' title='bbox 1072 4000 1411 4073; x_wconf 87' lang='lat' dir='ltr'>episcopus.</span> 
     </span>
    </p>
   </div>
   <div class='ocr_carea' id='block_1_53' title="bbox 293 4088 1881 4161">
    <p class='ocr_par' dir='ltr' id='par_1_53' title="bbox 293 4088 1881 4161">
     <span class='ocr_line' id='line_1_54' title="bbox 293 4088 1881 4161; baseline -0.001 -16"><span class='ocrx_word' id='word_1_303' title='bbox 293 4091 508 4145; x_wconf 84' lang='lat' dir='ltr'>Notum</span> <span class='ocrx_word' id='word_1_304' title='bbox 540 4088 615 4144; x_wconf 91' lang='lat' dir='ltr'>sit</span> <span class='ocrx_word' id='word_1_305' title='bbox 643 4088 926 4145; x_wconf 92' lang='lat' dir='ltr'>omnibus</span> <span class='ocrx_word' id='word_1_306' title='bbox 951 4088 1177 4161; x_wconf 88' lang='lat' dir='ltr'>ubique</span> <span class='ocrx_word' id='word_1_307' title='bbox 1226 4092 1448 4144; x_wconf 82' lang='lat' dir='ltr'>sancta</span> <span class='ocrx_word' id='word_1_308' title='bbox 1481 4088 1580 4144; x_wconf 91' lang='lat' dir='ltr'>Dei</span> <span class='ocrx_word' id='word_1_309' title='bbox 1610 4088 1881 4145; x_wconf 87' lang='lat' dir='ltr'>Ecclesia</span> 
     </span>
    </p>
   </div>
   <div class='ocr_carea' id='block_1_54' title="bbox 210 4174 1889 4249">
    <p class='ocr_par' dir='ltr' id='par_1_54' title="bbox 210 4174 1889 4249">
     <span class='ocr_line' id='line_1_55' title="bbox 210 4174 1889 4249; baseline 0.001 -17"><span class='ocrx_word' id='word_1_310' title='bbox 210 4175 521 4246; x_wconf 83' lang='lat' dir='ltr'>ﬁdelibus,</span> <span class='ocrx_word' id='word_1_311' title='bbox 556 4181 682 4234; x_wconf 92' lang='lat' dir='ltr'>tam</span> <span class='ocrx_word' id='word_1_312' title='bbox 731 4176 957 4234; x_wconf 89' lang='lat' dir='ltr'>clericis</span> <span class='ocrx_word' id='word_1_313' title='bbox 1002 4191 1186 4249; x_wconf 89' lang='lat' dir='ltr'>quam</span> <span class='ocrx_word' id='word_1_314' title='bbox 1236 4174 1424 4248; x_wconf 91' lang='lat' dir='ltr'>laicis,</span> <span class='ocrx_word' id='word_1_315' title='bbox 1456 4176 1623 4249; x_wconf 92' lang='lat' dir='ltr'>quod</span> <span class='ocrx_word' id='word_1_316' title='bbox 1677 4192 1789 4233; x_wconf 94' lang='lat' dir='ltr'>nos</span> <span class='ocrx_word' id='word_1_317' title='bbox 1832 4180 1889 4233; x_wconf 92' lang='lat' dir='ltr'>et</span> 
     </span>
    </p>
   </div>
   <div class='ocr_carea' id='block_1_55' title="bbox 208 4266 1885 4339">
    <p class='ocr_par' dir='ltr' id='par_1_55' title="bbox 208 4266 1885 4339">
     <span class='ocr_line' id='line_1_56' title="bbox 208 4266 1885 4339; baseline -0.001 -16"><span class='ocrx_word' id='word_1_318' title='bbox 208 4267 545 4324; x_wconf 88' lang='lat' dir='ltr'>commissa</span> <span class='ocrx_word' id='word_1_319' title='bbox 592 4266 766 4323; x_wconf 88' lang='lat' dir='ltr'>nobis</span> <span class='ocrx_word' id='word_1_320' title='bbox 809 4266 1095 4323; x_wconf 91' lang='lat' dir='ltr'>omnibus</span> <span class='ocrx_word' id='word_1_321' title='bbox 1146 4266 1404 4322; x_wconf 86' lang='lat' dir='ltr'>Ecclesia</span> <span class='ocrx_word' id='word_1_322' title='bbox 1441 4266 1630 4323; x_wconf 90' lang='lat' dir='ltr'>nimia</span> <span class='ocrx_word' id='word_1_323' title='bbox 1654 4270 1885 4339; x_wconf 88' lang='lat' dir='ltr'>pertur-</span> 
     </span>
    </p>
   </div>
   <div class='ocr_carea' id='block_1_56' title="bbox 214 4355 1887 4429">
    <p class='ocr_par' dir='ltr' id='par_1_56' title="bbox 214 4355 1887 4429">
     <span class='ocr_line' id='line_1_57' title="bbox 214 4355 1887 4429; baseline -0.001 -16"><span class='ocrx_word' id='word_1_324' title='bbox 214 4357 403 4413; x_wconf 83' lang='lat' dir='ltr'>batur</span> <span class='ocrx_word' id='word_1_325' title='bbox 422 4356 673 4424; x_wconf 85' lang='lat' dir='ltr'>tristitia,</span> <span class='ocrx_word' id='word_1_326' title='bbox 705 4372 816 4429; x_wconf 86' lang='lat' dir='ltr'>pro</span> <span class='ocrx_word' id='word_1_327' title='bbox 840 4356 1112 4413; x_wconf 90' lang='lat' dir='ltr'>inaudita</span> <span class='ocrx_word' id='word_1_328' title='bbox 1134 4371 1197 4411; x_wconf 88' lang='lat' dir='ltr'>re</span> <span class='ocrx_word' id='word_1_329' title='bbox 1225 4359 1363 4429; x_wconf 90' lang='lat' dir='ltr'>post</span> <span class='ocrx_word' id='word_1_330' title='bbox 1406 4355 1887 4428; x_wconf 88' lang='lat' dir='ltr'>persecutionem</span> 
     </span>
    </p>
   </div>
   <div class='ocr_carea' id='block_1_57' title="bbox 206 4444 1886 4519">
    <p class='ocr_par' dir='ltr' id='par_1_57' title="bbox 206 4444 1886 4519">
     <span class='ocr_line' id='line_1_58' title="bbox 206 4444 1886 4519; baseline 0 -17"><span class='ocrx_word' id='word_1_331' title='bbox 206 4446 502 4519; x_wconf 86' lang='lat' dir='ltr'>temporis</span> <span class='ocrx_word' id='word_1_332' title='bbox 532 4445 1310 4519; x_wconf 89' lang='lat' dir='ltr'>apostolorum,eorumque</span> <span class='ocrx_word' id='word_1_333' title='bbox 1342 4460 1781 4514; x_wconf 89' lang='lat' dir='ltr'>successorum,</span> <span class='ocrx_word' id='word_1_334' title='bbox 1811 4444 1886 4502; x_wconf 93' lang='lat' dir='ltr'>de</span> 
     </span>
    </p>
   </div>
   <div class='ocr_carea' id='block_1_58' title="bbox 210 4535 1886 4617">
    <p class='ocr_par' dir='ltr' id='par_1_58' title="bbox 210 4535 1886 4617">
     <span class='ocr_line' id='line_1_59' title="bbox 210 4535 1886 4617; baseline -0.001 -24"><span class='ocrx_word' id='word_1_335' title='bbox 210 4536 518 4593; x_wconf 89' lang='lat' dir='ltr'>occisione</span> <span class='ocrx_word' id='word_1_336' title='bbox 564 4536 851 4592; x_wconf 91' lang='lat' dir='ltr'>nimirum</span> <span class='ocrx_word' id='word_1_337' title='bbox 897 4535 1083 4609; x_wconf 91' lang='lat' dir='ltr'>patris</span> <span class='ocrx_word' id='word_1_338' title='bbox 1122 4540 1179 4617; x_wconf 78' lang='lat' dir='ltr'>et</span> <span class='ocrx_word' id='word_1_339' title='bbox 1205 4535 1463 4608; x_wconf 88' lang='lat' dir='ltr'>pastoris</span> <span class='ocrx_word' id='word_1_340' title='bbox 1519 4535 1705 4592; x_wconf 90' lang='lat' dir='ltr'>nostri</span> <span class='ocrx_word' id='word_1_341' title='bbox 1754 4535 1886 4591; x_wconf 84' lang='lat' dir='ltr'>Ful-</span> 
     </span>
    </p>
   </div>
   <div class='ocr_carea' id='block_1_59' title="bbox 209 4625 1886 4700">
    <p class='ocr_par' dir='ltr' id='par_1_59' title="bbox 209 4625 1886 4700">
     <span class='ocr_line' id='line_1_60' title="bbox 209 4625 1886 4700; baseline -0.001 -17"><span class='ocrx_word' id='word_1_342' title='bbox 209 4627 389 4683; x_wconf 85' lang='lat' dir='ltr'>conis</span> <span class='ocrx_word' id='word_1_343' title='bbox 430 4626 509 4682; x_wconf 92' lang='lat' dir='ltr'>ab</span> <span class='ocrx_word' id='word_1_344' title='bbox 556 4625 757 4700; x_wconf 85' lang='lat' dir='ltr'>impiis</span> <span class='ocrx_word' id='word_1_345' title='bbox 786 4625 969 4698; x_wconf 92' lang='lat' dir='ltr'>impie</span> <span class='ocrx_word' id='word_1_346' title='bbox 1026 4629 1387 4697; x_wconf 90' lang='lat' dir='ltr'>perpetrata,</span> <span class='ocrx_word' id='word_1_347' title='bbox 1419 4625 1524 4698; x_wconf 89' lang='lat' dir='ltr'>qui</span> <span class='ocrx_word' id='word_1_348' title='bbox 1570 4641 1682 4699; x_wconf 90' lang='lat' dir='ltr'>pro</span> <span class='ocrx_word' id='word_1_349' title='bbox 1719 4625 1886 4696; x_wconf 86' lang='lat' dir='ltr'>regni</span> 
     </span>
    </p>
   </div>
   <div class='ocr_carea' id='block_1_60' title="bbox 208 4712 1885 4785">
    <p class='ocr_par' dir='ltr' id='par_1_60' title="bbox 208 4712 1885 4785">
     <span class='ocr_line' id='line_1_61' title="bbox 208 4712 1885 4785; baseline 0 -15"><span class='ocrx_word' id='word_1_350' title='bbox 208 4714 471 4771; x_wconf 86' lang='lat' dir='ltr'>utilitate</span> <span class='ocrx_word' id='word_1_351' title='bbox 497 4720 552 4771; x_wconf 92' lang='lat' dir='ltr'>et</span> <span class='ocrx_word' id='word_1_352' title='bbox 581 4714 761 4770; x_wconf 87' lang='lat' dir='ltr'>totius</span> <span class='ocrx_word' id='word_1_353' title='bbox 793 4718 1013 4769; x_wconf 85' lang='lat' dir='ltr'>sancta</span> <span class='ocrx_word' id='word_1_354' title='bbox 1046 4712 1319 4768; x_wconf 81' lang='lat' dir='ltr'>Ecclesia</span> <span class='ocrx_word' id='word_1_355' title='bbox 1347 4717 1501 4768; x_wconf 89' lang='lat' dir='ltr'>statu</span> <span class='ocrx_word' id='word_1_356' title='bbox 1525 4728 1637 4785; x_wconf 90' lang='lat' dir='ltr'>pro</span> <span class='ocrx_word' id='word_1_357' title='bbox 1662 4713 1885 4770; x_wconf 90' lang='lat' dir='ltr'>viribus</span> 
     </span>
    </p>
   </div>
   <div class='ocr_carea' id='block_1_61' title="bbox 207 4799 1885 4875">
    <p class='ocr_par' dir='ltr' id='par_1_61' title="bbox 207 4799 1885 4875">
     <span class='ocr_line' id='line_1_62' title="bbox 207 4799 1885 4875; baseline -0.001 -17"><span class='ocrx_word' id='word_1_358' title='bbox 207 4803 316 4859; x_wconf 89' lang='lat' dir='ltr'>die</span> <span class='ocrx_word' id='word_1_359' title='bbox 340 4806 642 4875; x_wconf 91' lang='lat' dir='ltr'>noctuque</span> <span class='ocrx_word' id='word_1_360' title='bbox 667 4800 996 4869; x_wconf 86' lang='lat' dir='ltr'>desudans,</span> <span class='ocrx_word' id='word_1_361' title='bbox 1017 4817 1086 4857; x_wconf 92' lang='lat' dir='ltr'>ac</span> <span class='ocrx_word' id='word_1_362' title='bbox 1110 4800 1375 4873; x_wconf 79' lang='lat' dir='ltr'>seipsum</span> <span class='ocrx_word' id='word_1_363' title='bbox 1405 4816 1516 4872; x_wconf 93' lang='lat' dir='ltr'>pro</span> <span class='ocrx_word' id='word_1_364' title='bbox 1539 4799 1885 4857; x_wconf 87' lang='lat' dir='ltr'>defensione</span> 
     </span>
    </p>
   </div>
   <div class='ocr_carea' id='block_1_62' title="bbox 208 4888 1884 4959">
    <p class='ocr_par' dir='ltr' id='par_1_62' title="bbox 208 4888 1884 4959">
     <span class='ocr_line' id='line_1_63' title="bbox 208 4888 1884 4959; baseline -0.002 -10"><span class='ocrx_word' id='word_1_365' title='bbox 208 4891 492 4949; x_wconf 89' lang='lat' dir='ltr'>omnium</span> <span class='ocrx_word' id='word_1_366' title='bbox 534 4891 921 4947; x_wconf 83' lang='lat' dir='ltr'>ecclesiarum</span> <span class='ocrx_word' id='word_1_367' title='bbox 951 4890 1011 4945; x_wconf 92' lang='lat' dir='ltr'>in</span> <span class='ocrx_word' id='word_1_368' title='bbox 1060 4889 1173 4945; x_wconf 93' lang='lat' dir='ltr'>hoc</span> <span class='ocrx_word' id='word_1_369' title='bbox 1216 4903 1403 4959; x_wconf 90' lang='lat' dir='ltr'>regno</span> <span class='ocrx_word' id='word_1_370' title='bbox 1434 4888 1884 4945; x_wconf 90' lang='lat' dir='ltr'>consistentium</span> 
     </span>
    </p>
   </div>
   <div class='ocr_carea' id='block_1_63' title="bbox 208 4977 1885 5054">
    <p class='ocr_par' dir='ltr' id='par_1_63' title="bbox 208 4977 1885 5054">
     <span class='ocr_line' id='line_1_64' title="bbox 208 4977 1885 5054; baseline -0.001 -16"><span class='ocrx_word' id='word_1_371' title='bbox 208 4997 398 5037; x_wconf 88' lang='lat' dir='ltr'>muro</span> <span class='ocrx_word' id='word_1_372' title='bbox 442 4979 826 5054; x_wconf 88' lang='lat' dir='ltr'>protectionis</span> <span class='ocrx_word' id='word_1_373' title='bbox 873 4994 1188 5053; x_wconf 90' lang='lat' dir='ltr'>opponens</span> <span class='ocrx_word' id='word_1_374' title='bbox 1238 4978 1354 5049; x_wconf 91' lang='lat' dir='ltr'>(res</span> <span class='ocrx_word' id='word_1_375' title='bbox 1400 4977 1561 5034; x_wconf 93' lang='lat' dir='ltr'>enim</span> <span class='ocrx_word' id='word_1_376' title='bbox 1608 4994 1817 5035; x_wconf 91' lang='lat' dir='ltr'>earum</span> <span class='ocrx_word' id='word_1_377' title='bbox 1848 4995 1885 5036; x_wconf 89' lang='lat' dir='ltr'>a</span> 
     </span>
    </p>
   </div>
   <div class='ocr_carea' id='block_1_64' title="bbox 214 5067 1885 5135">
    <p class='ocr_par' dir='ltr' id='par_1_64' title="bbox 214 5067 1885 5135">
     <span class='ocr_line' id='line_1_65' title="bbox 214 5067 1885 5135; baseline -0.001 -9"><span class='ocrx_word' id='word_1_378' title='bbox 214 5070 512 5126; x_wconf 86' lang='lat' dir='ltr'>Balduino</span> <span class='ocrx_word' id='word_1_379' title='bbox 550 5070 764 5126; x_wconf 91' lang='lat' dir='ltr'>comite</span> <span class='ocrx_word' id='word_1_380' title='bbox 801 5068 926 5126; x_wconf 90' lang='lat' dir='ltr'>ﬁlio</span> <span class='ocrx_word' id='word_1_381' title='bbox 966 5067 1243 5125; x_wconf 84' lang='lat' dir='ltr'>Balduini</span> <span class='ocrx_word' id='word_1_382' title='bbox 1283 5083 1354 5123; x_wconf 91' lang='lat' dir='ltr'>ac</span> <span class='ocrx_word' id='word_1_383' title='bbox 1396 5067 1616 5135; x_wconf 77' lang='lat' dir='ltr'>Iudith,</span> <span class='ocrx_word' id='word_1_384' title='bbox 1678 5072 1885 5125; x_wconf 87' lang='lat' dir='ltr'>contra</span> 
     </span>
    </p>
   </div>
   <div class='ocr_carea' id='block_1_65' title="bbox 215 5156 1883 5230">
    <p class='ocr_par' dir='ltr' id='par_1_65' title="bbox 215 5156 1883 5230">
     <span class='ocr_line' id='line_1_66' title="bbox 215 5156 1883 5230; baseline -0.002 -14"><span class='ocrx_word' id='word_1_385' title='bbox 215 5175 468 5217; x_wconf 89' lang='lat' dir='ltr'>omnem</span> <span class='ocrx_word' id='word_1_386' title='bbox 498 5159 692 5230; x_wconf 84' lang='lat' dir='ltr'>legem</span> <span class='ocrx_word' id='word_1_387' title='bbox 721 5158 987 5214; x_wconf 89' lang='lat' dir='ltr'>divinam</span> <span class='ocrx_word' id='word_1_388' title='bbox 1021 5162 1078 5213; x_wconf 92' lang='lat' dir='ltr'>et</span> <span class='ocrx_word' id='word_1_389' title='bbox 1104 5157 1441 5213; x_wconf 90' lang='lat' dir='ltr'>humanam</span> <span class='ocrx_word' id='word_1_390' title='bbox 1470 5156 1883 5230; x_wconf 90' lang='lat' dir='ltr'>pervadeban-</span> 
     </span>
    </p>
   </div>
   <div class='ocr_carea' id='block_1_66' title="bbox 215 5245 1882 5319">
    <p class='ocr_par' dir='ltr' id='par_1_66' title="bbox 215 5245 1882 5319">
     <span class='ocr_line' id='line_1_67' title="bbox 215 5245 1882 5319; baseline 0 -16"><span class='ocrx_word' id='word_1_391' title='bbox 215 5252 359 5313; x_wconf 87' lang='lat' dir='ltr'>tur),</span> <span class='ocrx_word' id='word_1_392' title='bbox 395 5247 530 5303; x_wconf 90' lang='lat' dir='ltr'>ideo</span> <span class='ocrx_word' id='word_1_393' title='bbox 559 5247 639 5303; x_wconf 88' lang='lat' dir='ltr'>ab</span> <span class='ocrx_word' id='word_1_394' title='bbox 670 5246 859 5319; x_wconf 90' lang='lat' dir='ltr'>ipsius</span> <span class='ocrx_word' id='word_1_395' title='bbox 888 5245 1163 5302; x_wconf 87' lang='lat' dir='ltr'>Baldnini</span> <span class='ocrx_word' id='word_1_396' title='bbox 1194 5245 1543 5301; x_wconf 90' lang='lat' dir='ltr'>hominibus</span> <span class='ocrx_word' id='word_1_397' title='bbox 1572 5245 1882 5303; x_wconf 88' lang='lat' dir='ltr'>Vineema-</span> 
     </span>
    </p>
   </div>
   <div class='ocr_carea' id='block_1_67' title="bbox 214 5334 1960 5419">
    <p class='ocr_par' dir='ltr' id='par_1_67' title="bbox 214 5334 1960 5419">
     <span class='ocr_line' id='line_1_68' title="bbox 214 5334 1960 5419; baseline -0.002 -26"><span class='ocrx_word' id='word_1_398' title='bbox 214 5352 311 5406; x_wconf 91' lang='lat' dir='ltr'>ro,</span> <span class='ocrx_word' id='word_1_399' title='bbox 367 5336 670 5393; x_wconf 86' lang='lat' dir='ltr'>Evarardo</span> <span class='ocrx_word' id='word_1_400' title='bbox 721 5341 778 5390; x_wconf 92' lang='lat' dir='ltr'>et</span> <span class='ocrx_word' id='word_1_401' title='bbox 848 5335 1115 5391; x_wconf 82' lang='lat' dir='ltr'>Rotfeldo</span> <span class='ocrx_word' id='word_1_402' title='bbox 1174 5334 1483 5405; x_wconf 62' lang='lat' dir='ltr'>[Ratfridol</span> <span class='ocrx_word' id='word_1_403' title='bbox 1542 5335 1883 5407; x_wconf 79' lang='lat' dir='ltr'>caterisque</span> <span class='ocrx_word' id='word_1_404' title='bbox 1917 5366 1960 5419; x_wconf 73' lang='grc' dir='ltr'>υ</span> 
     </span>
    </p>
   </div>
   <div class='ocr_carea' id='block_1_68' title="bbox 216 5423 1883 5497">
    <p class='ocr_par' dir='ltr' id='par_1_68' title="bbox 216 5423 1883 5497">
     <span class='ocr_line' id='line_1_69' title="bbox 216 5423 1883 5497; baseline -0.002 -15"><span class='ocrx_word' id='word_1_405' title='bbox 216 5442 431 5482; x_wconf 86' lang='lat' dir='ltr'>eorum</span> <span class='ocrx_word' id='word_1_406' title='bbox 461 5424 862 5497; x_wconf 60' lang='lat' dir='ltr'>complicibus</span> <span class='ocrx_word' id='word_1_407' title='bbox 887 5425 1236 5480; x_wconf 85' lang='lat' dir='ltr'>intersectus</span> <span class='ocrx_word' id='word_1_408' title='bbox 1258 5423 1662 5479; x_wconf 86' lang='lat' dir='ltr'>credelissime</span> <span class='ocrx_word' id='word_1_409' title='bbox 1711 5440 1883 5479; x_wconf 85' lang='lat' dir='ltr'>occu-</span> 
     </span>
    </p>
   </div>
   <div class='ocr_carea' id='block_1_69' title="bbox 214 5512 1885 5585">
    <p class='ocr_par' dir='ltr' id='par_1_69' title="bbox 214 5512 1885 5585">
     <span class='ocr_line' id='line_1_70' title="bbox 214 5512 1885 5585; baseline -0.001 -15"><span class='ocrx_word' id='word_1_410' title='bbox 214 5515 370 5571; x_wconf 85' lang='lat' dir='ltr'>bnit.</span> <span class='ocrx_word' id='word_1_411' title='bbox 416 5517 493 5570; x_wconf 90' lang='lat' dir='ltr'>De</span> <span class='ocrx_word' id='word_1_412' title='bbox 538 5514 713 5585; x_wconf 90' lang='lat' dir='ltr'>cujus</span> <span class='ocrx_word' id='word_1_413' title='bbox 765 5519 951 5569; x_wconf 88' lang='lat' dir='ltr'>morte</span> <span class='ocrx_word' id='word_1_414' title='bbox 1000 5513 1178 5568; x_wconf 89' lang='lat' dir='ltr'>totius</span> <span class='ocrx_word' id='word_1_415' title='bbox 1226 5513 1494 5569; x_wconf 89' lang='lat' dir='ltr'>Ecclesia</span> <span class='ocrx_word' id='word_1_416' title='bbox 1526 5512 1676 5569; x_wconf 91' lang='lat' dir='ltr'>ordo</span> <span class='ocrx_word' id='word_1_417' title='bbox 1706 5518 1885 5585; x_wconf 88' lang='lat' dir='ltr'>atque</span> 
     </span>
    </p>
   </div>
   <div class='ocr_carea' id='block_1_70' title="bbox 208 5601 1889 5681">
    <p class='ocr_par' dir='ltr' id='par_1_70' title="bbox 208 5601 1889 5681">
     <span class='ocr_line' id='line_1_71' title="bbox 208 5601 1889 5681; baseline -0.001 -21"><span class='ocrx_word' id='word_1_418' title='bbox 208 5604 527 5681; x_wconf 85' lang='lat' dir='ltr'>processio</span> <span class='ocrx_word' id='word_1_419' title='bbox 554 5603 768 5660; x_wconf 90' lang='lat' dir='ltr'>merito</span> <span class='ocrx_word' id='word_1_420' title='bbox 790 5601 1220 5670; x_wconf 85' lang='lat' dir='ltr'>constristatur,</span> <span class='ocrx_word' id='word_1_421' title='bbox 1239 5606 1296 5659; x_wconf 92' lang='lat' dir='ltr'>et</span> <span class='ocrx_word' id='word_1_422' title='bbox 1321 5601 1586 5659; x_wconf 90' lang='lat' dir='ltr'>lamenta</span> <span class='ocrx_word' id='word_1_423' title='bbox 1615 5618 1889 5676; x_wconf 87' lang='lat' dir='ltr'>compas-</span> 
     </span>
    </p>
   </div>
   <div class='ocr_carea' id='block_1_71' title="bbox 2003 2754 3664 2830">
    <p class='ocr_par' dir='ltr' id='par_1_71' title="bbox 2003 2754 3664 2830">
     <span class='ocr_line' id='line_1_72' title="bbox 2003 2754 3664 2830; baseline 0.002 -20"><span class='ocrx_word' id='word_1_424' title='bbox 2003 2754 2180 2825; x_wconf 88' lang='lat' dir='ltr'>igitur</span> <span class='ocrx_word' id='word_1_425' title='bbox 2204 2754 2319 2811; x_wconf 86' lang='lat' dir='ltr'>tale</span> <span class='ocrx_word' id='word_1_426' title='bbox 2349 2754 2541 2810; x_wconf 90' lang='lat' dir='ltr'>scelus</span> <span class='ocrx_word' id='word_1_427' title='bbox 2592 2754 2811 2810; x_wconf 89' lang='lat' dir='ltr'>nostris</span> <span class='ocrx_word' id='word_1_428' title='bbox 2833 2755 2893 2810; x_wconf 91' lang='lat' dir='ltr'>in</span> <span class='ocrx_word' id='word_1_429' title='bbox 2922 2756 3295 2828; x_wconf 90' lang='lat' dir='ltr'>temporibus</span> <span class='ocrx_word' id='word_1_430' title='bbox 3322 2762 3664 2830; x_wconf 90' lang='lat' dir='ltr'>perpetrare</span> 
     </span>
    </p>
   </div>
   <div class='ocr_carea' id='block_1_72' title="bbox 2000 2843 3658 2923">
    <p class='ocr_par' dir='ltr' id='par_1_72' title="bbox 2000 2843 3658 2923">
     <span class='ocr_line' id='line_1_73' title="bbox 2000 2843 3658 2923; baseline 0.002 -24"><span class='ocrx_word' id='word_1_431' title='bbox 2000 2860 2125 2899; x_wconf 91' lang='lat' dir='ltr'>non</span> <span class='ocrx_word' id='word_1_432' title='bbox 2141 2844 2498 2923; x_wconf 47' lang='lat' dir='ltr'>.timuerunt,</span> <span class='ocrx_word' id='word_1_433' title='bbox 2532 2843 2694 2915; x_wconf 91' lang='lat' dir='ltr'>quod</span> <span class='ocrx_word' id='word_1_434' title='bbox 2724 2848 2898 2900; x_wconf 90' lang='lat' dir='ltr'>antea</span> <span class='ocrx_word' id='word_1_435' title='bbox 2930 2844 3042 2899; x_wconf 72' lang='lat' dir='ltr'>nisn</span> <span class='ocrx_word' id='word_1_436' title='bbox 3072 2845 3220 2900; x_wconf 86' lang='lat' dir='ltr'>forte</span> <span class='ocrx_word' id='word_1_437' title='bbox 3250 2862 3286 2901; x_wconf 91' lang='lat' dir='ltr'>a</span> <span class='ocrx_word' id='word_1_438' title='bbox 3315 2847 3572 2918; x_wconf 87' lang='lat' dir='ltr'>paganis</span> <span class='ocrx_word' id='word_1_439' title='bbox 3600 2847 3658 2902; x_wconf 93' lang='lat' dir='ltr'>in</span> 
     </span>
    </p>
   </div>
   <div class='ocr_carea' id='block_1_73' title="bbox 2003 2932 3663 3006">
    <p class='ocr_par' dir='ltr' id='par_1_73' title="bbox 2003 2932 3663 3006">
     <span class='ocr_line' id='line_1_74' title="bbox 2003 2932 3663 3006; baseline 0.004 -19"><span class='ocrx_word' id='word_1_440' title='bbox 2003 2932 2260 2988; x_wconf 90' lang='lat' dir='ltr'>Ecclesia</span> <span class='ocrx_word' id='word_1_441' title='bbox 2307 2949 2431 2989; x_wconf 91' lang='lat' dir='ltr'>non</span> <span class='ocrx_word' id='word_1_442' title='bbox 2476 2932 2770 3000; x_wconf 89' lang='lat' dir='ltr'>auditum,</span> <span class='ocrx_word' id='word_1_443' title='bbox 2820 2934 2925 3006; x_wconf 90' lang='lat' dir='ltr'>qui</span> <span class='ocrx_word' id='word_1_444' title='bbox 2979 2951 3103 2990; x_wconf 92' lang='lat' dir='ltr'>non</span> <span class='ocrx_word' id='word_1_445' title='bbox 3157 2941 3245 2990; x_wconf 92' lang='lat' dir='ltr'>est</span> <span class='ocrx_word' id='word_1_446' title='bbox 3309 2940 3551 2992; x_wconf 88' lang='lat' dir='ltr'>actum:</span> <span class='ocrx_word' id='word_1_447' title='bbox 3600 2937 3663 2993; x_wconf 90' lang='lat' dir='ltr'>in</span> 
     </span>
    </p>
   </div>
   <div class='ocr_carea' id='block_1_74' title="bbox 2001 3020 3662 3095">
    <p class='ocr_par' dir='ltr' id='par_1_74' title="bbox 2001 3020 3662 3095">
     <span class='ocr_line' id='line_1_75' title="bbox 2001 3020 3662 3095; baseline 0.004 -20"><span class='ocrx_word' id='word_1_448' title='bbox 2001 3021 2245 3076; x_wconf 91' lang='lat' dir='ltr'>nomine</span> <span class='ocrx_word' id='word_1_449' title='bbox 2278 3020 2531 3089; x_wconf 88' lang='lat' dir='ltr'>Domini,</span> <span class='ocrx_word' id='word_1_450' title='bbox 2565 3026 2621 3077; x_wconf 91' lang='lat' dir='ltr'>et</span> <span class='ocrx_word' id='word_1_451' title='bbox 2650 3021 2711 3076; x_wconf 92' lang='lat' dir='ltr'>in</span> <span class='ocrx_word' id='word_1_452' title='bbox 2742 3022 2952 3078; x_wconf 89' lang='lat' dir='ltr'>virtute</span> <span class='ocrx_word' id='word_1_453' title='bbox 2978 3022 3169 3078; x_wconf 89' lang='lat' dir='ltr'>sancti</span> <span class='ocrx_word' id='word_1_454' title='bbox 3226 3023 3495 3095; x_wconf 87' lang='lat' dir='ltr'>Spiritus,</span> <span class='ocrx_word' id='word_1_455' title='bbox 3523 3041 3662 3081; x_wconf 88' lang='lat' dir='ltr'>nec-</span> 
     </span>
    </p>
   </div>
   <div class='ocr_carea' id='block_1_75' title="bbox 1999 3109 3664 3187">
    <p class='ocr_par' dir='ltr' id='par_1_75' title="bbox 1999 3109 3664 3187">
     <span class='ocr_line' id='line_1_76' title="bbox 1999 3109 3664 3187; baseline 0.003 -22"><span class='ocrx_word' id='word_1_456' title='bbox 1999 3124 2122 3165; x_wconf 90' lang='lat' dir='ltr'>non</span> <span class='ocrx_word' id='word_1_457' title='bbox 2154 3109 2504 3166; x_wconf 89' lang='lat' dir='ltr'>auctoritate</span> <span class='ocrx_word' id='word_1_458' title='bbox 2524 3109 2822 3183; x_wconf 90' lang='lat' dir='ltr'>episcopis</span> <span class='ocrx_word' id='word_1_459' title='bbox 2842 3127 2949 3183; x_wconf 89' lang='lat' dir='ltr'>per</span> <span class='ocrx_word' id='word_1_460' title='bbox 2970 3110 3213 3167; x_wconf 89' lang='lat' dir='ltr'>beatum</span> <span class='ocrx_word' id='word_1_461' title='bbox 3238 3114 3477 3168; x_wconf 89' lang='lat' dir='ltr'>Petrum</span> <span class='ocrx_word' id='word_1_462' title='bbox 3501 3114 3664 3187; x_wconf 90' lang='lat' dir='ltr'>prin-</span> 
     </span>
    </p>
   </div>
   <div class='ocr_carea' id='block_1_76' title="bbox 2000 3198 3662 3273">
    <p class='ocr_par' dir='ltr' id='par_1_76' title="bbox 2000 3198 3662 3273">
     <span class='ocr_line' id='line_1_77' title="bbox 2000 3198 3662 3273; baseline 0.004 -21"><span class='ocrx_word' id='word_1_463' title='bbox 2000 3198 2193 3271; x_wconf 90' lang='lat' dir='ltr'>cipem</span> <span class='ocrx_word' id='word_1_464' title='bbox 2212 3198 2622 3270; x_wconf 89' lang='lat' dir='ltr'>apostolorum</span> <span class='ocrx_word' id='word_1_465' title='bbox 2642 3198 2925 3254; x_wconf 88' lang='lat' dir='ltr'>divinitus</span> <span class='ocrx_word' id='word_1_466' title='bbox 2946 3199 3179 3266; x_wconf 90' lang='lat' dir='ltr'>collata,</span> <span class='ocrx_word' id='word_1_467' title='bbox 3196 3199 3363 3273; x_wconf 92' lang='lat' dir='ltr'>ipsos</span> <span class='ocrx_word' id='word_1_468' title='bbox 3384 3217 3420 3258; x_wconf 91' lang='lat' dir='ltr'>a</span> <span class='ocrx_word' id='word_1_469' title='bbox 3441 3206 3662 3259; x_wconf 71' lang='lat' dir='ltr'>sanctae</span> 
     </span>
    </p>
   </div>
   <div class='ocr_carea' id='block_1_77' title="bbox 1997 3287 3662 3364">
    <p class='ocr_par' dir='ltr' id='par_1_77' title="bbox 1997 3287 3662 3364">
     <span class='ocr_line' id='line_1_78' title="bbox 1997 3287 3662 3364; baseline 0.004 -22"><span class='ocrx_word' id='word_1_470' title='bbox 1997 3287 2205 3343; x_wconf 92' lang='lat' dir='ltr'>matris</span> <span class='ocrx_word' id='word_1_471' title='bbox 2236 3287 2508 3344; x_wconf 85' lang='lat' dir='ltr'>Ecclesia</span> <span class='ocrx_word' id='word_1_472' title='bbox 2540 3288 2767 3357; x_wconf 87' lang='lat' dir='ltr'>gremio</span> <span class='ocrx_word' id='word_1_473' title='bbox 2810 3304 3219 3359; x_wconf 88' lang='lat' dir='ltr'>segregamus,</span> <span class='ocrx_word' id='word_1_474' title='bbox 3251 3306 3321 3345; x_wconf 89' lang='lat' dir='ltr'>ac</span> <span class='ocrx_word' id='word_1_475' title='bbox 3360 3297 3662 3364; x_wconf 88' lang='lat' dir='ltr'>perpetua</span> 
     </span>
    </p>
   </div>
   <div class='ocr_carea' id='block_1_78' title="bbox 1997 3376 3664 3452">
    <p class='ocr_par' dir='ltr' id='par_1_78' title="bbox 1997 3376 3664 3452">
     <span class='ocr_line' id='line_1_79' title="bbox 1997 3376 3664 3452; baseline 0.004 -20"><span class='ocrx_word' id='word_1_476' title='bbox 1997 3376 2402 3433; x_wconf 89' lang='lat' dir='ltr'>maledictioni</span> <span class='ocrx_word' id='word_1_477' title='bbox 2455 3378 2835 3434; x_wconf 87' lang='lat' dir='ltr'>anathemate</span> <span class='ocrx_word' id='word_1_478' title='bbox 2888 3394 2992 3434; x_wconf 92' lang='lat' dir='ltr'>eos</span> <span class='ocrx_word' id='word_1_479' title='bbox 3040 3380 3541 3452; x_wconf 90' lang='lat' dir='ltr'>condemnamus,</span> <span class='ocrx_word' id='word_1_480' title='bbox 3599 3386 3664 3437; x_wconf 92' lang='lat' dir='ltr'>ut</span> 
     </span>
    </p>
   </div>
   <div class='ocr_carea' id='block_1_79' title="bbox 1998 3466 3662 3542">
    <p class='ocr_par' dir='ltr' id='par_1_79' title="bbox 1998 3466 3662 3542">
     <span class='ocr_line' id='line_1_80' title="bbox 1998 3466 3662 3542; baseline 0.003 -21"><span class='ocrx_word' id='word_1_481' title='bbox 1998 3482 2205 3521; x_wconf 91' lang='lat' dir='ltr'>eorum</span> <span class='ocrx_word' id='word_1_482' title='bbox 2260 3466 2588 3537; x_wconf 90' lang='lat' dir='ltr'>aliquando</span> <span class='ocrx_word' id='word_1_483' title='bbox 2627 3482 2733 3537; x_wconf 89' lang='lat' dir='ltr'>per</span> <span class='ocrx_word' id='word_1_484' title='bbox 2773 3467 3080 3523; x_wconf 89' lang='lat' dir='ltr'>hominem</span> <span class='ocrx_word' id='word_1_485' title='bbox 3113 3484 3234 3523; x_wconf 90' lang='lat' dir='ltr'>non</span> <span class='ocrx_word' id='word_1_486' title='bbox 3292 3471 3393 3524; x_wconf 85' lang='lat' dir='ltr'>tiat</span> <span class='ocrx_word' id='word_1_487' title='bbox 3417 3487 3662 3542; x_wconf 89' lang='lat' dir='ltr'>recupe-</span> 
     </span>
    </p>
   </div>
   <div class='ocr_carea' id='block_1_80' title="bbox 1997 3553 3661 3621">
    <p class='ocr_par' dir='ltr' id='par_1_80' title="bbox 1997 3553 3661 3621">
     <span class='ocr_line' id='line_1_81' title="bbox 1997 3553 3661 3621; baseline 0.003 -12"><span class='ocrx_word' id='word_1_488' title='bbox 1997 3554 2169 3621; x_wconf 90' lang='lat' dir='ltr'>ratio,</span> <span class='ocrx_word' id='word_1_489' title='bbox 2203 3570 2313 3610; x_wconf 92' lang='lat' dir='ltr'>nec</span> <span class='ocrx_word' id='word_1_490' title='bbox 2341 3553 2463 3610; x_wconf 90' lang='lat' dir='ltr'>ulla</span> <span class='ocrx_word' id='word_1_491' title='bbox 2504 3554 2657 3609; x_wconf 90' lang='lat' dir='ltr'>inter</span> <span class='ocrx_word' id='word_1_492' title='bbox 2684 3554 3047 3610; x_wconf 88' lang='lat' dir='ltr'>Christianos</span> <span class='ocrx_word' id='word_1_493' title='bbox 3074 3558 3472 3613; x_wconf 89' lang='lat' dir='ltr'>conversatio.</span> <span class='ocrx_word' id='word_1_494' title='bbox 3508 3558 3661 3614; x_wconf 90' lang='lat' dir='ltr'>Sint-</span> 
     </span>
    </p>
   </div>
   <div class='ocr_carea' id='block_1_81' title="bbox 1998 3641 3662 3715">
    <p class='ocr_par' dir='ltr' id='par_1_81' title="bbox 1998 3641 3662 3715">
     <span class='ocr_line' id='line_1_82' title="bbox 1998 3641 3662 3715; baseline 0.002 -18"><span class='ocrx_word' id='word_1_495' title='bbox 1998 3658 2115 3715; x_wconf 91' lang='lat' dir='ltr'>que</span> <span class='ocrx_word' id='word_1_496' title='bbox 2141 3642 2443 3697; x_wconf 91' lang='lat' dir='ltr'>maledicti</span> <span class='ocrx_word' id='word_1_497' title='bbox 2470 3642 2529 3696; x_wconf 91' lang='lat' dir='ltr'>in</span> <span class='ocrx_word' id='word_1_498' title='bbox 2557 3641 2808 3707; x_wconf 89' lang='lat' dir='ltr'>civitate,</span> <span class='ocrx_word' id='word_1_499' title='bbox 2832 3642 3134 3699; x_wconf 91' lang='lat' dir='ltr'>maledicti</span> <span class='ocrx_word' id='word_1_500' title='bbox 3184 3644 3244 3699; x_wconf 89' lang='lat' dir='ltr'>in</span> <span class='ocrx_word' id='word_1_501' title='bbox 3285 3660 3452 3714; x_wconf 90' lang='lat' dir='ltr'>agro,</span> <span class='ocrx_word' id='word_1_502' title='bbox 3480 3646 3662 3702; x_wconf 87' lang='lat' dir='ltr'>male-</span> 
     </span>
    </p>
   </div>
   <div class='ocr_carea' id='block_1_82' title="bbox 1998 3730 3660 3806">
    <p class='ocr_par' dir='ltr' id='par_1_82' title="bbox 1998 3730 3660 3806">
     <span class='ocr_line' id='line_1_83' title="bbox 1998 3730 3660 3806; baseline 0.002 -20"><span class='ocrx_word' id='word_1_503' title='bbox 1998 3730 2225 3786; x_wconf 91' lang='lat' dir='ltr'>dictum</span> <span class='ocrx_word' id='word_1_504' title='bbox 2273 3731 2559 3786; x_wconf 90' lang='lat' dir='ltr'>horreum</span> <span class='ocrx_word' id='word_1_505' title='bbox 2612 3745 2842 3797; x_wconf 89' lang='lat' dir='ltr'>eorum,</span> <span class='ocrx_word' id='word_1_506' title='bbox 2899 3735 2956 3786; x_wconf 92' lang='lat' dir='ltr'>et</span> <span class='ocrx_word' id='word_1_507' title='bbox 3006 3731 3341 3789; x_wconf 82' lang='lat' dir='ltr'>maledicta</span> <span class='ocrx_word' id='word_1_508' title='bbox 3396 3734 3660 3806; x_wconf 84' lang='lat' dir='ltr'>reliquia</span> 
     </span>
    </p>
   </div>
   <div class='ocr_carea' id='block_1_83' title="bbox 1998 3817 3659 3890">
    <p class='ocr_par' dir='ltr' id='par_1_83' title="bbox 1998 3817 3659 3890">
     <span class='ocr_line' id='line_1_84' title="bbox 1998 3817 3659 3890; baseline 0.002 -15"><span class='ocrx_word' id='word_1_509' title='bbox 1998 3835 2229 3887; x_wconf 89' lang='lat' dir='ltr'>eorum,</span> <span class='ocrx_word' id='word_1_510' title='bbox 2254 3817 2609 3875; x_wconf 89' lang='lat' dir='ltr'>maledictus</span> <span class='ocrx_word' id='word_1_511' title='bbox 2636 3818 2864 3873; x_wconf 86' lang='lat' dir='ltr'>fructus</span> <span class='ocrx_word' id='word_1_512' title='bbox 2895 3818 3116 3875; x_wconf 89' lang='lat' dir='ltr'>ventris</span> <span class='ocrx_word' id='word_1_513' title='bbox 3154 3836 3385 3890; x_wconf 90' lang='lat' dir='ltr'>eorum,</span> <span class='ocrx_word' id='word_1_514' title='bbox 3417 3826 3475 3878; x_wconf 94' lang='lat' dir='ltr'>et</span> <span class='ocrx_word' id='word_1_515' title='bbox 3502 3823 3659 3879; x_wconf 87' lang='lat' dir='ltr'>fruc-</span> 
     </span>
    </p>
   </div>
   <div class='ocr_carea' id='block_1_84' title="bbox 1997 3906 3664 3980">
    <p class='ocr_par' dir='ltr' id='par_1_84' title="bbox 1997 3906 3664 3980">
     <span class='ocr_line' id='line_1_85' title="bbox 1997 3906 3664 3980; baseline 0.002 -16"><span class='ocrx_word' id='word_1_516' title='bbox 1997 3913 2094 3964; x_wconf 88' lang='lat' dir='ltr'>tus</span> <span class='ocrx_word' id='word_1_517' title='bbox 2147 3912 2318 3964; x_wconf 88' lang='lat' dir='ltr'>terra</span> <span class='ocrx_word' id='word_1_518' title='bbox 2377 3906 2637 3975; x_wconf 89' lang='lat' dir='ltr'>illorum,</span> <span class='ocrx_word' id='word_1_519' title='bbox 2685 3910 2958 3963; x_wconf 90' lang='lat' dir='ltr'>armenta</span> <span class='ocrx_word' id='word_1_520' title='bbox 3035 3907 3226 3966; x_wconf 89' lang='lat' dir='ltr'>boum</span> <span class='ocrx_word' id='word_1_521' title='bbox 3283 3926 3552 3980; x_wconf 90' lang='lat' dir='ltr'>suorum,</span> <span class='ocrx_word' id='word_1_522' title='bbox 3605 3915 3664 3969; x_wconf 91' lang='lat' dir='ltr'>et</span> 
     </span>
    </p>
   </div>
   <div class='ocr_carea' id='block_1_85' title="bbox 1926 3994 3661 4071">
    <p class='ocr_par' dir='ltr' id='par_1_85' title="bbox 1926 3994 3661 4071">
     <span class='ocr_line' id='line_1_86' title="bbox 1926 3994 3661 4071; baseline 0.002 -19"><span class='ocrx_word' id='word_1_523' title='bbox 1926 4014 1967 4070; x_wconf 73' lang='grc' dir='ltr'>ο</span> <span class='ocrx_word' id='word_1_524' title='bbox 1998 4012 2208 4067; x_wconf 89' lang='lat' dir='ltr'>greges</span> <span class='ocrx_word' id='word_1_525' title='bbox 2254 3995 2456 4052; x_wconf 90' lang='lat' dir='ltr'>ovium</span> <span class='ocrx_word' id='word_1_526' title='bbox 2489 4011 2761 4052; x_wconf 89' lang='lat' dir='ltr'>suarum.</span> <span class='ocrx_word' id='word_1_527' title='bbox 2804 3994 3090 4053; x_wconf 81' lang='lat' dir='ltr'>Maledicti</span> <span class='ocrx_word' id='word_1_528' title='bbox 3119 3997 3235 4055; x_wconf 90' lang='lat' dir='ltr'>sint</span> <span class='ocrx_word' id='word_1_529' title='bbox 3262 3998 3661 4071; x_wconf 88' lang='lat' dir='ltr'>ingredientes</span> 
     </span>
    </p>
   </div>
   <div class='ocr_carea' id='block_1_86' title="bbox 1997 4084 3659 4161">
    <p class='ocr_par' dir='ltr' id='par_1_86' title="bbox 1997 4084 3659 4161">
     <span class='ocr_line' id='line_1_87' title="bbox 1997 4084 3659 4161; baseline 0.002 -20"><span class='ocrx_word' id='word_1_530' title='bbox 1997 4090 2053 4141; x_wconf 90' lang='lat' dir='ltr'>et</span> <span class='ocrx_word' id='word_1_531' title='bbox 2080 4085 2472 4155; x_wconf 84' lang='lat' dir='ltr'>egredientes,</span> <span class='ocrx_word' id='word_1_532' title='bbox 2502 4085 2737 4157; x_wconf 89' lang='lat' dir='ltr'>sintque</span> <span class='ocrx_word' id='word_1_533' title='bbox 2763 4084 2825 4139; x_wconf 91' lang='lat' dir='ltr'>in</span> <span class='ocrx_word' id='word_1_534' title='bbox 2850 4084 3034 4141; x_wconf 92' lang='lat' dir='ltr'>domo</span> <span class='ocrx_word' id='word_1_535' title='bbox 3068 4086 3387 4160; x_wconf 81' lang='lat' dir='ltr'>maledicti,</span> <span class='ocrx_word' id='word_1_536' title='bbox 3420 4088 3481 4145; x_wconf 92' lang='lat' dir='ltr'>in</span> <span class='ocrx_word' id='word_1_537' title='bbox 3513 4104 3659 4161; x_wconf 86' lang='lat' dir='ltr'>agro</span> 
     </span>
    </p>
   </div>
   <div class='ocr_carea' id='block_1_87' title="bbox 1995 4172 3661 4251">
    <p class='ocr_par' dir='ltr' id='par_1_87' title="bbox 1995 4172 3661 4251">
     <span class='ocr_line' id='line_1_88' title="bbox 1995 4172 3661 4251; baseline 0.004 -22"><span class='ocrx_word' id='word_1_538' title='bbox 1995 4172 2255 4246; x_wconf 84' lang='lat' dir='ltr'>profugi.</span> <span class='ocrx_word' id='word_1_539' title='bbox 2284 4174 2565 4230; x_wconf 91' lang='lat' dir='ltr'>Intestina</span> <span class='ocrx_word' id='word_1_540' title='bbox 2592 4173 2654 4230; x_wconf 91' lang='lat' dir='ltr'>in</span> <span class='ocrx_word' id='word_1_541' title='bbox 2677 4190 2918 4230; x_wconf 91' lang='lat' dir='ltr'>sesessu</span> <span class='ocrx_word' id='word_1_542' title='bbox 2936 4173 3194 4233; x_wconf 85' lang='lat' dir='ltr'>fundant</span> <span class='ocrx_word' id='word_1_543' title='bbox 3221 4176 3371 4234; x_wconf 90' lang='lat' dir='ltr'>sicut</span> <span class='ocrx_word' id='word_1_544' title='bbox 3393 4179 3661 4251; x_wconf 84' lang='lat' dir='ltr'>perﬁdus</span> 
     </span>
    </p>
   </div>
   <div class='ocr_carea' id='block_1_88' title="bbox 1996 4262 3660 4337">
    <p class='ocr_par' dir='ltr' id='par_1_88' title="bbox 1996 4262 3660 4337">
     <span class='ocr_line' id='line_1_89' title="bbox 1996 4262 3660 4337; baseline 0.004 -20"><span class='ocrx_word' id='word_1_545' title='bbox 1996 4266 2054 4318; x_wconf 94' lang='lat' dir='ltr'>et</span> <span class='ocrx_word' id='word_1_546' title='bbox 2079 4262 2281 4318; x_wconf 85' lang='lat' dir='ltr'>infelix</span> <span class='ocrx_word' id='word_1_547' title='bbox 2309 4262 2482 4318; x_wconf 86' lang='lat' dir='ltr'>Arius</span> <span class='ocrx_word' id='word_1_548' title='bbox 2509 4281 2521 4330; x_wconf 92' lang='lat'>;</span> <span class='ocrx_word' id='word_1_549' title='bbox 2551 4263 2912 4336; x_wconf 90' lang='lat' dir='ltr'>veniantque</span> <span class='ocrx_word' id='word_1_550' title='bbox 2942 4280 3124 4337; x_wconf 90' lang='lat' dir='ltr'>super</span> <span class='ocrx_word' id='word_1_551' title='bbox 3147 4264 3279 4325; x_wconf 89' lang='lat' dir='ltr'>illos</span> <span class='ocrx_word' id='word_1_552' title='bbox 3308 4281 3521 4324; x_wconf 90' lang='lat' dir='ltr'>omnes</span> <span class='ocrx_word' id='word_1_553' title='bbox 3545 4267 3660 4323; x_wconf 80' lang='lat' dir='ltr'>illa</span> 
     </span>
    </p>
   </div>
   <div class='ocr_carea' id='block_1_89' title="bbox 1996 4350 3659 4428">
    <p class='ocr_par' dir='ltr' id='par_1_89' title="bbox 1996 4350 3659 4428">
     <span class='ocr_line' id='line_1_90' title="bbox 1996 4350 3659 4428; baseline 0.002 -21"><span class='ocrx_word' id='word_1_554' title='bbox 1996 4350 2445 4407; x_wconf 88' lang='lat' dir='ltr'>maledictiones</span> <span class='ocrx_word' id='word_1_555' title='bbox 2468 4367 2624 4424; x_wconf 87' lang='lat' dir='ltr'>quas</span> <span class='ocrx_word' id='word_1_556' title='bbox 2658 4352 2947 4408; x_wconf 90' lang='lat' dir='ltr'>Dominus</span> <span class='ocrx_word' id='word_1_557' title='bbox 2973 4368 3081 4425; x_wconf 90' lang='lat' dir='ltr'>per</span> <span class='ocrx_word' id='word_1_558' title='bbox 3105 4356 3347 4426; x_wconf 81' lang='lat' dir='ltr'>Moysen</span> <span class='ocrx_word' id='word_1_559' title='bbox 3375 4355 3438 4410; x_wconf 90' lang='lat' dir='ltr'>in</span> <span class='ocrx_word' id='word_1_560' title='bbox 3464 4371 3659 4428; x_wconf 91' lang='lat' dir='ltr'>popu-</span> 
     </span>
    </p>
   </div>
   <div class='ocr_carea' id='block_1_90' title="bbox 1995 4441 3660 4515">
    <p class='ocr_par' dir='ltr' id='par_1_90' title="bbox 1995 4441 3660 4515">
     <span class='ocr_line' id='line_1_91' title="bbox 1995 4441 3660 4515; baseline 0.002 -18"><span class='ocrx_word' id='word_1_561' title='bbox 1995 4441 2123 4497; x_wconf 91' lang='lat' dir='ltr'>lum</span> <span class='ocrx_word' id='word_1_562' title='bbox 2171 4441 2388 4498; x_wconf 89' lang='lat' dir='ltr'>divina</span> <span class='ocrx_word' id='word_1_563' title='bbox 2426 4441 2574 4513; x_wconf 92' lang='lat' dir='ltr'>legis</span> <span class='ocrx_word' id='word_1_564' title='bbox 2619 4442 3142 4515; x_wconf 83' lang='lat' dir='ltr'>pravaricatorem</span> <span class='ocrx_word' id='word_1_565' title='bbox 3181 4459 3243 4499; x_wconf 91' lang='lat' dir='ltr'>se</span> <span class='ocrx_word' id='word_1_566' title='bbox 3287 4460 3420 4500; x_wconf 92' lang='lat' dir='ltr'>esse</span> <span class='ocrx_word' id='word_1_567' title='bbox 3472 4444 3660 4500; x_wconf 90' lang='lat' dir='ltr'>inten-</span> 
     </span>
    </p>
   </div>
   <div class='ocr_carea' id='block_1_91' title="bbox 1996 4531 3659 4604">
    <p class='ocr_par' dir='ltr' id='par_1_91' title="bbox 1996 4531 3659 4604">
     <span class='ocr_line' id='line_1_92' title="bbox 1996 4531 3659 4604; baseline 0.001 -17"><span class='ocrx_word' id='word_1_568' title='bbox 1996 4531 2158 4587; x_wconf 89' lang='lat' dir='ltr'>tavit.</span> <span class='ocrx_word' id='word_1_569' title='bbox 2189 4531 2434 4604; x_wconf 91' lang='lat' dir='ltr'>Sintque</span> <span class='ocrx_word' id='word_1_570' title='bbox 2465 4532 2788 4588; x_wconf 88' lang='lat' dir='ltr'>anathema</span> <span class='ocrx_word' id='word_1_571' title='bbox 2811 4532 3192 4600; x_wconf 89' lang='lat' dir='ltr'>maranatha,</span> <span class='ocrx_word' id='word_1_572' title='bbox 3225 4536 3284 4588; x_wconf 92' lang='lat' dir='ltr'>et</span> <span class='ocrx_word' id='word_1_573' title='bbox 3308 4537 3557 4604; x_wconf 90' lang='lat' dir='ltr'>pereant</span> <span class='ocrx_word' id='word_1_574' title='bbox 3597 4533 3659 4588; x_wconf 92' lang='lat' dir='ltr'>in</span> 
     </span>
    </p>
   </div>
   <div class='ocr_carea' id='block_1_92' title="bbox 1996 4619 3662 4693">
    <p class='ocr_par' dir='ltr' id='par_1_92' title="bbox 1996 4619 3662 4693">
     <span class='ocr_line' id='line_1_93' title="bbox 1996 4619 3662 4693; baseline 0 -18"><span class='ocrx_word' id='word_1_575' title='bbox 1996 4619 2261 4676; x_wconf 91' lang='lat' dir='ltr'>secundo</span> <span class='ocrx_word' id='word_1_576' title='bbox 2312 4620 2576 4677; x_wconf 87' lang='lat' dir='ltr'>adventu</span> <span class='ocrx_word' id='word_1_577' title='bbox 2625 4620 2880 4676; x_wconf 91' lang='lat' dir='ltr'>Domini.</span> <span class='ocrx_word' id='word_1_578' title='bbox 2916 4624 3168 4693; x_wconf 89' lang='lat' dir='ltr'>Insuper</span> <span class='ocrx_word' id='word_1_579' title='bbox 3213 4619 3512 4693; x_wconf 90' lang='lat' dir='ltr'>quidquid</span> <span class='ocrx_word' id='word_1_580' title='bbox 3536 4636 3662 4675; x_wconf 84' lang='lat' dir='ltr'>ma-</span> 
     </span>
    </p>
   </div>
   <div class='ocr_carea' id='block_1_93' title="bbox 1992 4709 3659 4783">
    <p class='ocr_par' dir='ltr' id='par_1_93' title="bbox 1992 4709 3659 4783">
     <span class='ocr_line' id='line_1_94' title="bbox 1992 4709 3659 4783; baseline 0.001 -18"><span class='ocrx_word' id='word_1_581' title='bbox 1992 4709 2325 4766; x_wconf 89' lang='lat' dir='ltr'>ledictionis</span> <span class='ocrx_word' id='word_1_582' title='bbox 2374 4710 2527 4766; x_wconf 90' lang='lat' dir='ltr'>sacri</span> <span class='ocrx_word' id='word_1_583' title='bbox 2572 4725 2855 4780; x_wconf 88' lang='lat' dir='ltr'>canones,</span> <span class='ocrx_word' id='word_1_584' title='bbox 2890 4712 2947 4766; x_wconf 91' lang='lat' dir='ltr'>et</span> <span class='ocrx_word' id='word_1_585' title='bbox 2996 4709 3463 4783; x_wconf 90' lang='lat' dir='ltr'>apostolicorum</span> <span class='ocrx_word' id='word_1_586' title='bbox 3509 4709 3659 4766; x_wconf 84' lang='lat' dir='ltr'>viro-</span> 
     </span>
    </p>
   </div>
   <div class='ocr_carea' id='block_1_94' title="bbox 1992 4796 3659 4870">
    <p class='ocr_par' dir='ltr' id='par_1_94' title="bbox 1992 4796 3659 4870">
     <span class='ocr_line' id='line_1_95' title="bbox 1992 4796 3659 4870; baseline 0 -17"><span class='ocrx_word' id='word_1_587' title='bbox 1992 4814 2129 4853; x_wconf 92' lang='lat' dir='ltr'>rum</span> <span class='ocrx_word' id='word_1_588' title='bbox 2179 4798 2417 4853; x_wconf 87' lang='lat' dir='ltr'>decreta</span> <span class='ocrx_word' id='word_1_589' title='bbox 2446 4797 2776 4854; x_wconf 90' lang='lat' dir='ltr'>decernunt</span> <span class='ocrx_word' id='word_1_590' title='bbox 2805 4812 2987 4870; x_wconf 90' lang='lat' dir='ltr'>super</span> <span class='ocrx_word' id='word_1_591' title='bbox 3011 4796 3330 4854; x_wconf 92' lang='lat' dir='ltr'>homicidis</span> <span class='ocrx_word' id='word_1_592' title='bbox 3379 4802 3436 4854; x_wconf 93' lang='lat' dir='ltr'>et</span> <span class='ocrx_word' id='word_1_593' title='bbox 3480 4796 3659 4853; x_wconf 84' lang='lat' dir='ltr'>sacri-</span> 
     </span>
    </p>
   </div>
   <div class='ocr_carea' id='block_1_95' title="bbox 1992 4887 3655 4958">
    <p class='ocr_par' dir='ltr' id='par_1_95' title="bbox 1992 4887 3655 4958">
     <span class='ocr_line' id='line_1_96' title="bbox 1992 4887 3655 4958; baseline 0.001 -15"><span class='ocrx_word' id='word_1_594' title='bbox 1992 4887 2158 4958; x_wconf 90' lang='lat' dir='ltr'>legis.</span> <span class='ocrx_word' id='word_1_595' title='bbox 2208 4891 2355 4944; x_wconf 85' lang='lat' dir='ltr'>Nam</span> <span class='ocrx_word' id='word_1_596' title='bbox 2408 4887 2541 4944; x_wconf 90' lang='lat' dir='ltr'>illos</span> <span class='ocrx_word' id='word_1_597' title='bbox 2584 4887 3015 4957; x_wconf 88' lang='lat' dir='ltr'>sacrilegorum</span> <span class='ocrx_word' id='word_1_598' title='bbox 3062 4887 3306 4944; x_wconf 91' lang='lat' dir='ltr'>nomine</span> <span class='ocrx_word' id='word_1_599' title='bbox 3349 4892 3655 4957; x_wconf 87' lang='lat' dir='ltr'>notamus,</span> 
     </span>
    </p>
   </div>
   <div class='ocr_carea' id='block_1_96' title="bbox 1993 4975 3659 5048">
    <p class='ocr_par' dir='ltr' id='par_1_96' title="bbox 1993 4975 3659 5048">
     <span class='ocr_line' id='line_1_97' title="bbox 1993 4975 3659 5048; baseline 0.001 -17"><span class='ocrx_word' id='word_1_600' title='bbox 1993 4975 2099 5048; x_wconf 89' lang='lat' dir='ltr'>qui</span> <span class='ocrx_word' id='word_1_601' title='bbox 2126 4976 2188 5031; x_wconf 90' lang='lat' dir='ltr'>in</span> <span class='ocrx_word' id='word_1_602' title='bbox 2214 4975 2378 5032; x_wconf 90' lang='lat' dir='ltr'>hunc</span> <span class='ocrx_word' id='word_1_603' title='bbox 2408 4976 2706 5032; x_wconf 89' lang='lat' dir='ltr'>Christum</span> <span class='ocrx_word' id='word_1_604' title='bbox 2734 4976 2969 5032; x_wconf 89' lang='lat' dir='ltr'>Domini</span> <span class='ocrx_word' id='word_1_605' title='bbox 3000 4991 3218 5032; x_wconf 92' lang='lat' dir='ltr'>manus</span> <span class='ocrx_word' id='word_1_606' title='bbox 3247 4976 3480 5032; x_wconf 91' lang='lat' dir='ltr'>mittere</span> <span class='ocrx_word' id='word_1_607' title='bbox 3527 4976 3659 5032; x_wconf 90' lang='lat' dir='ltr'>ausi</span> 
     </span>
    </p>
   </div>
   <div class='ocr_carea' id='block_1_97' title="bbox 1993 5062 3653 5137">
    <p class='ocr_par' dir='ltr' id='par_1_97' title="bbox 1993 5062 3653 5137">
     <span class='ocr_line' id='line_1_98' title="bbox 1993 5062 3653 5137; baseline 0.002 -18"><span class='ocrx_word' id='word_1_608' title='bbox 1993 5068 2150 5120; x_wconf 89' lang='lat' dir='ltr'>sunt.</span> <span class='ocrx_word' id='word_1_609' title='bbox 2201 5064 2388 5119; x_wconf 91' lang='lat' dir='ltr'>Omne</span> <span class='ocrx_word' id='word_1_610' title='bbox 2430 5078 2611 5136; x_wconf 91' lang='lat' dir='ltr'>super</span> <span class='ocrx_word' id='word_1_611' title='bbox 2653 5062 2806 5133; x_wconf 90' lang='lat' dir='ltr'>illos,</span> <span class='ocrx_word' id='word_1_612' title='bbox 2830 5080 2900 5120; x_wconf 91' lang='lat' dir='ltr'>ac</span> <span class='ocrx_word' id='word_1_613' title='bbox 2944 5067 3304 5137; x_wconf 89' lang='lat' dir='ltr'>perpetuum</span> <span class='ocrx_word' id='word_1_614' title='bbox 3332 5064 3653 5135; x_wconf 88' lang='lat' dir='ltr'>interitum,</span> 
     </span>
    </p>
   </div>
   <div class='ocr_carea' id='block_1_98' title="bbox 1993 5151 3655 5227">
    <p class='ocr_par' dir='ltr' id='par_1_98' title="bbox 1993 5151 3655 5227">
     <span class='ocr_line' id='line_1_99' title="bbox 1993 5151 3655 5227; baseline 0.001 -18"><span class='ocrx_word' id='word_1_615' title='bbox 1993 5169 2101 5227; x_wconf 90' lang='lat' dir='ltr'>per</span> <span class='ocrx_word' id='word_1_616' title='bbox 2131 5152 2530 5224; x_wconf 87' lang='lat' dir='ltr'>justissimam</span> <span class='ocrx_word' id='word_1_617' title='bbox 2579 5151 2791 5209; x_wconf 79' lang='lat' dir='ltr'>divinae</span> <span class='ocrx_word' id='word_1_618' title='bbox 2834 5152 3372 5210; x_wconf 90' lang='lat' dir='ltr'>animadversionis</span> <span class='ocrx_word' id='word_1_619' title='bbox 3420 5159 3655 5212; x_wconf 92' lang='lat' dir='ltr'>senten-</span> 
     </span>
    </p>
   </div>
   <div class='ocr_carea' id='block_1_99' title="bbox 1993 5242 3656 5314">
    <p class='ocr_par' dir='ltr' id='par_1_99' title="bbox 1993 5242 3656 5314">
     <span class='ocr_line' id='line_1_100' title="bbox 1993 5242 3656 5314; baseline -0.001 -14"><span class='ocrx_word' id='word_1_620' title='bbox 1993 5244 2158 5311; x_wconf 90' lang='lat' dir='ltr'>tiam,</span> <span class='ocrx_word' id='word_1_621' title='bbox 2190 5247 2566 5313; x_wconf 89' lang='lat' dir='ltr'>congeratur.</span> <span class='ocrx_word' id='word_1_622' title='bbox 2599 5242 2804 5299; x_wconf 88' lang='lat' dir='ltr'>Nullus</span> <span class='ocrx_word' id='word_1_623' title='bbox 2852 5257 2996 5314; x_wconf 89' lang='lat' dir='ltr'>ergo</span> <span class='ocrx_word' id='word_1_624' title='bbox 3024 5243 3110 5299; x_wconf 90' lang='lat' dir='ltr'>eis</span> <span class='ocrx_word' id='word_1_625' title='bbox 3165 5244 3533 5302; x_wconf 88' lang='lat' dir='ltr'>Christianus</span> <span class='ocrx_word' id='word_1_626' title='bbox 3561 5244 3656 5301; x_wconf 88' lang='lat' dir='ltr'>vel</span> 
     </span>
    </p>
   </div>
   <div class='ocr_carea' id='block_1_100' title="bbox 1994 5332 3652 5408">
    <p class='ocr_par' dir='ltr' id='par_1_100' title="bbox 1994 5332 3652 5408">
     <span class='ocr_line' id='line_1_101' title="bbox 1994 5332 3652 5408; baseline 0.001 -20"><span class='ocrx_word' id='word_1_627' title='bbox 1994 5338 2116 5388; x_wconf 80' lang='lat' dir='ltr'>Ave</span> <span class='ocrx_word' id='word_1_628' title='bbox 2164 5333 2339 5388; x_wconf 91' lang='lat' dir='ltr'>dicat.</span> <span class='ocrx_word' id='word_1_629' title='bbox 2396 5332 2601 5389; x_wconf 89' lang='lat' dir='ltr'>Nullus</span> <span class='ocrx_word' id='word_1_630' title='bbox 2675 5333 2988 5405; x_wconf 87' lang='lat' dir='ltr'>presbyter</span> <span class='ocrx_word' id='word_1_631' title='bbox 3050 5334 3267 5390; x_wconf 89' lang='lat' dir='ltr'>missas</span> <span class='ocrx_word' id='word_1_632' title='bbox 3323 5334 3652 5408; x_wconf 83' lang='lat' dir='ltr'>aliquando</span> 
     </span>
    </p>
   </div>
   <div class='ocr_carea' id='block_1_101' title="bbox 1998 5421 3662 5493">
    <p class='ocr_par' dir='ltr' id='par_1_101' title="bbox 1998 5421 3662 5493">
     <span class='ocr_line' id='line_1_102' title="bbox 1998 5421 3662 5493; baseline -0.001 -13"><span class='ocrx_word' id='word_1_633' title='bbox 1998 5439 2205 5480; x_wconf 88' lang='lat' dir='ltr'>coram</span> <span class='ocrx_word' id='word_1_634' title='bbox 2260 5421 2587 5492; x_wconf 87' lang='lat' dir='ltr'>celebrare,</span> <span class='ocrx_word' id='word_1_635' title='bbox 2634 5439 2744 5479; x_wconf 89' lang='lat' dir='ltr'>nec</span> <span class='ocrx_word' id='word_1_636' title='bbox 2802 5424 2851 5479; x_wconf 93' lang='lat' dir='ltr'>si</span> <span class='ocrx_word' id='word_1_637' title='bbox 2897 5423 3179 5481; x_wconf 84' lang='lat' dir='ltr'>inﬁrmati</span> <span class='ocrx_word' id='word_1_638' title='bbox 3235 5426 3469 5493; x_wconf 82' lang='lat' dir='ltr'>fuerint,</span> <span class='ocrx_word' id='word_1_639' title='bbox 3524 5440 3662 5480; x_wconf 91' lang='lat' dir='ltr'>con-</span> 
     </span>
    </p>
   </div>
   <div class='ocr_carea' id='block_1_102' title="bbox 2000 5513 3653 5587">
    <p class='ocr_par' dir='ltr' id='par_1_102' title="bbox 2000 5513 3653 5587">
     <span class='ocr_line' id='line_1_103' title="bbox 2000 5513 3653 5587; baseline -0.001 -19"><span class='ocrx_word' id='word_1_640' title='bbox 2000 5513 2285 5569; x_wconf 79' lang='lat' dir='ltr'>fessiones</span> <span class='ocrx_word' id='word_1_641' title='bbox 2364 5529 2570 5569; x_wconf 87' lang='lat' dir='ltr'>eoram</span> <span class='ocrx_word' id='word_1_642' title='bbox 2647 5513 2927 5587; x_wconf 88' lang='lat' dir='ltr'>recipere,</span> <span class='ocrx_word' id='word_1_643' title='bbox 3011 5515 3103 5571; x_wconf 90' lang='lat' dir='ltr'>vel</span> <span class='ocrx_word' id='word_1_644' title='bbox 3208 5520 3653 5572; x_wconf 89' lang='lat' dir='ltr'>sacrosanctam</span> 
     </span>
    </p>
   </div>
   <div class='ocr_carea' id='block_1_103' title="bbox 1999 5602 3654 5677">
    <p class='ocr_par' dir='ltr' id='par_1_103' title="bbox 1999 5602 3654 5677">
     <span class='ocr_line' id='line_1_104' title="bbox 1999 5602 3654 5677; baseline -0.001 -18"><span class='ocrx_word' id='word_1_645' title='bbox 1999 5602 2491 5660; x_wconf 91' lang='lat' dir='ltr'>communionem</span> <span class='ocrx_word' id='word_1_646' title='bbox 2519 5603 2624 5673; x_wconf 87' lang='lat' dir='ltr'>eis,</span> <span class='ocrx_word' id='word_1_647' title='bbox 2657 5603 2773 5659; x_wconf 90' lang='lat' dir='ltr'>nisi</span> <span class='ocrx_word' id='word_1_648' title='bbox 2802 5604 3174 5677; x_wconf 89' lang='lat' dir='ltr'>resipuerint,</span> <span class='ocrx_word' id='word_1_649' title='bbox 3208 5604 3386 5661; x_wconf 89' lang='lat' dir='ltr'>etiam</span> <span class='ocrx_word' id='word_1_650' title='bbox 3429 5604 3491 5659; x_wconf 91' lang='lat' dir='ltr'>in</span> <span class='ocrx_word' id='word_1_651' title='bbox 3520 5602 3654 5675; x_wconf 91' lang='lat' dir='ltr'>ipso</span> 
     </span>
    </p>
   </div>
  </div>
