  <div class='ocr_page' id='page_1' title='image "/cluster/home/n/w/nwhite01/storage/ocr_20150623/132/hvd.32044054759931/365.png"; bbox 0 0 4034 6190; ppageno 0'>
   <div class='ocr_carea' id='block_1_1' title="bbox 519 231 622 282">
    <p class='ocr_par' dir='ltr' id='par_1_1' title="bbox 519 231 622 282">
     <span class='ocr_line' id='line_1_1' title="bbox 519 231 622 282; baseline -0.01 0"><span class='ocrx_word' id='word_1_1' title='bbox 519 231 622 282; x_wconf 86' lang='grc'>719</span> 
     </span>
    </p>
   </div>
   <div class='ocr_carea' id='block_1_2' title="bbox 1305 344 1392 398">
    <p class='ocr_par' dir='ltr' id='par_1_2' title="bbox 1305 344 1392 398">
     <span class='ocr_line' id='line_1_2' title="bbox 1305 344 1392 398; baseline -0.023 0"><span class='ocrx_word' id='word_1_2' title='bbox 1305 344 1392 398; x_wconf 88' lang='lat' dir='ltr'>IV.</span> 
     </span>
    </p>
   </div>
   <div class='ocr_carea' id='block_1_3' title="bbox 591 429 2174 499">
    <p class='ocr_par' dir='ltr' id='par_1_3' title="bbox 591 429 2174 499">
     <span class='ocr_line' id='line_1_3' title="bbox 591 429 2174 499; baseline -0.003 -8"><span class='ocrx_word' id='word_1_3' title='bbox 591 441 732 492; x_wconf 88' lang='lat' dir='ltr'>ltcm</span> <span class='ocrx_word' id='word_1_4' title='bbox 760 448 1014 490; x_wconf 73' lang='lat' dir='ltr'>camerae</span> <span class='ocrx_word' id='word_1_5' title='bbox 1031 431 1385 488; x_wconf 88' lang='lat' dir='ltr'>monialium</span> <span class='ocrx_word' id='word_1_6' title='bbox 1411 447 1622 488; x_wconf 89' lang='lat' dir='ltr'>omnes</span> <span class='ocrx_word' id='word_1_7' title='bbox 1642 431 2044 499; x_wconf 77' lang='lat' dir='ltr'>destruantur,</span> <span class='ocrx_word' id='word_1_8' title='bbox 2060 429 2174 486; x_wconf 89' lang='lat' dir='ltr'>nisi</span> 
     </span>
    </p>
   </div>
   <div class='ocr_carea' id='block_1_4' title="bbox 516 519 2174 597">
    <p class='ocr_par' dir='ltr' id='par_1_4' title="bbox 516 519 2174 597">
     <span class='ocr_line' id='line_1_4' title="bbox 516 519 2174 597; baseline -0.003 -16"><span class='ocrx_word' id='word_1_9' title='bbox 516 525 718 597; x_wconf 89' lang='lat' dir='ltr'>aliqua</span> <span class='ocrx_word' id='word_1_10' title='bbox 745 539 879 596; x_wconf 66' lang='lat' dir='ltr'>quae</span> <span class='ocrx_word' id='word_1_11' title='bbox 905 521 967 577; x_wconf 90' lang='lat' dir='ltr'>in</span> <span class='ocrx_word' id='word_1_12' title='bbox 997 520 1372 594; x_wconf 83' lang='lat' dir='ltr'>susceptione</span> <span class='ocrx_word' id='word_1_13' title='bbox 1417 519 1680 593; x_wconf 84' lang='lat' dir='ltr'>episcopi</span> <span class='ocrx_word' id='word_1_14' title='bbox 1712 521 2052 576; x_wconf 88' lang='lat' dir='ltr'>necessario</span> <span class='ocrx_word' id='word_1_15' title='bbox 2081 536 2174 576; x_wconf 87' lang='lat' dir='ltr'>re-</span> 
     </span>
    </p>
   </div>
   <div class='ocr_carea' id='block_1_5' title="bbox 518 609 2174 685">
    <p class='ocr_par' dir='ltr' id='par_1_5' title="bbox 518 609 2174 685">
     <span class='ocr_line' id='line_1_5' title="bbox 518 609 2174 685; baseline -0.003 -14"><span class='ocrx_word' id='word_1_16' title='bbox 518 615 792 685; x_wconf 88' lang='lat' dir='ltr'>tineatur,</span> <span class='ocrx_word' id='word_1_17' title='bbox 818 611 912 668; x_wconf 89' lang='lat' dir='ltr'>vel</span> <span class='ocrx_word' id='word_1_18' title='bbox 938 611 1015 668; x_wconf 88' lang='lat' dir='ltr'>ad</span> <span class='ocrx_word' id='word_1_19' title='bbox 1064 609 1458 666; x_wconf 83' lang='lat' dir='ltr'>inﬁrmariam</span> <span class='ocrx_word' id='word_1_20' title='bbox 1510 611 1870 679; x_wconf 79' lang='lat' dir='ltr'>faciendam,</span> <span class='ocrx_word' id='word_1_21' title='bbox 1915 610 2010 666; x_wconf 86' lang='lat' dir='ltr'>vel</span> <span class='ocrx_word' id='word_1_22' title='bbox 2056 610 2174 666; x_wconf 88' lang='lat' dir='ltr'>alia</span> 
     </span>
    </p>
   </div>
   <div class='ocr_carea' id='block_1_6' title="bbox 515 698 2170 774">
    <p class='ocr_par' dir='ltr' id='par_1_6' title="bbox 515 698 2170 774">
     <span class='ocr_line' id='line_1_6' title="bbox 515 698 2170 774; baseline -0.004 -14"><span class='ocrx_word' id='word_1_23' title='bbox 515 703 588 759; x_wconf 88' lang='lat' dir='ltr'>de</span> <span class='ocrx_word' id='word_1_24' title='bbox 602 718 804 774; x_wconf 89' lang='lat' dir='ltr'>causa,</span> <span class='ocrx_word' id='word_1_25' title='bbox 819 716 954 773; x_wconf 69' lang='lat' dir='ltr'>quae</span> <span class='ocrx_word' id='word_1_26' title='bbox 970 698 1254 772; x_wconf 90' lang='lat' dir='ltr'>episcopo</span> <span class='ocrx_word' id='word_1_27' title='bbox 1266 698 1432 770; x_wconf 89' lang='lat' dir='ltr'>justa</span> <span class='ocrx_word' id='word_1_28' title='bbox 1453 703 1508 754; x_wconf 91' lang='lat' dir='ltr'>et</span> <span class='ocrx_word' id='word_1_29' title='bbox 1522 699 1857 755; x_wconf 89' lang='lat' dir='ltr'>necessaria</span> <span class='ocrx_word' id='word_1_30' title='bbox 1877 699 2170 754; x_wconf 89' lang='lat' dir='ltr'>videatur.</span> 
     </span>
    </p>
   </div>
   <div class='ocr_carea' id='block_1_7' title="bbox 1309 807 2000 896">
    <p class='ocr_par' dir='ltr' id='par_1_7' title="bbox 1309 807 2000 896">
     <span class='ocr_line' id='line_1_7' title="bbox 1309 807 2000 896; baseline -0.003 -36"><span class='ocrx_word' id='word_1_31' title='bbox 1309 807 1371 860; x_wconf 91' lang='lat' dir='ltr'><strong>V.</strong></span> <span class='ocrx_word' id='word_1_32' title='bbox 1975 872 2000 896; x_wconf 43' lang='grc' dir='ltr'><strong><em>ο</em></strong></span> 
     </span>
    </p>
   </div>
   <div class='ocr_carea' id='block_1_8' title="bbox 589 911 2172 986">
    <p class='ocr_par' dir='ltr' id='par_1_8' title="bbox 589 911 2172 986">
     <span class='ocr_line' id='line_1_8' title="bbox 589 911 2172 986; baseline -0.003 -14"><span class='ocrx_word' id='word_1_33' title='bbox 589 923 729 972; x_wconf 90' lang='lat' dir='ltr'>Item</span> <span class='ocrx_word' id='word_1_34' title='bbox 759 913 924 986; x_wconf 89' lang='lat' dir='ltr'>quod</span> <span class='ocrx_word' id='word_1_35' title='bbox 950 911 1240 968; x_wconf 90' lang='lat' dir='ltr'>moniales</span> <span class='ocrx_word' id='word_1_36' title='bbox 1269 912 1612 968; x_wconf 78' lang='lat' dir='ltr'>nullatenus</span> <span class='ocrx_word' id='word_1_37' title='bbox 1641 911 1798 968; x_wconf 84' lang='lat' dir='ltr'>exire</span> <span class='ocrx_word' id='word_1_38' title='bbox 1830 912 2172 985; x_wconf 87' lang='lat' dir='ltr'>permittan-</span> 
     </span>
    </p>
   </div>
   <div class='ocr_carea' id='block_1_9' title="bbox 517 1001 2174 1074">
    <p class='ocr_par' dir='ltr' id='par_1_9' title="bbox 517 1001 2174 1074">
     <span class='ocr_line' id='line_1_9' title="bbox 517 1001 2174 1074; baseline -0.002 -14"><span class='ocrx_word' id='word_1_39' title='bbox 517 1011 623 1072; x_wconf 88' lang='lat' dir='ltr'>tnr,</span> <span class='ocrx_word' id='word_1_40' title='bbox 662 1003 754 1058; x_wconf 77' lang='lat' dir='ltr'>vel</span> <span class='ocrx_word' id='word_1_41' title='bbox 779 1007 943 1058; x_wconf 82' lang='lat' dir='ltr'>extra</span> <span class='ocrx_word' id='word_1_42' title='bbox 973 1004 1344 1074; x_wconf 89' lang='lat' dir='ltr'>pernoctare,</span> <span class='ocrx_word' id='word_1_43' title='bbox 1378 1001 1491 1056; x_wconf 83' lang='lat' dir='ltr'>nisi</span> <span class='ocrx_word' id='word_1_44' title='bbox 1521 1017 1588 1056; x_wconf 71' lang='lat' dir='ltr'>ex</span> <span class='ocrx_word' id='word_1_45' title='bbox 1623 1016 1848 1071; x_wconf 90' lang='lat' dir='ltr'>magna</span> <span class='ocrx_word' id='word_1_46' title='bbox 1878 1018 2084 1069; x_wconf 90' lang='lat' dir='ltr'>causa,</span> <span class='ocrx_word' id='word_1_47' title='bbox 2117 1005 2174 1056; x_wconf 90' lang='lat' dir='ltr'>et</span> 
     </span>
    </p>
   </div>
   <div class='ocr_carea' id='block_1_10' title="bbox 512 1089 2170 1162">
    <p class='ocr_par' dir='ltr' id='par_1_10' title="bbox 512 1089 2170 1162">
     <span class='ocr_line' id='line_1_10' title="bbox 512 1089 2170 1162; baseline -0.004 -11"><span class='ocrx_word' id='word_1_48' title='bbox 512 1111 694 1151; x_wconf 88' lang='lat' dir='ltr'>raro:</span> <span class='ocrx_word' id='word_1_49' title='bbox 741 1096 800 1148; x_wconf 88' lang='lat' dir='ltr'>et</span> <span class='ocrx_word' id='word_1_50' title='bbox 845 1090 1166 1148; x_wconf 86' lang='lat' dir='ltr'>abbatissis</span> <span class='ocrx_word' id='word_1_51' title='bbox 1210 1089 1575 1162; x_wconf 88' lang='lat' dir='ltr'>injungalur,</span> <span class='ocrx_word' id='word_1_52' title='bbox 1625 1106 1700 1146; x_wconf 90' lang='lat' dir='ltr'>ne</span> <span class='ocrx_word' id='word_1_53' title='bbox 1748 1090 1914 1146; x_wconf 79' lang='lat' dir='ltr'>aliter</span> <span class='ocrx_word' id='word_1_54' title='bbox 1969 1089 2170 1160; x_wconf 91' lang='lat' dir='ltr'>egredi</span> 
     </span>
    </p>
   </div>
   <div class='ocr_carea' id='block_1_11' title="bbox 510 1178 2170 1256">
    <p class='ocr_par' dir='ltr' id='par_1_11' title="bbox 510 1178 2170 1256">
     <span class='ocr_line' id='line_1_11' title="bbox 510 1178 2170 1256; baseline -0.002 -18"><span class='ocrx_word' id='word_1_55' title='bbox 510 1181 928 1256; x_wconf 88' lang='lat' dir='ltr'>permittantur</span> <span class='ocrx_word' id='word_1_56' title='bbox 960 1198 972 1234; x_wconf 89' lang='lat'><strong>:</strong></span> <span class='ocrx_word' id='word_1_57' title='bbox 1007 1185 1064 1235; x_wconf 92' lang='lat' dir='ltr'>et</span> <span class='ocrx_word' id='word_1_58' title='bbox 1092 1179 1142 1234; x_wconf 88' lang='lat' dir='ltr'>si</span> <span class='ocrx_word' id='word_1_59' title='bbox 1169 1178 1498 1251; x_wconf 83' lang='lat' dir='ltr'>aliquando</span> <span class='ocrx_word' id='word_1_60' title='bbox 1530 1179 1838 1235; x_wconf 77' lang='lat' dir='ltr'>abbatissa</span> <span class='ocrx_word' id='word_1_61' title='bbox 1869 1196 1940 1234; x_wconf 77' lang='lat' dir='ltr'>ex</span> <span class='ocrx_word' id='word_1_62' title='bbox 1986 1195 2170 1235; x_wconf 89' lang='lat' dir='ltr'>causa</span> 
     </span>
    </p>
   </div>
   <div class='ocr_carea' id='block_1_12' title="bbox 506 1267 2170 1343">
    <p class='ocr_par' dir='ltr' id='par_1_12' title="bbox 506 1267 2170 1343">
     <span class='ocr_line' id='line_1_12' title="bbox 506 1267 2170 1343; baseline -0.001 -18"><span class='ocrx_word' id='word_1_63' title='bbox 506 1273 668 1343; x_wconf 89' lang='lat' dir='ltr'>justa</span> <span class='ocrx_word' id='word_1_64' title='bbox 697 1269 872 1327; x_wconf 87' lang='lat' dir='ltr'>alicui</span> <span class='ocrx_word' id='word_1_65' title='bbox 896 1268 1217 1342; x_wconf 80' lang='lat' dir='ltr'>permittat,</span> <span class='ocrx_word' id='word_1_66' title='bbox 1253 1267 1447 1324; x_wconf 91' lang='lat' dir='ltr'>eidem</span> <span class='ocrx_word' id='word_1_67' title='bbox 1492 1268 1786 1338; x_wconf 87' lang='lat' dir='ltr'>injungat,</span> <span class='ocrx_word' id='word_1_68' title='bbox 1836 1267 2002 1340; x_wconf 87' lang='lat' dir='ltr'>quod</span> <span class='ocrx_word' id='word_1_69' title='bbox 2043 1267 2170 1323; x_wconf 91' lang='lat' dir='ltr'>sine</span> 
     </span>
    </p>
   </div>
   <div class='ocr_carea' id='block_1_13' title="bbox 510 1362 1050 1416">
    <p class='ocr_par' dir='ltr' id='par_1_13' title="bbox 510 1362 1050 1416">
     <span class='ocr_line' id='line_1_13' title="bbox 510 1362 1050 1416; baseline -0.007 0"><span class='ocrx_word' id='word_1_70' title='bbox 510 1377 681 1416; x_wconf 90' lang='lat' dir='ltr'>mora</span> <span class='ocrx_word' id='word_1_71' title='bbox 708 1362 1050 1414; x_wconf 83' lang='lat' dir='ltr'>revertatur.</span> 
     </span>
    </p>
   </div>
   <div class='ocr_carea' id='block_1_14' title="bbox 1293 1464 1379 1517">
    <p class='ocr_par' dir='ltr' id='par_1_14' title="bbox 1293 1464 1379 1517">
     <span class='ocr_line' id='line_1_14' title="bbox 1293 1464 1379 1517; baseline 0 -1"><span class='ocrx_word' id='word_1_72' title='bbox 1293 1464 1379 1517; x_wconf 89' lang='lat' dir='ltr'><strong>VI.</strong></span> 
     </span>
    </p>
   </div>
   <div class='ocr_carea' id='block_1_15' title="bbox 580 1569 2168 1643">
    <p class='ocr_par' dir='ltr' id='par_1_15' title="bbox 580 1569 2168 1643">
     <span class='ocr_line' id='line_1_15' title="bbox 580 1569 2168 1643; baseline -0.002 -14"><span class='ocrx_word' id='word_1_73' title='bbox 580 1572 742 1629; x_wconf 63' lang='lat' dir='ltr'>Ostia</span> <span class='ocrx_word' id='word_1_74' title='bbox 769 1575 1047 1643; x_wconf 87' lang='lat' dir='ltr'>suspecta</span> <span class='ocrx_word' id='word_1_75' title='bbox 1095 1574 1151 1625; x_wconf 87' lang='lat' dir='ltr'>et</span> <span class='ocrx_word' id='word_1_76' title='bbox 1194 1570 1500 1642; x_wconf 85' lang='lat' dir='ltr'>superﬂua</span> <span class='ocrx_word' id='word_1_77' title='bbox 1549 1569 1953 1624; x_wconf 89' lang='lat' dir='ltr'>obstruantur.</span> <span class='ocrx_word' id='word_1_78' title='bbox 2004 1569 2168 1626; x_wconf 82' lang='lat' dir='ltr'>Circa</span> 
     </span>
    </p>
   </div>
   <div class='ocr_carea' id='block_1_16' title="bbox 505 1656 2236 1748">
    <p class='ocr_par' dir='ltr' id='par_1_16' title="bbox 505 1656 2236 1748">
     <span class='ocr_line' id='line_1_16' title="bbox 505 1656 2236 1748; baseline -0.003 -31"><span class='ocrx_word' id='word_1_79' title='bbox 505 1662 619 1717; x_wconf 84' lang='lat' dir='ltr'>hoc</span> <span class='ocrx_word' id='word_1_80' title='bbox 647 1664 847 1716; x_wconf 90' lang='lat' dir='ltr'>autem</span> <span class='ocrx_word' id='word_1_81' title='bbox 872 1657 1139 1730; x_wconf 81' lang='lat' dir='ltr'>episcopi</span> <span class='ocrx_word' id='word_1_82' title='bbox 1169 1656 1535 1748; x_wconf 65' lang='lat' dir='ltr'>diligentiam</span> <span class='ocrx_word' id='word_1_83' title='bbox 1579 1657 1923 1748; x_wconf 84' lang='lat' dir='ltr'>adhibeant,</span> <span class='ocrx_word' id='word_1_84' title='bbox 1975 1662 2032 1712; x_wconf 90' lang='lat' dir='ltr'>et</span> <span class='ocrx_word' id='word_1_85' title='bbox 2063 1675 2165 1712; x_wconf 91' lang='lat' dir='ltr'>cu-</span> <span class='ocrx_word' id='word_1_86' title='bbox 2197 1695 2236 1748; x_wconf 71' lang='grc' dir='ltr'><strong>Β</strong></span> 
     </span>
    </p>
   </div>
   <div class='ocr_carea' id='block_1_17' title="bbox 507 1745 2164 1820">
    <p class='ocr_par' dir='ltr' id='par_1_17' title="bbox 507 1745 2164 1820">
     <span class='ocr_line' id='line_1_17' title="bbox 507 1745 2164 1820; baseline -0.002 -16"><span class='ocrx_word' id='word_1_87' title='bbox 507 1767 633 1805; x_wconf 89' lang='lat' dir='ltr'>ram</span> <span class='ocrx_word' id='word_1_88' title='bbox 671 1764 774 1820; x_wconf 84' lang='lat' dir='ltr'>per</span> <span class='ocrx_word' id='word_1_89' title='bbox 804 1764 865 1802; x_wconf 89' lang='lat' dir='ltr'>se</span> <span class='ocrx_word' id='word_1_90' title='bbox 895 1750 952 1802; x_wconf 88' lang='lat' dir='ltr'>et</span> <span class='ocrx_word' id='word_1_91' title='bbox 980 1762 1086 1818; x_wconf 92' lang='lat' dir='ltr'>per</span> <span class='ocrx_word' id='word_1_92' title='bbox 1115 1745 1416 1801; x_wconf 89' lang='lat' dir='ltr'>ministros</span> <span class='ocrx_word' id='word_1_93' title='bbox 1443 1762 1618 1813; x_wconf 87' lang='lat' dir='ltr'>suos;</span> <span class='ocrx_word' id='word_1_94' title='bbox 1652 1749 1708 1800; x_wconf 90' lang='lat' dir='ltr'>et</span> <span class='ocrx_word' id='word_1_95' title='bbox 1746 1747 1894 1800; x_wconf 88' lang='lat' dir='ltr'>vitas</span> <span class='ocrx_word' id='word_1_96' title='bbox 1923 1751 1978 1800; x_wconf 90' lang='lat' dir='ltr'>et</span> <span class='ocrx_word' id='word_1_97' title='bbox 2023 1762 2164 1801; x_wconf 88' lang='lat' dir='ltr'>con-</span> 
     </span>
    </p>
   </div>
   <div class='ocr_carea' id='block_1_18' title="bbox 506 1834 2168 1910">
    <p class='ocr_par' dir='ltr' id='par_1_18' title="bbox 506 1834 2168 1910">
     <span class='ocr_line' id='line_1_18' title="bbox 506 1834 2168 1910; baseline -0.002 -17"><span class='ocrx_word' id='word_1_98' title='bbox 506 1837 867 1894; x_wconf 80' lang='lat' dir='ltr'>versationes</span> <span class='ocrx_word' id='word_1_99' title='bbox 896 1836 1165 1910; x_wconf 77' lang='lat' dir='ltr'>ipsardm</span> <span class='ocrx_word' id='word_1_100' title='bbox 1193 1834 1554 1905; x_wconf 90' lang='lat' dir='ltr'>restringant</span> <span class='ocrx_word' id='word_1_101' title='bbox 1578 1852 1589 1889; x_wconf 87' lang='lat'>:</span> <span class='ocrx_word' id='word_1_102' title='bbox 1623 1838 1685 1890; x_wconf 93' lang='lat' dir='ltr'>ut</span> <span class='ocrx_word' id='word_1_103' title='bbox 1714 1851 1820 1906; x_wconf 91' lang='lat' dir='ltr'>per</span> <span class='ocrx_word' id='word_1_104' title='bbox 1850 1851 2056 1890; x_wconf 90' lang='lat' dir='ltr'>eorum</span> <span class='ocrx_word' id='word_1_105' title='bbox 2082 1834 2168 1890; x_wconf 90' lang='lat' dir='ltr'>di-</span> 
     </span>
    </p>
   </div>
   <div class='ocr_carea' id='block_1_19' title="bbox 503 1923 2165 1997">
    <p class='ocr_par' dir='ltr' id='par_1_19' title="bbox 503 1923 2165 1997">
     <span class='ocr_line' id='line_1_19' title="bbox 503 1923 2165 1997; baseline -0.002 -14"><span class='ocrx_word' id='word_1_106' title='bbox 503 1926 809 1997; x_wconf 85' lang='lat' dir='ltr'>ligentiam</span> <span class='ocrx_word' id='word_1_107' title='bbox 842 1924 1148 1991; x_wconf 89' lang='lat' dir='ltr'>scandala,</span> <span class='ocrx_word' id='word_1_108' title='bbox 1181 1940 1316 1996; x_wconf 80' lang='lat' dir='ltr'>quae</span> <span class='ocrx_word' id='word_1_109' title='bbox 1348 1923 1409 1979; x_wconf 87' lang='lat' dir='ltr'>in</span> <span class='ocrx_word' id='word_1_110' title='bbox 1426 1923 1702 1996; x_wconf 72' lang='lat' dir='ltr'>praesenti</span> <span class='ocrx_word' id='word_1_111' title='bbox 1724 1924 1798 1979; x_wconf 91' lang='lat' dir='ltr'>de</span> <span class='ocrx_word' id='word_1_112' title='bbox 1821 1923 1934 1979; x_wconf 83' lang='lat' dir='ltr'>vita</span> <span class='ocrx_word' id='word_1_113' title='bbox 1956 1941 2165 1980; x_wconf 88' lang='lat' dir='ltr'>earum</span> 
     </span>
    </p>
   </div>
   <div class='ocr_carea' id='block_1_20' title="bbox 503 2013 1244 2088">
    <p class='ocr_par' dir='ltr' id='par_1_20' title="bbox 503 2013 1244 2088">
     <span class='ocr_line' id='line_1_20' title="bbox 503 2013 1244 2088; baseline -0.007 -16"><span class='ocrx_word' id='word_1_114' title='bbox 503 2015 880 2088; x_wconf 87' lang='lat' dir='ltr'>proveniunt,</span> <span class='ocrx_word' id='word_1_115' title='bbox 915 2013 1244 2086; x_wconf 89' lang='lat' dir='ltr'>sopiantur.</span> 
     </span>
    </p>
   </div>
   <div class='ocr_carea' id='block_1_21' title="bbox 1278 2120 1388 2174">
    <p class='ocr_par' dir='ltr' id='par_1_21' title="bbox 1278 2120 1388 2174">
     <span class='ocr_line' id='line_1_21' title="bbox 1278 2120 1388 2174; baseline -0.018 -1"><span class='ocrx_word' id='word_1_116' title='bbox 1278 2120 1388 2174; x_wconf 91' lang='lat' dir='ltr'>VII.</span> 
     </span>
    </p>
   </div>
   <div class='ocr_carea' id='block_1_22' title="bbox 576 2225 2159 2297">
    <p class='ocr_par' dir='ltr' id='par_1_22' title="bbox 576 2225 2159 2297">
     <span class='ocr_line' id='line_1_22' title="bbox 576 2225 2159 2297; baseline -0.001 -13"><span class='ocrx_word' id='word_1_117' title='bbox 576 2227 920 2294; x_wconf 82' lang='lat' dir='ltr'>Statuimus,</span> <span class='ocrx_word' id='word_1_118' title='bbox 987 2231 1052 2282; x_wconf 90' lang='lat' dir='ltr'>ut</span> <span class='ocrx_word' id='word_1_119' title='bbox 1107 2241 1318 2282; x_wconf 91' lang='lat' dir='ltr'>omnes</span> <span class='ocrx_word' id='word_1_120' title='bbox 1369 2225 1622 2297; x_wconf 87' lang='lat' dir='ltr'>judiees,</span> <span class='ocrx_word' id='word_1_121' title='bbox 1697 2231 1817 2281; x_wconf 86' lang='lat' dir='ltr'>tam</span> <span class='ocrx_word' id='word_1_122' title='bbox 1875 2226 2159 2282; x_wconf 88' lang='lat' dir='ltr'>ordinarii</span> 
     </span>
    </p>
   </div>
   <div class='ocr_carea' id='block_1_23' title="bbox 501 2314 2158 2392">
    <p class='ocr_par' dir='ltr' id='par_1_23' title="bbox 501 2314 2158 2392">
     <span class='ocr_line' id='line_1_23' title="bbox 501 2314 2158 2392; baseline -0.001 -20"><span class='ocrx_word' id='word_1_123' title='bbox 501 2335 686 2392; x_wconf 84' lang='lat' dir='ltr'>quam</span> <span class='ocrx_word' id='word_1_124' title='bbox 716 2314 992 2387; x_wconf 81' lang='lat' dir='ltr'>delegati,</span> <span class='ocrx_word' id='word_1_125' title='bbox 1016 2318 1348 2388; x_wconf 88' lang='lat' dir='ltr'>temperent</span> <span class='ocrx_word' id='word_1_126' title='bbox 1385 2331 1446 2370; x_wconf 93' lang='lat' dir='ltr'>se</span> <span class='ocrx_word' id='word_1_127' title='bbox 1476 2320 1531 2370; x_wconf 91' lang='lat' dir='ltr'>et</span> <span class='ocrx_word' id='word_1_128' title='bbox 1560 2314 1857 2370; x_wconf 90' lang='lat' dir='ltr'>refrenent</span> <span class='ocrx_word' id='word_1_129' title='bbox 1897 2332 1934 2370; x_wconf 92' lang='lat' dir='ltr'>a</span> <span class='ocrx_word' id='word_1_130' title='bbox 1981 2331 2158 2385; x_wconf 84' lang='lat' dir='ltr'>gene-</span> 
     </span>
    </p>
   </div>
   <div class='ocr_carea' id='block_1_24' title="bbox 501 2403 2159 2474">
    <p class='ocr_par' dir='ltr' id='par_1_24' title="bbox 501 2403 2159 2474">
     <span class='ocr_line' id='line_1_24' title="bbox 501 2403 2159 2474; baseline -0.001 -11"><span class='ocrx_word' id='word_1_131' title='bbox 501 2407 728 2464; x_wconf 83' lang='lat' dir='ltr'>ralibus</span> <span class='ocrx_word' id='word_1_132' title='bbox 784 2403 1543 2468; x_wconf 83' lang='lat' dir='ltr'>excommunicationibus;</span> <span class='ocrx_word' id='word_1_133' title='bbox 1603 2421 1710 2460; x_wconf 92' lang='lat' dir='ltr'>nec</span> <span class='ocrx_word' id='word_1_134' title='bbox 1778 2404 1839 2460; x_wconf 92' lang='lat' dir='ltr'>in</span> <span class='ocrx_word' id='word_1_135' title='bbox 1899 2406 2159 2474; x_wconf 85' lang='lat' dir='ltr'>generali</span> 
     </span>
    </p>
   </div>
   <div class='ocr_carea' id='block_1_25' title="bbox 499 2492 2159 2570">
    <p class='ocr_par' dir='ltr' id='par_1_25' title="bbox 499 2492 2159 2570">
     <span class='ocr_line' id='line_1_25' title="bbox 499 2492 2159 2570; baseline 0.001 -21"><span class='ocrx_word' id='word_1_136' title='bbox 499 2496 926 2570; x_wconf 62' lang='lat' dir='ltr'>pzu-ticipantes</span> <span class='ocrx_word' id='word_1_137' title='bbox 953 2492 1495 2562; x_wconf 83' lang='lat' dir='ltr'>excommunicent,</span> <span class='ocrx_word' id='word_1_138' title='bbox 1525 2493 1636 2548; x_wconf 87' lang='lat' dir='ltr'>nisi</span> <span class='ocrx_word' id='word_1_139' title='bbox 1668 2493 1838 2549; x_wconf 85' lang='lat' dir='ltr'>valde</span> <span class='ocrx_word' id='word_1_140' title='bbox 1865 2493 2064 2564; x_wconf 87' lang='lat' dir='ltr'>gravis</span> <span class='ocrx_word' id='word_1_141' title='bbox 2103 2497 2159 2550; x_wconf 89' lang='lat' dir='ltr'>et</span> 
     </span>
    </p>
   </div>
   <div class='ocr_carea' id='block_1_26' title="bbox 505 2582 1429 2653">
    <p class='ocr_par' dir='ltr' id='par_1_26' title="bbox 505 2582 1429 2653">
     <span class='ocr_line' id='line_1_26' title="bbox 505 2582 1429 2653; baseline -0.002 -13"><span class='ocrx_word' id='word_1_142' title='bbox 505 2607 516 2640; x_wconf 76' lang='grc' dir='ltr'><strong><em>ι</em></strong></span> <span class='ocrx_word' id='word_1_143' title='bbox 541 2583 766 2640; x_wconf 53' lang='lat' dir='ltr'>normis</span> <span class='ocrx_word' id='word_1_144' title='bbox 792 2599 1079 2640; x_wconf 83' lang='lat' dir='ltr'>excessus</span> <span class='ocrx_word' id='word_1_145' title='bbox 1104 2582 1429 2653; x_wconf 82' lang='lat' dir='ltr'>contingat.</span> 
     </span>
    </p>
   </div>
   <div class='ocr_carea' id='block_1_27' title="bbox 1260 2690 1399 2744">
    <p class='ocr_par' dir='ltr' id='par_1_27' title="bbox 1260 2690 1399 2744">
     <span class='ocr_line' id='line_1_27' title="bbox 1260 2690 1399 2744; baseline 0 -1"><span class='ocrx_word' id='word_1_146' title='bbox 1260 2690 1399 2744; x_wconf 87' lang='lat' dir='ltr'>Vlll.</span> 
     </span>
    </p>
   </div>
   <div class='ocr_carea' id='block_1_28' title="bbox 570 2796 2152 2868">
    <p class='ocr_par' dir='ltr' id='par_1_28' title="bbox 570 2796 2152 2868">
     <span class='ocr_line' id='line_1_28' title="bbox 570 2796 2152 2868; baseline -0.001 -14"><span class='ocrx_word' id='word_1_147' title='bbox 570 2801 913 2854; x_wconf 65' lang='lat' dir='ltr'>Moneantur</span> <span class='ocrx_word' id='word_1_148' title='bbox 975 2796 1232 2868; x_wconf 87' lang='lat' dir='ltr'>capitula</span> <span class='ocrx_word' id='word_1_149' title='bbox 1305 2796 1684 2851; x_wconf 71' lang='lat' dir='ltr'>saecularium</span> <span class='ocrx_word' id='word_1_150' title='bbox 1734 2811 2152 2866; x_wconf 89' lang='lat' dir='ltr'>personarum,</span> 
     </span>
    </p>
   </div>
   <div class='ocr_carea' id='block_1_29' title="bbox 496 2883 2154 2956">
    <p class='ocr_par' dir='ltr' id='par_1_29' title="bbox 496 2883 2154 2956">
     <span class='ocr_line' id='line_1_29' title="bbox 496 2883 2154 2956; baseline -0.002 -13"><span class='ocrx_word' id='word_1_151' title='bbox 496 2888 758 2944; x_wconf 79' lang='lat' dir='ltr'>maxime</span> <span class='ocrx_word' id='word_1_152' title='bbox 788 2885 1177 2949; x_wconf 88' lang='lat' dir='ltr'>cathedralia,</span> <span class='ocrx_word' id='word_1_153' title='bbox 1212 2888 1274 2940; x_wconf 87' lang='lat' dir='ltr'>ut</span> <span class='ocrx_word' id='word_1_154' title='bbox 1318 2883 1428 2956; x_wconf 89' lang='lat' dir='ltr'>ipsi</span> <span class='ocrx_word' id='word_1_155' title='bbox 1471 2884 1850 2952; x_wconf 86' lang='lat' dir='ltr'>conveniant,</span> <span class='ocrx_word' id='word_1_156' title='bbox 1898 2890 1955 2941; x_wconf 90' lang='lat' dir='ltr'>et</span> <span class='ocrx_word' id='word_1_157' title='bbox 1999 2884 2154 2940; x_wconf 83' lang='lat' dir='ltr'>ordi-</span> 
     </span>
    </p>
   </div>
   <div class='ocr_carea' id='block_1_30' title="bbox 493 2972 2147 3046">
    <p class='ocr_par' dir='ltr' id='par_1_30' title="bbox 493 2972 2147 3046">
     <span class='ocr_line' id='line_1_30' title="bbox 493 2972 2147 3046; baseline -0.001 -14"><span class='ocrx_word' id='word_1_158' title='bbox 493 2983 654 3043; x_wconf 89' lang='lat' dir='ltr'>nent,</span> <span class='ocrx_word' id='word_1_159' title='bbox 678 2980 735 3031; x_wconf 92' lang='lat' dir='ltr'>et</span> <span class='ocrx_word' id='word_1_160' title='bbox 765 2979 1032 3040; x_wconf 88' lang='lat' dir='ltr'>tractent,</span> <span class='ocrx_word' id='word_1_161' title='bbox 1053 2973 1220 3046; x_wconf 89' lang='lat' dir='ltr'>quod</span> <span class='ocrx_word' id='word_1_162' title='bbox 1243 2972 1302 3028; x_wconf 92' lang='lat' dir='ltr'>in</span> <span class='ocrx_word' id='word_1_163' title='bbox 1324 2973 1587 3028; x_wconf 89' lang='lat' dir='ltr'>ecclesiis</span> <span class='ocrx_word' id='word_1_164' title='bbox 1609 2972 1733 3028; x_wconf 90' lang='lat' dir='ltr'>suis</span> <span class='ocrx_word' id='word_1_165' title='bbox 1756 2973 1851 3028; x_wconf 91' lang='lat' dir='ltr'>die</span> <span class='ocrx_word' id='word_1_166' title='bbox 1873 2979 1930 3028; x_wconf 91' lang='lat' dir='ltr'>et</span> <span class='ocrx_word' id='word_1_167' title='bbox 1953 2979 2147 3040; x_wconf 88' lang='lat' dir='ltr'>nocte,</span> 
     </span>
    </p>
   </div>
   <div class='ocr_carea' id='block_1_31' title="bbox 493 3048 2218 3138">
    <p class='ocr_par' dir='ltr' id='par_1_31' title="bbox 493 3048 2218 3138">
     <span class='ocr_line' id='line_1_31' title="bbox 493 3048 2218 3138; baseline -0.002 -17"><span class='ocrx_word' id='word_1_168' title='bbox 493 3083 598 3138; x_wconf 89' lang='lat' dir='ltr'>per</span> <span class='ocrx_word' id='word_1_169' title='bbox 628 3082 690 3120; x_wconf 90' lang='lat' dir='ltr'>se</span> <span class='ocrx_word' id='word_1_170' title='bbox 720 3068 776 3119; x_wconf 91' lang='lat' dir='ltr'>et</span> <span class='ocrx_word' id='word_1_171' title='bbox 797 3079 902 3135; x_wconf 86' lang='lat' dir='ltr'>per</span> <span class='ocrx_word' id='word_1_172' title='bbox 931 3061 1174 3118; x_wconf 91' lang='lat' dir='ltr'>clericos</span> <span class='ocrx_word' id='word_1_173' title='bbox 1206 3061 1610 3128; x_wconf 88' lang='lat' dir='ltr'>ecclesiarum,</span> <span class='ocrx_word' id='word_1_174' title='bbox 1657 3062 1926 3118; x_wconf 84' lang='lat' dir='ltr'>divinum</span> <span class='ocrx_word' id='word_1_175' title='bbox 1976 3063 2150 3119; x_wconf 89' lang='lat' dir='ltr'>servi-</span> <span class='ocrx_word' id='word_1_176' title='bbox 2179 3048 2218 3101; x_wconf 63' lang='grc' dir='ltr'>(ἶ</span> 
     </span>
    </p>
   </div>
   <div class='ocr_carea' id='block_1_32' title="bbox 491 3150 2147 3222">
    <p class='ocr_par' dir='ltr' id='par_1_32' title="bbox 491 3150 2147 3222">
     <span class='ocr_line' id='line_1_32' title="bbox 491 3150 2147 3222; baseline -0.001 -14"><span class='ocrx_word' id='word_1_177' title='bbox 491 3155 638 3208; x_wconf 89' lang='lat' dir='ltr'>tium</span> <span class='ocrx_word' id='word_1_178' title='bbox 683 3151 942 3221; x_wconf 89' lang='lat' dir='ltr'>assidue,</span> <span class='ocrx_word' id='word_1_179' title='bbox 991 3155 1421 3222; x_wconf 85' lang='lat' dir='ltr'>competenter,</span> <span class='ocrx_word' id='word_1_180' title='bbox 1461 3150 1794 3206; x_wconf 85' lang='lat' dir='ltr'>secundum</span> <span class='ocrx_word' id='word_1_181' title='bbox 1826 3167 2147 3207; x_wconf 88' lang='lat' dir='ltr'>numerum</span> 
     </span>
    </p>
   </div>
   <div class='ocr_carea' id='block_1_33' title="bbox 487 3239 2147 3307">
    <p class='ocr_par' dir='ltr' id='par_1_33' title="bbox 487 3239 2147 3307">
     <span class='ocr_line' id='line_1_33' title="bbox 487 3239 2147 3307; baseline -0.001 -10"><span class='ocrx_word' id='word_1_182' title='bbox 487 3242 914 3307; x_wconf 78' lang='lat' dir='ltr'>institutorum,</span> <span class='ocrx_word' id='word_1_183' title='bbox 959 3245 1017 3295; x_wconf 91' lang='lat' dir='ltr'>et</span> <span class='ocrx_word' id='word_1_184' title='bbox 1063 3239 1407 3295; x_wconf 87' lang='lat' dir='ltr'>facultatem</span> <span class='ocrx_word' id='word_1_185' title='bbox 1450 3239 1836 3295; x_wconf 80' lang='lat' dir='ltr'>ecclesiarum</span> <span class='ocrx_word' id='word_1_186' title='bbox 1893 3240 2147 3296; x_wconf 88' lang='lat' dir='ltr'>celebre-</span> 
     </span>
    </p>
   </div>
   <div class='ocr_carea' id='block_1_34' title="bbox 486 3328 2143 3398">
    <p class='ocr_par' dir='ltr' id='par_1_34' title="bbox 486 3328 2143 3398">
     <span class='ocr_line' id='line_1_34' title="bbox 486 3328 2143 3398; baseline -0.001 -11"><span class='ocrx_word' id='word_1_187' title='bbox 486 3337 602 3396; x_wconf 88' lang='lat' dir='ltr'>tur,</span> <span class='ocrx_word' id='word_1_188' title='bbox 635 3336 692 3386; x_wconf 88' lang='lat' dir='ltr'>et</span> <span class='ocrx_word' id='word_1_189' title='bbox 721 3330 878 3386; x_wconf 87' lang='lat' dir='ltr'>circa</span> <span class='ocrx_word' id='word_1_190' title='bbox 905 3328 1211 3386; x_wconf 85' lang='lat' dir='ltr'>servitium</span> <span class='ocrx_word' id='word_1_191' title='bbox 1237 3328 1506 3384; x_wconf 88' lang='lat' dir='ltr'>divinum</span> <span class='ocrx_word' id='word_1_192' title='bbox 1539 3329 1906 3398; x_wconf 84' lang='lat' dir='ltr'>diligentiam</span> <span class='ocrx_word' id='word_1_193' title='bbox 1956 3331 2012 3385; x_wconf 92' lang='lat' dir='ltr'>et</span> <span class='ocrx_word' id='word_1_194' title='bbox 2041 3347 2143 3386; x_wconf 90' lang='lat' dir='ltr'>cu-</span> 
     </span>
    </p>
   </div>
   <div class='ocr_carea' id='block_1_35' title="bbox 485 3417 2142 3490">
    <p class='ocr_par' dir='ltr' id='par_1_35' title="bbox 485 3417 2142 3490">
     <span class='ocr_line' id='line_1_35' title="bbox 485 3417 2142 3490; baseline -0.001 -14"><span class='ocrx_word' id='word_1_195' title='bbox 485 3437 616 3476; x_wconf 87' lang='lat' dir='ltr'>ram</span> <span class='ocrx_word' id='word_1_196' title='bbox 673 3419 1001 3476; x_wconf 88' lang='lat' dir='ltr'>adhibeant</span> <span class='ocrx_word' id='word_1_197' title='bbox 1038 3417 1364 3486; x_wconf 79' lang='lat' dir='ltr'>efﬁcacem,</span> <span class='ocrx_word' id='word_1_198' title='bbox 1420 3418 1500 3473; x_wconf 89' lang='lat' dir='ltr'>ita</span> <span class='ocrx_word' id='word_1_199' title='bbox 1551 3418 1717 3490; x_wconf 89' lang='lat' dir='ltr'>quod</span> <span class='ocrx_word' id='word_1_200' title='bbox 1769 3417 1987 3473; x_wconf 81' lang='lat' dir='ltr'>modus</span> <span class='ocrx_word' id='word_1_201' title='bbox 2035 3419 2142 3475; x_wconf 89' lang='lat' dir='ltr'>ha-</span> 
     </span>
    </p>
   </div>
   <div class='ocr_carea' id='block_1_36' title="bbox 481 3505 2146 3580">
    <p class='ocr_par' dir='ltr' id='par_1_36' title="bbox 481 3505 2146 3580">
     <span class='ocr_line' id='line_1_36' title="bbox 481 3505 2146 3580; baseline -0.001 -15"><span class='ocrx_word' id='word_1_202' title='bbox 481 3508 661 3565; x_wconf 85' lang='lat' dir='ltr'>bendi</span> <span class='ocrx_word' id='word_1_203' title='bbox 695 3525 756 3564; x_wconf 92' lang='lat' dir='ltr'>se</span> <span class='ocrx_word' id='word_1_204' title='bbox 785 3507 846 3562; x_wconf 94' lang='lat' dir='ltr'>in</span> <span class='ocrx_word' id='word_1_205' title='bbox 872 3506 1142 3574; x_wconf 90' lang='lat' dir='ltr'>ecclesia,</span> <span class='ocrx_word' id='word_1_206' title='bbox 1175 3511 1300 3562; x_wconf 91' lang='lat' dir='ltr'>tam</span> <span class='ocrx_word' id='word_1_207' title='bbox 1327 3505 1388 3562; x_wconf 89' lang='lat' dir='ltr'>in</span> <span class='ocrx_word' id='word_1_208' title='bbox 1419 3507 1602 3562; x_wconf 86' lang='lat' dir='ltr'>choro</span> <span class='ocrx_word' id='word_1_209' title='bbox 1632 3523 1818 3580; x_wconf 89' lang='lat' dir='ltr'>quam</span> <span class='ocrx_word' id='word_1_210' title='bbox 1839 3508 2146 3575; x_wconf 75' lang='lat' dir='ltr'>extra,evi-</span> 
     </span>
    </p>
   </div>
   <div class='ocr_carea' id='block_1_37' title="bbox 481 3595 2139 3670">
    <p class='ocr_par' dir='ltr' id='par_1_37' title="bbox 481 3595 2139 3670">
     <span class='ocr_line' id='line_1_37' title="bbox 481 3595 2139 3670; baseline 0 -18"><span class='ocrx_word' id='word_1_211' title='bbox 481 3599 688 3654; x_wconf 88' lang='lat' dir='ltr'>denter</span> <span class='ocrx_word' id='word_1_212' title='bbox 716 3601 773 3654; x_wconf 87' lang='lat' dir='ltr'>et</span> <span class='ocrx_word' id='word_1_213' title='bbox 801 3595 1179 3662; x_wconf 76' lang='lat' dir='ltr'>sufﬁcienter,</span> <span class='ocrx_word' id='word_1_214' title='bbox 1211 3595 1316 3651; x_wconf 91' lang='lat' dir='ltr'>ubi</span> <span class='ocrx_word' id='word_1_215' title='bbox 1345 3595 1763 3652; x_wconf 84' lang='lat' dir='ltr'>emendatione</span> <span class='ocrx_word' id='word_1_216' title='bbox 1805 3613 1960 3670; x_wconf 84' lang='lat' dir='ltr'>Opus</span> <span class='ocrx_word' id='word_1_217' title='bbox 2011 3596 2139 3664; x_wconf 89' lang='lat' dir='ltr'>erit,</span> 
     </span>
    </p>
   </div>
   <div class='ocr_carea' id='block_1_38' title="bbox 479 3685 1294 3744">
    <p class='ocr_par' dir='ltr' id='par_1_38' title="bbox 479 3685 1294 3744">
     <span class='ocr_line' id='line_1_38' title="bbox 479 3685 1294 3744; baseline -0.006 0"><span class='ocrx_word' id='word_1_218' title='bbox 479 3687 831 3744; x_wconf 88' lang='lat' dir='ltr'>emendetur</span> <span class='ocrx_word' id='word_1_219' title='bbox 860 3685 1015 3742; x_wconf 89' lang='lat' dir='ltr'>infra</span> <span class='ocrx_word' id='word_1_220' title='bbox 1043 3701 1294 3741; x_wconf 89' lang='lat' dir='ltr'>annum.</span> 
     </span>
    </p>
   </div>
   <div class='ocr_carea' id='block_1_39' title="bbox 481 3904 620 3912">
    <p class='ocr_par' dir='ltr' id='par_1_39' title="bbox 481 3904 620 3912">
     <span class='ocr_line' id='line_1_39' title="bbox 481 3904 620 3912; baseline 0 0"><span class='ocrx_word' id='word_1_221' title='bbox 481 3904 620 3912; x_wconf 47' lang='grc' dir='ltr'>δῇ..</span> 
     </span>
    </p>
   </div>
   <div class='ocr_carea' id='block_1_40' title="bbox 1260 216 3825 296">
    <p class='ocr_par' dir='ltr' id='par_1_40' title="bbox 1260 216 3825 296">
     <span class='ocr_line' id='line_1_40' title="bbox 1260 216 3825 296; baseline 0.006 -22"><span class='ocrx_word' id='word_1_222' title='bbox 1260 219 1569 274; x_wconf 83' lang='lat' dir='ltr'>RADBODI</span> <span class='ocrx_word' id='word_1_223' title='bbox 1612 216 1944 274; x_wconf 81' lang='lat' dir='ltr'>DOLENSIS</span> <span class='ocrx_word' id='word_1_224' title='bbox 1985 216 2202 274; x_wconf 86' lang='lat' dir='ltr'>EPIST.</span> <span class='ocrx_word' id='word_1_225' title='bbox 2243 221 2338 275; x_wconf 78' lang='lat' dir='ltr'>AD</span> <span class='ocrx_word' id='word_1_226' title='bbox 2378 221 2846 280; x_wconf 78' lang='lat' dir='ltr'>ADELSTANUM</span> <span class='ocrx_word' id='word_1_227' title='bbox 2884 225 3136 280; x_wconf 79' lang='lat' dir='ltr'>REGEM.</span> <span class='ocrx_word' id='word_1_228' title='bbox 3747 243 3825 296; x_wconf 77' lang='lat'>720</span> 
     </span>
    </p>
   </div>
   <div class='ocr_carea' id='block_1_41' title="bbox 3072 349 3150 402">
    <p class='ocr_par' dir='ltr' id='par_1_41' title="bbox 3072 349 3150 402">
     <span class='ocr_line' id='line_1_41' title="bbox 3072 349 3150 402; baseline -0.026 -1"><span class='ocrx_word' id='word_1_229' title='bbox 3072 349 3150 402; x_wconf 85' lang='lat' dir='ltr'>IX.</span> 
     </span>
    </p>
   </div>
   <div class='ocr_carea' id='block_1_42' title="bbox 2359 433 3831 517">
    <p class='ocr_par' dir='ltr' id='par_1_42' title="bbox 2359 433 3831 517">
     <span class='ocr_line' id='line_1_42' title="bbox 2359 433 3831 517; baseline 0.009 -27"><span class='ocrx_word' id='word_1_230' title='bbox 2359 436 2704 490; x_wconf 82' lang='lat' dir='ltr'>Moneantur</span> <span class='ocrx_word' id='word_1_231' title='bbox 2734 433 2912 491; x_wconf 88' lang='lat' dir='ltr'>etiam</span> <span class='ocrx_word' id='word_1_232' title='bbox 2957 435 3226 491; x_wconf 88' lang='lat' dir='ltr'>canonici</span> <span class='ocrx_word' id='word_1_233' title='bbox 3255 441 3310 492; x_wconf 91' lang='lat' dir='ltr'>et</span> <span class='ocrx_word' id='word_1_234' title='bbox 3357 437 3530 494; x_wconf 85' lang='lat' dir='ltr'>clerici</span> <span class='ocrx_word' id='word_1_235' title='bbox 3575 446 3831 517; x_wconf 70' lang='lat' dir='ltr'>saeculares,</span> 
     </span>
    </p>
   </div>
   <div class='ocr_carea' id='block_1_43' title="bbox 2286 521 3832 602">
    <p class='ocr_par' dir='ltr' id='par_1_43' title="bbox 2286 521 3832 602">
     <span class='ocr_line' id='line_1_43' title="bbox 2286 521 3832 602; baseline 0.01 -27"><span class='ocrx_word' id='word_1_236' title='bbox 2286 521 2453 593; x_wconf 89' lang='lat' dir='ltr'>quod</span> <span class='ocrx_word' id='word_1_237' title='bbox 2481 521 2615 594; x_wconf 88' lang='lat' dir='ltr'>ipsi,</span> <span class='ocrx_word' id='word_1_238' title='bbox 2644 522 2704 578; x_wconf 88' lang='lat' dir='ltr'>in</span> <span class='ocrx_word' id='word_1_239' title='bbox 2734 522 2945 578; x_wconf 91' lang='lat' dir='ltr'>habitu</span> <span class='ocrx_word' id='word_1_240' title='bbox 2977 540 3084 578; x_wconf 91' lang='lat' dir='ltr'>suo</span> <span class='ocrx_word' id='word_1_241' title='bbox 3115 528 3171 580; x_wconf 90' lang='lat' dir='ltr'>et</span> <span class='ocrx_word' id='word_1_242' title='bbox 3199 524 3346 592; x_wconf 91' lang='lat' dir='ltr'>aliis,</span> <span class='ocrx_word' id='word_1_243' title='bbox 3379 535 3644 602; x_wconf 66' lang='lat' dir='ltr'>praecepta</span> <span class='ocrx_word' id='word_1_244' title='bbox 3679 537 3832 593; x_wconf 84' lang='lat' dir='ltr'>tradita</span> 
     </span>
    </p>
   </div>
   <div class='ocr_carea' id='block_1_44' title="bbox 2285 610 3830 680">
    <p class='ocr_par' dir='ltr' id='par_1_44' title="bbox 2285 610 3830 680">
     <span class='ocr_line' id='line_1_44' title="bbox 2285 610 3830 680; baseline 0.008 -14"><span class='ocrx_word' id='word_1_245' title='bbox 2285 610 2347 666; x_wconf 90' lang='lat' dir='ltr'>in</span> <span class='ocrx_word' id='word_1_246' title='bbox 2378 612 2637 680; x_wconf 87' lang='lat' dir='ltr'>generali</span> <span class='ocrx_word' id='word_1_247' title='bbox 2665 611 2915 668; x_wconf 88' lang='lat' dir='ltr'>concilio</span> <span class='ocrx_word' id='word_1_248' title='bbox 2944 612 3192 668; x_wconf 85' lang='lat' dir='ltr'>fideliter</span> <span class='ocrx_word' id='word_1_249' title='bbox 3239 619 3293 669; x_wconf 91' lang='lat' dir='ltr'>et</span> <span class='ocrx_word' id='word_1_250' title='bbox 3337 615 3648 674; x_wconf 87' lang='lat' dir='ltr'>obedienter</span> <span class='ocrx_word' id='word_1_251' title='bbox 3683 621 3830 680; x_wconf 83' lang='lat' dir='ltr'>obser-</span> 
     </span>
    </p>
   </div>
   <div class='ocr_carea' id='block_1_45' title="bbox 2286 704 2438 755">
    <p class='ocr_par' dir='ltr' id='par_1_45' title="bbox 2286 704 2438 755">
     <span class='ocr_line' id='line_1_45' title="bbox 2286 704 2438 755; baseline 0.007 -1"><span class='ocrx_word' id='word_1_252' title='bbox 2286 704 2438 755; x_wconf 85' lang='lat' dir='ltr'>vcnt.</span> 
     </span>
    </p>
   </div>
   <div class='ocr_carea' id='block_1_46' title="bbox 3077 794 3136 846">
    <p class='ocr_par' dir='ltr' id='par_1_46' title="bbox 3077 794 3136 846">
     <span class='ocr_line' id='line_1_46' title="bbox 3077 794 3136 846; baseline 0 0"><span class='ocrx_word' id='word_1_253' title='bbox 3077 794 3136 846; x_wconf 88' lang='grc' dir='ltr'>Χ.</span> 
     </span>
    </p>
   </div>
   <div class='ocr_carea' id='block_1_47' title="bbox 2357 877 3830 954">
    <p class='ocr_par' dir='ltr' id='par_1_47' title="bbox 2357 877 3830 954">
     <span class='ocr_line' id='line_1_47' title="bbox 2357 877 3830 954; baseline 0.007 -20"><span class='ocrx_word' id='word_1_254' title='bbox 2357 877 2703 943; x_wconf 89' lang='lat' dir='ltr'>Statuimus,</span> <span class='ocrx_word' id='word_1_255' title='bbox 2732 883 2794 934; x_wconf 90' lang='lat' dir='ltr'>ut</span> <span class='ocrx_word' id='word_1_256' title='bbox 2826 879 3049 934; x_wconf 89' lang='lat' dir='ltr'>inlocis</span> <span class='ocrx_word' id='word_1_257' title='bbox 3073 879 3194 934; x_wconf 74' lang='lat' dir='ltr'>sive</span> <span class='ocrx_word' id='word_1_258' title='bbox 3226 880 3580 954; x_wconf 90' lang='lat' dir='ltr'>prioratibus,</span> <span class='ocrx_word' id='word_1_259' title='bbox 3614 886 3697 942; x_wconf 90' lang='lat' dir='ltr'>ubi</span> <span class='ocrx_word' id='word_1_260' title='bbox 3735 907 3830 946; x_wconf 87' lang='lat' dir='ltr'>con-</span> 
     </span>
    </p>
   </div>
   <div class='ocr_carea' id='block_1_48' title="bbox 2279 967 3828 1037">
    <p class='ocr_par' dir='ltr' id='par_1_48' title="bbox 2279 967 3828 1037">
     <span class='ocr_line' id='line_1_48' title="bbox 2279 967 3828 1037; baseline 0.008 -16"><span class='ocrx_word' id='word_1_261' title='bbox 2279 967 2576 1023; x_wconf 89' lang='lat' dir='ltr'>ventualis</span> <span class='ocrx_word' id='word_1_262' title='bbox 2603 967 2987 1036; x_wconf 83' lang='lat' dir='ltr'>congregatio</span> <span class='ocrx_word' id='word_1_263' title='bbox 3012 967 3160 1023; x_wconf 91' lang='lat' dir='ltr'>solet</span> <span class='ocrx_word' id='word_1_264' title='bbox 3187 984 3334 1037; x_wconf 80' lang='lat' dir='ltr'>esse,</span> <span class='ocrx_word' id='word_1_265' title='bbox 3366 970 3411 1024; x_wconf 87' lang='lat' dir='ltr'>si</span> <span class='ocrx_word' id='word_1_266' title='bbox 3439 970 3703 1029; x_wconf 88' lang='lat' dir='ltr'>facultates</span> <span class='ocrx_word' id='word_1_267' title='bbox 3721 977 3828 1034; x_wconf 89' lang='lat' dir='ltr'>illius</span> 
     </span>
    </p>
   </div>
   <div class='ocr_carea' id='block_1_49' title="bbox 2279 1055 3828 1127">
    <p class='ocr_par' dir='ltr' id='par_1_49' title="bbox 2279 1055 3828 1127">
     <span class='ocr_line' id='line_1_49' title="bbox 2279 1055 3828 1127; baseline 0.008 -17"><span class='ocrx_word' id='word_1_268' title='bbox 2279 1055 2538 1110; x_wconf 78' lang='lat' dir='ltr'>ecclesiae</span> <span class='ocrx_word' id='word_1_269' title='bbox 2567 1059 2909 1127; x_wconf 88' lang='lat' dir='ltr'>suppetant,</span> <span class='ocrx_word' id='word_1_270' title='bbox 2945 1061 3272 1112; x_wconf 88' lang='lat' dir='ltr'>conventus</span> <span class='ocrx_word' id='word_1_271' title='bbox 3295 1056 3505 1114; x_wconf 85' lang='lat' dir='ltr'>ibidem</span> <span class='ocrx_word' id='word_1_272' title='bbox 3535 1065 3828 1122; x_wconf 82' lang='lat' dir='ltr'>restauretur.</span> 
     </span>
    </p>
   </div>
   <div class='ocr_carea' id='block_1_50' title="bbox 3065 1166 3147 1218">
    <p class='ocr_par' dir='ltr' id='par_1_50' title="bbox 3065 1166 3147 1218">
     <span class='ocr_line' id='line_1_50' title="bbox 3065 1166 3147 1218; baseline 0 0"><span class='ocrx_word' id='word_1_273' title='bbox 3065 1166 3147 1218; x_wconf 78' lang='lat' dir='ltr'>XI.</span> 
     </span>
    </p>
   </div>
   <div class='ocr_carea' id='block_1_51' title="bbox 2351 1251 3829 1324">
    <p class='ocr_par' dir='ltr' id='par_1_51' title="bbox 2351 1251 3829 1324">
     <span class='ocr_line' id='line_1_51' title="bbox 2351 1251 3829 1324; baseline 0.009 -20"><span class='ocrx_word' id='word_1_274' title='bbox 2351 1252 2493 1307; x_wconf 87' lang='lat' dir='ltr'>Item</span> <span class='ocrx_word' id='word_1_275' title='bbox 2523 1251 2691 1324; x_wconf 90' lang='lat' dir='ltr'>quod</span> <span class='ocrx_word' id='word_1_276' title='bbox 2734 1252 2796 1307; x_wconf 90' lang='lat' dir='ltr'>in</span> <span class='ocrx_word' id='word_1_277' title='bbox 2843 1251 3126 1308; x_wconf 88' lang='lat' dir='ltr'>domibus</span> <span class='ocrx_word' id='word_1_278' title='bbox 3171 1253 3291 1308; x_wconf 88' lang='lat' dir='ltr'>sive</span> <span class='ocrx_word' id='word_1_279' title='bbox 3315 1253 3472 1321; x_wconf 90' lang='lat' dir='ltr'>locis,</span> <span class='ocrx_word' id='word_1_280' title='bbox 3503 1255 3593 1311; x_wconf 92' lang='lat' dir='ltr'>ubi</span> <span class='ocrx_word' id='word_1_281' title='bbox 3631 1257 3829 1316; x_wconf 83' lang='lat' dir='ltr'>solebant</span> 
     </span>
    </p>
   </div>
   <div class='ocr_carea' id='block_1_52' title="bbox 2278 1340 3828 1412">
    <p class='ocr_par' dir='ltr' id='par_1_52' title="bbox 2278 1340 3828 1412">
     <span class='ocr_line' id='line_1_52' title="bbox 2278 1340 3828 1412; baseline 0.006 -18"><span class='ocrx_word' id='word_1_282' title='bbox 2278 1355 2404 1394; x_wconf 83' lang='lat' dir='ltr'>esse</span> <span class='ocrx_word' id='word_1_283' title='bbox 2431 1340 2750 1412; x_wconf 85' lang='lat' dir='ltr'>prioratus,</span> <span class='ocrx_word' id='word_1_284' title='bbox 2777 1340 2827 1395; x_wconf 91' lang='lat' dir='ltr'>si</span> <span class='ocrx_word' id='word_1_285' title='bbox 2858 1341 3164 1397; x_wconf 79' lang='lat' dir='ltr'>facultates</span> <span class='ocrx_word' id='word_1_286' title='bbox 3187 1341 3448 1397; x_wconf 89' lang='lat' dir='ltr'>locorum</span> <span class='ocrx_word' id='word_1_287' title='bbox 3466 1343 3828 1412; x_wconf 81' lang='lat' dir='ltr'>sufﬁcient,ino-</span> 
     </span>
    </p>
   </div>
   <div class='ocr_carea' id='block_1_53' title="bbox 2277 1427 3826 1500">
    <p class='ocr_par' dir='ltr' id='par_1_53' title="bbox 2277 1427 3826 1500">
     <span class='ocr_line' id='line_1_53' title="bbox 2277 1427 3826 1500; baseline 0.006 -18"><span class='ocrx_word' id='word_1_288' title='bbox 2277 1427 2454 1483; x_wconf 89' lang='lat' dir='ltr'>nachi</span> <span class='ocrx_word' id='word_1_289' title='bbox 2474 1428 2565 1484; x_wconf 93' lang='lat' dir='ltr'>vel</span> <span class='ocrx_word' id='word_1_290' title='bbox 2594 1428 2868 1484; x_wconf 89' lang='lat' dir='ltr'>canonici</span> <span class='ocrx_word' id='word_1_291' title='bbox 2896 1429 3198 1500; x_wconf 88' lang='lat' dir='ltr'>regulares</span> <span class='ocrx_word' id='word_1_292' title='bbox 3223 1429 3302 1485; x_wconf 89' lang='lat' dir='ltr'>ad</span> <span class='ocrx_word' id='word_1_293' title='bbox 3328 1429 3579 1486; x_wconf 88' lang='lat' dir='ltr'>divinum</span> <span class='ocrx_word' id='word_1_294' title='bbox 3605 1434 3826 1493; x_wconf 86' lang='lat' dir='ltr'>servitium</span> 
     </span>
    </p>
   </div>
   <div class='ocr_carea' id='block_1_54' title="bbox 2276 1515 3368 1575">
    <p class='ocr_par' dir='ltr' id='par_1_54' title="bbox 2276 1515 3368 1575">
     <span class='ocr_line' id='line_1_54' title="bbox 2276 1515 3368 1575; baseline 0.005 -5"><span class='ocrx_word' id='word_1_295' title='bbox 2276 1515 2496 1572; x_wconf 91' lang='lat' dir='ltr'>ibidem</span> <span class='ocrx_word' id='word_1_296' title='bbox 2529 1517 2958 1574; x_wconf 88' lang='lat' dir='ltr'>celebrandum</span> <span class='ocrx_word' id='word_1_297' title='bbox 2987 1519 3368 1575; x_wconf 89' lang='lat' dir='ltr'>reducantur.</span> 
     </span>
    </p>
   </div>
   <div class='ocr_carea' id='block_1_55' title="bbox 3047 1630 3154 1682">
    <p class='ocr_par' dir='ltr' id='par_1_55' title="bbox 3047 1630 3154 1682">
     <span class='ocr_line' id='line_1_55' title="bbox 3047 1630 3154 1682; baseline -0.009 0"><span class='ocrx_word' id='word_1_298' title='bbox 3047 1630 3154 1682; x_wconf 77' lang='lat' dir='ltr'><strong>XII.</strong></span> 
     </span>
    </p>
   </div>
   <div class='ocr_carea' id='block_1_56' title="bbox 2347 1715 3824 1788">
    <p class='ocr_par' dir='ltr' id='par_1_56' title="bbox 2347 1715 3824 1788">
     <span class='ocr_line' id='line_1_56' title="bbox 2347 1715 3824 1788; baseline 0.002 -19"><span class='ocrx_word' id='word_1_299' title='bbox 2347 1717 2652 1770; x_wconf 85' lang='lat' dir='ltr'>Monemus</span> <span class='ocrx_word' id='word_1_300' title='bbox 2677 1715 2927 1770; x_wconf 89' lang='lat' dir='ltr'>abbates</span> <span class='ocrx_word' id='word_1_301' title='bbox 2959 1720 3014 1770; x_wconf 88' lang='lat' dir='ltr'>et</span> <span class='ocrx_word' id='word_1_302' title='bbox 3045 1715 3274 1788; x_wconf 88' lang='lat' dir='ltr'>priores</span> <span class='ocrx_word' id='word_1_303' title='bbox 3300 1717 3824 1788; x_wconf 83' lang='lat' dir='ltr'>conventuales,quod</span> 
     </span>
    </p>
   </div>
   <div class='ocr_carea' id='block_1_57' title="bbox 2277 1804 3824 1877">
    <p class='ocr_par' dir='ltr' id='par_1_57' title="bbox 2277 1804 3824 1877">
     <span class='ocr_line' id='line_1_57' title="bbox 2277 1804 3824 1877; baseline 0.003 -21"><span class='ocrx_word' id='word_1_304' title='bbox 2277 1805 2357 1857; x_wconf 92' lang='lat' dir='ltr'>tot</span> <span class='ocrx_word' id='word_1_305' title='bbox 2388 1804 2698 1859; x_wconf 83' lang='lat' dir='ltr'>servitores</span> <span class='ocrx_word' id='word_1_306' title='bbox 2729 1804 2788 1859; x_wconf 90' lang='lat' dir='ltr'>in</span> <span class='ocrx_word' id='word_1_307' title='bbox 2821 1805 3076 1860; x_wconf 87' lang='lat' dir='ltr'>abbatiis</span> <span class='ocrx_word' id='word_1_308' title='bbox 3105 1811 3162 1860; x_wconf 90' lang='lat' dir='ltr'>et</span> <span class='ocrx_word' id='word_1_309' title='bbox 3190 1805 3532 1877; x_wconf 90' lang='lat' dir='ltr'>prioratibus</span> <span class='ocrx_word' id='word_1_310' title='bbox 3567 1805 3660 1861; x_wconf 88' lang='lat' dir='ltr'>sibi</span> <span class='ocrx_word' id='word_1_311' title='bbox 3681 1805 3824 1861; x_wconf 85' lang='lat' dir='ltr'>subdi-</span> 
     </span>
    </p>
   </div>
   <div class='ocr_carea' id='block_1_58' title="bbox 2275 1889 3825 1956">
    <p class='ocr_par' dir='ltr' id='par_1_58' title="bbox 2275 1889 3825 1956">
     <span class='ocr_line' id='line_1_58' title="bbox 2275 1889 3825 1956; baseline 0.004 -13"><span class='ocrx_word' id='word_1_312' title='bbox 2275 1889 2344 1944; x_wconf 89' lang='lat' dir='ltr'>tis</span> <span class='ocrx_word' id='word_1_313' title='bbox 2375 1889 2700 1956; x_wconf 88' lang='lat' dir='ltr'>instituant,</span> <span class='ocrx_word' id='word_1_314' title='bbox 2731 1892 2778 1947; x_wconf 89' lang='lat' dir='ltr'>si</span> <span class='ocrx_word' id='word_1_315' title='bbox 2811 1893 2884 1947; x_wconf 88' lang='lat' dir='ltr'>ad</span> <span class='ocrx_word' id='word_1_316' title='bbox 2933 1893 3044 1948; x_wconf 85' lang='lat' dir='ltr'>hoc</span> <span class='ocrx_word' id='word_1_317' title='bbox 3080 1892 3375 1948; x_wconf 80' lang='lat' dir='ltr'>sulliciant</span> <span class='ocrx_word' id='word_1_318' title='bbox 3419 1893 3687 1949; x_wconf 84' lang='lat' dir='ltr'>facultates</span> <span class='ocrx_word' id='word_1_319' title='bbox 3720 1894 3825 1949; x_wconf 74' lang='lat' dir='ltr'>loco</span> 
     </span>
    </p>
   </div>
   <div class='ocr_carea' id='block_1_59' title="bbox 2271 1979 3822 2055">
    <p class='ocr_par' dir='ltr' id='par_1_59' title="bbox 2271 1979 3822 2055">
     <span class='ocr_line' id='line_1_59' title="bbox 2271 1979 3822 2055; baseline 0.003 -24"><span class='ocrx_word' id='word_1_320' title='bbox 2271 1993 2428 2044; x_wconf 90' lang='lat' dir='ltr'>rum,</span> <span class='ocrx_word' id='word_1_321' title='bbox 2456 1984 2604 2051; x_wconf 88' lang='lat' dir='ltr'>quot</span> <span class='ocrx_word' id='word_1_322' title='bbox 2633 1979 2711 2034; x_wconf 90' lang='lat' dir='ltr'>ibi</span> <span class='ocrx_word' id='word_1_323' title='bbox 2742 1980 3039 2037; x_wconf 89' lang='lat' dir='ltr'>deservire</span> <span class='ocrx_word' id='word_1_324' title='bbox 3074 1981 3268 2037; x_wconf 88' lang='lat' dir='ltr'>solent</span> <span class='ocrx_word' id='word_1_325' title='bbox 3297 1999 3310 2036; x_wconf 89' lang='lat'><strong>:</strong></span> <span class='ocrx_word' id='word_1_326' title='bbox 3355 1987 3410 2037; x_wconf 91' lang='lat' dir='ltr'>et</span> <span class='ocrx_word' id='word_1_327' title='bbox 3452 1998 3519 2037; x_wconf 90' lang='lat' dir='ltr'>ne</span> <span class='ocrx_word' id='word_1_328' title='bbox 3559 1982 3822 2055; x_wconf 85' lang='lat' dir='ltr'>pensionem</span> 
     </span>
    </p>
   </div>
   <div class='ocr_carea' id='block_1_60' title="bbox 2272 2065 3822 2142">
    <p class='ocr_par' dir='ltr' id='par_1_60' title="bbox 2272 2065 3822 2142">
     <span class='ocr_line' id='line_1_60' title="bbox 2272 2065 3822 2142; baseline 0.003 -23"><span class='ocrx_word' id='word_1_329' title='bbox 2272 2065 2397 2121; x_wconf 89' lang='lat' dir='ltr'>sive</span> <span class='ocrx_word' id='word_1_330' title='bbox 2427 2083 2676 2123; x_wconf 88' lang='lat' dir='ltr'>censum</span> <span class='ocrx_word' id='word_1_331' title='bbox 2703 2069 2782 2124; x_wconf 91' lang='lat' dir='ltr'>ab</span> <span class='ocrx_word' id='word_1_332' title='bbox 2807 2069 3032 2124; x_wconf 89' lang='lat' dir='ltr'>eisdem</span> <span class='ocrx_word' id='word_1_333' title='bbox 3075 2069 3334 2138; x_wconf 76' lang='lat' dir='ltr'>exigant,</span> <span class='ocrx_word' id='word_1_334' title='bbox 3360 2087 3528 2142; x_wconf 87' lang='lat' dir='ltr'>quem</span> <span class='ocrx_word' id='word_1_335' title='bbox 3556 2087 3656 2126; x_wconf 91' lang='lat' dir='ltr'>non</span> <span class='ocrx_word' id='word_1_336' title='bbox 3693 2070 3822 2124; x_wconf 85' lang='lat' dir='ltr'>solent</span> 
     </span>
    </p>
   </div>
   <div class='ocr_carea' id='block_1_61' title="bbox 2269 2154 3822 2228">
    <p class='ocr_par' dir='ltr' id='par_1_61' title="bbox 2269 2154 3822 2228">
     <span class='ocr_line' id='line_1_61' title="bbox 2269 2154 3822 2228; baseline 0.002 -20"><span class='ocrx_word' id='word_1_337' title='bbox 2269 2154 2503 2225; x_wconf 82' lang='lat' dir='ltr'>exigere</span> <span class='ocrx_word' id='word_1_338' title='bbox 2534 2157 2612 2211; x_wconf 88' lang='lat' dir='ltr'>ab</span> <span class='ocrx_word' id='word_1_339' title='bbox 2634 2157 2903 2228; x_wconf 89' lang='lat' dir='ltr'>antiquo,</span> <span class='ocrx_word' id='word_1_340' title='bbox 2938 2157 3048 2212; x_wconf 85' lang='lat' dir='ltr'>nisi</span> <span class='ocrx_word' id='word_1_341' title='bbox 3079 2157 3226 2213; x_wconf 80' lang='lat' dir='ltr'>forte</span> <span class='ocrx_word' id='word_1_342' title='bbox 3250 2158 3419 2213; x_wconf 85' lang='lat' dir='ltr'>alicui</span> <span class='ocrx_word' id='word_1_343' title='bbox 3447 2174 3510 2212; x_wconf 85' lang='lat' dir='ltr'>ex</span> <span class='ocrx_word' id='word_1_344' title='bbox 3534 2159 3678 2228; x_wconf 81' lang='lat' dir='ltr'>juxta</span> <span class='ocrx_word' id='word_1_345' title='bbox 3697 2175 3822 2213; x_wconf 82' lang='lat' dir='ltr'>causa</span> 
     </span>
    </p>
   </div>
   <div class='ocr_carea' id='block_1_62' title="bbox 2269 2241 3218 2316">
    <p class='ocr_par' dir='ltr' id='par_1_62' title="bbox 2269 2241 3218 2316">
     <span class='ocr_line' id='line_1_62' title="bbox 2269 2241 3218 2316; baseline 0.001 -18"><span class='ocrx_word' id='word_1_346' title='bbox 2269 2241 2348 2298; x_wconf 91' lang='lat' dir='ltr'>ab</span> <span class='ocrx_word' id='word_1_347' title='bbox 2374 2241 2658 2316; x_wconf 92' lang='lat' dir='ltr'>episcopo</span> <span class='ocrx_word' id='word_1_348' title='bbox 2683 2260 2793 2299; x_wconf 88' lang='lat' dir='ltr'>suo</span> <span class='ocrx_word' id='word_1_349' title='bbox 2821 2243 3218 2313; x_wconf 89' lang='lat' dir='ltr'>permittatur.</span> 
     </span>
    </p>
   </div>
   <div class='ocr_carea' id='block_1_63' title="bbox 3026 2333 3163 2389">
    <p class='ocr_par' dir='ltr' id='par_1_63' title="bbox 3026 2333 3163 2389">
     <span class='ocr_line' id='line_1_63' title="bbox 3026 2333 3163 2389; baseline 0 0"><span class='ocrx_word' id='word_1_350' title='bbox 3026 2333 3163 2389; x_wconf 84' lang='lat' dir='ltr'>XIII.</span> 
     </span>
    </p>
   </div>
   <div class='ocr_carea' id='block_1_64' title="bbox 2337 2419 3820 2493">
    <p class='ocr_par' dir='ltr' id='par_1_64' title="bbox 2337 2419 3820 2493">
     <span class='ocr_line' id='line_1_64' title="bbox 2337 2419 3820 2493; baseline 0 -18"><span class='ocrx_word' id='word_1_351' title='bbox 2337 2419 2663 2475; x_wconf 88' lang='lat' dir='ltr'>Statuimns</span> <span class='ocrx_word' id='word_1_352' title='bbox 2722 2422 2889 2493; x_wconf 89' lang='lat' dir='ltr'>quod</span> <span class='ocrx_word' id='word_1_353' title='bbox 2946 2421 3139 2478; x_wconf 87' lang='lat' dir='ltr'>clerici</span> <span class='ocrx_word' id='word_1_354' title='bbox 3201 2421 3428 2489; x_wconf 84' lang='lat' dir='ltr'>ribaldi,</span> <span class='ocrx_word' id='word_1_355' title='bbox 3495 2423 3710 2478; x_wconf 79' lang='lat' dir='ltr'>maxime</span> <span class='ocrx_word' id='word_1_356' title='bbox 3751 2421 3820 2492; x_wconf 88' lang='lat' dir='ltr'>qui</span> 
     </span>
    </p>
   </div>
   <div class='ocr_carea' id='block_1_65' title="bbox 2267 2508 3819 2583">
    <p class='ocr_par' dir='ltr' id='par_1_65' title="bbox 2267 2508 3819 2583">
     <span class='ocr_line' id='line_1_65' title="bbox 2267 2508 3819 2583; baseline 0.001 -21"><span class='ocrx_word' id='word_1_357' title='bbox 2267 2508 2447 2576; x_wconf 87' lang='lat' dir='ltr'>vulgo</span> <span class='ocrx_word' id='word_1_358' title='bbox 2493 2509 2772 2565; x_wconf 89' lang='lat' dir='ltr'>dicuntur</span> <span class='ocrx_word' id='word_1_359' title='bbox 2819 2510 2894 2566; x_wconf 88' lang='lat' dir='ltr'>de</span> <span class='ocrx_word' id='word_1_360' title='bbox 2941 2510 3168 2568; x_wconf 86' lang='lat' dir='ltr'>familia</span> <span class='ocrx_word' id='word_1_361' title='bbox 3216 2511 3409 2577; x_wconf 73' lang='lat' dir='ltr'>Goliie,</span> <span class='ocrx_word' id='word_1_362' title='bbox 3453 2527 3548 2583; x_wconf 88' lang='lat' dir='ltr'>per</span> <span class='ocrx_word' id='word_1_363' title='bbox 3587 2511 3819 2583; x_wconf 86' lang='lat' dir='ltr'>episcopos</span> 
     </span>
    </p>
   </div>
   <div class='ocr_carea' id='block_1_66' title="bbox 2265 2597 3820 2664">
    <p class='ocr_par' dir='ltr' id='par_1_66' title="bbox 2265 2597 3820 2664">
     <span class='ocr_line' id='line_1_66' title="bbox 2265 2597 3820 2664; baseline -0.001 -12"><span class='ocrx_word' id='word_1_364' title='bbox 2265 2597 2739 2660; x_wconf 82' lang='lat' dir='ltr'>areliidiaconos,</span> <span class='ocrx_word' id='word_1_365' title='bbox 2764 2597 3068 2664; x_wconf 77' lang='lat' dir='ltr'>ofﬁciales,</span> <span class='ocrx_word' id='word_1_366' title='bbox 3111 2603 3163 2654; x_wconf 89' lang='lat' dir='ltr'>et</span> <span class='ocrx_word' id='word_1_367' title='bbox 3217 2599 3470 2655; x_wconf 89' lang='lat' dir='ltr'>decanos</span> <span class='ocrx_word' id='word_1_368' title='bbox 3515 2597 3820 2655; x_wconf 82' lang='lat' dir='ltr'>Christianita-</span> 
     </span>
    </p>
   </div>
   <div class='ocr_carea' id='block_1_67' title="bbox 2267 2683 3816 2760">
    <p class='ocr_par' dir='ltr' id='par_1_67' title="bbox 2267 2683 3816 2760">
     <span class='ocr_line' id='line_1_67' title="bbox 2267 2683 3816 2760; baseline -0.001 -20"><span class='ocrx_word' id='word_1_369' title='bbox 2267 2685 2356 2756; x_wconf 91' lang='lat' dir='ltr'>tis,</span> <span class='ocrx_word' id='word_1_370' title='bbox 2389 2685 2622 2742; x_wconf 89' lang='lat' dir='ltr'>tonderi</span> <span class='ocrx_word' id='word_1_371' title='bbox 2648 2686 3090 2760; x_wconf 71' lang='lat' dir='ltr'>prtecipiantur,</span> <span class='ocrx_word' id='word_1_372' title='bbox 3124 2687 3223 2743; x_wconf 89' lang='lat' dir='ltr'>vel</span> <span class='ocrx_word' id='word_1_373' title='bbox 3247 2688 3420 2743; x_wconf 89' lang='lat' dir='ltr'>etiam</span> <span class='ocrx_word' id='word_1_374' title='bbox 3441 2687 3575 2752; x_wconf 87' lang='lat' dir='ltr'>radi,</span> <span class='ocrx_word' id='word_1_375' title='bbox 3601 2686 3682 2751; x_wconf 82' lang='lat' dir='ltr'>ita,</span> <span class='ocrx_word' id='word_1_376' title='bbox 3705 2683 3816 2757; x_wconf 88' lang='lat' dir='ltr'>quod</span> 
     </span>
    </p>
   </div>
   <div class='ocr_carea' id='block_1_68' title="bbox 2263 2774 3817 2842">
    <p class='ocr_par' dir='ltr' id='par_1_68' title="bbox 2263 2774 3817 2842">
     <span class='ocr_line' id='line_1_68' title="bbox 2263 2774 3817 2842; baseline -0.002 -12"><span class='ocrx_word' id='word_1_377' title='bbox 2263 2774 2346 2830; x_wconf 90' lang='lat' dir='ltr'>eis</span> <span class='ocrx_word' id='word_1_378' title='bbox 2395 2791 2518 2830; x_wconf 89' lang='lat' dir='ltr'>non</span> <span class='ocrx_word' id='word_1_379' title='bbox 2565 2782 2870 2832; x_wconf 89' lang='lat' dir='ltr'>remaneat</span> <span class='ocrx_word' id='word_1_380' title='bbox 2902 2782 3146 2832; x_wconf 88' lang='lat' dir='ltr'>tonsura</span> <span class='ocrx_word' id='word_1_381' title='bbox 3206 2777 3516 2842; x_wconf 84' lang='lat' dir='ltr'>clericalis:</span> <span class='ocrx_word' id='word_1_382' title='bbox 3567 2776 3634 2831; x_wconf 87' lang='lat' dir='ltr'>ita</span> <span class='ocrx_word' id='word_1_383' title='bbox 3677 2779 3817 2830; x_wconf 86' lang='lat' dir='ltr'>tamen</span> 
     </span>
    </p>
   </div>
   <div class='ocr_carea' id='block_1_69' title="bbox 2261 2865 3576 2938">
    <p class='ocr_par' dir='ltr' id='par_1_69' title="bbox 2261 2865 3576 2938">
     <span class='ocr_line' id='line_1_69' title="bbox 2261 2865 3576 2938; baseline 0.001 -18"><span class='ocrx_word' id='word_1_384' title='bbox 2261 2865 2428 2936; x_wconf 91' lang='lat' dir='ltr'>quod</span> <span class='ocrx_word' id='word_1_385' title='bbox 2457 2865 2581 2921; x_wconf 90' lang='lat' dir='ltr'>sine</span> <span class='ocrx_word' id='word_1_386' title='bbox 2610 2865 2873 2938; x_wconf 88' lang='lat' dir='ltr'>periculo</span> <span class='ocrx_word' id='word_1_387' title='bbox 2904 2871 2962 2922; x_wconf 92' lang='lat' dir='ltr'>et</span> <span class='ocrx_word' id='word_1_388' title='bbox 2986 2865 3276 2923; x_wconf 84' lang='lat' dir='ltr'>seandalo</span> <span class='ocrx_word' id='word_1_389' title='bbox 3294 2867 3399 2922; x_wconf 89' lang='lat' dir='ltr'>ista</span> <span class='ocrx_word' id='word_1_390' title='bbox 3427 2867 3576 2922; x_wconf 85' lang='lat' dir='ltr'>liant.</span> 
     </span>
    </p>
   </div>
   <div class='ocr_carea' id='block_1_70' title="bbox 3023 2975 3152 3030">
    <p class='ocr_par' dir='ltr' id='par_1_70' title="bbox 3023 2975 3152 3030">
     <span class='ocr_line' id='line_1_70' title="bbox 3023 2975 3152 3030; baseline 0 0"><span class='ocrx_word' id='word_1_391' title='bbox 3023 2975 3152 3030; x_wconf 82' lang='lat' dir='ltr'><strong>XIV.</strong></span> 
     </span>
    </p>
   </div>
   <div class='ocr_carea' id='block_1_71' title="bbox 2331 3057 3814 3135">
    <p class='ocr_par' dir='ltr' id='par_1_71' title="bbox 2331 3057 3814 3135">
     <span class='ocr_line' id='line_1_71' title="bbox 2331 3057 3814 3135; baseline -0.004 -18"><span class='ocrx_word' id='word_1_392' title='bbox 2331 3066 2472 3117; x_wconf 89' lang='lat' dir='ltr'>Item</span> <span class='ocrx_word' id='word_1_393' title='bbox 2531 3062 2846 3135; x_wconf 86' lang='lat' dir='ltr'>antiquum</span> <span class='ocrx_word' id='word_1_394' title='bbox 2908 3069 3195 3119; x_wconf 89' lang='lat' dir='ltr'>statutum</span> <span class='ocrx_word' id='word_1_395' title='bbox 3253 3063 3476 3120; x_wconf 86' lang='lat' dir='ltr'>concilii</span> <span class='ocrx_word' id='word_1_396' title='bbox 3524 3057 3814 3134; x_wconf 78' lang='lat' dir='ltr'>provincialis</span> 
     </span>
    </p>
   </div>
   <div class='ocr_carea' id='block_1_72' title="bbox 2256 3147 3815 3226">
    <p class='ocr_par' dir='ltr' id='par_1_72' title="bbox 2256 3147 3815 3226">
     <span class='ocr_line' id='line_1_72' title="bbox 2256 3147 3815 3226; baseline -0.001 -21"><span class='ocrx_word' id='word_1_397' title='bbox 2256 3167 2462 3206; x_wconf 88' lang='lat' dir='ltr'>rursus</span> <span class='ocrx_word' id='word_1_398' title='bbox 2492 3158 2844 3208; x_wconf 86' lang='lat' dir='ltr'>renovantes</span> <span class='ocrx_word' id='word_1_399' title='bbox 2877 3153 3282 3226; x_wconf 83' lang='lat' dir='ltr'>praecipimus,</span> <span class='ocrx_word' id='word_1_400' title='bbox 3331 3151 3488 3225; x_wconf 86' lang='lat' dir='ltr'>quod</span> <span class='ocrx_word' id='word_1_401' title='bbox 3513 3149 3718 3224; x_wconf 90' lang='lat' dir='ltr'>quando</span> <span class='ocrx_word' id='word_1_402' title='bbox 3749 3147 3815 3203; x_wconf 85' lang='lat' dir='ltr'>ali-</span> 
     </span>
    </p>
   </div>
   <div class='ocr_carea' id='block_1_73' title="bbox 2253 3236 3815 3314">
    <p class='ocr_par' dir='ltr' id='par_1_73' title="bbox 2253 3236 3815 3314">
     <span class='ocr_line' id='line_1_73' title="bbox 2253 3236 3815 3314; baseline -0.004 -18"><span class='ocrx_word' id='word_1_403' title='bbox 2253 3256 2376 3312; x_wconf 84' lang='lat' dir='ltr'>qua</span> <span class='ocrx_word' id='word_1_404' title='bbox 2403 3245 2576 3308; x_wconf 88' lang='lat' dir='ltr'>terra,</span> <span class='ocrx_word' id='word_1_405' title='bbox 2609 3247 2852 3314; x_wconf 89' lang='lat' dir='ltr'>propter</span> <span class='ocrx_word' id='word_1_406' title='bbox 2881 3243 3164 3298; x_wconf 89' lang='lat' dir='ltr'>delictum</span> <span class='ocrx_word' id='word_1_407' title='bbox 3196 3243 3422 3298; x_wconf 89' lang='lat' dir='ltr'>domini</span> <span class='ocrx_word' id='word_1_408' title='bbox 3457 3247 3604 3298; x_wconf 78' lang='lat' dir='ltr'>teme</span> <span class='ocrx_word' id='word_1_409' title='bbox 3629 3239 3701 3294; x_wconf 86' lang='lat' dir='ltr'>vel</span> <span class='ocrx_word' id='word_1_410' title='bbox 3733 3236 3815 3291; x_wconf 80' lang='lat' dir='ltr'>bal-</span> 
     </span>
    </p>
   </div>
   <div class='ocr_carea' id='block_1_74' title="bbox 2251 3327 3811 3402">
    <p class='ocr_par' dir='ltr' id='par_1_74' title="bbox 2251 3327 3811 3402">
     <span class='ocr_line' id='line_1_74' title="bbox 2251 3327 3811 3402; baseline -0.003 -20"><span class='ocrx_word' id='word_1_411' title='bbox 2251 3327 2530 3395; x_wconf 88' lang='lat' dir='ltr'>livorum,</span> <span class='ocrx_word' id='word_1_412' title='bbox 2565 3329 2876 3402; x_wconf 90' lang='lat' dir='ltr'>supposita</span> <span class='ocrx_word' id='word_1_413' title='bbox 2916 3330 3026 3386; x_wconf 90' lang='lat' dir='ltr'>fuit</span> <span class='ocrx_word' id='word_1_414' title='bbox 3055 3331 3384 3397; x_wconf 90' lang='lat' dir='ltr'>interdicto,</span> <span class='ocrx_word' id='word_1_415' title='bbox 3435 3328 3722 3386; x_wconf 85' lang='lat' dir='ltr'>nullatenus</span> <span class='ocrx_word' id='word_1_416' title='bbox 3756 3340 3811 3378; x_wconf 73' lang='lat' dir='ltr'>ie-</span> 
     </span>
    </p>
   </div>
   <div class='ocr_carea' id='block_1_75' title="bbox 2250 3416 3813 3485">
    <p class='ocr_par' dir='ltr' id='par_1_75' title="bbox 2250 3416 3813 3485">
     <span class='ocr_line' id='line_1_75' title="bbox 2250 3416 3813 3485; baseline -0.003 -13"><span class='ocrx_word' id='word_1_417' title='bbox 2250 3417 2500 3485; x_wconf 83' lang='lat' dir='ltr'>laxetur,</span> <span class='ocrx_word' id='word_1_418' title='bbox 2515 3419 2705 3476; x_wconf 91' lang='lat' dir='ltr'>donec</span> <span class='ocrx_word' id='word_1_419' title='bbox 2733 3419 2812 3475; x_wconf 89' lang='lat' dir='ltr'>ad</span> <span class='ocrx_word' id='word_1_420' title='bbox 2833 3420 3144 3476; x_wconf 88' lang='lat' dir='ltr'>arbitrium</span> <span class='ocrx_word' id='word_1_421' title='bbox 3157 3425 3218 3477; x_wconf 91' lang='lat' dir='ltr'>et</span> <span class='ocrx_word' id='word_1_422' title='bbox 3237 3421 3598 3476; x_wconf 85' lang='lat' dir='ltr'>moderamen</span> <span class='ocrx_word' id='word_1_423' title='bbox 3617 3416 3813 3472; x_wconf 78' lang='lat' dir='ltr'>relaxan-</span> 
     </span>
    </p>
   </div>
   <div class='ocr_carea' id='block_1_76' title="bbox 2252 3505 3810 3581">
    <p class='ocr_par' dir='ltr' id='par_1_76' title="bbox 2252 3505 3810 3581">
     <span class='ocr_line' id='line_1_76' title="bbox 2252 3505 3810 3581; baseline -0.001 -19"><span class='ocrx_word' id='word_1_424' title='bbox 2252 3507 2344 3576; x_wconf 90' lang='lat' dir='ltr'>tis,</span> <span class='ocrx_word' id='word_1_425' title='bbox 2378 3508 2743 3579; x_wconf 87' lang='lat' dir='ltr'>presbyteris</span> <span class='ocrx_word' id='word_1_426' title='bbox 2775 3509 3224 3581; x_wconf 86' lang='lat' dir='ltr'>parochialibus</span> <span class='ocrx_word' id='word_1_427' title='bbox 3253 3509 3326 3565; x_wconf 92' lang='lat' dir='ltr'>de</span> <span class='ocrx_word' id='word_1_428' title='bbox 3347 3509 3566 3565; x_wconf 67' lang='lat' dir='ltr'>damnis</span> <span class='ocrx_word' id='word_1_429' title='bbox 3584 3513 3630 3562; x_wconf 90' lang='lat' dir='ltr'>et</span> <span class='ocrx_word' id='word_1_430' title='bbox 3649 3505 3707 3560; x_wconf 91' lang='lat' dir='ltr'>de</span> <span class='ocrx_word' id='word_1_431' title='bbox 3723 3519 3810 3576; x_wconf 78' lang='lat' dir='ltr'>per-</span> 
     </span>
    </p>
   </div>
   <div class='ocr_carea' id='block_1_77' title="bbox 2250 3592 3808 3672">
    <p class='ocr_par' dir='ltr' id='par_1_77' title="bbox 2250 3592 3808 3672">
     <span class='ocr_line' id='line_1_77' title="bbox 2250 3592 3808 3672; baseline -0.004 -20"><span class='ocrx_word' id='word_1_432' title='bbox 2250 3597 2386 3652; x_wconf 92' lang='lat' dir='ltr'>ditis</span> <span class='ocrx_word' id='word_1_433' title='bbox 2411 3597 2704 3654; x_wconf 88' lang='lat' dir='ltr'>interdicti</span> <span class='ocrx_word' id='word_1_434' title='bbox 2743 3599 3057 3654; x_wconf 88' lang='lat' dir='ltr'>occasione</span> <span class='ocrx_word' id='word_1_435' title='bbox 3103 3599 3281 3655; x_wconf 88' lang='lat' dir='ltr'>illatis</span> <span class='ocrx_word' id='word_1_436' title='bbox 3327 3599 3496 3672; x_wconf 87' lang='lat' dir='ltr'>plane</span> <span class='ocrx_word' id='word_1_437' title='bbox 3540 3595 3683 3652; x_wconf 86' lang='lat' dir='ltr'>fuerit</span> <span class='ocrx_word' id='word_1_438' title='bbox 3713 3592 3808 3647; x_wconf 82' lang='lat' dir='ltr'>sati-</span> 
     </span>
    </p>
   </div>
   <div class='ocr_carea' id='block_1_78' title="bbox 2250 3685 3486 3756">
    <p class='ocr_par' dir='ltr' id='par_1_78' title="bbox 2250 3685 3486 3756">
     <span class='ocr_line' id='line_1_78' title="bbox 2250 3685 3486 3756; baseline 0.001 -16"><span class='ocrx_word' id='word_1_439' title='bbox 2250 3685 2526 3756; x_wconf 86' lang='lat' dir='ltr'>sfactum,</span> <span class='ocrx_word' id='word_1_440' title='bbox 2557 3685 2648 3740; x_wconf 92' lang='lat' dir='ltr'>vel</span> <span class='ocrx_word' id='word_1_441' title='bbox 2677 3686 2752 3742; x_wconf 89' lang='lat' dir='ltr'>de</span> <span class='ocrx_word' id='word_1_442' title='bbox 2779 3686 3202 3744; x_wconf 88' lang='lat' dir='ltr'>satisfaciendo</span> <span class='ocrx_word' id='word_1_443' title='bbox 3233 3693 3486 3744; x_wconf 90' lang='lat' dir='ltr'>cantum.</span> 
     </span>
    </p>
   </div>
   <div class='ocr_carea' id='block_1_79' title="bbox 1229 3856 3796 3913">
    <p class='ocr_par' dir='ltr' id='par_1_79' title="bbox 1229 3856 3796 3913">
     <span class='ocr_line' id='line_1_79' title="bbox 1229 3856 3796 3913; baseline -0.002 -1"><span class='ocrx_word' id='word_1_444' title='bbox 1229 3856 3796 3913; x_wconf 49' lang='grc' dir='ltr'>ω</span> 
     </span>
    </p>
   </div>
   <div class='ocr_carea' id='block_1_80' title="bbox 1752 4044 2619 4090">
    <p class='ocr_par' dir='ltr' id='par_1_80' title="bbox 1752 4044 2619 4090">
     <span class='ocr_line' id='line_1_80' title="bbox 1752 4044 2619 4090; baseline 0.001 -4"><span class='ocrx_word' id='word_1_445' title='bbox 1752 4044 1922 4087; x_wconf 78' lang='lat' dir='ltr'>ANNO</span> <span class='ocrx_word' id='word_1_446' title='bbox 1969 4045 2194 4089; x_wconf 87' lang='lat' dir='ltr'><strong>DOMINI</strong></span> <span class='ocrx_word' id='word_1_447' title='bbox 2241 4044 2619 4090; x_wconf 76' lang='lat' dir='ltr'>DCCCCXXIII.</span> 
     </span>
    </p>
   </div>
   <div class='ocr_carea' id='block_1_81' title="bbox 947 4149 3419 4384">
    <p class='ocr_par' dir='ltr' id='par_1_81' title="bbox 947 4149 3419 4384">
     <span class='ocr_line' id='line_1_81' title="bbox 947 4149 3419 4384; baseline 0 -4"><span class='ocrx_word' id='word_1_448' title='bbox 947 4195 2111 4384; x_wconf 76' lang='lat' dir='ltr'>RADBODUS</span> <span class='ocrx_word' id='word_1_449' title='bbox 2265 4149 3419 4382; x_wconf 79' lang='lat' dir='ltr'>DOLENSIS.</span> 
     </span>
    </p>
   </div>
   <div class='ocr_carea' id='block_1_82' title="bbox 1713 4628 2646 4748">
    <p class='ocr_par' dir='ltr' id='par_1_82' title="bbox 1713 4628 2646 4748">
     <span class='ocr_line' id='line_1_82' title="bbox 1713 4628 2646 4748; baseline 0.004 -6"><span class='ocrx_word' id='word_1_450' title='bbox 1713 4628 2646 4748; x_wconf 76' lang='lat' dir='ltr'>RADBODI</span> 
     </span>
    </p>
   </div>
   <div class='ocr_carea' id='block_1_83' title="bbox 825 4846 3520 4968">
    <p class='ocr_par' dir='ltr' id='par_1_83' title="bbox 825 4846 3520 4968">
     <span class='ocr_line' id='line_1_83' title="bbox 825 4846 3520 4968; baseline 0.007 -18"><span class='ocrx_word' id='word_1_451' title='bbox 825 4846 1527 4950; x_wconf 77' lang='lat' dir='ltr'>EPISTULA</span> <span class='ocrx_word' id='word_1_452' title='bbox 1643 4849 1818 4949; x_wconf 88' lang='lat' dir='ltr'>AD</span> <span class='ocrx_word' id='word_1_453' title='bbox 1939 4848 2909 4956; x_wconf 84' lang='lat' dir='ltr'>ADELSTANUM</span> <span class='ocrx_word' id='word_1_454' title='bbox 3013 4850 3520 4968; x_wconf 83' lang='lat' dir='ltr'>REGEM.</span> 
     </span>
    </p>
   </div>
   <div class='ocr_carea' id='block_1_84' title="bbox 1347 5049 3022 5126">
    <p class='ocr_par' dir='ltr' id='par_1_84' title="bbox 1347 5049 3022 5126">
     <span class='ocr_line' id='line_1_84' title="bbox 1347 5049 3022 5126; baseline 0.005 -24"><span class='ocrx_word' id='word_1_455' title='bbox 1347 5049 1713 5121; x_wconf 84' lang='lat' dir='ltr'>(Warthon.,</span> <span class='ocrx_word' id='word_1_456' title='bbox 1747 5049 1964 5122; x_wconf 84' lang='lat' dir='ltr'>Anglia</span> <span class='ocrx_word' id='word_1_457' title='bbox 1994 5053 2196 5122; x_wconf 91' lang='lat' dir='ltr'>Sacra,</span> <span class='ocrx_word' id='word_1_458' title='bbox 2229 5054 2374 5108; x_wconf 92' lang='lat' dir='ltr'>tom.</span> <span class='ocrx_word' id='word_1_459' title='bbox 2409 5052 2478 5121; x_wconf 90' lang='lat' dir='ltr'>ll,</span> <span class='ocrx_word' id='word_1_460' title='bbox 2505 5053 2569 5110; x_wconf 91' lang='lat' dir='ltr'>in</span> <span class='ocrx_word' id='word_1_461' title='bbox 2595 5055 2652 5110; x_wconf 93' lang='lat' dir='ltr'>S.</span> <span class='ocrx_word' id='word_1_462' title='bbox 2683 5053 3022 5126; x_wconf 83' lang='lat' dir='ltr'>Adhelmo.)</span> 
     </span>
    </p>
   </div>
   <div class='ocr_carea' id='block_1_85' title="bbox 533 5333 2191 5395">
    <p class='ocr_par' dir='ltr' id='par_1_85' title="bbox 533 5333 2191 5395">
     <span class='ocr_line' id='line_1_85' title="bbox 533 5333 2191 5395; baseline 0.004 -11"><span class='ocrx_word' id='word_1_463' title='bbox 533 5339 794 5388; x_wconf 62' lang='lat' dir='ltr'>Summa)</span> <span class='ocrx_word' id='word_1_464' title='bbox 821 5338 877 5388; x_wconf 91' lang='lat' dir='ltr'>et</span> <span class='ocrx_word' id='word_1_465' title='bbox 906 5333 1228 5388; x_wconf 49' lang='lat' dir='ltr'>individua:</span> <span class='ocrx_word' id='word_1_466' title='bbox 1245 5333 1538 5387; x_wconf 76' lang='lat' dir='ltr'>Trinitatis</span> <span class='ocrx_word' id='word_1_467' title='bbox 1571 5333 1794 5388; x_wconf 79' lang='lat' dir='ltr'>honore</span> <span class='ocrx_word' id='word_1_468' title='bbox 1814 5333 2111 5390; x_wconf 77' lang='lat' dir='ltr'>nmnium-</span> <span class='ocrx_word' id='word_1_469' title='bbox 2151 5343 2191 5395; x_wconf 90' lang='lat' dir='ltr'><strong>D</strong></span> 
     </span>
    </p>
   </div>
   <div class='ocr_carea' id='block_1_86' title="bbox 456 5422 2113 5498">
    <p class='ocr_par' dir='ltr' id='par_1_86' title="bbox 456 5422 2113 5498">
     <span class='ocr_line' id='line_1_86' title="bbox 456 5422 2113 5498; baseline 0.002 -22"><span class='ocrx_word' id='word_1_470' title='bbox 456 5443 573 5498; x_wconf 78' lang='lat' dir='ltr'>que</span> <span class='ocrx_word' id='word_1_471' title='bbox 607 5427 946 5477; x_wconf 51' lang='lat' dir='ltr'>«motorum</span> <span class='ocrx_word' id='word_1_472' title='bbox 973 5422 1512 5493; x_wconf 56' lang='lat' dir='ltr'>prim-clientissima</span> <span class='ocrx_word' id='word_1_473' title='bbox 1543 5423 1962 5478; x_wconf 77' lang='lat' dir='ltr'>intercessione</span> <span class='ocrx_word' id='word_1_474' title='bbox 1991 5425 2113 5485; x_wconf 75' lang='lat' dir='ltr'>glo-</span> 
     </span>
    </p>
   </div>
   <div class='ocr_carea' id='block_1_87' title="bbox 455 5511 2110 5580">
    <p class='ocr_par' dir='ltr' id='par_1_87' title="bbox 455 5511 2110 5580">
     <span class='ocr_line' id='line_1_87' title="bbox 455 5511 2110 5580; baseline 0 -12"><span class='ocrx_word' id='word_1_475' title='bbox 455 5515 614 5568; x_wconf 69' lang='lat' dir='ltr'>rioso</span> <span class='ocrx_word' id='word_1_476' title='bbox 641 5518 694 5567; x_wconf 66' lang='lat' dir='ltr'>et</span> <span class='ocrx_word' id='word_1_477' title='bbox 726 5511 1012 5566; x_wconf 76' lang='lat' dir='ltr'>munifico</span> <span class='ocrx_word' id='word_1_478' title='bbox 1043 5512 1160 5580; x_wconf 78' lang='lat' dir='ltr'>regi</span> <span class='ocrx_word' id='word_1_479' title='bbox 1196 5517 1516 5566; x_wconf 67' lang='lat' dir='ltr'>.\lIl-?I.ST\‘€¢&#39;I</span> <span class='ocrx_word' id='word_1_480' title='bbox 1553 5514 1857 5567; x_wconf 60' lang='lat' dir='ltr'>Samsonis</span> <span class='ocrx_word' id='word_1_481' title='bbox 1889 5514 2110 5568; x_wconf 84' lang='lat' dir='ltr'>summi</span> 
     </span>
    </p>
   </div>
   <div class='ocr_carea' id='block_1_88' title="bbox 455 5601 2108 5675">
    <p class='ocr_par' dir='ltr' id='par_1_88' title="bbox 455 5601 2108 5675">
     <span class='ocr_line' id='line_1_88' title="bbox 455 5601 2108 5675; baseline -0.001 -17"><span class='ocrx_word' id='word_1_482' title='bbox 455 5602 749 5675; x_wconf 78' lang='lat' dir='ltr'>pontilicis</span> <span class='ocrx_word' id='word_1_483' title='bbox 793 5603 1247 5670; x_wconf 70' lang='lat' dir='ltr'>ego&#39;HAnuonls</span> <span class='ocrx_word' id='word_1_484' title='bbox 1289 5606 1642 5673; x_wconf 68' lang='lat' dir='ltr'>pl&#39;iBPOSIIIH</span> <span class='ocrx_word' id='word_1_485' title='bbox 1691 5601 1855 5655; x_wconf 68' lang='lat' dir='ltr'>istius</span> <span class='ocrx_word' id='word_1_486' title='bbox 1912 5602 2108 5657; x_wconf 67' lang='lat' dir='ltr'>szecnli</span> 
     </span>
    </p>
   </div>
   <div class='ocr_carea' id='block_1_89' title="bbox 452 5690 1560 5764">
    <p class='ocr_par' dir='ltr' id='par_1_89' title="bbox 452 5690 1560 5764">
     <span class='ocr_line' id='line_1_89' title="bbox 452 5690 1560 5764; baseline -0.002 -16"><span class='ocrx_word' id='word_1_487' title='bbox 452 5693 703 5764; x_wconf 87' lang='lat' dir='ltr'>gloriam</span> <span class='ocrx_word' id='word_1_488' title='bbox 728 5696 785 5748; x_wconf 90' lang='lat' dir='ltr'>et</span> <span class='ocrx_word' id='word_1_489' title='bbox 809 5695 1092 5748; x_wconf 72' lang='lat' dir='ltr'>aeternam</span> <span class='ocrx_word' id='word_1_490' title='bbox 1111 5690 1560 5749; x_wconf 90' lang='lat' dir='ltr'>beatitudinem.</span> 
     </span>
    </p>
   </div>
   <div class='ocr_carea' id='block_1_90' title="bbox 575 6049 872 6142">
    <p class='ocr_par' dir='ltr' id='par_1_90' title="bbox 575 6049 872 6142">
     <span class='ocr_line' id='line_1_90' title="bbox 575 6049 872 6142; baseline 0 -2"><span class='ocrx_word' id='word_1_491' title='bbox 575 6049 872 6142; x_wconf 63' lang='grc' dir='ltr'><strong>Δ</strong></span> 
     </span>
    </p>
   </div>
   <div class='ocr_carea' id='block_1_91' title="bbox 2303 5324 3788 5407">
    <p class='ocr_par' dir='ltr' id='par_1_91' title="bbox 2303 5324 3788 5407">
     <span class='ocr_line' id='line_1_91' title="bbox 2303 5324 3788 5407; baseline -0.009 -14"><span class='ocrx_word' id='word_1_492' title='bbox 2303 5337 2686 5407; x_wconf 72' lang='lat' dir='ltr'>Benignitatis</span> <span class='ocrx_word' id='word_1_493' title='bbox 2717 5355 2788 5394; x_wconf 91' lang='lat' dir='ltr'>ac</span> <span class='ocrx_word' id='word_1_494' title='bbox 2811 5338 3193 5395; x_wconf 87' lang='lat' dir='ltr'>sublimitatis</span> <span class='ocrx_word' id='word_1_495' title='bbox 3213 5339 3419 5393; x_wconf 71' lang='lat' dir='ltr'>vestrae</span> <span class='ocrx_word' id='word_1_496' title='bbox 3440 5329 3682 5406; x_wconf 67' lang='lat' dir='ltr'>piissime</span> <span class='ocrx_word' id='word_1_497' title='bbox 3697 5324 3788 5374; x_wconf 74' lang='lat' dir='ltr'>clm</span> 
     </span>
    </p>
   </div>
   <div class='ocr_carea' id='block_1_92' title="bbox 2228 5416 3787 5501">
    <p class='ocr_par' dir='ltr' id='par_1_92' title="bbox 2228 5416 3787 5501">
     <span class='ocr_line' id='line_1_92' title="bbox 2228 5416 3787 5501; baseline -0.003 -20"><span class='ocrx_word' id='word_1_498' title='bbox 2228 5428 2512 5483; x_wconf 90' lang='lat' dir='ltr'>omnibus</span> <span class='ocrx_word' id='word_1_499' title='bbox 2543 5429 2722 5500; x_wconf 72' lang='lat' dir='ltr'>hujus</span> <span class='ocrx_word' id='word_1_500' title='bbox 2757 5429 3040 5501; x_wconf 79' lang='lat' dir='ltr'>temporis</span> <span class='ocrx_word' id='word_1_501' title='bbox 3070 5429 3308 5500; x_wconf 87' lang='lat' dir='ltr'>regibus</span> <span class='ocrx_word' id='word_1_502' title='bbox 3355 5421 3577 5481; x_wconf 81' lang='lat' dir='ltr'>terrenis</span> <span class='ocrx_word' id='word_1_503' title='bbox 3617 5416 3787 5470; x_wconf 58' lang='lat' dir='ltr'>famosa</span> 
     </span>
    </p>
   </div>
   <div class='ocr_carea' id='block_1_93' title="bbox 2225 5507 3786 5598">
    <p class='ocr_par' dir='ltr' id='par_1_93' title="bbox 2225 5507 3786 5598">
     <span class='ocr_line' id='line_1_93' title="bbox 2225 5507 3786 5598; baseline 0.004 -31"><span class='ocrx_word' id='word_1_504' title='bbox 2225 5515 2402 5570; x_wconf 86' lang='lat' dir='ltr'>laude</span> <span class='ocrx_word' id='word_1_505' title='bbox 2417 5518 2996 5588; x_wconf 57' lang='lat' dir='ltr'>praecellentissimae,</span> <span class='ocrx_word' id='word_1_506' title='bbox 3014 5535 3114 5573; x_wconf 82' lang='lat' dir='ltr'>rex</span> <span class='ocrx_word' id='word_1_507' title='bbox 3129 5517 3434 5573; x_wconf 85' lang='lat' dir='ltr'>Adelstane</span> <span class='ocrx_word' id='word_1_508' title='bbox 3445 5509 3655 5584; x_wconf 54' lang='lat' dir='ltr'>optime,</span> <span class='ocrx_word' id='word_1_509' title='bbox 3664 5507 3786 5598; x_wconf 53' lang='grc' dir='ltr'>Ροῗθ</span> 
     </span>
    </p>
   </div>
   <div class='ocr_carea' id='block_1_94' title="bbox 2222 5596 3783 5676">
    <p class='ocr_par' dir='ltr' id='par_1_94' title="bbox 2222 5596 3783 5676">
     <span class='ocr_line' id='line_1_94' title="bbox 2222 5596 3783 5676; baseline -0.008 -18"><span class='ocrx_word' id='word_1_510' title='bbox 2222 5603 2296 5658; x_wconf 89' lang='lat' dir='ltr'>rit</span> <span class='ocrx_word' id='word_1_511' title='bbox 2314 5605 2503 5676; x_wconf 89' lang='lat' dir='ltr'>pietas</span> <span class='ocrx_word' id='word_1_512' title='bbox 2521 5612 2800 5664; x_wconf 90' lang='lat' dir='ltr'>manente</span> <span class='ocrx_word' id='word_1_513' title='bbox 2817 5607 3016 5662; x_wconf 87' lang='lat' dir='ltr'>adhuc</span> <span class='ocrx_word' id='word_1_514' title='bbox 3035 5607 3343 5663; x_wconf 83' lang='lat' dir='ltr'>stabilitate</span> <span class='ocrx_word' id='word_1_515' title='bbox 3364 5605 3558 5658; x_wconf 76' lang='lat' dir='ltr'>nostrae</span> <span class='ocrx_word' id='word_1_516' title='bbox 3575 5596 3783 5660; x_wconf 55' lang='lat' dir='ltr'>regionis,</span> 
     </span>
    </p>
   </div>
   <div class='ocr_carea' id='block_1_95' title="bbox 2220 5681 3783 5769">
    <p class='ocr_par' dir='ltr' id='par_1_95' title="bbox 2220 5681 3783 5769">
     <span class='ocr_line' id='line_1_95' title="bbox 2220 5681 3783 5769; baseline -0.01 -18"><span class='ocrx_word' id='word_1_517' title='bbox 2220 5691 2386 5763; x_wconf 88' lang='lat' dir='ltr'>quod</span> <span class='ocrx_word' id='word_1_518' title='bbox 2395 5698 2566 5765; x_wconf 89' lang='lat' dir='ltr'>pater</span> <span class='ocrx_word' id='word_1_519' title='bbox 2583 5699 2774 5752; x_wconf 87' lang='lat' dir='ltr'>vester</span> <span class='ocrx_word' id='word_1_520' title='bbox 2784 5694 3138 5764; x_wconf 87' lang='lat' dir='ltr'>Edgvardus</span> <span class='ocrx_word' id='word_1_521' title='bbox 3148 5709 3252 5769; x_wconf 91' lang='lat' dir='ltr'>per</span> <span class='ocrx_word' id='word_1_522' title='bbox 3259 5693 3471 5750; x_wconf 84' lang='lat' dir='ltr'>litteras</span> <span class='ocrx_word' id='word_1_523' title='bbox 3482 5702 3537 5744; x_wconf 84' lang='lat' dir='ltr'>se</span> <span class='ocrx_word' id='word_1_524' title='bbox 3550 5681 3783 5741; x_wconf 78' lang='grc' dir='ltr'>οοωωθιι·</span> 
     </span>
    </p>
   </div>
  </div>
