4034 6190
164 155 282 208 ’725

1119 145 1206 199 DE
1247 144 1471 200 BELLO
1511 144 1877 202 PARISIACO
1920 148 2098 206 LIBRI
2137 156 2331 211 TRES.
2369 186 2437 197 -—-
2469 154 2599 209 LIB.
2644 157 2684 207 l.

3426 162 3442 174 “
3512 161 3615 213 726

166 274 431 329 currunt
459 283 691 335 06811111,
725 281 1080 339 quamquam
1120 265 1392 323 bucolica
1423 271 1670 341 ptomen
1713 283 1848 340 per-
1886 270 1935 322 Α
1969 276 2087 342 tua,
2117 275 2459 331 dulcissime
2488 275 2686 341 frater,
2705 276 3044 347 prudentia,
3071 276 3488 346 hauriendam,
3512 295 3617 335 seu

164 378 398 437 pauca.
432 356 870 414 Communibus
902 359 1189 428 praeterea
1219 355 1485 413 bannitae
1526 358 1623 392 ¹⁸ῖ³
1654 356 1851 412 modis

166 470 319 510 cum
348 449 566 507 dieresi
601 450 695 484 “‘7”
734 452 791 502 et
832 445 1211 519 aepisinaliffa
1243 448 1339 485 ‘37“
1391 463 1515 504 non
1545 447 1731 503 dense
1756 448 1853 485 ¹⁸ῖ⁶

167 558 328 598 usus
357 538 542 596 extiti.
586 535 765 607 Igitur
810 534 1111 605 largiente
1146 535 1354 604 divino
1403 552 1673 605 munere,
1716 553 1852 607 sug-

169 631 371 702 gessit
390 628 624 687 haecine
651 626 796 681 mihi
821 624 1092 682 facultas.
1119 625 1276 691 Quid
1294 625 1471 698 plura
1490 627 1518 682 ‘?
1544 626 1851 682 Catalecti—

169 739 285 778 cus
332 724 590 776 cunctus
635 715 829 773 existit
874 730 1105 771 versus.
1159 718 1309 771 Tum
1370 715 1561 771 multa
1603 732 1849 788 prorsus

168 810 299 866 alia
342 807 551 865 lectori
599 805 752 862 seria
781 806 875 840 “‘77
906 804 1206 877 parebunt
1247 804 1454 860 indita.
1502 808 1617 860 Nec
1647 809 1848 861 tamen

167 904 423 973 putetur
451 898 567 953 hoc
597 896 678 952 ob
707 894 869 952 aliud
898 893 1142 962 factum,
1189 894 1301 951 nisi
1343 894 1657 952 materiam
1688 895 1782 951 vel
1813 912 1848 952 a

1963 364 2301 437 cujuspiam
2336 366 2432 401 “‘73
2464 363 2702 419 alterius
2732 364 2931 421 diserti
2963 368 3082 433 ηπ),
3126 380 3262 421 cum
3291 364 3371 420 ad
3399 381 3616 421 manus

1961 454 2183 508 Venerit
2212 454 2459 509 metrici.
2510 452 2767 509 Dactilici
2794 455 3041 525 quidem
3071 453 3345 509 versiculi
3373 452 3619 509 trimetri

1961 542 2268 614 praepositi
2309 558 2556 599 causam
2602 541 2918 598 enucleant
2946 544 3044 578 ⁸⁸⁸0
3074 542 3184 611 sui,
3236 542 3342 598 sed
3371 542 3617 598 minime

1961 629 2241 685 exauditi.
2279 633 2491 685 Verum
2518 629 2683 701 quod
2708 629 2873 686 haud
2904 630 3067 704 apud
3097 630 3475 700 magistrum,
3507 628 3618 685 sal-

1960 723 2077 774 tem
2109 723 2453 774 mereantur
2480 718 2747 774 nancisci
2778 734 2963 791 penes
2989 734 3362 787 germanum.

2031 808 2256 864 Gaudia
2287 807 2452 881 quod
2481 807 2632 863 radii
2665 808 2839 876 Febo,
2873 808 2976 864 tibi
3003 808 3118 864 sint
3143 812 3199 864 et
3226 810 3505 871 honores,

2028 897 2178 952 Cum
2207 896 2326 954 ﬁne
2352 912 2411 950 ΙΠ
2443 896 2648 965 linem,
2690 896 2846 953 clam
2875 913 3119 970 quoque
3148 896 3265 953 ﬁne
3297 900 3435 953 Deo.

1568 1023 1857 1067 EXPLICIT
1905 1022 2204 1069 EPISTULA
2217 1055 2228 1067 .

1016 1284 1502 1353 VERSICULI
1550 1285 1672 1350 AD
1726 1285 2265 1356 MAGISTRUM
2315 1285 2797 1357 DACTILICI.

320 1442 365 1495 Ο
397 1438 712 1513 padagogo
743 1451 909 1492 sacer
937 1434 1163 1490 meritis

318 1527 618 1600 Aymoide
646 1525 758 1598 piis
782 1524 1027 1579 radians

320 1617 637 1688 Digneque
667 1614 893 1669 sidereo
923 1613 1138 1669 decore
1164 1630 1177 1667 :

320 1704 650 1773 Perrogitat
679 1702 912 1759 matites
946 1704 1037 1738 ίθθι
1074 1701 1288 1757 liniens

318 1798 435 1851 Ore
459 1793 646 1867 pedes
671 1792 1006 1865 digitosque
1037 1796 1195 1860 tuos,

319 1888 595 1941 Cernuus
624 1883 792 1938 Abbo
820 1887 956 1938 tuus
981 1881 1202 1953 jugiter

317 1976 504 2029 Sume
531 1974 755 2041 botros,
796 1971 900 2026 tibi
926 1987 1082 2043 quos
1108 1970 1346 2043 tualfert

317 2063 464 2119 Vitis
496 2063 595 2097 ¹³⁸³
624 2062 820 2117 adhuc
843 2060 1097 2128 virides;
1127 2059 1382 2115 rubeant

318 2151 521 2206 Imbre
544 2155 646 2205 tuo
670 2148 971 2221 radiisque
1002 2148 1137 2217 tuis,

319 2239 621 2297 Continuo
650 2239 792 2294 seris
818 2242 1000 2310 atque
1031 2237 1186 2293 fodis
1220 2238 1318 2272 1⁸⁸³

316 2318 425 2395 Tu,
462 2327 837 2396 celebrande,
870 2330 1050 2399 putas
1075 2330 1132 2381 et
1157 2341 1293 2381 eam

1246 2447 1638 2459 —_——————

2094 1440 2385 1506 Nuncque
2411 1436 2601 1510 cupis,
2631 1436 2814 1492 niteat
2837 1436 3053 1510 pluviis

2092 1520 2381 1596 Alterius,
2390 1526 2606 1597 jubare
2638 1526 2880 1582 alterius
2910 1528 2937 1582 ἱ)

2094 1612 2280 1669 Dulce
2312 1615 2405 1669 cui
2436 1615 2662 1670 iribuas
2691 1630 2840 1685 rogo
2869 1614 3006 1671 mel.

2094 1705 2248 1757 Nam
2278 1702 2377 1758 tibi
2407 1703 2639 1776 palmes
2664 1706 2722 1760 et
2747 1720 2867 1760 uva
2895 1707 3117 1759 manet.

2095 1788 2322 1847 Floruit
2345 1793 2456 1848 has
2496 1793 2644 1848 mihi
2675 1792 2931 1849 Parisius

2095 1876 2324 1935 Nobilis
2356 1881 2521 1953 urbs,
2555 1881 2900 1938 veneranda
2930 1881 3130 1951 nimis,

2102 1966 2266 2026 Bella
2290 1985 2543 2042 precans
2571 1986 2680 2026 sua
2713 1970 2862 2027 ferre
2888 1969 3014 2027 tibi.

2101 2058 2322 2125 Agnita
2350 2060 2523 2131 cujus
2548 2063 2612 2116 ut
2635 2059 2781 2116 orbe
2812 2075 2968 2130 vago

2102 2146 2311 2219 Sapiat
2338 2148 2433 2184 ηε*
2465 2149 2667 2205 ethera
2690 2148 2897 2222 palma
2925 2147 3158 2218 volans,

2100 2234 2393 2308 Doxaque
2431 2240 2639 2305 regnet
2661 2236 2887 2309 ubique
2920 2235 3170 2302 micans,

2099 2324 2213 2379 Ore
2242 2329 2346 2380 tuo
2375 2324 2681 2393 gradiente
2713 2340 2909 2397 super.

2840 2447 3590 2467 καθῇ

1640 2618 2166 2709 INCIPIT

832 2795 1100 2863 LIBER
1152 2792 1492 2862 PRIMUS
1542 2791 2033 2861 BELLORUM
2082 2791 2599 2860 PARISIACJE
2650 2792 2937 2864 URBIS.

174 3091 272 3146 Dic
307 3088 528 3146 alacris
561 3089 791 3145 salvata
822 3091 943 3144 Deo
970 3087 1207 3144 Lutecia
1235 3101 1497 3154 summo,

171 3180 261 3236 Sic
319 3177 554 3234 dudum
601 3178 879 3246 vocitata,
912 3175 1067 3247 geris
1097 3175 1282 3231 modo
1330 3189 1551 3230 nomen
1583 3172 1661 3229 ab
1690 3171 1838 3228 urbe

170 3270 312 3331 lsia.
350 3268 626 3324 Danaum
652 3267 785 3323 latte
819 3266 1019 3322 media
1052 3264 1338 3334 regionis,

167 3360 314 3421 Quae
344 3361 525 3430 portu
547 3355 731 3427 fulget
759 3355 989 3412 cunctis
1018 3351 1432 3410 venerabiliori
1466 3370 1479 3420 ;

168 3447 339 3503 Hanc
372 3445 592 3515 Argiva
620 3445 742 3501 sitis
773 3443 1033 3500 celebrat
1063 3457 1357 3516 peravara
1387 3456 1692 3513 gazarum,

168 3534 345 3600 Quod
369 3534 626 3590 nothum
656 3533 883 3607 species
917 3530 1297 3603 metaplasmi
1328 3530 1512 3586 modo
1541 3545 1766 3586 nomen

170 3625 211 3680 Ο
242 3622 483 3693 collega
512 3622 638 3691 tibi,
668 3622 921 3691 Luteria,
941 3620 1132 3694 pingit
1159 3620 1409 3676 honeste

170 3712 446 3780 Nomine,
480 3711 856 3784 Parisiusque
886 3726 1044 3766 novo
1071 3709 1290 3765 taxaris
1321 3708 1399 3764 ab
1428 3706 1593 3776 orbe,

170 3801 299 3857 Isim
332 3801 514 3874 quasi
543 3800 710 3874 paris
741 3799 952 3856 merito
980 3799 1166 3872 pollet
1199 3798 1303 3853 tibi
1332 3813 1580 3854 consors
1604 3817 1617 3865 ;

167 3895 320 3949 Nam
352 3891 555 3947 medio
576 3893 867 3965 Sequanae
885 3889 1207 3961 recubans,
1236 3888 1378 3945 culti
1402 3903 1645 3961 quoque
1666 3885 1834 3956 regni

169 3982 630 4051 Franceginum,
660 3985 840 4036 temet
860 3979 1070 4036 statuis
1093 3995 1201 4053 per
1221 3977 1377 4035 celsa
1407 3978 1501 4012 ³⁸⁸⁵
1535 3975 1831 4044 canendo;

169 4074 313 4127 Sum
344 4070 527 4143 polis,
561 4075 625 4126 ut
653 4070 858 4141 regina
894 4069 1126 4127 micans
1157 4082 1370 4123 omnes
1403 4081 1583 4138 super
1613 4064 1827 4121 urbesl

167 4160 309 4225 Quas
337 4158 595 4216 statione
627 4160 724 4194 ¹⁸⁸⁶
750 4158 904 4215 nites
930 4156 1158 4213 cunctis
1194 4158 1286 4191 ¹⁸⁸τ
1323 4153 1761 4211 venerabiliori.

167 4248 434 4321 Quisque
467 4247 719 4320 cupiscit
749 4263 897 4319 opes
930 4248 1317 4315 Francorum,
1348 4248 1404 4300 te
1428 4246 1761 4311 veneratur,

166 4336 374 4393 Insula
405 4340 462 4392 te
492 4335 735 4405 gaudet,
768 4334 984 4390 ﬂuvius
1014 4350 1124 4389 sua
1152 4333 1263 4389 fert
1292 4332 1394 4388 tibi
1426 4331 1553 4401 giro

168 4425 440 4493 Brachia,
472 4423 788 4499 complexo
815 4439 1044 4490 muros,
1074 4421 1395 4477 mulcentia
1420 4420 1645 4476 circum

166 4516 385 4570 Dextra
412 4513 495 4569 tui
525 4517 737 4586 pontes
766 4511 1042 4569 habitant
1070 4510 1319 4566 tentoria
1348 4508 1527 4565 limfae

167 4606 443 4676 Levaque
488 4602 831 4659 claudentes
861 4603 980 4667 1m;
1012 4601 1230 4656 horum
1256 4599 1394 4655 hinc
1425 4597 1564 4654 inde
1594 4597 1831 4654 tutrices

168 4694 257 4749 Cis
279 4692 501 4749 urbem
526 4691 837 4765 speculare
863 4690 1012 4747 falas
1042 4690 1139 4725 “‘39
1163 4689 1310 4746 citra
1334 4688 1431 4723 ³⁸90
1460 4702 1703 4760 quoque
1724 4686 1831 4742 ﬂu-

1648 4776 1829 4846 [men.

173 4872 261 4928 Dic
279 4872 467 4943 igitur
486 4870 868 4944 prrepulchra
882 4870 1059 4944 polis,
1082 4867 1247 4942 quod
1270 4868 1470 4922 Daneo
1490 4868 1583 4901 ¹⁸⁹¹
1610 4880 1830 4921 munus

168 4961 397 5021 Libavit
425 4960 659 5018 tib.met
684 4960 922 5020 soboles
954 4957 1218 5019 Plutonis
1258 4955 1475 5028 amica,

236 5054 381 5109 νει-ε
419 5054 510 5107 42.

1873 3085 1914 3137 C
1942 3087 2231 3157 Tempore
2258 3101 2380 3157 quo
2410 3086 2629 3159 praesul
2658 3086 2895 3143 Domini
2926 3091 2983 3144 et
3012 3088 3405 3147 dulcissimus
3436 3092 3615 3149 heros

1947 3172 2221 3229 Gozlinus
2254 3179 2435 3232 terret
2463 3180 2790 3250 pastorque
2820 3175 3119 3249 benignus
3149 3178 3368 3239 alebat.

1947 3265 2085 3335 Hec,
2118 3263 2316 3338 inquit
2338 3267 2459 3336 ηπ,
2489 3265 2694 3335 miror,
2727 3282 2974 3325 narrare
3004 3272 3200 3341 potest
3229 3269 3522 3344 aliquisne
3547 3272 3576 3326 ‘l

1946 3357 2153 3410 Nonne
2181 3354 2295 3409 tuis
2326 3353 2488 3410 idem
2516 3354 2715 3410 vidisti
2746 3355 2935 3412 oculis
2956 3357 2984 3415 ‘?
3015 3357 3183 3413 Refer
3212 3373 3356 3430 ergo
3381 3360 3393 3416 !

1945 3442 2073 3499 Vidi
2122 3444 2218 3477 “‘93
2246 3442 2549 3515 equidem,
2578 3444 2887 3516 jussisque
2932 3445 3046 3501 tuis
3075 3447 3306 3518 parebo
3335 3447 3604 3507 libenter.

1945 3532 2082 3586 Haec
2114 3530 2219 3586 tibi
2249 3547 2466 3603 nempe
2496 3531 2819 3587 litaverunt
2853 3532 3146 3591 libamina
3176 3535 3318 3591 saevi
3348 3552 3362 3591 :

1946 3618 2170 3691 Septies
2212 3619 2405 3675 aerias
2435 3624 2677 3675 centum
2706 3624 2918 3693 praeter
2943 3621 3214 3693 juniores

1945 3707 2341 3781 Quamplures
2371 3724 2624 3763 numero
2649 3724 2835 3766 naves
2860 3714 3214 3766 numerante
3239 3715 3532 3783 carentes,

1886 3860 1887 3863 η
1941 3800 2109 3853 Extat
2137 3812 2238 3853 eas
2267 3797 2453 3854 moris
2484 3796 2666 3869 vulgo
2694 3797 2913 3857 barcas
2940 3814 3222 3859 resonare
3249 3801 3369 3870 189$;

1939 3886 2079 3953 Quis
2110 3885 2264 3943 adeo
2295 3886 2480 3943 fartus
2510 3888 2803 3959 Sequanae
2832 3903 3052 3959 gurges
3078 3887 3188 3947 fuit
3213 3888 3369 3946 altus

1942 3978 2141 4048 Usque
2176 3974 2330 4032 duas
2376 3974 2807 4048 modicumque
2839 3992 3022 4049 super
3049 3975 3260 4049 leugas
3292 3977 3598 4051 fugiendo,

1943 4067 2009 4121 Ut
2038 4064 2360 4134 mirareris,
2394 4064 2613 4124 ﬂuvius
2650 4065 2745 4121 cui
2777 4081 2840 4121 se
2868 4065 3040 4122 daret
3068 4069 3262 4139 antro,

1943 4154 2029 4211 Nil
2049 4169 2307 4227 parens:
2344 4154 2509 4210 abies
2542 4153 2833 4231 quoniam
2864 4154 3169 4212 velaverat
3194 4154 3363 4215 illum

1942 4248 2023 4300 Ac
2052 4259 2310 4318 quercus
2342 4242 2608 4317 ulmique
2626 4243 2825 4315 simul,
2857 4243 3115 4306 madidae
3141 4244 3248 4302 sed
3277 4249 3334 4305 et
3361 4245 3483 4304 alni
3505 4248 3602 4281 “‘9‘

1944 4334 2085 4402 (An.
2120 4332 2263 4404 885).
2299 4332 2517 4389 Urbem
2557 4349 2680 4406 quo
2711 4333 2950 4404 tetigere
2980 4332 3229 4409 quidem
3266 4332 3467 4390 Titane
3504 4333 3601 4367 “9°

3286 4421 3598 4493 [secundo,

1942 4511 2170 4583 Egregii
2197 4510 2534 4581 Sigefredus
2567 4509 2693 4567 adit
2720 4510 2981 4584 pastoris
3014 4510 3091 4566 ad
3124 4508 3348 4579 aulam,

1943 4602 2078 4659 Solo
2108 4618 2212 4657 rex
2240 4600 2425 4656 verbo
2460 4601 2580 4672 “9",
2609 4600 2785 4656 sociis
2820 4603 3022 4656 tamen
3052 4597 3453 4670 imperitabat,

1940 4692 2160 4749 Vertice
2190 4691 2345 4748 ﬂexo
2373 4690 2452 4746 ad
2481 4689 2829 4763 pontificem
2867 4689 2948 4745 sic
2979 4688 3221 4745 inchoat
3250 4703 3351 4743 ore
3377 4706 3389 4743 :

1941 4802 1967 4829 ‹‹
2003 4782 2045 4836 Ο
2074 4779 2309 4847 Gozine,
2342 4778 2448 4834 tibi
2478 4778 2882 4851 gregibusque
2912 4776 3030 4835 tuis
3058 4775 3360 4846 miserere,

1938 4871 2018 4923 Ne
2044 4882 2276 4941 pereas,
2307 4863 2528 4923 nostris
2560 4866 2764 4923 faveas
2797 4863 2990 4936 dictis,
3013 4862 3343 4936 rogitamus
3368 4882 3382 4932 ;

1940 4954 2188 5025 Indulge
2216 4953 2536 5027 siquidem,
2568 4957 2805 5011 tantum
2834 4952 3084 5011 transire
3112 4967 3427 5026 queamus

1542 5160 1827 5218 GLOSSE
1868 5158 1964 5216 ET
2005 5161 2228 5216 ΝΟΤᾹΞ.

235 5293 336 5327 ιετδ
368 5291 602 5348 sillabe.
682 5290 778 5327 13'“
809 5288 1161 5361 dississione
1192 5290 1276 5361 gl.
1320 5359 1329 5361 _
1356 5283 2517 5361 “Wconjunctionegl.Mf":fregepter
2545 5284 2628 5361 gl.
2669 5282 2995 5361 __‘f_'”_utilia
3023 5286 3108 5361 gl.
3172 5285 3269 5361 [8"
3298 5282 3595 5361 scil._pru-

167 5362 366 5423 dentia
385 5365 470 5436 gl.
517 5435 523 5436 ί
552 5365 648 5436 W9
671 5361 909 5436 disserti
941 5376 1097 5436 corr.
1131 5352 1539 5436 disertim?“
1562 5352 1952 5436 aperiuntgli
1973 5429 1987 5436 _
2030 5352 2478 5436 “findiscipulus
2499 5352 2583 5436 gl.
2785 5352 3116 5436 discipulus
3137 5356 3225 5436 gl.
3261 5354 3403 5436 “'1”
3419 5352 3595 5436 disces

167 5438 343 5507 atque
376 5425 622 5505 Eorrigis
654 5435 737 5504 gl.
820 5434 918 5468 ¹⁸⁸⁴
944 5432 1310 5507 ΓβΡΙεξᾳῐίῃιεν
1364 5425 2004 5507 ‘m_per_'s_u_b_limia_gl.
2087 5425 2180 5465 “9°
2206 5426 2289 5507 de
2303 5425 2480 5507 portu
2499 5425 2584 5503 g_l.
2666 5426 2759 5460 ¹⁸⁸⁷
2786 5425 3176 5507 portibusgl.
3210 5503 3218 5507 _
3260 5425 3595 5507 “f”_scilice_t

206 5512 376 5562 ontes
413 5508 497 5578 gl.
578 5507 672 5540 “"9
708 5509 897 5578 turres

927 5500 1028 5575 gl."
1102 5500 1213 5538 189°"
1232 5502 1387 5558 ultra
1417 5500 1504 5572 gl:
1593 5501 1687 5575 $89?
1722 5500 1759 5555 i.
1798 5516 1849 5575 e_.
1886 5502 2212 5575 Danorum,
2247 5500 2777 5575 Nortmannorum.

2873 5497 2971 5534 “39’
3004 5497 3226 5555 scilicet
3255 5497 3461 5568 civitas
3503 5498 3589 5568 gl.

166 5521 376 5609 P011185
413 5521 497 5578 gl.
578 5521 672 5540 “’W
708 5521 897 5560 Illl‘I‘eS
927 5521 1023 5585 glz
1102 5521 1200 5538 "’3"
1232 5521 1387 5558 uura
1417 5521 1501 5572 gl.
1594 5521 1687 5536 ιον·
1722 5521 1759 5555 1.
1798 5521 1849 5582 θ’.
1886 5521 2212 5581 υωιυηιμλ,
2247 5521 2777 5553 nuruuuuuuruui.
2874 5521 2971 5534 ὐπ’
3004 5521 3226 5555 δυωυθι
3255 5521 3461 5553 Clvuus
3503 5521 3587 5568 gl.

175 5578 266 5650 ξπ
295 5580 421 5633 Vox
447 5583 657 5650 poetae.
738 5576 839 5612 “'9”
862 5590 1176 5650 nominare
1202 5576 1286 5650 gl.
1370 5576 1466 5650 “‘f"
1490 5572 1719 5650 existis
1748 5587 1911 5650 enim
1943 5569 2260 5628 arboribus
2303 5572 2474 5626 erant
2500 5584 2684 5625 naves
2714 5570 3061 5644 compositae
3090 5572 3175 5643 gl.
3254 5569 3354 5604 "9°
3384 5566 3482 5623 die
3502 5568 3587 5639 gl.

168 5648 261 5682 "’7
292 5644 707 5706 nam-carebat
738 5662 948 5719 regno,
976 5645 1112 5702 ideo
1147 5644 1276 5702 solo
1307 5644 1492 5701 verbo
1517 5648 1644 5701 erat
1666 5658 1772 5700 rex
1800 5645 1887 5714 gl.
