3940 6184
365 164 464 216 731

433 283 577 339 Mille
610 284 845 337 struunt
876 280 1053 337 etiam
1086 278 1254 334 celsis
1279 276 1531 333 tentoria
1554 275 1735 333 rebus

361 371 716 442 Tergoribus
750 370 900 426 collo
932 367 1189 440 demptis
1222 370 1507 438 tergoque
1534 366 1881 436 juvencum.

365 460 457 515 Bis
498 459 674 515 binos
714 461 991 515 tressisve
1053 457 1150 491 19⁸⁸
1192 454 1352 513 viros
1411 453 1665 526 clipeare
1714 454 1805 486 “'87
1864 448 2020 507 vale-

2045 274 2091 326 Α

1641 541 1948 612 [bant1988‘,

366 642 502 704 Quae
528 640 622 671 “'89
653 636 887 709 pluteos
919 636 1016 669 “’90
1050 633 1321 688 calamus
1371 631 1585 687 vocitat
1634 634 1902 686 cratesve
1924 629 2013 663 “’9'

1690 719 1947 791 [latinus

362 818 485 870 Nox
517 813 750 871 nullam
792 812 999 884 recipit
1022 812 1290 883 requiem
1314 809 1666 879 nullumque
1703 822 2019 879 soporem;

362 904 601 959 Veloees
632 905 874 969 acuunt,
903 905 1203 973 reparant,
1238 898 1582 969 cuduntque
1614 895 1878 966 sagittas,

366 990 700 1062 Expediunt
729 989 971 1061 clipeos,
1000 994 1342 1060 veteresque
1367 987 1504 1042 novi
1536 984 1891 1041 efﬁciuntur.

437 1081 705 1151 Cumque
737 1077 893 1133 senis
925 1077 1083 1134 Foebi
1115 1076 1310 1144 fulgor
1330 1076 1459 1146 jam
1491 1073 1722 1129 scandit
1740 1072 1801 1128 in
1831 1071 2023 1127 almas

367 1167 694 1237 Quadrigas
722 1166 915 1239 agilis,
950 1171 1305 1238 noctemque
1330 1163 1559 1237 repellit
1586 1178 1863 1234 opacam,

364 1257 555 1327 Atque
587 1271 728 1310 suos
751 1254 947 1311 oriens
976 1254 1182 1315 oculos
1211 1252 1466 1309 demittit
1494 1251 1553 1307 in
1584 1251 1817 1318 urbem,

365 1348 448 1402 En
474 1343 671 1418 proles
699 1347 913 1401 Satane
945 1343 1141 1400 subito
1169 1343 1379 1399 castris
1406 1341 1748 1398 furibundae

364 1436 717 1505 Erumpunt,
752 1431 993 1504 trepidis
1024 1431 1281 1486 nimium
1306 1430 1432 1486 telis
1462 1434 1719 1485 oneratae
1747 1446 1759 1494 ;

363 1522 450 1576 Ad
484 1521 692 1579 turrim
720 1526 1045 1595 properant
1076 1526 1279 1575 tenues
1308 1524 1373 1574 ut
1403 1535 1546 1590 apes
1578 1533 1688 1572 sua
1713 1532 1901 1587 regna

365 1609 638 1665 Distentis
670 1609 893 1664 adeunt
916 1609 1179 1664 humeris
1205 1608 1485 1680 casiaque
1512 1605 1820 1677 thimoque

364 1697 762 1769 Arboreisque
791 1696 967 1752 simul
996 1696 1093 1752 vel
1121 1696 1320 1752 ameni
1354 1694 1602 1750 ﬂoribus
1633 1694 1761 1764 agri
1796 1712 1808 1749 :

368 1786 539 1843 Haud
571 1802 741 1841 secus
766 1786 968 1841 infelix
997 1785 1259 1859 populus
1291 1784 1597 1840 contendit
1627 1787 1702 1839 ad
1721 1798 1919 1838 arcem

366 1875 589 1930 Pressis
620 1874 948 1931 fornicibus
980 1878 1079 1909 “’9’
1111 1874 1377 1931 humeris
1407 1874 1680 1947 ferroque
1718 1875 2022 1952 tremente.

368 1964 625 2019 Ensibus
653 1979 794 2019 arva
816 1968 1042 2033 tegunt,
1066 1966 1408 2037 Sequanam
1426 1962 1650 2035 clipeis,
1669 1962 1797 2019 etin
1814 1960 2026 2016 urbem

365 2053 654 2110 Plumbea
679 2052 839 2113 mille
869 2052 1072 2111 volant
1100 2052 1236 2109 fusa
1265 2051 1621 2108 densissime
1650 2050 1815 2109 mala

367 2145 559 2213 Atque
602 2146 805 2201 serunt
841 2145 1054 2214 pontes
1101 2141 1312 2197 validis
1363 2140 1638 2212 speculas
1688 2138 2024 2214 catapultis.

366 2234 515 2287 Mars
547 2230 685 2287 hinc
711 2229 849 2286 inde
873 2229 1011 2285 furit
1032 2245 1302 2300 surgens,
1327 2234 1656 2302 regnatque
1689 2229 2025 2301 superbus;

367 2319 564 2374 Totius
594 2318 859 2375 ecclesiae
888 2334 1180 2374 cumvexa
1212 2320 1309 2352 ¹⁹⁹³
1360 2318 1605 2375 boando
1646 2317 1887 2374 metalla
1930 2318 2027 2352 “’9‘

371 2406 687 2467 Flebilibus
716 2422 938 2462 vacuas
970 2406 1254 2480 supplent
1283 2406 1647 2463 clamoribus
1678 2423 1880 2464 auras.

367 2500 509 2550 Arcs
537 2498 729 2565 nutat,
784 2495 941 2551 cives
994 2494 1312 2567 trepidant,
1364 2495 1696 2570 ingensque
1745 2495 2028 2551 tubarum

370 2586 491 2638 Vox
507 2588 767 2653 resonat,
796 2586 1161 2655 cunctosque
1180 2598 1369 2654 pavor
1394 2600 1532 2639 eum
1549 2583 1812 2639 turribus
1827 2583 2024 2639 intrat.

368 2670 471 2726 Hic
499 2687 780 2745 proceros
810 2671 982 2726 multi
1013 2671 1312 2744 fortesque
1341 2671 1449 2727 viri
1477 2672 1811 2728 renitebant
1836 2690 1849 2739 ;

367 2759 621 2817 Antistes
654 2760 927 2817 Gozlinus
955 2764 1080 2821 erat
1104 2761 1332 2833 primas
1360 2777 1540 2834 super
1569 2777 1798 2818 omnes.

372 2849 516 2905 Huic
548 2854 674 2905 erat
698 2849 1037 2921 Ebolusque
1066 2866 1256 2922 nepos
1285 2851 1599 2909 Mavortius
1629 2851 1790 2907 abba
1818 2870 1830 2920 ;

501 2937 876 3030 Rothbertus,
894 2938 1490 3030 Qddo,Rage‘narius,
1519 2939 2023 3030 Utto,Erilangus;
2056 2978 2099 3030 Ο

370 3026 435 3081 Hi
464 3026 709 3082 comites
740 3027 956 3096 cuncti,
990 3026 1093 3082 sed
1124 3027 1382 3085 nobilior
1409 3028 1517 3085 fuit
1542 3029 1690 3098 Odo,

370 3114 482 3180 Qui
510 3115 757 3171 totidem
790 3119 987 3172 Danos
1016 3116 1270 3189 perimit,
1295 3117 1684 3190 quotspicula
1703 3120 1801 3153 ¹⁹⁹³
1830 3118 2022 3175 mittit.

370 3204 619 3259 Dimicat
646 3204 847 3261 infelix
876 3205 1137 3279 populus
1162 3212 1557 3279 pungnatque
1588 3207 1905 3277 benignus.

366 3295 502 3347 Tres
532 3294 785 3350 armavit
816 3298 988 3349 atrox
1017 3311 1260 3361 cuneos,
1289 3296 1510 3367 quibus
1542 3295 1753 3352 obtulit
1783 3296 1903 3352 arci

368 3382 668 3451 Majorem,
701 3384 860 3455 picto
886 3385 982 3418 ¹⁹⁹⁶
1012 3383 1182 3456 ponti
1216 3386 1310 3419 1997
1346 3384 1741 3457 geminosque
1790 3388 1887 3419 1998
1917 3401 2025 3458 pa-

2055 1625 2098 1677 B

1631 3476 1800 3544 [rane
1832 3476 1952 3544 1999²

369 3559 533 3614 Hanc
556 3560 656 3593 ²⁰⁰⁰
688 3564 780 3615 sat
802 3559 1030 3633 opinati
1060 3577 1363 3633 superare,
1390 3562 1552 3617 hunc
1592 3564 1686 3597 ²⁰⁰¹
1724 3562 1772 3617 si
1796 3563 2026 3635 potuis-

1781 3655 1952 3724 [sent.

368 3740 500 3793 Haec
530 3737 755 3795 bellum
787 3739 1025 3812 patitur,
1058 3740 1246 3796 multo
1276 3741 1510 3813 majora
1540 3745 1629 3796 set
1654 3740 1748 3796 ille
1779 3760 1791 3809 ;

367 3828 499 3882 Haec
525 3826 762 3899 depicta
792 3828 973 3897 gemit
1001 3828 1169 3883 vario
1202 3828 1317 3883 sub
1345 3829 1590 3884 vulnere
1614 3829 1819 3901 rubra,

368 3914 465 3969 llle
498 3915 689 3971 virum
727 3916 889 3984 luget
919 3916 1076 3971 vires
1108 3916 1425 3988 obitusque
1452 3916 1723 3973 ﬂuentes.

370 4004 671 4071 Sanguine
711 4003 876 4059 nulla
920 4004 1016 4060 via
1058 4004 1223 4060 urbis
1269 4006 1441 4061 adest
1478 4005 1700 4062 intacta
1740 4006 2022 4075 virorum,

368 4090 741 4162 Prospiciens
770 4092 1071 4164 turrisque
1103 4094 1283 4150 nichil
1313 4093 1427 4149 sub
1459 4110 1520 4149 se
1550 4094 1662 4149 nisi
1687 4094 1864 4167 picta.

371 4181 547 4236 Scuta
574 4179 760 4246 videt,
790 4179 963 4235 tellus
993 4180 1070 4237 ab
1100 4184 1186 4237 eis
1215 4183 1449 4238 obtecta
1476 4182 1716 4239 latebat.

365 4267 507 4323 Inde
536 4283 717 4341 super
748 4284 996 4324 cernens
1024 4269 1256 4342 lapides
1285 4272 1592 4343 conspexit
1624 4272 1894 4340 acerbos,

363 4360 448 4412 Ac
478 4357 660 4429 diras,
693 4361 758 4419 ut
777 4372 922 4430 apes
948 4358 1154 4427 dense,
1188 4362 1425 4416 tranare
1456 4361 1676 4432 catejas
1706 4363 1826 4417 200³.

365 4446 651 4518 [luppiter
692 4446 987 4523 aspiciens
1023 4447 1245 4509 dardos
1294 4449 1599 4522 prospexit
1643 4450 1871 4526 acutos]
1922 4452 2020 4486 suos

362 4539 517 4595 Inter
542 4551 671 4592 sese
702 4536 865 4595 aliud
893 4537 1223 4612 turrimque
1253 4538 1435 4595 nichil
1461 4538 1628 4594 metit
1651 4540 1852 4597 aether.

362 4626 487 4679 Vox
514 4624 808 4692 inmensa,
841 4628 1038 4679 metus
1069 4627 1284 4696 major,
1318 4626 1715 4699 strepitusque
1749 4628 1816 4682 ﬁt
1842 4628 2018 4684 altus.

362 4713 430 4767 Hi
458 4712 704 4783 bellant,
735 4712 829 4769 isti
857 4719 1195 4786 pungnant,
1230 4715 1651 4770 resonantibus
1678 4716 1862 4770 armis

362 4801 567 4857 Praelia
593 4802 920 4857 Normanni
951 4806 1253 4858 exacuunt
1278 4803 1541 4859 crudelia
1571 4820 1736 4860 sane.

364 4889 568 4945 Nullus
597 4890 781 4951 habet
809 4894 977 4949 terrae
998 4890 1246 4949 totidem
1274 4892 1379 4965 qui
1404 4892 1604 4949 vivere
1624 4898 1799 4949 natus
1816 4896 1914 4930 ²ο⁰⁴

432 4980 573 5034 Vers
607 4983 731 5037 316.

2052 4334 2095 4386 D

1411 150 1709 208 ABBONIS
1751 144 2368 205 SANGERMANENSI8
2407 146 2745 203 MONACHI.

2130 270 2375 326 Indutos
2406 271 2617 341 gladiis
2646 271 2875 345 pedites
2900 273 3181 342 spectaret
3201 270 3256 327 in
3284 287 3466 341 unum,

2130 363 2197 416 Et
2222 363 2383 416 tanta
2412 361 2725 418 miraretur
2750 359 3042 416 testudine
3068 359 3237 433 picta.

2131 453 2248 505 Hac
2275 450 2385 508 sibi
2431 451 2736 508 confecere
2769 450 2978 523 polum
3022 451 3194 506 vitam
3241 451 3549 511 nutrientem
3586 461 3674 529 3°05,

2131 540 2318 604 Quem
2346 540 2578 596 nullum
2608 554 2890 613 snperare
2919 543 3097 611 caput
3119 538 3377 611 cupiebat
3397 558 3587 611 eorum,

2130 632 2230 683 Ast
2258 628 2413 684 infra
2449 629 2694 701 capiunt
2719 632 2859 685 tetre
2889 627 3050 685 necis
3082 644 3243 684 arma
3270 628 3575 701 frequenter.

2131 717 2275 773 Mille
2306 718 2535 775 dabant
2559 734 2872 790 pungnam
2897 716 3112 788 pariter
3135 720 3339 772 stantes
3356 718 3411 773 in
3429 734 3604 788 agone,

2132 806 2275 862 Mille
2304 807 2498 871 simul,
2530 806 2737 864 turrim
2768 805 3056 879 quoniam
3084 804 3402 875 contingere
3419 809 3579 863 cuncti

2133 896 2304 951 Haud
2330 912 2450 952 una
2476 900 2771 968 poterant,
2804 894 3014 951 turmis
3035 898 3247 949 certare
3277 894 3569 954 studebant.

2131 989 2272 1040 Arcs
2305 985 2642 1057 speculans,
2672 984 2849 1040 nudis
2870 982 3151 1055 quoniam
3181 981 3350 1037 chelis
3370 986 3455 1018 ²⁰⁰⁶
3477 984 3682 1041 inimicus

2132 1074 2469 1143 Ingeminut
2491 1074 2753 1148 populus
2786 1078 3083 1128 certamen
3112 1076 3166 1127 et
3187 1087 3283 1126 ore
3308 1073 3523 1143 patenti,

2133 1167 2368 1219 Erectas
2394 1167 2564 1219 taxos
2596 1165 2691 1198 ²⁰⁰τ
2729 1179 2900 1219 arcos
2930 1161 3212 1217 convertit
3235 1159 3291 1216 in
3313 1176 3482 1216 uncos
3502 1164 3611 1227 "’03;

2135 1253 2317 1309 Unius
2346 1254 2486 1309 hinc
2508 1254 2780 1324 jaculum
2821 1250 3231 1308 transmittitur
3257 1266 3320 1306 os
3365 1250 3421 1306 in
3461 1256 3684 1323 apertum.

2134 1342 2324 1406 Quem
2347 1340 2543 1398 subito
2574 1357 2801 1398 conans
2828 1340 2980 1396 alius
3010 1338 3259 1412 clipeare
3278 1340 3366 1373 3°09
3391 1338 3684 1409 migrantem,

2134 1434 2356 1502 Nempe
2387 1430 2591 1487 cibum
2609 1434 2806 1501 gustat
2820 1430 3052 1503 primus
3067 1444 3244 1501 quem
3262 1433 3500 1499 repserat
3512 1431 3686 1491 2°10ore,

2135 1521 2218 1575 Ad
2228 1521 2435 1576 venien
2444 1537 2469 1575 s
2483 1525 2684 1576 autem
2697 1527 3017 1575 numerum
3029 1518 3133 1591 qui
3147 1517 3427 1591 clauderet
3436 1517 3685 1573 almum?“

2138 1612 2252 1665 Hos
2281 1609 2473 1665 nitens
2499 1609 2770 1678 geminos
2793 1606 3024 1664 auferre
3045 1605 3304 1673 latenter,
3335 1609 3387 1663 et
3409 1605 3515 1678 ipse

2135 1698 2443 1755 Perculsus
2471 1700 2706 1766 faretra,
2740 1696 2884 1753 turri
2911 1695 3150 1751 veniam
3177 1710 3405 1767 quoque
3430 1694 3600 1766 poscit.

2140 1788 2260 1844 Sub
2286 1788 2477 1861 clipeo
2508 1787 2637 1845 illos
2668 1787 2765 1844 alii
2793 1785 3182 1857 conduntque
3212 1785 3552 1855 trahuntque,

2139 1878 2302 1933 Unde
2330 1878 2525 1933 furore
2554 1876 2732 1933 nimis
2762 1876 3019 1949 pingues
3051 1873 3273 1931 bellum
3296 1877 3619 1929 renovarunt.

2140 1969 2315 2024 Scuta
2346 1967 2500 2023 cient
2523 1966 2819 2039 planctus,
2853 1964 3011 2021 saxis
3038 1962 3391 2027 ferientibus,
3420 1963 3545 2034 ipsa,

2137 2056 2630 2127 Sanguineasque
2661 2058 2914 2111 vomunt
2942 2068 3120 2109 voces
3150 2051 3324 2123 galeae
3351 2050 3618 2106 subeuntes

2136 2146 2331 2200 zEther
2353 2162 2390 2214 ξ,
2423 2143 2647 2200 crudeli
2672 2142 2859 2198 lorica
2888 2156 3179 2198 mucrone
3209 2141 3433 2197 foratur.

2136 2232 2595 2305 Respiciensque
2626 2247 2769 2287 suas
2802 2234 2858 2287 et
2886 2245 3040 2302 quos
3070 2228 3415 2287 fundaverat
3439 2230 3572 2283 artus

2137 2321 2527 2392 Omnipotens
2558 2320 2816 2375 fabricas
2847 2317 3161 2375 modicum
3194 2316 3362 2373 Danis
3389 2312 3623 2387 superari,

2137 2408 2412 2465 Exhibuit
2440 2408 2657 2465 nostris
2686 2407 2837 2463 vires
2860 2406 3221 2479 animosque
3248 2404 3503 2474 valentes,

2138 2498 2452 2571 lnpertitus
2476 2498 2561 2553 eis
2593 2513 2803 2553 sensus
2829 2495 3116 2568 equidem
3144 2492 3550 2551 tremebundos.

2136 2589 2284 2641 Tum
2310 2590 2562 2658 pereunt
2590 2584 2811 2651 miseri,
2842 2588 3172 2657 pluresque
3203 2582 3477 2638 vehuntur
3509 2577 3572 2634 ad
3594 2575 3698 2633 altas

2138 2678 2428 2731 Ponentes
2460 2674 2695 2732 animas
2725 2672 3147 2745 torquentibus
3198 2686 3361 2728 arma
3400 2667 3580 2726 taselos
3614 2666 3695 2716 ³ου.

2136 2767 2266 2820 Jam
2297 2765 2461 2821 Titan
2492 2764 2709 2819 celeres
2736 2762 2956 2818 missos
2985 2763 3338 2834 praemittere
3366 2761 3511 2815 curat

2139 2856 2410 2921 Ocaeano,
2439 2868 2733 2926 pompare
2762 2852 2970 2909 thoros
2990 2852 3186 2908 otium
3216 2852 3312 2886 ²⁰¹³
3337 2847 3529 2921 quibus
3552 2842 3697 2900 addat.

2137 2946 2445 3015 Torvaque
2476 2942 2645 3014 plebs
2673 2958 2809 3014 quae
2832 2941 2963 3012 jam
2993 2940 3186 2997 cecini
3208 2937 3444 2996 tentoria
3469 2932 3587 2993 turri

2138 3036 2315 3089 Texta
2346 3032 2472 3089 tulit
2494 3031 2654 3087 silvis
2684 3031 2869 3101 ﬂenti,
2900 3030 3197 3104 caesisque
3220 3026 3489 3102 juvencis,

2141 3123 2280 3188 Quis
2306 3127 2543 3179 noctem
2570 3121 2823 3194 quidam
2852 3120 3010 3177 bello
3039 3121 3403 3193 quidamque
3430 3126 3603 3189 sopore

2140 3215 2496 3282 Praeteriere,
2529 3211 2750 3284 quibus
2782 3211 3223 3267 circumtrivere
3254 3212 3347 3245 ²⁰¹⁸
3376 3210 3588 3270 meatus,

2138 3301 2489 3357 Pennivolas
2520 3301 2676 3356 acies
2708 3301 2806 3336 ²⁰¹⁵
2836 3299 3061 3356 vibrari
3081 3302 3185 3335 εθίθ
3206 3298 3333 3355 felle
3353 3294 3628 3353 madentes.

2139 3390 2409 3449 Militibus
2440 3393 2622 3444 noctu
2650 3388 2933 3444 eximiam
2964 3388 3343 3445 cernentibus
3370 3386 3454 3420 ²⁰¹⁷
3484 3394 3653 3438 arcem.

2209 3483 2374 3536 Mane
2399 3479 2645 3551 quidem
2675 3478 2965 3548 ﬂagrante
2994 3482 3229 3534 novant
3254 3473 3550 3532 certamina
3565 3464 3699 3542 plenis

2138 3573 2319 3625 Arma
2350 3571 2586 3623 trucum
2616 3565 2783 3622 terris
2811 3565 2931 3621 ﬁxa
2962 3566 3259 3622 testudine
3294 3564 3429 3635 giro.

2140 3656 2457 3715 Certabant
2486 3656 2689 3729 plures
2717 3655 2815 3711 alii
2844 3655 3069 3711 fossata
3097 3654 3348 3720 studere,

2140 3750 2278 3813 Quae
2310 3747 2466 3802 circa
2490 3745 2751 3801 resident
2778 3744 2942 3801 illam
2991 3746 3116 3813 201⁸,
3167 3744 3465 3815 sulcosque
3508 3736 3702 3809 replere;

2138 3836 2282 3892 Hinc
2313 3835 2520 3905 glebas
2573 3834 2875 3906 specubus
2922 3833 3286 3906 frondesque
3323 3830 3528 3888 dabant
3559 3835 3702 3882 neme

3550 3916 3704 3986 [rosas

2137 4018 2325 4086 Atque
2353 4029 2462 4068 suo
2494 4016 2721 4081 segetes
2746 4012 2925 4068 etiam
2953 4010 3073 4067 fetu
3104 4012 3399 4078 viduatas,

2137 4104 2313 4158 Prata
2333 4101 2530 4169 simul,
2553 4100 2807 4169 virgulta
2826 4116 3093 4173 quoque,
3118 4106 3176 4158 et
3202 4100 3347 4156 vites
3372 4098 3484 4154 sine
3502 4087 3706 4164 gemmiS.

2137 4191 2404 4263 Hincque
2427 4205 2597 4244 senes
2611 4194 2811 4245 tauros
2823 4188 3231 4262 pulchrosque
3243 4188 3421 4243 boves
3431 4182 3705 4249 vitulosque,

2136 4280 2630 4351 Postremumque
2659 4281 2887 4337 necant
2918 4278 3142 4348 elegos,
3186 4278 3339 4334 heu!
3384 4290 3520 4348 quos
3560 4266 3710 4325 retine

3533 4358 3661 4413 fbant

2134 4456 2431 4528 Captivos,
2468 4455 2765 4528 sulcisque
2785 4454 2950 4511 cavis
2979 4454 3107 4511 haec
3138 4459 3353 4510 cuncta
3376 4448 3621 4513 ferebant,

2136 4546 2317 4617 quue
2343 4545 2439 4600 die
2469 4548 2592 4601 tota
2623 4549 2849 4601 stantes
2878 4544 3107 4611 agitant
3135 4544 3197 4600 in
3225 4557 3432 4612 agone.

2206 4635 2397 4688 Hocce
2422 4632 2557 4705 pius
2590 4647 2839 4688 cernens
2864 4631 3103 4704 praesul,
3128 4631 3292 4687 clara
3315 4620 3637 4685 lacrimando

2132 4724 2285 4776 Voce
2314 4726 2491 4776 vocat
2518 4720 2750 4776 domini
2783 4719 3227 4792 Salvatorisque
3257 4721 3541 4792 parentem
3569 4728 3580 4764 :

2134 4810 2308 4866 Alma
2332 4810 2728 4882 redemptoris
2760 4809 3023 4880 genetrix
3056 4808 3388 4881 mundique
3416 4800 3608 4865 salutis,

2137 4898 2313 4957 Stella
2341 4898 2526 4955 maris
2556 4898 2789 4970 fulgens
2819 4897 3047 4954 cunctis
3087 4896 3424 4971 praeclarior
3448 4888 3609 4950 astris.

1730 5093 2017 5154 GLOSSIE
2060 5099 2147 5154 ET
2183 5097 2413 5153 ΝΟΤιλΕ.

366 5245 377 5255 .
431 5174 541 5258 f9“.
569 5177 686 5229 tres
712 5178 806 5258 gl.‘
879 5178 973 5258 mf"
1004 5180 1317 5258 contegere
1340 5180 1432 5258 gl._
1508 5180 1888 5258 1’_"_’f’_tent_oria
1917 5186 2001 5258 gl.
2083 5187 2181 5220 1989
2210 5184 2462 5258 tentoria
2491 5186 2575 5258 gl.
2656 5186 2754 5258 199°
2784 5183 2970 5257 plutei
3002 5186 3140 5258 sunt
3172 5186 3367 5258 grates
3394 5191 3550 5236 coreo
3571 5165 3710 5258 gilth

362 5247 761 5325 inﬁtextaequaa
791 5247 1473 5325 hostiﬁorbjiciuntur'gl.‘
1534 5253 1629 5325 197971
1652 5247 2019 5325 coriatas'gl.
2063 5258 2163 5293 ¹⁹⁹²
2196 5255 2457 5312 arcubus
2486 5247 2569 5325 gl.
2638 5256 2736 5291 199³
2781 5247 2963 5312 curva
2990 5257 3073 5325 gl.
3146 5247 3246 5291 “79"
3276 5264 3566 5325 campana?
3584 5247 3707 5325 30(2-

365 5318 464 5391 19ft5
491 5315 739 5383 sagittas
763 5319 863 5391 gl._
932 5321 1027 5391 199‘?
1055 5315 1193 5391 cum
1224 5315 1388 5391 picto
1406 5323 1492 5391 gl.
1574 5324 1665 5357 1997
1704 5323 1826 5378 scil.
1876 5315 2089 5383 obtulit

2126 5329 2209 5399 gl.
2293 5329 2389 5362 ,9”
2418 5321 2640 5383 Cll-neos
2850 5329 2947 5362 1999
2988 5321 3229 5393 ἰωνίανίο
3257 5327 3339 5399 gl.
3411 5321 3510 5358 anno

360 5388 458 5469 gl.‘
520 5381 883 5469 pontem'
962 5390 1057 5468 ""31
1084 5381 1311 5469 dardos
1341 5381 1603 5469 glzw’fm
1638 5410 1838 5451 versus
1874 5413 1892 5466 1

2144 5381 2635 5469 ὧροησίαέίψέοδτδ
2666 5381 2835 5452 utilius
2870 5400 2955 5469 gl.
2991 5381 3006 5382 ί
3033 5381 3373 5469 έσθίλΝυΪΙιῄε-
3402 5398 3558 5469 terrae
3594 5381 3709 5469 tiliuf

360 5458 545 5537 habet
576 5458 772 5537 vivere
800 5461 866 5537 (ri,
901 5458 1138 5537 εἰνήνῃ)
1170 5462 1278 5537 qui
1301 5458 1366 5500 -ἑ
1400 5464 1497 5497 εοθδ
1530 5466 1567 5518 i.
1601 5481 1651 5519 e.
1686 5458 2116 5537 protegentem.

360 5546 486 5607 non
516 5535 720 5607 tensos
749 5528 994 5607 tetendit
1020 5528 1127 5599 gl.’
1186 5528 1283 5565 5°09
1312 5538 1624 5607 contegere

1653 5536 1740 5607 gl.
1818 5536 1916 5574 κου’
1944 5546 2202 5598 traxerat

2196 5472 2295 5505 2006
2320 5470 2581 5525 brachiis
2624 5472 2706 5539 gl.
2786 5463 2891 5503 2007'
2916 5470 3047 5525 inos
3076 5470 3156 5539 gl.
3240 5468 3335 5502 2008
3361 5465 3440 5539 id;
3467 5463 3710 5539 esgﬂﬁrcos

2229 5543 2312 5612 gl.
2392 5544 2484 5576 ’0”
2537 5528 2857 5596 trinitatem
2887 5543 2971 5611 gl.
3050 5528 3458 5612 31613navesgl.
3528 5528 3710 5612 ’f‘”

360 5602 567 5684 quiem
595 5602 682 5684 gl.
760 5603 859 5637 2°“
891 5591 1361 5673 composuerunt
1388 5591 1522 5674 gl.”
1549 5591 1891 5679 ﬁlmusagitta

2144 5591 2213 5647 OT“
2229 5591 2320 5669 vad
2346 5591 2857 5684 vibrandas-“g‘li—
2871 5591 2971 5647 ³ῗῆ
3002 5591 3465 5667 οαειοᾶίόῂνιῖὅαε
3502 5604 3575 5674 αι.
3637 5591 3707 5629 ’θη

362 5672 575 5729 ωτι-11η
598 5674 684 5744 gl.
