4034 6190
185 167 448 252 733”

183 318 357 374 Caede
384 319 522 372 tuas
553 310 856 387 praecibus
887 311 1161 372 clemens
1192 331 1365 371 aures
1390 309 1700 381 rogitantis
1725 328 1739 377 ;

185 410 242 468 Si
274 408 384 464 tibi
410 421 510 462 me
536 403 717 459 libeat
746 399 975 457 missas
1009 419 1306 477 umquam
1335 402 1650 467 celebrare,

182 497 416 571 Impius
446 499 626 567 atque
650 491 818 547 ferox
848 506 1057 547 saevus
1090 492 1348 549 crudelis
1380 496 1436 547 et
1463 495 1652 558 atrox,

182 587 468 661 Captivos
497 582 824 657 perimens,
857 579 1090 652 laqueo
1115 583 1280 639 necis
1310 582 1614 638 inretiatur
1645 579 1657 633 l

178 684 328 735 Arce
358 678 615 747 repente
644 670 857 727 volans
888 670 1084 727 telum
1115 671 1345 727 deferre
1377 669 1584 741 sategit

180 766 449 822 Antistes
483 761 776 826 Gozlinus,
810 758 956 815 huic
991 761 1095 797 ²⁰¹⁰
1126 762 1293 833 quod
1340 760 1540 816 ﬂendo
1568 763 1868 832 precatur,

180 857 294 924 Qui
314 855 555 910 vinctos
582 851 813 906 vinctus
843 849 1061 905 mortis
1087 850 1317 906 dimisit
1345 849 1619 913 habenis,

180 950 375 1019 Atque
408 944 592 999 miser
617 938 789 995 sociis
818 938 1012 994 tendit
1040 938 1427 1011 clipeumque
1450 939 1810 1013 pedemque.

180 1038 257 1092 Os
290 1033 489 1105 solvit,
522 1032 733 1087 virtute
761 1027 898 1095 ruit,
927 1028 1259 1100 sulcosque
1288 1028 1535 1100 replevit

178 1128 537 1182 Mensurans
566 1125 800 1184 terram,
832 1116 1077 1188 spirans
1131 1117 1409 1173 animam
1438 1116 1597 1174 male
1639 1120 1867 1186 natam,

177 1213 470 1286 Captivos
499 1211 672 1282 juxta
703 1206 864 1262 tritos
896 1205 1101 1275 gladio
1133 1205 1321 1260 nimis
1351 1205 1508 1275 ejus.

253 1302 410 1360 Urbs
440 1302 503 1355 in
531 1299 752 1354 honore
781 1295 964 1352 micat
994 1294 1170 1351 celsae
1198 1299 1445 1351 sacrata
1476 1295 1687 1363 Mariae,

176 1391 416 1450 Auxilio
447 1390 621 1459 cujus
652 1387 905 1443 fruimur
931 1385 1056 1440 vita
1080 1384 1275 1440 modo
1310 1384 1454 1451 tuti;

177 1483 334 1538 Hinc
363 1477 700 1537 indicibiles
720 1476 822 1545 illi,
853 1475 900 1531 si
927 1474 1078 1532 forte
1108 1474 1418 1541 valemus,

178 1570 536 1629 Reddamus
566 1571 781 1637 grates,
808 1564 1080 1639 placidas
1099 1562 1437 1619 reboemus
1469 1567 1525 1618 et
1553 1563 1723 1629 odas,

1140 192 1230 248 DE
1268 191 1491 247 BELLO
1530 186 1907 244 PARlSlACO
1947 178 2144 245 ῙΣῘΒΒῙ
2182 191 2381 250 TRES.
2424 227 2493 237 --
2531 196 2664 252 LIB.
2708 200 2751 254 Ι.

3552 217 3658 271 ’734

1901 310 1949 363 Α
1982 306 2156 367 Vah!
2185 315 2529 389 multosque
2560 322 2760 375 terunt
2787 323 3005 391 Danos,
3036 323 3236 396 plures
3266 345 3507 402 quoque
3533 335 3659 403 pel-

3320 419 3429 475 I'tas
3466 422 3585 475 ’0“.

3466 434 3585 475 ιυιδ.

1981 490 2286 546 Immunis
2310 495 2412 529 ²⁰²δ
2438 494 2665 568 clipeus
2695 497 2886 555 tractu
2913 500 3115 557 nullus
3143 503 3253 561 fuit
3281 434 3474 563 hiatus
3503 512 3622 577 ’0“,

1984 578 2181 642 Quem
2207 580 2303 615 ²⁰²ῖ
2332 582 2464 637 talis
2488 584 2691 653 tetigit,
2722 601 2846 641 non
2863 587 3018 642 ullus
3038 596 3226 648 morte
3248 596 3519 651 misellus
3537 598 3658 653 9°18.

1981 671 2089 722 Ast
2120 667 2390 727 infelices
2422 672 2627 729 foveas
2655 675 2934 747 supplere
2965 676 3233 750 falanges

1982 755 2370 829 Nequiquam
2396 760 2668 829 tendunt,
2697 768 2945 834 potuere
2985 767 3211 839 replere
3238 786 3348 827 nec
3378 773 3586 829 ullam.

1982 843 2338 902 Nitebantur
2365 848 2525 905 enim
2562 850 2848 907 arietibus
2879 857 3273 924 pessumdare
3303 862 3547 929 turrim;

1982 934 2146 996 Quos
2178 938 2471 1008 quoniam
2518 946 2830 1012 nequeunt
2859 944 3047 1015 aequis
3078 945 3378 1004 deducere
3406 952 3659 1024 campis,

1982 1022 2328 1095 Corripiunt
2357 1030 2555 1083 ternas
2582 1029 2780 1085 rabidi
2805 1029 3048 1087 kimbas
3072 1034 3171 1069 ²⁰²⁹
3201 1035 3347 1091 satis
3379 1037 3500 1094 alta

1981 1111 2373 1183 Frondivagis
2402 1116 2686 1187 equidem
2729 1117 2895 1174 silvis
2927 1121 3243 1190 gravidare
3275 1123 3624 1197 ﬂagrantes,

1979 1200 2363 1259 Postremum
2397 1205 2694 1261 Vulcanus
2727 1208 2810 1262 eis
2839 1208 3170 1281 imponitur
3193 1214 3433 1269 ardens.

1978 1289 2454 1349 Flammivomas
2485 1294 2687 1351 oriens
2719 1296 2963 1355 dimittit
2992 1315 3096 1359 eas
3119 1302 3585 1375 pedetemptim,

1978 1379 2394 1453 Anguinisque
2421 1384 2520 1418 “03°
2548 1384 2937 1441 trahebentur
2966 1387 3129 1459 ripas
3161 1405 3336 1446 secus
3364 1391 3513 1463 ipsae

1981 1468 2071 1522 Ad
2104 1472 2372 1539 pontem,
2408 1487 2513 1526 seu
2538 1474 2930 1547 conspicuam
2960 1476 3294 1533 conburere
3324 1479 3555 1536 turrim.

1982 1556 2143 1613 Silva
2198 1558 2385 1615 vomit
2411 1559 2714 1628 ﬂammas,
2745 1568 2912 1618 arent
2940 1563 3144 1619 latices
3176 1565 3517 1637 pelagique,

177 1664 307 1717 Vox
340 1658 582 1715 excelsa
612 1659 791 1727 tonet,
822 1653 1157 1726 laudesque
1188 1653 1368 1705 sonet
1397 1652 1543 1723 quia
1572 1652 1825 1722 dignum
1851 1670 1863 1707 :
1908 1666 1949 1719 Β
1978 1646 2154 1701 Terra
2188 1646 2391 1715 gemit,
2424 1648 2647 1704 virides
2677 1651 2878 1706 herba
2910 1653 3250 1709 moriuntur
3279 1654 3358 1708 ab
3380 1654 3503 1723 igni
3530 1674 3543 1723 ;

177 1748 442 1805 Pulchra
470 1760 691 1819 parens
720 1743 884 1799 salve
919 1741 1177 1809 Domini,
1210 1738 1428 1807 regina
1457 1740 1757 1812 polorum,

178 1840 401 1893 Nostra
430 1834 587 1888 nites
617 1830 806 1897 altrix,
834 1830 998 1885 orbis
1029 1832 1274 1884 constas
1315 1826 1682 1884 dominatrix
1709 1848 1721 1896 ;

178 1928 325 1991 Quae
357 1922 535 1978 saevis
565 1919 846 1977 manibus
873 1921 1112 1975 Danum
1139 1913 1468 1988 gladioque
1498 1916 1733 1974 minace

180 2014 430 2072 Solvere
463 2010 712 2067 Luteciae
741 2008 983 2082 plebem
1014 2006 1266 2076 dignata
1296 2005 1477 2075 fuisti,

180 2102 563 2173 Luteciaeque
591 2099 736 2155 satis
762 2102 1013 2172 poteras
1036 2095 1307 2151 conferre
1338 2094 1610 2160 salutem,

180 2196 330 2259 Quae
363 2189 599 2246 lubrico
627 2187 998 2245 Salvatorem
1030 2199 1241 2241 cosmo
1273 2184 1547 2253 genuisti.
1626 2232 1629 2235 .

179 2280 446 2338 Caelicoli
474 2282 680 2348 castus,
712 2277 957 2333 virtutes
991 2291 1061 2331 ac
1102 2273 1470 2344 dominatus,

182 2372 626 2440 Primatusque,
658 2369 1123 2439 potestatesque,
1156 2363 1474 2435 thronique
1506 2363 1805 2435 polorum,

182 2462 227 2517 Ο
250 2456 527 2529 genetrix
560 2454 784 2510 sobolis
817 2453 1038 2509 summi
1066 2450 1226 2521 regis
1250 2451 1611 2507 celebranda

178 2552 256 2604 Te
276 2545 571 2616 gaudent,
588 2542 877 2608 recolunt,
893 2541 1165 2608 laudant,
1182 2544 1566 2610 venerantur,
1580 2540 1855 2607 adorant.

182 2639 227 2693 Ο
254 2635 402 2691 felix
433 2632 583 2689 uteri
609 2631 875 2687 thalamo
904 2646 1038 2701 quae
1068 2628 1348 2683 claudere
1375 2632 1585 2696 mater,

180 2727 379 2791 Quem
412 2720 544 2778 caeli
574 2723 903 2792 nequeunt,
937 2717 1127 2783 tellus,
1160 2720 1403 2772 vastum
1436 2732 1622 2781 mare,
1647 2720 1856 2791 quisti;

180 2819 379 2886 Atque
410 2816 583 2867 tuum
612 2808 841 2864 delecta
872 2811 1106 2880 patrem
1132 2804 1312 2860 nobis
1342 2806 1641 2877 peperisti.

184 2906 357 2958 Luna
386 2900 618 2955 micans
643 2896 830 2952 solem
862 2895 1051 2951 multo
1078 2894 1215 2967 plus
1246 2897 1300 2948 te
1326 2893 1677 2952 renitentem

186 2989 417 3047 Fudisti
449 2986 637 3058 terris,
671 2990 727 3042 et
755 3000 858 3040 eas
889 3000 1013 3057 quo
1041 2983 1223 3056 plena
1252 2983 1547 3040 manebas

180 3077 573 3143 Inradiando,
606 3091 795 3146 genus
815 3072 1005 3129 nostri
1033 3072 1276 3146 lapsum
1301 3072 1611 3144 reparasti.

181 3172 342 3239 Ergo
371 3167 463 3223 cui
470 3208 488 3237 ,
513 3165 724 3235 regina
752 3163 894 3236 poli,
928 3176 1290 3234 componere
1314 3161 1500 3233 quibo
1526 3163 1554 3216 ?

181 3255 464 3314 Sanctior
487 3270 552 3310 es
584 3253 832 3321 cunctis,
860 3268 1006 3307 sexu
1038 3250 1262 3307 felicior
1290 3250 1478 3305 omni.

179 3345 499 3403 Cultorum
524 3343 805 3398 miserere
835 3340 919 3395 tui
941 3340 1071 3409 jam
1099 3344 1243 3395 nata
1274 3339 1531 3411 potentis
1557 3359 1570 3408 ;
1716 3412 1721 3417 Ι

180 3434 547 3501 Gloria,laus
563 3436 621 3487 et
640 3429 1224 3501 honor,radiansque
1249 3428 1433 3483 decus
1454 3428 1559 3484 tibi
1582 3445 1850 3501 semper;

181 3526 269 3582 Sit
298 3522 615 3579 benedicta
639 3520 740 3575 Dei
768 3523 959 3575 mater
987 3519 1233 3591 sceptris
1264 3518 1325 3573 in
1356 3518 1506 3575 Iesu.

384 3613 522 3682 (Hic
547 3611 629 3667 ad
652 3624 817 3665 oram
850 3608 1068 3663 codicis
1099 3609 1320 3679 legitur
1350 3608 1654 3679 uranssrs.)

257 3700 479 3756 Fcebus
509 3698 655 3769 abit,
681 3696 1005 3771 noctisque,
1023 3696 1174 3751 redit
1200 3696 1394 3764 caligo
1426 3711 1671 3761 serenae,

180 3788 588 3860 Excubiisque
613 3801 880 3858 nequam
901 3786 1001 3820 ²⁰²⁰
1029 3784 1203 3840 turris
1228 3784 1470 3857 saepitur
1490 3783 1707 3856 opimis
1729 3784 1849 3837 9°“.

175 3885 419 3934 Aurora
450 3877 680 3947 girante
709 3874 902 3947 polos,
938 3872 1206 3943 girantur
1236 3878 1293 3928 et
1324 3888 1490 3929 arces
1518 3892 1529 3941 ;

174 3965 493 4024 Mortiferis
521 3964 819 4037 siquidem
851 3961 979 4018 telis
1008 3960 1419 4033 quatientibus
1448 3961 1600 4029 illas,

170 4056 441 4113 Arrietes
468 4053 731 4109 conﬂant
762 4054 885 4123 2°”,
918 4067 1229 4124 unumque
1260 4050 1461 4107 locant
1490 4051 1567 4107 ab
1598 4067 1709 4106 eoo

172 4148 244 4202 In
282 4144 516 4210 turrim,
549 4141 989 4214 contemplatur
1020 4139 1340 4213 septentrio
1371 4140 1530 4196 celsa

172 4240 240 4291 In
272 4238 484 4307 portas
509 4231 695 4288 alium
720 4250 733 4299 ;
770 4230 955 4286 tenuit
980 4234 1188 4286 contra
1218 4229 1374 4286 latus
1400 4231 1529 4300 ejus

1980 1735 2258 1791 Lemnius
2285 1741 2464 1809 atque
2489 1744 2704 1811 potens
2736 1744 3006 1812 Neptuno
3034 1745 3149 1797 stat
3177 1742 3333 1814 pede
3364 1742 3499 1799 trito
3530 1746 3649 1815 203‘,

1976 1827 2182 1893 Regna
2208 1826 2352 1898 polii
2380 1827 2590 1883 furvus
2622 1834 2910 1902 penetrat,
2945 1831 3261 1904 nubesque
3290 1838 3589 1904 peragrat.

1974 1915 2124 1970 Hinc
2156 1915 2329 1971 tellus
2361 1920 2421 1973 et
2447 1932 2610 1987 ager,
2643 1918 2823 1974 limfee
2852 1920 3099 1992 caelique
3130 1926 3512 1991 cremantur;

1975 2004 2125 2059 Urbs
2171 2004 2355 2076 luget,
2389 2007 2772 2080 speculaeque
2803 2010 3033 2075 timent,
3068 2015 3125 2066 et
3153 2010 3354 2069 menia
3385 2010 3643 2085 deﬂent;

1975 2092 2123 2159 Heu,
2148 2110 2336 2165 quam
2366 2111 2593 2166 magna
2614 2097 2803 2152 oculis
2836 2104 3090 2154 manant
3110 2098 3429 2155 lacrimosa
3454 2100 3644 2158 beatis

1973 2182 2275 2238 Flumina!
2299 2184 2726 2255 Dantpulchrij
2739 2187 3097 2253 uvenes,sed
3118 2186 3328 2241 etalba
3344 2194 3637 2259 senectus,

1971 2274 2254 2326 Merentes
2286 2273 2561 2342 gemitus,
2595 2278 2941 2346 matresque
2968 2275 3148 2345 jubas
3176 2275 3462 2332 laniando

1970 2362 2156 2429 Terga
2175 2361 2405 2416 dabant
2428 2361 2941 2436 siccze,crinesque
2963 2380 3070 2436 per
3090 2380 3234 2420 arva
3259 2365 3638 2424 revolvunt—

1970 2449 2072 2502 Hae
2097 2449 2303 2504 colatis
2329 2450 2560 2506 nudata
2587 2451 2709 2505 suis
2736 2452 2867 2521 jam
2893 2457 3135 2524 pectora
3159 2454 3435 2510 tundunt.

1968 2542 2040 2593 At
2071 2554 2311 2594 secuere
2343 2553 2529 2608 genas
2561 2539 2688 2595 aliae
2716 2540 2979 2597 lacrimis
3012 2542 3376 2599 madefactas
3404 2546 3415 2600 l

1968 2629 2114 2683 Tum
2129 2628 2425 2699 trepidant
2436 2628 2940 2702 cives.cunctique
2966 2636 3184 2687 vocant
3204 2632 3635 2691 celebrandum

1969 2719 2333 2772 Germanum
2360 2734 2372 2771 :
2420 2719 2703 2774 Miserere
2734 2722 2871 2788 tuis,
2906 2722 3215 2789 Germane,
3248 2725 3532 2780 misellis!
3565 2758 3633 2766 -—

1969 2805 2231 2861 Parisius
2260 2806 2479 2878 praesul
2510 2807 2702 2862 fuerat
2736 2809 3151 2865 sanctissimus
3182 2811 3346 2877 olim,

1968 2894 2330 2951 Inlustrabat
2382 2912 2520 2951 eam
2551 2897 2724 2967 cujus
2754 2899 3091 2954 venerabile
3120 2916 3338 2972 corpus
3361 2934 3429 2944 ~—

1967 2984 2154 3041 Menia
2187 2986 2463 3041 Germani
2494 3001 2715 3042 nomen
2745 2988 3036 3055 recinunt,
3066 2995 3123 3045 et
3150 2990 3211 3046 in
3242 2992 3406 3046 omni

1967 3073 2274 3130 Exclamat
2302 3075 2474 3130 miles
2506 3076 2751 3147 specula
2780 3078 3078 3150 primique
3111 3079 3377 3135 virorum
3403 3098 3415 3136 :

1968 3163 2015 3217 0
2032 3164 2305 3232 famulis,
2337 3166 2649 3234 Germane,
2683 3168 2799 3221 tuis
2828 3183 3180 3225 succurrere
3204 3169 3403 3225 disce!

1969 3253 2185 3307 Littora
2202 3268 2307 3307 seu
2329 3252 2541 3324 liquidi
2556 3254 2745 3309 laticis
2762 3256 2861 3290 ⁸0³³
2881 3256 3133 3328 pelagus
3156 3257 3399 3313 ciaet2033
3422 3256 3630 3330 altum,

1968 3340 2360 3413 Sidereosque
2382 3342 2632 3397 thronos
2652 3343 2873 3415 quibus
2895 3346 3129 3412 emicat,
3152 3350 3217 3401 ut
3227 3347 3409 3416 jubar
3430 3346 3630 3402 almus

1964 3430 2243 3485 Verberat
2272 3432 2647 3497 innumerus,
2677 3433 2825 3488 echo
2858 3435 3200 3504 comitante,
3232 3435 3451 3491 boatus
3479 3455 3491 3503 ;

1965 3521 2326 3574 Germanum
2359 3521 2683 3592 respondet
2712 3526 2767 3575 et
2796 3522 2943 3576 urbs
2972 3523 3372 3578 vocitantibus
3402 3525 3624 3596 ipsum.

1965 3610 2338 3663 Concurrunt
2367 3612 2592 3664 matres
2625 3609 2847 3679 pariter
2872 3610 3242 3682 juvenesque
3272 3612 3484 3683 puellre

1962 3696 2049 3751 Ad
2086 3695 2283 3752 Sancti
2316 3696 2641 3759 tumulum,
2670 3696 2957 3765 suffragia
2980 3714 3224 3769 poscere
3256 3703 3443 3767 grata.

1963 3784 2169 3839 Infelix
2194 3789 2251 3839 et
2276 3784 2354 3839 ob
2379 3784 2493 3839 hoc
2522 3785 2787 3857 populus
2821 3786 3001 3841 subiit
3030 3787 3207 3843 nimis
3239 3787 3357 3843 alta

1964 3868 2211 3935 Gaudia,
2246 3868 2634 3924 subsannans
2667 3870 2821 3925 cives
2852 3870 3209 3943 Dominique
3234 3877 3557 3929 catervam.

1965 3960 2141 4015 Scuta
2170 3957 2400 4013 dabant
2429 3958 2621 4030 alapis
2651 3959 2909 4031 reprobo
2932 3960 3060 4015 risu
3088 3961 3386 4031 saturatis,

1961 4052 2303 4120 Argutoque
2334 4051 2565 4104 tument
2593 4049 2809 4103 horum
2838 4048 3097 4105 distenta
3128 4050 3316 4106 boatu

1963 4138 2227 4203 Guttura,
2257 4139 2332 4204 et,
2362 4135 2608 4191 urbanis
2634 4135 3078 4207 plangentibus,
3108 4153 3249 4193 aera
3275 4154 3501 4207 magno

1964 4225 2289 4297 Implentur
2316 4224 2535 4292 sonitu,
2567 4225 2829 4281 clamore
2855 4227 3057 4282 minus
3085 4227 3227 4284 nihil
3252 4230 3477 4299 amplo,

172 4326 259 4380 Oc
291 4338 417 4396 que
447 4320 647 4377 sidens
671 4324 927 4375 ternum.
958 4321 1167 4389 Magno
1199 4334 1337 4374 cum
1370 4319 1635 4390 pondere
1661 4318 1849 4375 nostri
1875 4360 1922 4417 Β
1962 4317 2107 4417 Vo}:
2115 4313 2355 4368 auditur
2378 4313 2439 4412 in
2466 4313 2737 4383 excelsis,
2764 4318 2821 4415 et
2846 4315 3039 4417 luctus
3070 4315 3130 4371 in
3158 4316 3404 4417 aethris!

170 4413 373 4481 Tigna
386 4412 889 4481 parant,quorum
901 4405 1108 4461 calibis
1119 4405 1269 4460 dens
1292 4422 1535 4461 summa
1558 4423 1597 4479 p
1607 4411 1851 4475 eragrat

168 4498 459 4557 Machina
488 4513 609 4569 quo
640 4496 810 4552 citius
844 4497 1078 4551 Danum
1106 4494 1335 4566 quisset
1364 4494 1647 4551 terebrari
1672 4513 1685 4563 ;

169 4587 523 4647 Conﬁciunt
550 4586 744 4656 longis
774 4600 944 4656 aeque
970 4583 1148 4653 lignis
1179 4583 1496 4652 geminatis

168 4684 482 4748 Mangana
511 4693 644 4748 quae
674 4674 920 4747 proprio
949 4673 1112 4741 vulgi
1143 4672 1311 4728 libitu
1344 4674 1702 4739 vocitantur,

170 4773 343 4827 Saxa
369 4765 591 4839 quibus
609 4766 843 4835 jaciunt
866 4762 1150 4833 ingentia,
1185 4778 1286 4818 seo
1310 4762 1640 4832 jaculando

166 4856 451 4915 Allidunt
472 4854 728 4910 humiles
757 4868 987 4909 scaenas
1008 4852 1109 4887 ’0³³
1131 4851 1321 4921 gentis
1348 4850 1710 4907 truculentae.

170 4949 337 5019 Sepe
364 4942 613 5016 quidem
642 4942 957 4998 cerebrum
988 4940 1216 4997 cervice
1246 4940 1489 4995 trahunt
1516 4938 1843 5013 elegorum,

248 5056 399 5108 Vers
425 5053 553 5107 420.

1965 4407 2036 4458 At
2065 4403 2219 4457 Deus
2246 4401 2630 4474 omnipotens
2656 4404 2853 4458 omnis
2882 4405 3121 4459 fabricae
3147 4408 3455 4477 reparator

1962 4492 2155 4557 Orbis,
2192 4491 2364 4546 adest
2388 4491 2686 4563 preecibus
2718 4494 2914 4548 Sancti
2932 4492 3241 4562 rogitatus,
3273 4498 3331 4547 et
3359 4494 3485 4563 ipse

1961 4584 2003 4638 Ο
2035 4584 2346 4649 Germane,
2375 4580 2542 4635 venis
2566 4580 2779 4635 humili
2806 4596 3149 4636 succurrere
3177 4581 3338 4652 plebi

1958 4669 2208 4735 Auxilio,
2240 4668 2632 4740 lapidumque
2665 4668 2835 4724 salire
2870 4674 3095 4723 struem
3130 4685 3308 4741 super
3338 4668 3518 4725 altam

1960 4757 2423 4813 Flammivomas
2451 4772 2707 4828 puppes,
2736 4761 2983 4828 pontem
3014 4773 3087 4811 ne
3117 4756 3339 4812 lederet
3365 4756 3506 4823 ulla,

1956 4847 2091 4919 Ipse
2113 4846 2354 4913 coegisti
2379 4864 2391 4913 ;
2422 4850 2667 4917 pontem
2697 4849 2987 4901 sustentat
3013 4845 3063 4900 is
3093 4861 3294 4915 agger.

1958 4935 2252 4997 Continuo
2284 4934 2521 4990 Domini
2548 4934 2809 5007 populus
2838 4934 3145 4989 descendit
3172 4934 3252 4990 ad
3280 4934 3469 5005 ignes,

1563 5274 1852 5333 GLOSSA'I
1893 5278 1978 5333 ΕΤ
2015 5278 2238 5333 NOTAE.

247 5462 358 5497 ²⁰¹⁹
390 5463 734 5516 Normanno
755 5460 838 5527 gl.
917 5457 1015 5490 ’τοῖο
1040 5457 1644 5535 l‘iormannorumgl.
1668 5456 1816 5535 mgf“

1972 5453 2104 5509 iosis
2130 5454 2215 5535 gl.
2256 5454 2393 5535 “9‘0"”
2427 5453 2779 5535 moven‘tgl.
2856 5454 2956 5535 ’(³³.³
2982 5452 3279 5535 lobiasg‘l‘.
3360 5456 3458 5487 9“?"
3482 5469 3607 5535 seu.

167 5541 234 5592 ta.
268 5534 360 5605 gl.
460 5533 557 5565 ²⁰²⁵
585 5531 806 5586 inlesus
831 5530 915 5599 gl.
1011 5528 1109 5605 ²ίξ²⁶
1143 5528 1449 5605 percussio
1478 5528 1561 5598 gl.

1660 5527 1754 5560 2027
1791 5523 2163 5599 οῃρέυωθι.
2256 5524 2510 5599 202“soil.
2547 5523 2654 5579 fuit
2682 5523 2971 5580 immunis
3002 5528 3085 5595 gl-

3184 5530 3281 5560 ²⁰²⁹⁸
3314 5541 3499 5580 naves
3522 5525 3613 5595 gl-

163 5575 561 5660 iam"iunibus
740 5575 1120 5655 :03‘ucontrito
1143 5575 1226 5668 ᾕι.
1306 5599 1405 5632 ²⁰⁸²
1434 5575 1549 5652 Lac.
1588 5599 1819 5670 Sequan

1972 5575 2278 5651 iﬁsi’vocat
2313 5597 2398 5666 gl.
