3940 6184
209 220 299 272 737
1134 217 1225 269 DE
1264 216 1488 271 BELLO
1528 215 1690 271 PARI

1953 215 2114 270 LIBRI
2154 211 2350 276 TRES.
2382 251 2450 260 —
2473 218 2596 277 LIB.
2629 225 2670 276 Ι.
3508 223 3612 286 738

210 339 510 407 Transque
541 337 750 390 natant
805 335 1166 408 Sequanam,
1226 337 1436 392 turrim
1488 337 1854 408 cinguntque
1882 338 1929 390 A
1960 340 2086 393 Non
2114 339 2262 396 alias
2289 357 2424 398 vere
2452 347 2806 416 caperentur
2834 343 2966 400 luce
2997 345 3110 400 sub
3131 345 3254 413 illa,

1442 425 1753 496 [misellam
1765 467 1777 479 .

207 513 369 572 Multa
394 512 626 567 dabant
649 511 730 567 illi
759 512 962 567 densis
983 514 1310 568 certamina
1337 513 1478 569 telis.

211 602 344 659 Urbs
380 601 638 669 tremuit,
668 599 916 673 lituique
948 603 1040 636 ²⁰⁶¹
1075 601 1282 668 boant,
1339 603 1720 674 lacrimisque
1775 601 1850 656 ri-

1516 693 1776 761 [gantur.

205 778 420 840 Moenia,
446 794 672 850 rusque
703 777 886 847 gemit
912 783 1119 844 totum,
1173 779 1542 851 pelagusque
1571 779 1845 849 remugit.

203 875 339 924 Aera
368 866 707 922 circumunt
732 865 962 938 lapides
991 871 1048 921 et
1077 865 1307 941 spicula
1339 868 1566 923 mixtim
1601 885 1613 922 :

205 956 540 1013 Exclamant
570 954 775 1020 nostri,
808 955 1191 1028 clamantque
1221 957 1365 1012 Dani
1394 956 1572 1011 simul
1597 973 1846 1025 omnes;

202 1051 363 1104 Terra
391 1045 609 1114 tremit,
642 1045 826 1101 nostri
854 1045 1079 1114 lugent,
1108 1044 1382 1101 laetantur
1411 1052 1467 1100 et
1497 1045 1596 1100 illi.

203 1140 464 1206 Dumque
495 1133 722 1200 volunt,
764 1133 923 1189 cives
981 1139 1289 1206 nequeunt
1326 1151 1668 1190 succurrere
1704 1134 1844 1189 turri

198 1230 372 1296 Atque
397 1222 540 1278 viris
565 1222 721 1279 bello
747 1223 975 1278 deferre
997 1223 1287 1293 juvamen
1318 1223 1566 1290 anhelis,

198 1316 348 1378 Quos
377 1312 574 1368 valide
604 1328 859 1368 numero
886 1311 1179 1367 bellantes
1219 1313 1332 1367 sub
1359 1313 1641 1368 duodeno

198 1401 442 1458 Rumfea
471 1401 561 1458 vel
589 1401 848 1457 formido
867 1405 1101 1457 Danum
1130 1417 1253 1456 non
1283 1401 1487 1458 terruit
1527 1418 1840 1474 umquam.

195 1491 428 1548 Difﬁcile
457 1495 545 1547 est
573 1490 735 1547 dictu
760 1489 1006 1559 bellum,
1041 1494 1128 1546 set
1158 1491 1404 1546 nomina
1427 1493 1524 1525 3"“
1553 1490 1840 1546 subsunt:

194 1579 650 1650 Ermemfredus,
685 1578 945 1647 Eriveus,
977 1577 1309 1646 Erilandus,
1344 1579 1634 1648 Odaucer,

194 1669 369 1734 Ervic,
402 1668 725 1740 Arnoldus,
763 1667 976 1734 Solius,
1006 1667 1349 1738 Gozbertus,
1383 1668 1590 1733 Uvido,

188 1758 507 1826 Ardradus,
554 1757 890 1829 pariterque
917 1757 1252 1821 Eimardus,
1275 1758 1746 1828 Gozsuiuusque.

187 1850 374 1918 Seque
405 1847 533 1901 neci
562 1847 762 1919 plures
791 1847 891 1880 ²⁰⁶³
919 1846 1221 1901 sociarunt
1240 1862 1313 1902 ex
1334 1847 1608 1902 inimicis.

187 1936 246 1990 Ili
278 1937 375 1970 3"“
407 1935 700 2007 quoniam
729 1941 1035 2006 nequeunt
1065 1935 1281 1989 animis
1311 1935 1612 1990 eurvarier
1637 1934 1798 2000 atris,

182 2023 436 2080 Estibus
467 2023 787 2093 accingunt
815 2029 1166 2096 carpentum
1200 2023 1506 2080 arentibus
1529 2023 1680 2080 arcis

182 2117 326 2169 Ante
361 2113 515 2168 fores
541 2113 715 2184 gurdi
746 2114 844 2148 ²⁰⁶⁵
875 2112 1231 2169 miseranda:
1263 2113 1534 2182 gramine
1558 2113 1833 2185 plenum;

179 2202 620 2275 Fulmineisque
653 2202 814 2258 velut
837 2202 1014 2258 Faebo
1046 2201 1159 2258 sub
1187 2219 1329 2258 cura
1359 2202 1634 2274 procellis

177 2294 298 2346 Nox
333 2307 528 2347 vacua
567 2291 676 2346 celi
707 2290 903 2362 specie
933 2292 1030 2326 ²⁰⁶⁶
1061 2289 1444 2345 confunditur
1469 2290 1612 2360 alta,

174 2381 281 2434 Fas
307 2380 404 2413 "'5"
442 2379 586 2434 nulli
618 2377 913 2433 arridente
934 2394 1111 2433 suum
1133 2384 1513 2434 contemnere
1531 2379 1715 2435 doma
1736 2382 1835 2415 ²⁰⁶⁸

175 2467 350 2522 Haud
385 2483 561 2520 secus
583 2465 843 2520 occuluit
871 2465 1072 2520 fumus
1103 2465 1412 2536 speculam
1434 2466 1751 2538 catapultis
1820 2501 1838 2510 -

170 2554 462 2610 Inmersis
491 2553 923 2626 aliquantisper
948 2553 1178 2609 fervore
1205 2555 1304 2589 ²⁰⁶³
1337 2559 1601 2611 tonante.

169 2642 446 2712 Quisque
479 2643 578 2675 έοδο
603 2642 732 2710 rogi
765 2641 1039 2714 proprios
1069 2641 1246 2697 flatus
1274 2659 1350 2698 ne
1380 2642 1548 2698 clade
1580 2644 1840 2715 perirent

171 2729 498 2802 Accipitres
529 2729 672 2784 loris
698 2729 966 2802 permisit
995 2729 1158 2786 abire
1187 2730 1396 2786 solutis
1429 2749 1442 2790 :

169 2823 361 2886 Quem
395 2819 494 2854 ὀτι
544 2818 693 2874 dum
739 2819 868 2889 jam
918 2819 1168 2892 cupiunt
1201 2835 1413 2876 omnes
1468 2820 1834 2891 extinguere,

1523 2909 1764 2979 [desunt

172 2997 316 3051 Vasa
339 2994 570 3066 quibus
598 3000 840 3066 possent
871 2995 1070 3051 latices
1095 2996 1334 3052 haurire
1363 2997 1634 3054 ﬂuentes.

169 3087 444 3156 Namque
474 3087 708 3140 Danum
749 3083 1160 3140 formidabant
1183 3103 1403 3141 ausum
1435 3087 1557 3143 fore
1599 3088 1829 3144 nullum

165 3175 427 3244 £quora
449 3172 582 3243 jam
611 3173 972 3233 Confessoris
1003 3178 1346 3244 contingere
1373 3189 1603 3243 gressu,

168 3261 362 3315 Pansa
396 3260 569 3332 prius
585 3264 828 3334 propter
857 3260 1081 3316 meritis
1119 3261 1410 3317 miracula
1441 3263 1657 3318 Sancti.

164 3346 334 3402 Haud
369 3349 474 3382 3°73
494 3347 800 3404 modicam
828 3348 1080 3404 retinent
1111 3349 1307 3405 solum
1337 3350 1449 3405 nisi
1473 3351 1700 3423 quippe
1746 3351 1828 3408 la-

1493 3437 1511 3510 I
1517 3455 1754 3507 genam.

163 3527 299 3590 Quze
325 3526 562 3582 claram
598 3525 877 3596 jaciendo
906 3528 1072 3582 focos
1097 3529 1436 3599 Sequanam
1463 3545 1644 3600 super
1655 3530 1826 3599 altos,

162 3613 526 3671 Servantum
557 3615 708 3685 fugit
734 3615 932 3686 digitis
951 3615 1188 3688 dilapsa
1217 3615 1330 3670 sub
1358 3615 1490 3671 illos
1511 3618 1611 3650 ³0⁷³
1636 3635 1649 3684 ;

161 3703 424 3760 Vulcano
446 3704 627 3777 periit
655 3704 870 3760 claudo
901 3708 1207 3777 Neptunus
1234 3705 1496 3760 inermis.

160 3793 386 3865 Larque
421 3794 530 3828 εστι
561 3810 741 3866 super
761 3793 970 3849 turrim
989 3794 1163 3860 saliit,
1193 3793 1464 3850 contrivit
1488 3801 1822 3851 etomnem.

154 3879 392 3937 Robora
435 3881 874 3951 congeminant
899 3883 1156 3952 gemitus
1189 3898 1484 3955 oppressa
1536 3883 1649 3939 sub
1678 3883 1822 3954 igni,

152 3968 280 4024 Plus
317 3970 488 4027 bello
522 3970 871 4027 dominante
900 3987 1070 4042 rogo.
1104 3971 1422 4028 Dimittitur
1449 3971 1552 4029 illa

151 4057 450 4130 Militibus,
485 4060 694 4133 pontis
718 4060 979 4116 subeunt
1003 4065 1273 4117 extrema
1294 4060 1518 4117 relicta.

149 4145 336 4204 Prelia
369 4148 755 4205 constituunt
779 4150 879 4183 3°75
909 4148 1026 4204 illic
1059 4165 1216 4206 nova
1248 4165 1511 4223 sevaque
1543 4151 1738 4220 saevis,

150 4238 346 4293 Donec
375 4238 463 4294 ad
496 4237 626 4294 alta
655 4242 834 4310 caput
857 4237 1019 4294 flexit
1042 4237 1302 4294 Phoebus
1322 4238 1477 4295 vada
1505 4239 1693 4312 ponti.

147 4324 263 4382 Pila
288 4326 491 4383 dabat
513 4341 820 4399 rupesque
850 4325 1028 4383 simul
1057 4326 1396 4400 celeresque
1425 4328 1666 4384 cateias.

147 4412 314 4470 Plebs
342 4415 608 4472 inimica
633 4417 773 4482 Deo,
800 4431 1100 4488 pransura
1129 4416 1396 4472 Plutonis
1417 4417 1478 4472 in
1499 4433 1652 4474 urna
1679 4420 1777 4454 ²⁰τ⁶
1803 4437 1816 4487 ;

147 4501 257 4557 Sed
287 4503 440 4575 quia
468 4502 788 4560 conﬂictus
819 4502 950 4559 talis
979 4505 1074 4538 ’0"
1102 4519 1384 4576 superare
1413 4505 1701 4577 nequibat
1721 4509 1818 4542 2073

148 4590 424 4648 Militibus
459 4591 729 4648 clamare
763 4609 776 4646 :
809 4592 1016 4649 Fidem
1047 4593 1221 4666 cepit,
1255 4592 1363 4648 sed
1392 4593 1658 4662 inamen,

147 4677 231 4735 Ad
261 4686 551 4738 nostram
581 4695 926 4753 properare,
959 4681 1089 4749 viri,
1121 4681 1302 4736 nolite
1323 4681 1528 4737 timere
1558 4682 1571 4736 l

149 4769 253 4824 Pro
281 4769 467 4827 dolor
498 4770 512 4825 ι
550 4767 827 4842 alloquiis
857 4786 986 4825 sese
1007 4769 1259 4826 credunt
1281 4768 1438 4826 male
1469 4769 1684 4838 tinctis,

148 4859 474 4930 Sperantes
505 4857 730 4932 praecio
759 4859 973 4916 redimi
992 4859 1259 4932 potuisse
1287 4858 1404 4914 sub
1431 4858 1635 4932 amplo
1669 4877 1682 4926 ;

215 4949 356 5005 Vers
379 4953 517 5005 6I2.

1960 429 2101 494 Heu,
2134 428 2281 484 nudi
2311 429 2581 499 gladium
2613 431 2872 488 subeunt
2901 433 3094 504 gentis
3119 435 3483 497 truculentae.
3551 433 3557 438 ’

1959 516 2021 570 Et
2052 516 2201 572 C(Elo
2232 519 2472 575 mittunt
2501 519 2736 576 animas
2764 519 2950 577 livore
2981 524 3082 557 9°79
3115 523 3332 580 ﬂuente
3362 543 3376 593 ;

1958 607 2210 678 Martyrii
2241 607 2486 679 palman
2509 613 2756 665 sumunt
2777 626 3102 684 caramque
3132 629 3440 670 coronam.

1957 695 2084 750 Mox
2107 695 2348 768 reliquis
2369 699 2468 732 ²⁰⁸⁰
2483 703 2545 754 ut
2557 699 2721 754 visus
2737 699 2906 755 adest
2917 701 3012 735 ²⁰⁸¹
3030 701 3350 769 gentilibus
3369 707 3607 776 Erveus,

1957 785 2096 849 Rex,
2153 785 2442 856 quoniam
2480 785 2628 841 facie
2673 787 2996 860 splendens
3044 788 3361 863 formaque
3397 809 3612 850 venus-

3269 879 3384 950 [ωε
3415 883 3535 938 eoas.

1956 961 2240 1029 Creditur,
2269 967 2449 1034 atque
2475 964 2564 1018 sui
2589 963 2764 1020 donis
2789 971 3102 1034 grassante
3133 968 3232 1002 ²⁰θ³
3261 967 3455 1024 luetur
3486 988 3501 1038 ;

1956 1051 2237 1104 Protenus
2263 1053 2361 1084 3°“
2393 1051 2606 1108 intuitu
2635 1051 2768 1109 fuso
2797 1053 3097 1110 cernendo
3127 1056 3228 1089 ²⁰⁸⁵
3259 1056 3494 1112 sodales

1957 1137 2206 1194 Dilectos
2237 1139 2410 1211 plecti
2441 1141 2561 1206 ³0⁸⁵,
2596 1146 2909 1212 tamquam
2939 1143 3032 1197 leo
3063 1145 3356 1213 sanguine
3377 1145 3502 1201 viso

1956 1227 2088 1298 Ipse
2121 1227 2276 1292 furit,
2310 1244 2659 1302 eonansque
2690 1246 2910 1285 manus
2938 1231 3122 1286 vitare
3155 1235 3482 1304 tenentum,

1957 1315 2229 1387 Undique
2263 1316 2318 1371 vi
2350 1317 2537 1373 voluit
2557 1323 2744 1374 semet
2773 1334 2882 1374 ceu
2907 1335 3120 1387 nexus,
3151 1326 3215 1376 ut
3239 1338 3410 1378 arma

1958 1406 2245 1469 Sumeret,
2270 1405 2470 1460 ulcisci
2531 1409 2624 1442 ²⁰⁸⁷
2672 1407 2944 1480 proprios
2973 1409 3309 1482 socialeque
3341 1411 3556 1468 vulnus
3590 1431 3604 1481 ;

1956 1491 2330 1562 Obtentuque
2360 1509 2569 1548 carens
2598 1493 2752 1566 ipso,
2781 1494 2862 1550 sic
2893 1495 3238 1568 insuperata

1957 1579 2337 1652 Limphantcs
2359 1582 2457 1616 ³³³⁸
2487 1583 2680 1654 potuit
2707 1597 2830 1654 qua
2850 1599 2997 1638 voce
3024 1587 3252 1641 tonavit
3291 1585 3352 1640 in
3383 1603 3556 1644 aures
3589 1606 3602 1644 :

1875 1689 1918 1740 Β
1955 1669 2149 1725 Cedite
2177 1686 2272 1723 me
2307 1675 2474 1726 tensa
2503 1670 2750 1738 cervice,
2779 1671 3036 1742 pecunia
3061 1689 3309 1744 prorsus

1953 1757 2118 1813 Nulla
2147 1775 2343 1812 mean;-
2375 1763 2580 1814 tractet
2607 1759 2808 1829 vitam,
2841 1759 3232 1817 morientibus
3260 1762 3388 1818 istis
3422 1764 3434 1818 !

1951 1847 2152 1902 Vivere
2183 1847 2328 1918 quid
2353 1847 2542 1903 sinitis
2573 1850 2600 1904 ζ)
2625 1851 2954 1904 Frustratur
2977 1853 3175 1906 vestra
3202 1850 3422 1922 cupido
3448 1852 3460 1906 !

1950 1937 2090 2000 Quir
2118 1936 2218 1990 lux
2251 1936 2412 1992 haud
2435 1937 2588 2007 ejus,
2625 1937 2830 1992 micuit
2858 1937 2963 1992 sed
2993 1939 3256 1994 crastina
3281 1939 3446 1996 ﬂatu.

1947 2028 2084 2090 Quae
2114 2041 2310 2094 voces,
2342 2042 2478 2098 quae
2510 2025 2736 2097 lingua,
2765 2026 2930 2098 quod
2958 2042 3046 2093 os,
3079 2028 3327 2082 aadicere
3349 2037 3604 2101 possunt

1949 2113 2106 2169 Bella
2129 2119 2213 2169 tot
2233 2114 2324 2169 his
2351 2120 2528 2186 prato
2560 2115 2777 2183 egregii
2814 2116 3141 2170 commissa
3165 2116 3335 2172 relati
3358 2120 3454 2154 3°”
3487 2120 3515 2173 'I

1949 2207 2220 2274 Quotque
2251 2208 2616 2258 necaverunt
2645 2207 3020 2260 Normannos
3041 2204 3136 2260 hic
3161 2207 3189 2260 ?
3213 2211 3362 2277 quot
3379 2211 3436 2262 et
3467 2208 3566 2264 ubi

1953 2291 2256 2346 Duxerunt
2285 2307 2489 2346 secum
2525 2307 2692 2346 v1vos
2726 2291 2738 2346 !
2765 2293 2893 2347 Jam
2925 2292 3126 2347 nullus
3146 2309 3352 2348 eorum

1946 2381 2106 2434 Tunc
2133 2379 2396 2435 audebat
2425 2395 2638 2450 agrum
2668 2381 2865 2436 Sancti
2894 2381 3294 2439 conscendere
3321 2383 3528 2440 latum.

1945 2469 2232 2538 Quorum,
2267 2484 2389 2540 prae
2419 2473 2658 2538 terrore,
2692 2469 2888 2525 virum
2910 2470 3237 2527 certamina
3259 2487 3492 2542 promo,

1945 2557 2210 2628 Corpora
2242 2556 2514 2612 crudeles
2544 2560 2836 2630 Sequana;
2865 2559 3110 2616 tradunt
3141 2560 3265 2616 sine
3296 2562 3436 2632 vita,

1950 2647 2099 2700 Laus
2117 2661 2322 2701 eorum
2352 2647 2450 2681 ²⁰⁹⁰
2463 2647 2682 2716 jugiter
2703 2663 3046 2721 nomenque
3069 2666 3175 2722 per
3189 2665 3295 2706 ora
3313 2651 3597 2720 virorum,

1946 2733 2334 2805 Insignesque
2367 2734 2545 2788 simul
2570 2739 2790 2790 mortes
2819 2741 2877 2790 et
2904 2735 3062 2792 bella
3087 2737 3395 2803 volabunt,

1947 2822 2044 2877 Sol
2075 2821 2255 2876 radiis
2277 2822 2468 2878 donec
2501 2823 2688 2878 noctis
2710 2839 3001 2896 pompare
3029 2825 3304 2882 tenebras
3333 2829 3456 2898 ’0‘”,

1947 2913 2108 2965 Luna
2129 2911 2309 2976 diem,
2343 2910 2521 2966 stellae
2551 2913 2768 2983 pariter
2796 2928 3135 2984 conponere
3161 2915 3418 2972 discant.

1888 3039 1902 3055 η
1943 3001 2445 3071 Presternuntque
2475 3000 2648 3056 dehic
2679 3001 2983 3072 speculam
3001 3002 3075 3057 de
3089 3008 3280 3058 morte
3297 3003 3596 3061 dolentem

1944 3089 2294 3143 Custodum.
2325 3089 2546 3145 Cecidit
2567 3089 2679 3146 telo
2711 3090 3012 3163 quatiente
3047 3093 3372 3147 Danorum.

1944 3177 2192 3246 Signifcr
2217 3196 2229 3245 ;
2259 3178 2354 3232 hic
2385 3183 2550 3234 artus
2575 3179 2733 3234 misit
2765 3179 3096 3252 ﬂatumque
3128 3180 3404 3237 Charoni.

1941 3270 2124 3322 Nemo
2157 3267 2305 3322 meis
2335 3284 2514 3341 super
2543 3269 2657 3324 hoc
2687 3269 2856 3324 dictis
2885 3269 3192 3338 insurgere
3223 3269 3381 3326 bello

1941 3359 2202 3412 Decertet
2229 3374 2242 3424 ;
2277 3356 2576 3428 siquidem
2601 3373 2780 3412 nemo
2799 3358 2883 3412 nil
2913 3358 3110 3413 verius
3141 3358 3298 3414 ullus

1940 3444 2242 3517 Expediet,
2274 3444 2563 3516 quoniam
2584 3444 2851 3516 .propriis
2881 3445 3191 3500 obtutibus
3219 3447 3393 3502 hausi
3427 3465 3440 3515 ;

1941 3531 2032 3588 Sic
2063 3533 2243 3586 etiam
2275 3531 2450 3586 nobis
2484 3531 2693 3596 retulit,
2717 3531 2820 3602 qui
2845 3532 3108 3588 interfuit
3134 3533 3261 3606 ipse

1937 3623 2126 3690 Atque
2157 3619 2428 3674 natando
2449 3625 2642 3674 truces
2671 3618 2902 3688 gladios
2921 3619 3175 3676 evadere
3204 3621 3412 3692 quivit.

2009 3711 2156 3763 Tum
2187 3709 2530 3780 Sequanam
2562 3706 2800 3776 saliunt,
2835 3706 3228 3780 Ligerumque
3253 3712 3462 3781 petunt
3489 3724 3592 3780 pa-

3179 3795 3518 3868 [triamque.

2007 3887 2122 3940 Has
2146 3885 2297 3940 inter
2321 3885 2592 3953 geminas
2622 3889 2945 3956 peragrant
2973 3885 3240 3957 praedam
3267 3885 3590 3958 capientes,

1937 3975 2128 4038 Quam
2143 3971 2308 4041 regio
2338 3971 2471 4044 ipsa
2499 3987 2636 4028 meo
2663 3971 2888 4044 pandet
2909 3973 3083 4044 jussu
3113 3972 3481 4030 dominante.

1935 4065 2118 4116 Iterea
2147 4076 2399 4133 sperans
2424 4060 2665 4128 Ebolus,
2696 4060 3054 4117 fortissimus
3076 4061 3257 4132 abba,

1935 4149 2190 4206 Gentiles
2218 4150 2385 4222 quod
2413 4150 2474 4206 in
2503 4151 2618 4207 hac
2649 4150 2833 4207 issent
2861 4151 3078 4218 cuncti,
3111 4167 3300 4225 prope
3331 4153 3495 4208 solus

1931 4243 2081 4296 Arce
2107 4240 2224 4296 ruit
2249 4242 2366 4307 3°”,
2402 4240 2784 4314 dardumque
2818 4241 3012 4299 ferens
3040 4243 3283 4300 castella
3315 4243 3520 4316 petivit

1933 4328 2194 4396 Illorum,
2225 4329 2582 4402 hastamque
2605 4331 2852 4388 vibrans
2881 4331 3131 4403 projecit
3157 4331 3219 4386 in
3249 4333 3380 4404 ipsa
3405 4350 3418 4399 ;

1930 4422 2059 4475 Non
2077 4421 2320 4490 sonipes
2348 4418 2545 4475 retulit
2573 4419 2748 4475 nobis
2774 4421 2958 4487 hunc,
2983 4435 3058 4475 ne
3089 4419 3219 4475 tulit
3247 4419 3407 4476 illuc.

1929 4506 2253 4563 Confestim
2275 4507 2505 4563 socium
2536 4507 2713 4564 nixus
2743 4507 3096 4575 munimine,
3129 4525 3292 4564 saeva

1929 4595 2132 4650 Castra
2154 4595 2316 4668 petit,
2350 4611 2674 4668 murosque
2703 4595 2871 4663 ferit;
2896 4611 3019 4667 quo
3052 4595 3329 4652 Lemnius
3361 4597 3517 4652 adsit

1933 4687 2064 4757 Ipse
2075 4683 2247 4755 jubet
2281 4701 2294 4750 ;
2326 4687 2603 4757 pugnant
2629 4683 2840 4750 nostri,
2875 4684 3243 4740 constantius
3272 4684 3353 4740 illi
3382 4703 3396 4754 ;

1930 4777 2188 4841 Argutus
2211 4774 2310 4808 ³09³
2341 4773 2597 4828 nimium
2623 4772 2893 4829 fremitus
2903 4773 3032 4843 jam
3059 4771 3252 4828 fumat
3275 4773 3353 4828 ab
3377 4772 3511 4842 illis,

1934 4861 2310 4933 Exiliuntque
2339 4861 2519 4928 foras,
2550 4860 2888 4933 vulgusque
2917 4861 3129 4931 fugant
3159 4860 3285 4916 sine
3315 4860 3493 4933 factu,

1933 4949 2257 5006 Extiterant
2282 4950 2486 5023 plures
2513 4949 2804 5022 quoniam
2835 4949 3012 5006 nobis
3044 4967 3058 5018 ;
3089 4955 3293 5006 tamen
3320 4949 3434 5006 illis

1537 5101 1823 5157 GLOSSIE
1863 5103 1947 5157 ET
1985 5101 2206 5158 ΝΟΤίΕ.

211 5216 308 5252 ³⁰⁶¹
345 5231 596 5273 cornua
622 5215 707 5286 gl.
785 5217 884 5249 ²⁰⁶²
905 5213 1258 5271 bellantium
1288 5216 1371 5284 gl.
1451 5217 1550 5249 ²⁰⁶³
1579 5214 1728 5289 quia
1756 5215 1924 5268 XXX
1953 5215 2302 5272 occiderunt
2330 5217 2416 5285 gl.

213 5328 225 5340 .
302 5291 410 5322 ³0⁸⁵⁵
446 5285 898 5340 pulchritudine
927 5288 1010 5340 al.
1093 5289 1184 5319 ""‘7
1221 5287 1378 5340 licito
1411 5287 1491 5340 al.
1573 5291 1668 5320 ²¹¹⁶⁵⁸
1701 5287 1974 5340 domum.
2053 5287 2336 5340 20“ilignis
2397 5303 2416 5340 ι

1268 5303 1378 5340 cuo
1409 5303 1491 5354 gl.
1701 5303 1974 5342 domum.
2055 5303 2154 5322 ιυυν
2179 5303 2336 5356 ignis
2396 5303 2479 5354 gl.
2563 5303 2661 5320 ιυιυ
2701 5304 2772 5340 ex
2812 5303 2930 5342 λιι.
2964 5303 3048 5360 gl.
3124 5303 3218 5325 ="”
3251 5308 3461 5360 rogum
3493 5303 3576 5362 gl.

1268 5357 1540 5434 '-"”'*i_gnis
1572 5359 1654 5434 gl.
1865 5359 1990 5428 XII,
2022 5361 2144 5434 gl.__
2187 5360 2285 5392 *"76
2319 5356 2551 5434 ollakgﬂl.
2631 5359 2726 5434 ’Μ’τῖ
2781 5359 3100 5434 duodecim
3150 5363 3256 5434 qui
3311 5369 3481 5418 erant
3520 5364 3578 5416 in

302 5291 410 5368 mf"
445 5285 1010 5368 p‘ulcliritud‘in‘e‘gl.
1093 5289 1184 5368 έθοξῖ
1221 5287 1491 5368 licito-gl.

145 5359 238 5390 "’7’
273 5359 408 5413 scil.
443 5358 591 5412 ideo
621 5359 704 5424 ιιι.
785 5359 883 5390 έίηδ
911 5359 1073 5412 focos
1103 5359 1183 5426 gl.

143 5432 298 5484 turre
327 5433 419 5499 gl.
509 5431 612 5462 3"?"
637 5428 758 5482 scil.
785 5433 894 5482 XII.
923 5431 1008 5497 gl.
1087 5431 1185 5462 "‘79
1214 5429 1504 5494 sanguine
1526 5430 1607 5496 gl.

1688 5431 1786 5462 2080
1812 5429 1848 5484 ί.
1880 5445 1932 5484 θ’

2495 5217 2593 5251 ³0⁸⁸
2622 5220 2730 5272 XII.
2763 5218 2850 5287 gl.
2926 5219 3026 5253 20⁸⁵
3066 5218 3225 5274 stulti
3255 5223 3578 5278 Normanni

2397 5287 2479 5354 gl.
2523 5359 2533 5370 Ι
2562 5289 2772 5370 ’07:le
2803 5288 2942 5370 ΧΠ..
3123 5291 3218 5325 ²(’⁷¹
3243 5308 3472 5370 rogum,
3493 5296 3576 5370 gl.

1997 5429 2244 5501 paribus
2274 5431 2359 5496 gl.
2441 5431 2534 5462 ²⁰⁸¹
2597 5433 2745 5500 agl.
2827 5434 2924 5465 3"“
2983 5432 3104 5485 scil.
3166 5429 3399 5501 amity].
3482 5435 3578 5467 20:43

141 5494 434 5568 praedéne
461 5502 552 5580 gl.
638 5494 1031 5580 3‘"“"_10_I1';{('.«g_l.
1052 5572 1083 5580 Α
1111 5502 1208 5534 ἰε’κδ
1241 5499 1386 5576 dum
1401 5494 1681 5580 cerneret
1710 5502 1795 5580 g_l.
1874 5494 2380 5580 1"‘3"decollari-1,11.
2463 5501 2557 5534 ""‘7
2588 5494 2683 5580 ad:
2719 5502 3126 5580 ulciscendum
3175 5505 3258 5570 gl.
3317 5494 3440 5580 “f0”
3473 5503 3576 5555 de-

141 5575 377 5627 mentes
401 5571 495 5641 gl.

139 5641 279 5699 cidit
308 5645 402 5714 gl.
491 5643 600 5677 30‘”
633 5658 885 5698 sonorus
913 5643 997 5713 gl.

587 5573 684 5605 ³⁸⁸³⁸³
705 5571 896 5626 abhis
926 5572 1010 5638 gl.
1045 5572 1318 5626 Germani
1349 5572 1546 5640 glossu
1568 5573 1767 5627 saeculi
1801 5589 1918 5626 ΧΠ.

2001 5575 2097 5604 ³⁸⁸³⁸³
2123 5573 2156 5625 i.
2192 5591 2242 5627 e.
2273 5587 2557 5644 quorum.
2639 5576 2731 5606 ‘1‘"1"
2764 5573 2955 5630 discat
2980 5577 3065 5644 gl.
3147 5578 3242 5607 τηυξ
3278 5573 3430 5628 saltu
3490 5590 3580 5625 ee-
