3940 6184
436 159 539 212 739
1396 187 1403 193 .
1466 150 1772 206 ABBONIS
1815 145 2437 206 SANGERMANENSIS
2474 147 2810 204 MONACHI.
3641 166 3714 218 740

436 277 658 334 Obvius
685 277 782 332 hic
812 277 1049 341 Ebolus,
1078 273 1341 346 sociique
1370 273 1569 343 simul,
1600 274 1754 330 stetit
1778 274 1978 329 heros.

439 366 607 422 Haud
626 366 791 421 illum
820 365 1054 419 fuerant
1085 362 1377 419 audentes
1418 367 1659 432 tangere
1686 362 1840 418 ferro
1871 381 1884 429 ;

438 455 784 523 Quingentis
812 453 1048 509 etiamsi
1082 456 1219 510 tunc
1243 452 1539 508 subnixus
1562 452 1797 508 adesset

439 543 637 607 Qualis
668 547 724 599 et
748 544 874 614 ipse
896 542 1023 608 fuit,
1058 542 1269 598 castris
1301 557 1429 597 sese
1457 541 1627 597 daret
1655 541 1832 607 ultro,

432 636 534 687 Ast
558 632 791 687 animas
815 631 1060 705 propria
1089 632 1163 687 de
1193 632 1333 686 sede
1357 630 1666 703 repelleret
1692 645 1901 686 omnes
1935 648 1947 697 ;

430 724 503 776 At
521 721 664 793 quia
687 721 975 776 militibus
1006 721 1213 790 caruit,
1248 721 1333 775 sic
1372 719 1579 775 ludere
1612 722 1822 775 cessat.

502 810 755 875 Nustria,
790 810 1047 866 nobilior
1077 814 1324 866 cunctos
1355 812 1454 843 90”"
1509 808 1855 879 regionibus
1907 804 2090 876 orbis,

430 901 570 962 Quae
596 903 761 953 vaste
784 897 983 955 fueras
1009 914 1326 971 procerum
1358 897 1624 967 genetrix
1649 896 2090 960 dominantum,

435 989 513 1041 Ne
542 986 746 1065 pigeat
772 992 948 1058 capta
970 987 1118 1042 turri
1146 986 1497 1059 producere,
1525 1001 1752 1057 quaeso,

436 1077 590 1140 Quot
619 1076 709 1130 vel
736 1092 890 1148 quas
915 1077 1169 1132 hausere
1202 1078 1301 1110 30""
1334 1075 1481 1131 Dani
1503 1074 1740 1147 palmas
1769 1074 2092 1144 tibi,necno

436 1163 626 1219 Ubera
655 1170 802 1236 quot
830 1181 1119 1236 pecorum
1148 1164 1408 1220 mulsere
1439 1169 1611 1219 tuum
1642 1162 2021 1236 peragrando

433 1252 761 1309 Distentum
792 1254 975 1309 variis
1008 1258 1263 1310 tractum
1294 1253 1457 1323 gazis
1489 1258 1690 1309 tamen
1717 1252 1859 1309 olim
1886 1254 1983 1286 ²⁰⁹⁶

782 1344 899 1414 (Ad
923 1360 1089 1400 oram
1125 1345 1254 1400 cod.
1300 1347 1411 1398 Vox
1441 1347 1743 1400 Numam.)

431 1431 499 1487 Mi
533 1431 771 1487 soboles
804 1434 925 1495 1°97,
951 1432 1167 1505 aliquis
1198 1448 1442 1487 censere
1473 1432 1715 1504 potest?
1746 1429 1987 1486 Etiamsi

432 1520 721 1576 Affuerint
750 1526 977 1578 cunctae
1004 1521 1294 1593 volucres,
1336 1537 1649 1595 erumpere
1680 1536 1857 1576 voces

2125 240 2544 341 A‘Completur
2566 271 2768 339 tauris,
2803 269 3056 326 succulis
3085 273 3198 340 ’1‘”,
3230 272 3481 347 simisque
3528 282 3717 352 capellis,

2206 359 2407 426 Longa
2440 360 2680 414 trahunt
2708 359 2821 414 illic
2844 359 3096 432 suspiria
3123 364 3348 432 tumque
3367 363 3622 425 dehiscunt
3638 375 3717 439 ωε,

2205 449 2466 519 Corpora
2489 448 2637 505 ﬂant
2662 448 2867 505 dulces
2904 453 3110 505 ventos
3154 451 3245 484 ²¹⁰³
3281 452 3537 511 cruciante
3561 457 3718 516 dolore.

2201 534 2541 591 Adveniunt
2572 536 2971 592 stabulatores
3002 539 3117 605 ωδ,
3145 553 3212 594 ea
3238 538 3373 595 ferre
3396 545 3650 615 quoquinae

2203 625 2478 697 Nitentes,
2511 643 2650 682 cum
2674 627 2803 698 jam
2835 633 3116 683 maneant
3141 629 3315 701 epulae
3342 630 3657 691 innumeratis

2203 714 2532 780 Vermibus,
2563 716 2815 772 ecclesia
2844 733 3102 789 quorum
3130 717 3300 775 fetore
3318 719 3542 792 repleta;

2204 806 2529 875 Exportant
2559 807 2680 876 ι’ίοδ,
2713 808 3002 879 Sequanae
3029 806 3277 863 referunt
3302 810 3409 877 2‘06,
3456 826 3558 866 non
3573 827 3719 886 nempe

3394 899 3676 973 [quoquina

2203 982 2646 1057 Ecclesiamque
2668 984 2835 1056 piant
2857 984 3134 1051 bovibus,
3157 1000 3260 1040 nec
3290 986 3502 1041 caeditur
3518 988 3647 1044 ultra.

2550 1074 2670 1143 (Ad
2699 1089 2865 1130 oram
2897 1074 3026 1129 cod.
3059 1076 3171 1129 Vox
3196 1077 3472 1143 Nesrmn.)

2204 1161 2415 1231 Legisti
2442 1162 2701 1234 praedas,
2730 1163 2910 1219 etiam
2941 1178 3230 1232 cognosce
3252 1164 3504 1235 trophea!

2203 1249 2534 1306 Restitit’m
2554 1251 2779 1324 oppida
2790 1267 3047 1324 quaeque
3073 1250 3483 1324 capisupraema
3505 1252 3720 1317 voluntas;

2203 1337 2404 1394 Obfuit
2432 1344 2510 1406 at,
2546 1340 2796 1396 Domino
2827 1340 3139 1406 tribuente,
3171 1340 3394 1396 inﬁrma
3416 1345 3624 1414 potestas
3645 1344 3720 1393 ἰδέ.

2202 1429 2534 1484 Carnoteno
2566 1431 2663 1463 “"9
2705 1422 3056 1486 innumeros
3104 1429 3395 1487 conﬂictus
3421 1429 3723 1503 applicuerunt

2202 1515 2439 1580 Allotili,
2470 1533 2680 1572 verum
2706 1517 2933 1591 liquere
2963 1518 3251 1575 cadavera
3277 1517 3422 1574 mille

433 1611 537 1664 'l‘ot
556 1613 881 1679 nequeunt,
915 1609 1234 1665 hominum
1257 1615 1405 1681 quot
1424 1626 1651 1682 equum
1667 1609 2091 1681 pecudumque
2131 1625 2173 1677 Β
2202 1606 2305 1660 Hic
2326 1605 2656 1678 quingenta
2687 1607 2885 1677 simul,
2914 1608 3105 1664 rubeo
3135 1607 3438 1681 populante
3465 1606 3633 1663 duello.

1698 1698 2027 1770 [boumque

436 1786 756 1855 Sublegere
785 1788 883 1821 ³09⁸
913 1786 1060 1842 mihi
1082 1792 1257 1842 natos
1286 1791 1579 1859 natasque
1611 1803 1909 1859 suumque
1935 1804 1948 1854 ;

436 1876 707 1931 Flumina
736 1875 944 1932 balatu
969 1892 1286 1945 agnorum,
1319 1892 1456 1931 mea
1486 1876 1774 1944 graminea
1804 1875 1940 1931 laeta

432 1968 604 2021 Prata
635 1969 853 2020 sonant
882 1966 982 1999 2°99
1007 1965 1196 2021 denso
1220 1965 1458 2034 mugitu
1485 1969 1682 2036 tempe
1707 1965 2054 2035 juvencum,

435 2055 881 2125 Gervorumque
903 2070 1116 2109 nemus
1148 2070 1332 2110 rauco
1363 2054 1624 2110 clamore
1650 2054 1927 2124 remugit,

434 2142 880 2214 Grunnitusque
902 2143 1021 2198 mei
1051 2143 1230 2199 silvas
1254 2143 1564 2199 scindebat
1592 2158 1901 2214 aprorum.

434 2231 571 2286 Haec
601 2230 749 2286 mihi
780 2230 1121 2287 subduxere
1151 2235 1365 2300 truces,
1395 2230 1443 2286 si
1462 2230 1662 2287 noscis
1679 2235 1736 2286 et
1757 2229 1928 2286 audis
1959 2230 1970 2285 !

505 2320 642 2375 Haec
675 2318 865 2375 oculis
897 2320 1180 2391 equidem
1210 2319 1372 2391 petii,
1401 2320 1613 2375 sistens
1644 2335 1824 2391 super
1844 2318 2008 2374 urbis

434 2409 663 2477 Moenia,
685 2425 796 2464 nec
824 2408 957 2463 visu
972 2407 1407 2464 claudebantur
1434 2424 1629 2480 neque
1658 2408 1834 2463 ritmo
1858 2410 1983 2474 21"";

434 2500 507 2553 At
527 2498 819 2570 quoniam
850 2496 1007 2566 cingi
1033 2502 1342 2569 nequeunt
1369 2496 1553 2568 pratis
1576 2512 1686 2552 nec
1713 2496 1791 2552 ab
1819 2496 1998 2566 agris,

437 2586 696 2643 Efﬁcitur
724 2586 930 2643 bostar
954 2586 1232 2642 Germani
1261 2586 1533 2643 antistitis
1558 2585 1718 2655 aula,

506 2676 652 2730 Vers
685 2676 807 2732 661.

2209 1697 2335 1752 Una
2364 1695 2493 1751 dies
2524 1696 2705 1753 istum
2729 1696 2916 1754 voluit
2946 1697 3029 1753 sic
3057 1697 3256 1754 ludere
3279 1696 3484 1763 ludum,

2206 1783 2308 1839 His
2340 1783 2620 1852 ducibus,
2656 1785 3010 1852 Godefredo,
3045 1802 3155 1842 nec
3176 1802 3294 1843 non
3322 1791 3374 1842 et
3398 1784 3596 1852 Odone;

2206 1873 2471 1943 Belligeri
2496 1874 2733 1931 fuerant
2765 1874 3031 1932 Uddonis
3063 1875 3319 1932 consulis
3346 1874 3519 1932 ambo.

2204 1963 2368 2019 Idem
2393 1962 2520 2019 Cdo
2550 1968 2837 2036 praeterea
2868 1965 3153 2038 opposuit
3176 1982 3236 2021 se
3261 1963 3458 2038 saepius
3481 1962 3585 2029 illis,

2205 2055 2270 2108 Et
2298 2052 2438 2109 vicit
2461 2053 2682 2124 jugiter
2712 2054 2916 2111 victor.
2952 2058 3099 2123 Heu,
3132 2055 3374 2127 liquerat
3394 2052 3533 2109 illum

2204 2143 2417 2197 Dextra
2437 2157 2656 2197 manus
2674 2142 2832 2198 bello
2861 2143 3199 2216 quondam,
3230 2143 3390 2215 cuius
3410 2140 3525 2198 loca
3540 2138 3671 2196 cinxit

2205 2231 2430 2296 Ferrea,
2463 2245 2613 2301 pene
2642 2230 2847 2302 vigore
2872 2231 3055 2287 nichil
3083 2230 3361 2287 inﬁrmior
3382 2230 3497 2304 ipsa
3522 2229 3532 2283 !

2204 2320 2318 2373 Nec
2344 2317 2529 2374 satius
2557 2319 2887 2391 quicquam
2931 2321 3121 2376 sortiti
3145 2319 3304 2393 apud
3330 2318 3386 2375 hi
3411 2317 3724 2377 Cinomannos,

2203 2406 2377 2462 Haud
2398 2406 2678 2478 equidem
2708 2408 2952 2481 reliquas
2984 2413 3289 2465 cesserunt
3312 2406 3520 2464 suavius
3541 2403 3683 2460 urbes.

2200 2498 2333 2551 lam
2354 2496 2497 2569 quia
2523 2498 2736 2570 Apollo
2766 2501 2866 2533 3”“
2894 2504 3092 2570 rogat,
3125 2498 3380 2556 calamus
3427 2494 3637 2568 requiem
3655 2505 3729 2545 me

3510 2586 3686 2653 [reatur,

1525 2830 2243 2918 TERMINATUR
2304 2832 2760 2946 PRIMUS,

433 3008 927 3105 0RDITUR
953 3007 1509 3098 SECUNDUS
1533 3007 2134 3099 BELLORUM
2165 3009 2784 3098 PARISIAC/E
2814 3010 3138 3100 POLIS
3159 2998 3727 3099 CODICELLUS.

435 3316 666 3386 Surgito
686 3318 851 3372 Musa
882 3314 1054 3384 celer,
1088 3314 1325 3386 lampas
1354 3313 1627 3369 accendit
1651 3330 1762 3370 eoa
1788 3316 1884 3350 ²¹¹¹

431 3404 700 3474 Climata,
733 3403 1043 3460 luciferam
1072 3418 1331 3476 propera
1354 3406 1707 3475 praevertere
1728 3403 2019 3476 plantam.

433 3494 691 3551 Saxonia
719 3493 809 3549 vir
832 3492 1105 3549 Ainricus
1144 3493 1433 3565 forticque
1472 3497 1808 3565 potensque

429 3582 674 3639 Venitin
703 3582 992 3639 auxilium
1018 3583 1262 3653 Gozlini,
1288 3581 1548 3655 presulis
1581 3581 1769 3652 urbis,

427 3678 499 3728 At
528 3672 730 3728 tribuit
756 3673 947 3729 victus
979 3672 1061 3727 illi
1089 3672 1416 3744 laetumque
1444 3671 1706 3727 cruentis

367 3821 371 3824 ,
428 3765 551 3819 Heu
579 3761 808 3834 paucis,
842 3760 1006 3817 auxit
1033 3761 1220 3816 vitam
1248 3760 1490 3827 nostris,
1526 3761 1655 3816 tulit
1680 3761 1948 3834 amplam

429 3853 531 3907 His
559 3851 831 3923 predam.
866 3852 989 3907 Suh
1017 3855 1190 3907 nocte
1215 3850 1395 3919 igitur
1442 3850 1712 3922 quadam
1765 3851 2093 3922 penetravit

428 3940 633 3994 Castra
662 3939 918 4005 Danum,
951 3938 1173 3993 multos
1199 3942 1256 3994 et
1284 3953 1473 4010 equos
1503 3937 1597 3992 ille
1629 3937 1742 3992 sibi
1773 3937 1944 4010 cepit.

430 4030 660 4096 Agmen
690 4026 925 4082 Ainrico
958 4027 1203 4083 cedente
1226 4026 1404 4082 nimis
1429 4025 1763 4094 lanionum,

428 4114 688 4171 Eﬂicitur
717 4115 913 4170 celsus
945 4115 1199 4171 nimium
1231 4116 1460 4172 clamor
1491 4115 1881 4188 fremitusque
1910 4133 1925 4182 ;

426 4203 652 4260 Deserit
675 4202 837 4259 unde
857 4203 1028 4277 quies
1048 4208 1307 4276 nostros,
1337 4209 1395 4261 et
1422 4204 1623 4261 menia
1645 4207 1744 4240 ²¹¹²
1769 4204 2014 4262 vallant.

428 4294 789 4351 Immodicas
812 4310 991 4351 voces
1011 4294 1233 4351 ﬂavere
1266 4294 1415 4351 Dani
1435 4294 1781 4364 morientes,

426 4384 727 4463 immenso
748 4388 1037 4440 resonant
1062 4385 1221 4440 cives
1245 4382 1545 4455 clangore,
1578 4387 1868 4456 paventes

430 4477 496 4531 Ut
520 4475 760 4530 solitum
791 4478 1137 4547 paterentur
1166 4474 1245 4530 ab
1273 4472 1369 4528 his
1387 4489 1461 4529 ex
1487 4489 1655 4529 more
1683 4472 1974 4529 laborem.

429 4565 519 4621 Sic
535 4568 591 4620 et
622 4564 892 4620 Ainricus
911 4568 1289 4636 postremum
1319 4567 1515 4619 castra
1542 4562 1799 4635 reliquit,

2131 3313 2173 3366 C
2203 3316 2456 3373 Infestos
2481 3317 2728 3380 adamat
2757 3333 2942 3387 mors,
2973 3317 3099 3374 vita
3126 3316 3408 3388 gubernat
3430 3309 3625 3370 amicos.

2204 3407 2345 3462 Inde
2375 3422 2556 3480 sopor
2584 3408 2795 3480 repetit
2814 3407 2975 3464 cives
3005 3407 3375 3479 miserosque
3394 3399 3590 3472 fugella.

2273 3497 2431 3565 Rege
2460 3496 2798 3566 Sigemfedo
2827 3497 2927 3531 ‘1“
2958 3495 3144 3552 simul
3174 3500 3265 3552 ast
3295 3493 3480 3551 Odone
3523 3483 3731 3557 loquente,

2199 3588 2485 3641 Protenus
2514 3587 2614 3621 ²ι¹⁸
2645 3602 2682 3641 a
2710 3585 2955 3658 specula
2984 3588 3293 3642 currentes
3322 3579 3536 3653 agmine
3563 3570 3707 3631 multo.

2202 3672 2425 3729 Ducere
2446 3673 2595 3730 forte
2616 3679 2811 3730 truces
2840 3688 3048 3730 secum
3075 3676 3364 3730 conantur
3391 3668 3642 3727 Odonem;

2200 3760 2311 3825 Qui
2336 3761 2601 3834 primum
2631 3761 2919 3830 feriendo,
2945 3761 3085 3818 falae
3118 3762 3343 3818 fossata
3369 3756 3540 3815 volatu

2197 3831 3078 3924 Tran—ssiliitproperomlipeum
3091 3856 3438 3923 gestansque
3453 3840 3646 3901 cateiam
3655 3831 3732 3883 ²¹¹⁸σ

2198 3943 2349 3997 More
2377 3957 2487 3996 suo
2508 3940 2750 3997 functus
2771 3940 2929 3997 bello
2959 3957 3173 3997 versus
3202 3938 3356 3996 stetit
3382 3938 3550 3998 heros,

2198 4028 2440 4085 Exiliere
2465 4029 2573 4085 viri
2600 4029 2848 4086 domino
2879 4030 3172 4101 suffragia
3198 4029 3419 4093 dantes,

2196 4117 2624 4191 Nobilibusque
2655 4123 2897 4192 stupent
2923 4119 3057 4190 ejus
3088 4134 3271 4193 super
3296 4115 3504 4173 artibus
3522 4116 3691 4166 omne!-

2265 4207 2650 4280 Conspiciens
2679 4208 3082 4278 Sigemfredus
3103 4212 3342 4265 nostros
3368 4204 3424 4261 in
3451 4211 3609 4271 88°“

2196 4296 2337 4351 Esse
2363 4294 2540 4364 feros,
2573 4296 2767 4369 inquit
2792 4295 2986 4353 sociis.
3022 4296 3194 4353 Hanc
3220 4292 3458 4367 linquite
3482 4284 3680 4374 sedent.

2193 4383 2297 4439 Hic
2313 4398 2437 4440 non
2450 4361 2603 4441 stare
2619 4361 2723 4441 diu
2732 4388 3007 4442 nostrum
3023 4361 3492 4451 manetm‘lminc
3515 4370 3601 4433 sed
3618 4361 3734 4427 15W

2194 4473 2345 4541 Ergo
2376 4486 2517 4529 suas
2548 4477 2614 4530 ut
2631 4474 2902 4531 Ainricus
2926 4474 3174 4531 secessit
3195 4473 3276 4531 ad
3301 4470 3479 4536 aulas,

2194 4561 2472 4617 Germani
2502 4562 2698 4618 teretis
2727 4564 3124 4620 contemnunt
3144 4560 3319 4619 litora
3350 4553 3540 4619 sancti.

424 4654 611 4726 Culpa
641 4659 863 4723 tamen,
896 4654 1157 4724 fugiente
1189 4668 1380 4723 mora,
1403 4651 1666 4709 defertur
1694 4650 1772 4707 ad
1809 4667 2030 4707 arcem.
2121 4669 2166 4720 ι)
2195 4650 2623 4724 Ᾱῑᾳιιὶνοοὶίῃιθ
2644 4651 2871 4722 legunt,
2898 4652 3074 4724 cujus
3100 4652 3273 4710 factis
3300 4651 3447 4707 bene
3467 4653 3648 4701 vescor.

422 4744 545 4800 Pila
575 4743 998 4800 ministrabant
1026 4742 1230 4800 acidas
1260 4743 1358 4786 ²¹¹³
1378 4741 1690 4799 referendo
1722 4740 1961 4797 salutes.

423 4836 614 4891 Janua
634 4833 925 4891 militibus
952 4836 1313 4900 reserantur,
1347 4832 1689 4889 comminus
1722 4846 1875 4887 acre.

429 4926 675 4993 Urgetur
698 4924 947 4993 bellum,
980 4923 1155 4997 clipei
1183 4923 1470 4980 labuntur
1499 4926 1557 4979 et
1584 4938 1775 4980 enses.

425 5011 552 5068 Vita
580 5028 748 5069 meos
774 5014 1021 5071 adamat
1050 5014 1291 5070 dextros
1318 5013 1562 5085 oditque
1592 5011 1884 5082 sinistros,

496 5103 635 5156 Vers
663 5105 752 5159 40.

2191 4715 2573 4797 Circumeunt
2606 4742 2814 4798 castris
2842 4715 3050 4814 aequor
3072 4743 3197 4811 ωε,
3219 4755 3324 4797 seo
3335 4743 3392 4795 et
3408 4715 3740 4814 undique?“

2191 4827 2497 4885 Clauditur
2519 4845 2558 4886 a
2584 4811 2988 4903 dominusque
3003 4846 3199 4902 meus,
3224 4828 3395 4903 quasi
3415 4831 3615 4882 carcere
3626 4811 3738 4868 W9

2191 4923 2322 4992 Ipse
2352 4918 2533 4975 nichil
2561 4935 2854 4993 peccans;
2880 4936 3089 4976 murus
3114 4912 3498 4977 circumdedit
3518 4908 3623 4980 eius

2193 5006 2517 5065 Ecclesiam
2540 5012 2744 5066 nostro
2772 5008 2996 5067 celsam
3028 5013 3281 5080 cogente
3310 5009 3488 5065 reatu.

1805 5220 2091 5281 GLOSSE
2136 5223 2222 5278 ET
2259 5220 2483 5279 NOTAE.

499 5349 948 5427 ’09f_itna_codex.
1026 5349 1468 5427 3°95_tra1§erunt
1494 5350 1579 5427 gl.
1644 5347 2158 5427 3°95_fuit.plenum
2187 5346 2517 5427 divitiisaghl,
2595 5347 3079 5427 fmiNustrigena
3106 5346 3272 5403 enim
3302 5340 3509 5427 fuithic
3540 5324 3737 5427 [ξιςίΐίξξ

423 5422 508 5492 gl.
588 5422 687 5455 ²⁰⁹⁸
712 5420 887 5475 furati
917 5422 1055 5473 sunt
1078 5420 1155 5488 gl.
1237 5421 1335 5454 9°99
1370 5416 1668 5475 sonabant
1695 5421 1778 5487 gl.
1822 5416 1967 5492 ,ῆίῧοᾲ

2191 5434 2235 5473 ⁵0
2260 5420 2365 5492 glr
2414 5416 2515 5492 ff“
2550 5416 2746 5492 vitulis

3096 5434 3207 5474 ora
3255 5413 3512 5476 aperiunt
3550 5403 3640 5476 Ωιι,
3672 5403 3716 5476 ἶ¹ἶ

2930 5421 3029 5453 210!

426 5422 508 5492 gl.
588 5422 687 5455 ²⁰⁹⁸
712 5420 887 5475 furati
917 5422 1055 5473 sunt
1078 5420 1155 5488 gl.
1237 5421 1335 5454 3°99
1370 5420 1668 5475 sonabant
1695 5421 1778 5487 gl.
1822 5419 1955 5490 ,θίοο
1982 5433 2235 5474 numero
2260 5420 2342 5489 gl.
2421 5419 2515 5452 ²¹⁰¹
2550 5419 2746 5473 vitulis
2813 5419 2851 5475 l.
2930 5421 3029 5453 ²¹⁰²
3096 5434 3207 5474 ora
3255 5433 3291 5472 a
3369 5419 3512 5469 riunt
3550 5419 3617 5476 gl.
3673 5419 3718 5471 ’Ἰ

426 5492 666 5565 spiritus
683 5494 780 5570 _gl.
862 5492 959 5525 "0‘
990 5492 1403 5570 Normanhglf.“
1443 5493 1539 5570 “of?
1568 5490 2079 5570 extraecclesiam
2108 5490 2234 5570 gl,”
2271 5490 2370 5570 “of
2409 5436 2865 5570 illa-animaga.
2938 5492 3034 5570 _“_°7
3095 5431 3387 5570 superﬁt
3423 5482 3501 5570 gl.

427 5546 633 5622 basiis?
656 5546 811 5621 dzest
832 5580 899 5633 in
927 5563 1118 5620 editis.
1148 5632 1157 5633 ί
1197 5546 1306 5595 ’⁸ιυῖ
1329 5546 1659 5619 Char-tres.
1713 5546 1810 5597 έ¹¹⁰
1843 5562 1953 5619 sol.
1978 5546 2077 5633 gl.
2108 5546 2237 5596 "9"“
2270 5561 2578 5618 orientalia
2606 5564 2689 5631 gl.
2764 5562 2867 5597 ’1”
2892 5560 3028 5619 ubis
3055 5561 3142 5633 gl.
3174 5546 3193 5562 ⁸
3222 5560 3321 5596 ³⁸⁸³
3351 5546 3505 5614 acres
3543 5546 3611 5620 gl.

425 5639 512 5696 ita
539 5638 745 5695 cades".
825 5632 922 5671 3"”
954 5632 1163 5708 procul
1187 5635 1271 5704 gl.
1350 5634 1447 5668 “1°
1476 5633 1737 5691 dardum
1767 5635 1852 5704 gl.
1932 5634 1977 5668 ²²

2191 5633 2260 5702 τι.
2338 5634 2436 5668 ²¹¹⁸
2465 5636 2707 5705 pratum
2738 5635 2823 5704 gl.
