3940 6184
191 208 297 260 741

267 324 529 395 Denique
560 337 661 376 rex
692 320 887 377 dictus
917 321 1106 380 denas
1137 326 1382 398 capiens
1413 326 1643 397 argenti

195 417 307 471 Sex
336 412 521 466 libras
555 408 724 464 nitidi
753 408 929 464 nobis
961 427 1145 468 causa
1171 412 1482 482 redeundi,

146 552 151 555 _
193 498 551 558 Normannis
584 515 711 554 sese
740 501 967 557 cunctis
993 502 1440 569 comitantibus,
1473 494 1639 575 optat

193 590 297 647 Mel
330 588 522 644 dulcis
556 588 720 644 ﬂuvii
750 589 927 645 limﬁs
964 591 1230 648 conferre
1260 592 1529 660 marinis,

196 678 455 745 Qualiter
486 694 677 749 osque
708 678 837 734 freti
868 680 1126 735 caudam
1155 684 1443 752 Sequanae
1466 682 1621 753 rapit
1648 682 1848 737 albam

197 772 658 841 Equoreumque
688 772 870 839 caput
898 769 1112 840 pennis
1140 770 1405 842 quatitur
1434 770 1811 842 Sequanimis

164 856 171 859 “
198 861 503 915 Ostentare
536 858 667 921 3””;
701 856 805 911 sed
835 857 927 912 his
960 860 1057 893 “1°
1084 864 1286 915 autem
1307 860 1850 927 nolentibus,intit;

200 947 300 1002 Eia
332 945 500 1012 Dani,
535 961 741 999 muros
775 946 937 1000 urbis
964 946 1214 1003 lustrare
1246 953 1548 1020 potentes;

198 1038 491 1104 Pergama
517 1034 987 1108 circumquaque
1018 1036 1128 1092 viri
1158 1038 1360 1093 vestite
1388 1038 1673 1107 valentes,

200 1129 263 1181 Et
289 1124 567 1196 scapulas
597 1140 741 1179 arcu
767 1124 1100 1198 validisque
1126 1127 1411 1183 honerate
1440 1127 1669 1199 sagittis
1696 1129 1706 1182 !

199 1214 460 1285 Quisque
476 1214 624 1268 ferat
644 1212 1012 1284 lapides,sed
1034 1219 1091 1269 et
1105 1216 1372 1288 undique
1391 1217 1505 1271 tela
1534 1216 1851 1272 ministret!

199 1304 319 1358 Hoc
345 1301 524 1357 etiam
557 1301 780 1356 bellum
813 1302 1078 1359 conabor
1103 1308 1160 1359 et
1188 1304 1318 1375 ipse
1348 1305 1548 1360 videre
1576 1310 1588 1359 '.

88 1404 93 1407 '
199 1394 327 1458 Quo
355 1406 632 1447 sermone
660 1390 1008 1462 quiescenti,
1042 1397 1293 1461 surgunt
1322 1393 1499 1448 simul
1527 1409 1763 1461 omnes,

199 1479 593 1553 ln-que-sulas
614 1480 1120 1551 penetrant,urbis
1135 1482 1305 1537 sedes
1318 1482 1541 1553 quibus
1560 1484 1654 1517 ²¹²¹
1676 1487 1853 1550 extat,

198 1571 384 1628 Menia
437 1569 809 1626 circumeunt
859 1570 1125 1626 trucibus
1154 1570 1366 1639 gladiis
1394 1572 1662 1627 honerati
1686 1575 1806 1627 ’1”.

201 1659 592 1731 Degressique
621 1661 719 1693 ²¹²³
747 1658 907 1715 foras
939 1659 1126 1715 nostri
1153 1660 1525 1717 circumdare
1556 1676 1765 1732 turres,

199 1750 489 1807 Occidunt
513 1765 683 1819 reges
715 1749 986 1819 geminos
1010 1749 1335 1822 pluresque
1366 1751 1640 1818 aliorum,

202 1840 583 1909 Fallacesque
597 1838 803 1907 fugam
815 1837 1113 1894 diamant’
1124 1841 1135 1873 ί
1146 1840 1191 1872 ³³
1205 1839 1448 1911 verique
1464 1840 1854 1912 triumphum.

199 1928 407 1984 Amnis
438 1928 497 1983 in
526 1928 812 1983 auxilium
846 1928 1019 1983 nobis
1053 1931 1340 2000 Sequanae
1373 1930 1479 1986 fuit
1505 1936 1679 1999 altus,

202 2020 364 2083 Quos
386 2019 483 2051 “*5
508 2017 760 2072 sorbens
773 2017 1007 2089 penitus
1027 2018 1855 2085 mersit,transmisitAverno.

203 2104 606 2173 Sigemfredus
637 2121 848 2174 ovans,
872 2105 1071 2160 ridens
1102 2106 1495 2162 morientibus
1524 2107 1717 2179 inquit
1741 2123 1755 2161 :

197 2198 367 2249 Nunc
399 2194 610 2250 vallate
640 2194 747 2249 viri
774 2194 1013 2266 pinnas,
1047 2195 1257 2250 urbem
1286 2196 1562 2268 capitote,

196 2286 527 2340 Mensurate
558 2284 761 2339 metris
790 2284 969 2349 aedes,
1001 2300 1154 2357 quas
1185 2286 1279 2340 hic
1305 2284 1622 2341 habitetis?

196 2373 344 2428 Inde
375 2373 535 2428 suis:
564 2373 887 2439 Abeamus,
920 2373 1002 2427 ait
1021 2378 1258 2444 tempus
1282 2374 1441 2429 venit
1469 2391 1625 2441 ecce,

193 2464 332 2527 Quo
358 2466 596 2531 gratum
623 2461 797 2516 fuerit
825 2461 998 2516 nobis
1036 2461 1209 2517 istinc
1240 2463 1458 2518 abiisse
1487 2464 1497 2517 !

189 2553 333 2606 Mox
362 2549 565 2604 hilaris
599 2552 939 2621 Sequanam
978 2549 1146 2620 liquit
1175 2566 1285 2621 pro
1318 2567 1565 2628 munere
1596 2558 1857 2624 sumpto.

190 2639 293 2693 Sic
325 2638 424 2693 alii
454 2638 734 2703 facerent,
760 2632 977 2693 eadem
1006 2640 1103 2673 ²¹²⁶
1132 2638 1179 2693 si
1212 2644 1350 2694 tunc
1378 2641 1749 2697 meruissent.

273 2725 418 2792 Quis
447 2726 661 2781 sentire
690 2730 907 2797 potest,
940 2725 1145 2797 patula
1171 2727 1338 2797 quod
1368 2728 1643 2783 subditur
1672 2746 1814 2786 aure
1835 2731 1862 2784 ?

194 2818 379 2871 Terra
400 2819 619 2886 gemat,
634 2819 999 2887 pontusque,
1022 2814 1420 2886 polumJatus
1435 2832 1679 2891 quoque
1691 2834 1865 2874 mun-

1623 2904 1757 2974 [dus
1776 2921 1789 2959 :

202 2990 503 3057 Gozlinus,
532 2990 766 3046 Domini
795 2989 1037 3062 praesul,
1072 2990 1422 3046 mitissimus
1450 2992 1647 3059 heros,

201 3085 379 3137 Astra
399 3080 542 3153 petit
558 3083 811 3136 Domino
834 3079 1120 3149 migrans,
1135 3079 1386 3135 rutilans
1408 3081 1567 3136 velut
1586 3081 1720 3153 ipsa
1742 3082 1861 3151 “’7,

202 3174 419 3227 Nostra
442 3186 695 3228 manens
726 3170 924 3237 turris,
958 3169 1202 3242 clipeus,
1235 3186 1345 3226 nec
1376 3186 1499 3226 non
1527 3171 1824 3227 bis-acuta

202 3259 521 3331 Bumphea
543 3261 660 3325 ’1’“,
678 3258 842 3314 fortis
863 3263 920 3315 et
941 3274 1117 3313 arcus
1138 3262 1282 3325 erat,
1307 3258 1594 3331 fortisque
1617 3260 1863 3329 sagitta!

204 3349 337 3404 Heu
363 3349 375 3403 Ξ
404 3348 634 3405 cunctis
664 3348 872 3404 oculos
904 3348 1096 3404 fontes
1135 3348 1435 3404 terebrant
1463 3350 1866 3421 lacrimarum,

200 3442 398 3509 Atque
420 3453 640 3510 pavore
666 3437 839 3493 dolor
869 3437 1134 3493 contritis
1166 3437 1392 3493 viscera
1421 3439 1654 3495 scindit.

201 3529 579 3598 Tempestate
606 3526 720 3582 sub
749 3527 862 3582 hac
886 3529 1053 3595 Hugo
1085 3526 1363 3598 princeps
1392 3527 1516 3583 obit
1546 3528 1728 3593 abba,

204 3615 475 3671 Evrardo
500 3616 764 3672 Senones
795 3616 1116 3671 viduantur
1135 3615 1389 3688 praesule
1414 3616 1619 3685 docto;

204 3703 438 3759 Gaudia
470 3707 609 3759 tunc
636 3704 839 3760 hostes
869 3703 1284 3775 adipiscuntur
1311 3719 1421 3759 sua
1447 3703 1584 3760 lreti.

279 3792 392 3859 Qui
415 3794 512 3828 ²¹²⁹
540 3793 747 3863 vigiles
778 3792 1038 3849 madidae
1069 3808 1176 3864 per
1203 3808 1397 3864 opaca
1428 3792 1659 3849 silentia
1685 3793 1874 3850 noctis

204 3886 574 3939 Germanum
603 3882 791 3939 nitida
822 3882 1055 3938 clarum
1088 3881 1307 3936 vidisse
1334 3881 1528 3951 figura

208 3974 282 4029 Se
310 3971 643 4043 perhibent,
678 3976 1015 4043 moetasque
1045 3971 1144 4005 ²¹²⁰
1168 3970 1263 4026 sui
1289 3970 1575 4027 lustrasse
1606 3971 1819 4039 locelli,

208 4060 459 4117 Lumine
491 4064 822 4129 gestantem
848 4058 1111 4115 rutilanti
1142 4075 1282 4132 sepe
1309 4059 1625 4131 laternam,

206 4150 342 4213 Quo
372 4148 560 4205 sancti
588 4148 859 4203 redolent
887 4151 1050 4203 artus
1080 4147 1284 4203 forsan
1315 4147 1613 4204 tumulati.

282 4238 595 4294 Instabant
624 4238 755 4309 ejus
783 4238 950 4293 festae
980 4236 1275 4293 solemnia
1305 4238 1454 4294 lucis
1479 4257 1491 4306 ;

209 4328 623 4399 Objurgantur
647 4332 704 4383 et
727 4326 786 4382 hi
817 4326 1179 4394 castellanis,
1206 4327 1351 4399 quia
1382 4344 1556 4384 sacra

212 4420 343 4473 Non
357 4415 675 4483 celebrant,
692 4415 811 4472 alto
822 4416 960 4471 inde
976 4420 1159 4471 ruunt
1177 4432 1315 4472 cum
1336 4423 1534 4473 mente
1558 4417 1872 4474 cachinno.

210 4504 554 4575 Mergitibus
586 4509 680 4541 ²¹³¹
715 4505 1052 4578 plaustrum
1083 4521 1191 4578 per
1232 4521 1373 4561 rura
1404 4512 1649 4563 movent
1686 4506 1877 4577 gravi-

1551 4596 1803 4666 [datum,

214 4684 475 4756 Cuspide
504 4689 671 4755 terga
700 4684 888 4740 boum
914 4700 1088 4740 verso
1116 4684 1373 4740 nimium
1403 4684 1794 4741 stimulantes.

216 4772 491 4829 Protinus
518 4774 611 4829 his
640 4774 897 4847 proprire
928 4773 1158 4830 claudis
1190 4773 1315 4828 sine
1345 4774 1591 4829 crimine
1622 4786 1823 4830 causae

219 4864 589 4918 Connectunt
618 4862 787 4931 alios,
814 4862 1141 4936 pluresque
1170 4861 1386 4918 dehinc
1418 4862 1694 4935 aliosque
1722 4883 1734 4931 ;

221 4950 544 5007 Certabant
572 4950 722 5023 elegi
750 4954 847 4988 ²¹⁸²
874 4951 1136 5025 scapulis
1169 4965 1477 5023 cornuque
1504 4951 1761 5022 invenci,

217 5042 475 5112 Jamque
504 5039 710 5098 lavant
732 5041 1007 5114 proprias
1035 5040 1223 5096 rubeo
1245 5039 1319 5095 de
1348 5040 1639 5110 sanguine
1671 5046 1891 5104 costas,

298 5149 439 5204 Vers
472 5152 591 5206 143.

1052 203 1141 256 DE
1183 204 1402 259 BELLO
1444 200 1813 258 PARISIACO
1854 201 2033 258 LIBRI
2074 207 2268 261 TBES.
2308 236 2380 247 --
2424 206 2555 261 LIB.
2601 209 2666 260 lI.

3518 211 3623 262 742

1876 327 1927 378 Α
1970 332 2213 401 Nonque
2242 328 2442 384 valent
2471 344 2646 383 axem
2678 326 2845 383 terris
2871 326 3214 397 disjungere
3241 326 3452 393 ﬁxum,

1965 418 2327 490 Attonitique
2358 422 2597 489 stupent
2623 417 2832 472 domui
2859 416 3148 472 miracula
3178 417 3384 472 nostri.

1967 506 2284 562 Solvuntur
2314 506 2487 576 tauri,
2522 505 2918 577 stimulusque
2950 505 3115 560 ferox
3144 505 3452 576 requievit.

1966 599 2091 651 Dux
2114 596 2328 664 segetis
2353 594 2617 650 recidiva
2644 599 2805 650 rotas
2830 594 3035 666 spoliis
3061 594 3358 661 vacuavit,

1963 690 2153 756 Atque
2179 685 2303 740 suis
2331 684 2573 739 clodum
2607 683 2907 738 revocavit
2935 683 3199 738 motibus
3231 699 3429 739 axem.

2035 773 2332 843 Etl‘ugiens
2357 773 2577 828 horum
2608 773 2707 807 "33
2737 772 2988 844 quidam
3012 773 3221 841 jussus
3245 772 3531 842 jugulari,

1963 862 2207 936 Templa
2249 861 2590 917 subintroiit
2636 862 2852 929 Sancti,
2888 860 3073 917 tenuit
3107 877 3353 933 quoque
3380 861 3627 927 bustum

3407 950 3553 1018 [SHH’

1965 1039 2199 1094 Pellitur
2227 1038 2366 1094 inde
2398 1040 2582 1093 miser
2610 1036 2869 1110 profuga
2898 1036 3117 1109 pietate
3150 1035 3499 1102 necandus;

1964 1132 2060 1183 Vae
2090 1128 2356 1183 miseris!
2390 1127 2648 1182 multaut
2671 1126 2930 1196 elegum,
2956 1124 3286 1181 multantur
3315 1129 3372 1179 et
3400 1124 3514 1196 ipsi
3540 1142 3553 1192 ;

1966 1219 2138 1283 Quod
2170 1234 2392 1273 munus
2421 1216 2712 1272 dederant
2742 1216 2927 1285 socio,
2959 1214 3139 1271 simili
3169 1213 3387 1286 pietate

1967 1308 2244 1364 Germani
2274 1306 2497 1362 meritis
2524 1310 2767 1361 nactum
2795 1307 2893 1340 “33
2922 1305 3121 1359 cuncti
3149 1307 3520 1373 meruerunt,

1968 1399 2201 1455 Ceelitus
2232 1397 2433 1452 afﬂicti
2462 1396 2716 1451 nimium
2751 1412 2860 1468 pro
2891 1394 3105 1451 talibus
3140 1393 3321 1449 ausis.

1970 1487 2133 1543 Unde
2165 1485 2504 1541 sacerdotes
2538 1489 2814 1553 statuere,
2846 1484 3048 1538 locum
3080 1486 3458 1549 venerantes,

1969 1576 2076 1642 Qui
2107 1576 2326 1631 missas
2354 1589 2688 1644 cursusque
2711 1575 2809 1608 ²¹³⁶
2834 1588 3040 1627 sacros
3069 1571 3182 1627 illis
3210 1571 3627 1627 celebrassent.

1897 1680 1939 1733 Β
1968 1668 2129 1721 Tunc
2158 1679 2369 1720 omnes
2412 1664 2507 1697 “37
2546 1661 2830 1733 cuiquam
2871 1659 3193 1733 prohibent
3236 1660 3375 1714 hinc
3423 1659 3631 1714 tollore

3154 1749 3171 1817 ι
3194 1746 3557 1819 quicquam;

1971 1842 2143 1908 Quod
2170 1840 2404 1896 violans
2434 1854 2610 1905 unus,
2644 1836 2886 1909 proprio
2917 1835 3145 1892 deferre
3176 1835 3357 1890 cubili

1972 1930 2243 1987 Ecclesia:
2274 1933 2513 1998 tegmen
2542 1926 2770 1982 studuit
2795 1944 2807 1993 ;
2836 1926 2949 1981 sub
2977 1942 3099 1997 quo
3128 1924 3442 1980 manifeste

1972 2020 2210 2089 Efﬁgies
2240 2021 2337 2054 ³1³⁸
2370 2018 2500 2088 ejus
2530 2016 2779 2088 repetita
2808 2015 2918 2070 fuit
2944 2014 3260 2087 puerilem,

1975 2109 2201 2166 Scilicet
2230 2110 2448 2163 eventu
2467 2104 2615 2161 nulli
2646 2103 2943 2159 similante
2974 2102 3226 2166 minuta,

1978 2203 2122 2254 Nota
2148 2196 2370 2269 quibus
2396 2195 2589 2249 fuerat
2618 2193 2875 2265 pridem,
2906 2208 3016 2247 nec
3048 2190 3317 2246 noscitur
3349 2190 3468 2245 ullo

1978 2285 2231 2359 Oppido,
2265 2285 2447 2339 miror
2470 2282 2604 2337 urbi
2634 2298 2801 2337 venae
2832 2280 3115 2352 nervique
3146 2280 3417 2345 laterent,

1980 2379 2246 2447 Ossaque
2277 2374 2555 2443 fugerunt
2583 2371 2803 2443 pariter
2831 2370 3090 2441 fugiente
3121 2368 3405 2435 medulla,

1976 2466 2210 2520 Viscera
2240 2462 2539 2535 speluncae
2570 2460 2762 2515 tenuis
2792 2458 3032 2514 foveam
3066 2458 3303 2531 petiere.

1978 2554 2158 2623 Major
2187 2551 2525 2607 habebatur
2551 2549 2787 2618 magnis
2808 2580 2875 2588 ——
2903 2546 3175 2603 mirabile
3207 2546 3432 2601 factum
3460 2577 3529 2586 ——

1980 2649 2029 2699 ls
2055 2642 2159 2714 qui
2188 2656 2470 2712 nuncque
2500 2639 2699 2694 minor
2728 2637 2931 2711 pueris
2962 2636 3221 2695 moviens
3249 2641 3411 2708 patet
3440 2653 3589 2703 esse,

1977 2733 2224 2804 Vitaque
2256 2733 2352 2765 “3"
2385 2745 2525 2786 cum
2555 2728 2780 2799 gemitu
2828 2727 2980 2797 fugit
3017 2726 3329 2797 indignata
3360 2726 3473 2781 sub
3503 2742 3636 2781 um-

3358 2816 3525 2887 [bras
3551 2816 3563 2870 !

2047 2912 2215 2967 Visus
2237 2910 2405 2965 adest
2434 2908 2677 2964 cuidam
2706 2906 2944 2963 Domini
2976 2906 3390 2963 sanctissimus
3419 2904 3600 2961 idem.

1978 3005 2214 3057 Pectore
2244 2998 2509 3071 carpenti
2540 2997 2811 3069 requiem
2840 3012 2948 3068 per
2973 2996 3183 3052 nubila
3212 2995 3402 3050 noctis

1978 3078 2228 3145 Marc’elli
2260 3086 2479 3143 sanctis
2508 3084 2787 3158 precibus
2821 3099 3054 3140 necnon
3088 3082 3399 3138 Clodoaldi

1978 3176 2288 3249 Accipiens
2308 3175 2603 3247 liquidam
2630 3171 2911 3229 manibus
2936 3172 3289 3231 benedicere
3320 3170 3642 3243 limpham,

1982 3266 2146 3322 Unde
2174 3265 2379 3333 rigans
2404 3262 2638 3329 urbem,
2668 3261 2937 3331 graditur
2955 3275 3063 3333 per
3094 3264 3298 3316 menta
3317 3259 3543 3315 circum
3571 3276 3584 3324 ;

1982 3355 2245 3425 Huicque
2267 3353 2394 3408 viro
2420 3351 2734 3424 proprium
2756 3350 3013 3423 promsit
3036 3364 3281 3413 nomen,
3303 3348 3408 3403 sed
3434 3353 3490 3403 et
3514 3346 3647 3402 urbi

1984 3445 2163 3515 Spem
2195 3440 2524 3513 spondens,
2556 3438 2770 3494 faciem
2799 3438 2971 3509 liquit
3001 3453 3063 3492 se
3091 3436 3581 3507 conspicientem.

2054 3530 2273 3586 Nobilis
2298 3530 2411 3584 hac
2442 3533 2498 3583 et
2527 3528 2588 3582 in
2616 3525 2765 3582 urbe
2798 3526 2906 3581 fuit
2937 3526 3025 3581 vir
3054 3540 3233 3581 carne
3288 3524 3644 3596 liquescens,

1985 3619 2273 3674 Deﬁciens
2302 3617 2481 3672 etiam
2523 3618 2668 3670 ﬂatu
2698 3614 3005 3669 metuebat
3030 3613 3219 3669 obire.

1986 3708 2431 3779 Castellumque
2461 3705 2595 3778 capi
2621 3703 2979 3760 Normannis
3007 3706 3278 3773 tempore
3306 3702 3369 3758 in
3396 3702 3551 3773 ipso.

1986 3797 2188 3854 Attulit
2214 3796 2354 3851 huic
2384 3795 2543 3851 cives
2573 3808 2824 3849 somnus
2853 3807 2915 3848 se
2944 3791 3213 3864 linquere
3243 3790 3415 3860 velle,

1989 3888 2136 3944 Urbs
2164 3886 2350 3943 armis
2378 3884 2673 3957 quoniam
2703 3882 2931 3938 cunctis
2958 3881 3195 3937 deserta
3223 3880 3514 3937 manebat
3539 3897 3554 3945 ;

1988 3975 2246 4033 Clericus
2277 3973 2416 4029 inde
2446 3970 2774 4027 venustatis
2804 3969 2967 4025 mirae
2998 3968 3177 4025 astitit
3207 3968 3289 4024 illi

1989 4069 2099 4123 Ore
2128 4064 2381 4137 loquens
2410 4061 2669 4135 placido,
2702 4059 2954 4116 rutilans
2979 4059 3272 4131 vultuque
3303 4074 3513 4114 sereno
3538 4075 3550 4113 :

1990 4152 2144 4220 Quid
2174 4151 2389 4208 metuis
2409 4152 2437 4205 ‘I
2467 4165 2719 4228 surgens
2752 4147 3039 4204 tremulos
3059 4147 3361 4221 deponere
3382 4147 3651 4217 timores,

1991 4240 2303 4312 Oblitaque
2329 4238 2475 4310 fuga
2497 4237 2892 4310 quamplures
2922 4252 3098 4293 cerne
3125 4240 3369 4309 paratos

1990 4330 2081 4387 Ad
2108 4328 2368 4386 bellum!
2401 4329 2662 4398 Surgens
2702 4326 2920 4394 alacer,
2954 4341 3161 4381 muros
3189 4325 3349 4379 videt
3373 4339 3585 4379 omnes

1992 4420 2250 4477 Vallatos
2278 4419 2483 4475 cuneis
2509 4418 2805 4488 juvenum
2836 4415 3021 4485 galeis
3064 4418 3401 4469 oneratum.

1991 4512 2237 4582 Voxque
2267 4510 2467 4563 tonat:
2501 4504 2817 4562 Tutoribus
2841 4504 2933 4559 his
2959 4501 3297 4560 defenditur
3316 4501 3445 4556 haec
3472 4500 3651 4567 urbs;

1992 4602 2093 4653 Ast
2115 4612 2228 4667 ego
2258 4613 2393 4651 sum
2420 4598 2773 4663 Germanus,
2795 4592 2895 4660 ait,
2915 4592 3096 4662 hujus
3115 4606 3361 4662 quoque
3377 4588 3616 4661 praesul.

1992 4687 2355 4754 Confortare,
2385 4685 2533 4741 nihil
2562 4683 2935 4750 formidabis,
2961 4681 3253 4754 quoniam
3286 4695 3448 4735 nunc

1994 4776 2290 4833 Faucibus
2304 4774 2470 4831 haud
2492 4774 2917 4830 sceleratorum
2934 4769 3308 4840 grassabitur
3328 4769 3454 4824 haec
3480 4768 3653 4823 urbs!

1993 4866 2222 4922 Affatur
2250 4869 2515 4932 sanctus,
2546 4864 2938 4934 redamatque
2969 4860 3168 4916 virum
3198 4874 3338 4915 caro
3370 4860 3583 4926 flatus;

1995 4954 2226 5011 Aﬁ‘atur
2250 4953 2409 5022 felix,
2444 4954 2711 5026 fugitque
2742 4951 2939 5007 virum
2968 4949 3130 5006 mala
3159 4948 3374 5021 pestis;

2008 5044 2343 5117 Alloquitur
2374 5046 2643 5113 Sanctus,
2674 5042 2824 5099 lecto
2855 5039 3107 5097 surrexit
3132 5042 3404 5109 egrotus;

1609 5250 1894 5308 ϐίλοὸὃῶ
1932 5253 2019 5309 ET
2064 5254 2288 5309 ΝΟΤιΕ.

302 5391 403 5424 2119
771 5392 872 5426 2120
902 5405 943 5462 p

225 5475 390 5518 corr.
423 5462 691 5518 Degressi

947 5389 1191 5475 aganis.
1213 5390 1297 5475 gl;
1342 5392 1437 5425 ²¹²¹
1476 5389 1599 5475 scil.
1631 5389 1841 5475 insulis
1868 5393 1955 5475 g‘l.
2014 5394 2114 5428 9‘“
2144 5392 2422 5475 honorati
2452 5408 2607 5448 corr.
2641 5390 2871 5475 onerati
2884 5392 3108 5475 foder.
3150 5393 3251 5475 “f3
3276 5390 3656 5475 Qigressique

506 5460 816 5535 gressique
848 5460 975 5535 cdd.
1024 5463 1123 5535 ξω
1152 5460 1328 5535 valde
1355 5466 1563 5517 amant
1585 5463 1670 5535 gl.
1732 5464 1817 5497 ²¹²ε

1984 5479 2098 5519 'uos
2128 5464 2214 5533 gl.
2274 5466 2375 5500 ²¹²⁶
2405 5479 2656 5519 munera
2681 5465 2767 5534 gl.
2830 5464 2923 5497 “’7
2958 5467 3119 5519 astra
3150 5466 3233 5533 gl.
3296 5465 3394 5498 ²¹²⁸
3424 5460 3657 5535 gladius

223 5534 317 5603 gl.
388 5534 486 5566 “’9
518 5532 825 5603 hostes'gl.
894 5534 990 5566 “3°
1022 5532 1172 5588 ﬁnes
1197 5534 1281 5601 gl.
1346 5534 1439 5566 ²¹³¹
1475 5532 1678 5603 garbis
1707 5536 1791 5603 gl.
1853 5532 2187 5590 “Wmiseri
2212 5537 2295 5604 gl.
2364 5537 2462 5569 ²¹³³
2490 5532 2970 5591 Normannorum
2998 5536 3080 5605 gl.
3147 5538 3247 5569 "3‘
3275 5533 3656 5605 sepulchrum

224 5605 319 5675 gl.
374 5605 475 5675 εἶδέ
503 5609 893 5660 consecutum
923 5605 1008 5675 gl.
1072 5606 1171 5675 ωδ
1198 5605 1379 5659 horas
1411 5605 1734 5661 canonicas

1772 5607 2024 5678 glu“37
2064 5606 2193 5662 scil.
2228 5606 2371 5678 saevi
2389 5610 2473 5678 gl.
2542 5608 2641 5642 “3°
2673 5606 2897 5677 efﬁgies
2929 5604 3573 5678 ejusrepetita’fuitﬁ.
3608 5617 3654 5678 εξ.

228 5673 527 5748 repetivit,
555 5676 784 5733 imitata
811 5673 1234 5747 est)'puerilem
1270 5676 1422 5742 (scil.
1458 5673 2015 5747 efﬁgiem),'scilicet
2061 5678 2296 5736 minuta
2340 5673 2699 5751 (imminuta)
2737 5673 3180 5736 eventu'unico'.
3261 5677 3358 5710 ²¹⁸⁹
3390 5673 3543 5729 illius
3571 5673 3655 5742 gl.
