3940 6184
420 158 523 212 743
1066 200 1069 202 .
1458 152 1755 207 ABBONIS
1794 144 2417 205 SANGERMANENSIS
2458 147 2794 205 MONACHI.
3622 171 3695 223 τῇ

420 278 606 333 Almis
636 276 960 332 faminibus
993 290 1198 346 sospes
1225 274 1496 346 procedit
1526 277 1790 343 egrotus,

422 366 710 437 Explicuit
731 364 858 419 visu
887 363 1075 418 noctis
1110 362 1276 435 quod
1301 368 1551 419 noverat
1580 362 1726 434 ipse.

495 458 642 508 Luce
672 452 884 522 dehinc
913 450 1202 523 quadam,
1232 451 1381 506 dum
1414 451 1762 519 gestabatur
1789 455 1843 505 et
1870 450 2015 504 almi

420 543 686 600 Militibus
717 540 971 613 propriis
1002 557 1221 612 corpus
1256 556 1360 613 per
1390 541 1620 596 muenia
1651 541 1898 603 circum,

418 630 665 685 Urbanis
697 634 925 701 septem
955 629 1320 684 sectantibus
1350 629 1825 700 omnipotentem

415 719 843 789 Perrogitando
877 722 1066 775 Deum
1096 719 1246 774 votis
1278 719 1389 774 sub
1424 735 1567 774 voce
1600 736 1843 787 canora,

414 808 673 864 Caeditur
699 806 919 862 allofilo
950 809 1050 841 ²¹⁵⁰
1080 807 1155 861 de
1184 806 1586 878 portatoribus
1617 823 1773 862 unus

416 898 664 952 Nomine
694 896 1013 952 Gozbertus
1044 896 1209 953 caclo
1232 898 1348 963 ω’,
1376 898 1773 967 percussorin
1798 896 2045 951 umbras

417 991 722 1042 Tartareas
748 985 899 1054 fugit
934 986 1213 1054 moriens,
1244 984 1357 1040 icto
1391 987 1486 1020 9'”
1520 986 1775 1056 patiente

418 1076 503 1131 Nil
532 1091 711 1147 super
740 1077 854 1130 hoc
885 1074 1103 1146 lapidis
1136 1075 1311 1140 iactu,
1345 1076 1560 1130 Sancto
1589 1075 1935 1130 auxiliante.

420 1168 646 1220 Interea
672 1163 850 1219 caedis
883 1163 1091 1218 validas
1122 1167 1402 1234 corrupta
1428 1163 1703 1235 procellis

419 1253 572 1308 Urbs
603 1253 828 1324 patitur
853 1252 1123 1321 gladium
1153 1252 1436 1323 exterius,
1466 1252 1589 1307 lceti
1622 1268 1869 1325 quoque
1902 1252 2084 1324 pestis

419 1343 581 1397 Eheu
611 1341 904 1397 nobilium
935 1341 1139 1412 plebes
1169 1341 1405 1411 penitus
1436 1343 1535 1375 m3
1566 1341 1868 1409 laniabat;

418 1430 666 1485 Interius
691 1445 802 1485 nec
828 1434 955 1484 erat
981 1429 1158 1485 nobis
1192 1429 1386 1494 tellus,
1422 1430 1755 1487 obeuntum

308 1580 313 1583 _
419 1520 542 1584 Que
562 1519 829 1590 praebere
859 1518 1230 1590 sepulturam
1259 1518 1549 1573 membris
1573 1519 1868 1591 potuisset

2105 274 2151 323 A
2197 269 2432 338 Enituit,
2468 270 2640 340 cujus
2671 271 2895 343 clipeos
2926 286 3115 326 novus
3143 271 3423 332 inradiavit

2195 358 2312 427 Sol,
2341 375 2553 414 croceo
2584 360 2803 417 Oceani
2834 360 3094 416 thalamo
3118 363 3370 434 vastpede
3397 374 3585 438 spreto;

2196 452 2357 503 Hunc
2389 449 2553 521 prius
2584 450 2729 505 elios
2760 453 2859 485 "56
2890 450 3175 507 adamans
3201 468 3363 524 quam
3397 472 3513 513 rura
3536 462 3702 534 salutat,

2192 542 2380 603 Quem
2418 541 2545 595 visu
2576 541 2824 613 capiunt
2848 541 3023 607 cives,
3055 545 3110 597 et
3137 558 3321 598 amore
3347 545 3443 599 sub
3464 547 3575 604 alto.

2192 633 2295 684 Ast
2324 630 2524 684 hostes
2552 629 2868 701 prohibere
2894 629 3050 685 fores
3075 630 3238 685 turris
3265 632 3541 704 cupientes,

2189 718 2578 773 Transsiliunt
2606 720 2970 791 Sequanam,
3003 718 3274 777 vallantes
3298 720 3463 777 littore
3488 724 3668 781 circum.

2192 805 2465 861 Reddidit
2494 806 2621 861 Odo
2654 811 2855 862 tamen
2885 806 3212 863 castellanis
3240 809 3518 880 equitando

2195 894 2284 957 Se,
2321 892 2517 948 medio
2544 893 2695 949 inter
2723 910 2916 960 sevos,
2950 896 3131 949 Eboto
3160 902 3430 952 reserante

2197 980 2334 1035 Huic
2350 985 2649 1053 portas“:37
2662 983 2997 1057 ,cunctique
3013 985 3350 1056 stupenthoc
3363 986 3527 1042 nobile
3537 987 3705 1045 factum.

2194 1070 2340 1125 Hinc
2372 1071 2501 1140 ejus
2532 1072 2725 1127 socios
2756 1076 2910 1128 retro
2943 1072 3136 1129 statim
3164 1074 3445 1130 redeuntes

2145 1152 2153 1159 ’
2199 1160 2437 1213 ferreus
2461 1158 2796 1232 insequitur
2824 1160 3031 1230 hostis,
3059 1165 3188 1233 post
3216 1166 3364 1231 terga
3391 1162 3628 1229 meando;

2197 1247 2329 1302 Plus
2362 1248 2613 1316 geminis
2642 1250 2821 1305 etiam
2845 1249 3036 1320 leugis
3066 1250 3310 1306 interfuit
3334 1251 3432 1305 illis

2198 1335 2393 1390 Dictus
2415 1336 2758 1391 Adalelmus
2785 1339 3017 1409 superis
3048 1338 3271 1410 pridem
3298 1355 3505 1404 comes;
3532 1338 3671 1393 idem:

2200 1422 2316 1488 Eia,
2347 1424 2468 1477 suis
2498 1423 2707 1495 inquit,
2736 1426 2920 1480 satius
2950 1441 3265 1497 pergamus
3294 1426 3348 1481 in
3375 1424 3503 1493 illos,

2199 1513 2389 1576 Quam
2414 1528 2525 1568 nos
2540 1513 2634 1568 hic
2652 1513 2731 1568 illi
2748 1514 3051 1571 inveniant
3068 1515 3078 1569 ε
3102 1514 3454 1570 Adalaelmus
3467 1515 3557 1570 hoc
3570 1513 3706 1585 inquit;

419 1607 768 1661 Comminus
784 1608 904 1673 ’1“;
930 1605 1052 1661 ulla
1072 1606 1200 1661 dies
1225 1623 1333 1661 nec
1354 1611 1649 1679 erat,quae
1670 1623 1795 1662 non
1815 1624 2091 1678 generas_
2114 1620 2158 1672 Β
2199 1600 2455 1656 Pestiferi
2486 1601 2701 1673 petiere
2731 1604 2961 1672 fugam,
2994 1603 3289 1676 nostrique
3316 1603 3595 1676 tropheum.

421 1695 690 1750 Urbanos
718 1696 815 1728 ωδ
838 1695 1106 1766 interque
1136 1694 1519 1750 suburbanos
1544 1696 1910 1751 truculentos
1970 1700 2086 1766 [set

423 1783 594 1848 Bella,
629 1800 736 1839 nec
763 1782 882 1837 ulla
910 1781 1055 1838 abiit
1082 1798 1267 1855 prOpe
1298 1799 1433 1855 quae
1464 1800 1588 1839 non
1612 1784 1960 1839 interfectos

418 1871 725 1927 Pestiferos
753 1888 956 1927 secum
990 1871 1255 1928 duxisset
1285 1872 1363 1927 ad
1395 1881 1565 1929 antra
1597 1873 1905 1942 gehennae.

490 1964 608 2015 Rex
633 1960 811 2029 igitur
839 1964 1123 2015 venturus
1154 1963 1251 2004 ’1‘“
1284 1961 1412 2017 Odo
1443 1962 1859 2018 transmittitur
1888 1963 2026 2018 inde

428 2052 791 2103 Francorum
824 2047 1038 2103 Karolo
1070 2048 1378 2120 suprafato
1406 2049 1654 2119 basileo,

419 2136 708 2202 Quatinus
736 2135 958 2191 auxilio
985 2136 1177 2192 caeleri
1201 2143 1574 2193 succurreret
1605 2139 1759 2194 urbi.

418 2229 556 2281 Post
570 2225 766 2280 nullus
778 2241 1097 2296 procerum
1108 2232 1378 2282 remanet
1392 2227 1503 2282 nisi
1515 2228 1764 2283 Marcius
1777 2229 1939 2285 abba
1959 2233 2056 2265 “"7
2071 2275 2083 2297 ,

423 2315 571 2385 Sepe
604 2329 789 2385 supra
819 2314 990 2382 cujus
1024 2314 1374 2371 memoratio
1408 2316 1629 2388 scripta
1659 2316 1898 2373 relucet.

421 2402 551 2474 Ipse
582 2402 827 2472 aequites
857 2416 929 2456 ex
954 2416 1122 2457 more
1146 2405 1379 2458 Danum
1410 2403 1619 2459 vestire
1650 2406 1844 2473 coegit
1940 2450 1945 2456 ί

422 2494 535 2547 Sex
564 2491 742 2557 solos,
774 2491 1059 2547 redeunte
1089 2491 1184 2547 die
1209 2492 1501 2563 quadam,
1534 2510 1712 2566 super
1735 2510 1883 2550 arva

418 2584 722 2652 Transque
739 2580 940 2636 volant
961 2580 1041 2635 illi
1062 2582 1159 2624 8””
1185 2584 1525 2654 Sequanam
1548 2599 1917 2656 camposque
1944 2599 2076 2656 per-

1817 2674 2073 2744 [agrant.

418 2764 911 2832 Normannosque
932 2768 1150 2816 necant
1180 2760 1424 2816 totidem
1446 2761 1680 2818 fuerant
1702 2768 1850 2834 quot
1867 2768 1924 2817 et
1942 2763 2073 2834 ipsi.

420 2673 501 2725 Ex
535 2669 708 2725 variis
734 2669 944 2741 plenos
975 2671 1158 2726 armis
1192 2687 1457 2743 sevoque
1490 2688 1704 2744 sopore

418 2849 685 2905 Nascitur
706 2849 847 2904 hinc
878 2849 1153 2922 strepitus
1184 2850 1395 2905 castris
1422 2868 1434 2915 ;
1468 2851 1685 2906 horum
1718 2857 2039 2907 resonante

418 2940 586 3003 Voce,
622 2942 816 2992 truces
846 2942 1103 3008 carpunt
1133 2938 1355 3009 clipeos
1384 2938 1688 3010 nostrique
1720 2941 2011 2996 carinam.

490 3030 697 3082 Nostra
728 3026 969 3082 Dionisii
1000 3026 1333 3082 tondebant
1358 3026 1554 3083 littora
1586 3028 1774 3084 sancti

419 3118 635 3169 Pecora
664 3116 784 3180 “‘9,
813 3130 950 3186 quae
980 3113 1203 3169 duxere
1233 3116 1332 3149 ²¹⁵⁰
1354 3114 1466 3169 sibi
1483 3114 1693 3171 crebro
1727 3116 2030 3187 speculata
2061 3135 2072 3184 ;

415 3206 629 3258 Verum
658 3202 769 3258 illis
798 3202 1015 3258 Ebolus
1044 3202 1258 3272 iugiter
1280 3203 1389 3258 fuit
1416 3203 1631 3259 obvius
1663 3204 1844 3260 abba.

417 3292 520 3357 Qui
550 3308 812 3364 quorum
841 3291 1120 3347 comitem
1150 3291 1417 3363 quadam
1448 3291 1649 3349 stravit
1679 3293 1805 3348 vice
1842 3294 1958 3349 telo
1988 3312 2001 3360 ;

417 3381 580 3437 Unde
614 3379 759 3437 Dani
786 3379 1258 3453 liquuntripam,
1287 3380 1668 3453 referuntque
1699 3381 1976 3438 cadaver.

414 3472 543 3526 Mox
577 3469 791 3526 Ebolus
817 3484 995 3525 senos
1025 3469 1253 3541 equites
1282 3468 1507 3526 dimisit
1537 3469 1616 3525 ab
1646 3486 1802 3539 arce,

415 3561 704 3625 Quattuor
732 3558 792 3615 hi
819 3563 1137 3631 ternosque
1169 3564 1385 3615 necant
1414 3560 1737 3615 certamine
1774 3560 1925 3615 diro.

483 3654 659 3705 Nocte
689 3649 935 3722 quidem
965 3649 1120 3705 cives
1149 3648 1416 3705 crebrius
1438 3664 1726 3721 pecorum
1748 3650 1861 3706 sub
1879 3667 2072 3723 opaca

409 3738 697 3794 Custodes
729 3738 971 3807 adeunt,
1002 3738 1425 3811 quosdamque
1450 3738 1681 3809 fugant,
1710 3739 1979 3812 aliosque

412 3827 756 3882 Attribuunt
777 3827 1024 3897 jugulis,
1057 3828 1171 3883 hoc
1202 3831 1571 3899 egeruntque
1597 3828 1938 3900 frequenter
1963 3848 1975 3897 ;

412 3914 755 3985 lndicioque
779 3913 962 3969 tulere
992 3916 1087 3949 ²¹³¹
1126 3918 1322 3972 Danos
1353 3915 1486 3970 urbi
1517 3915 1642 3970 sine
1675 3916 1822 3971 ﬂatu

410 4004 601 4072 Atque
631 3999 810 4055 simul
835 4000 1015 4068 viros,
1045 4007 1109 4057 ut
1139 4002 1222 4059 sic
1252 4002 1413 4059 credi
1441 4001 1794 4075 potuissent.

482 4086 926 4159 In-que-sulam
958 4093 1273 4159 penetrant
1301 4089 1472 4145 solito
1493 4090 1763 4162 quadam
1787 4090 1908 4147 vice
1928 4091 2065 4162 ritu,

410 4175 620 4233 Moenia
650 4191 771 4248 qua
795 4174 1056 4231 resident
1090 4176 1255 4231 urbis
1289 4177 1433 4232 saavi
1463 4178 1705 4234 trecenti
1730 4196 1744 4245 ;

410 4264 684 4321 Protinus
704 4280 849 4321 ense
870 4263 1082 4337 quium
1099 4267 1198 4300 ²ί⁵²
1219 4265 1366 4322 bino
1389 4269 1763 4323 stravereﬁ153
1776 4284 2062 4336 novenos,

408 4353 665 4410 Vulnera
685 4353 1019 4426 deposuere
1040 4356 1136 4389 “5‘
1167 4354 1389 4427 quibus
1417 4355 1674 4425 triginta,
1696 4372 1807 4414 nec
1836 4361 1995 4414 extat

407 4445 584 4499 Posse
604 4442 813 4500 datum
844 4443 1041 4516 quarti
1066 4443 1271 4499 lumen
1303 4448 1570 4518 spectare
1601 4445 1739 4501 diei.

407 4532 720 4602 Congressi
745 4536 1019 4588 nostrum
1050 4532 1290 4604 gemini,
1321 4533 1426 4606 qui
1451 4538 1643 4590 morte
1673 4535 1934 4591 fruentes

406 4620 657 4693 Egregia
685 4625 925 4677 sanctos
957 4638 1169 4678 vexere
1200 4621 1386 4695 pedes
1419 4638 1601 4695 super
1629 4628 1826 4691 astra;

407 4711 550 4765 Nam
582 4709 778 4766 senior
809 4699 1162 4780 Segebertus
1189 4716 1331 4778 erat,
1358 4712 1562 4782 junior
1593 4714 1962 4782 Segevertus.

480 4802 643 4855 Forte
670 4799 886 4855 deinde
921 4800 1110 4855 tribus
1139 4799 1344 4855 cuneis
1374 4800 1601 4857 cinctus
1633 4800 1944 4870 galearum

407 4888 782 4959 Armipotens
803 4889 1023 4945 montis
1048 4905 1227 4963 super
1253 4889 1380 4946 Odo
1405 4890 1723 4947 cacumina
1751 4890 1947 4947 Martis
1966 4893 2063 4926 ³1⁵⁵

477 5012 616 5065 Vers
657 5016 781 5068 249.

2203 1692 2377 1744 Scuta
2406 1693 2630 1755 tonant,
2659 1689 2952 1762 dardique
2982 1690 3199 1757 volant,
3229 1696 3281 1747 et
3317 1706 3533 1762 corpora
3557 1691 3708 1743 Danum

2200 1777 2468 1832 Consulis
2495 1794 2638 1833 arva
2670 1784 2892 1849 tegunt,
2917 1778 3118 1849 gladio
3150 1784 3413 1849 regnante
3440 1777 3667 1833 Adalelmi.

2197 1869 2322 1921 Non
2354 1866 2726 1937 dimisitcos,
2760 1868 2953 1925 donec
2978 1870 3259 1942 repedare
3280 1868 3449 1939 coegit

2194 1956 2283 2011 Ad
2315 1956 2585 2023 fluvium,
2614 1958 2864 2029 posthac
2889 1963 2945 2014 et
2969 1974 3160 2015 ovans
3183 1959 3428 2031 vitorque
3453 1971 3667 2013 reversus.

2267 2048 2350 2102 En
2383 2051 2438 2100 et
2467 2046 2755 2114 Ainricus,
2790 2048 3021 2120 superis
3052 2050 3151 2084 ²¹⁵⁸
3183 2048 3377 2104 crebro
3408 2046 3647 2111 vocitatus,

2195 2134 2516 2190 Obsidione
2550 2135 2753 2191 volens
2782 2135 2915 2192 illos
2943 2136 3183 2205 vallare,
3215 2141 3453 2193 necatur.

2197 2226 2377 2295 Inque
2409 2240 2572 2291 SUOS,
2607 2224 2799 2280 nitens
2827 2227 3169 2299 Sequanam
3198 2226 3424 2282 transire
3448 2228 3671 2280 Danoruin

2194 2314 2309 2367 Rex
2345 2313 2551 2379 Sinric,
2579 2314 2831 2382 geminis
2861 2314 3092 2370 ratibus
3124 2315 3345 2388 spretis,
3373 2309 3633 2385 penetravit

2190 2403 2337 2456 Cum
2365 2401 2540 2459 sociis
2572 2407 2656 2457 ter
2684 2417 2827 2457 nam
2855 2403 3313 2476 quinquagenis,
3353 2402 3624 2475 patiturque

2192 2490 2579 2560 Naufragium
2608 2491 2807 2569 medio
2836 2492 3022 2558 ﬂuvii,
3054 2494 3305 2550 fundum
3331 2491 3586 2565 petiturus,

2188 2580 2314 2643 Quo
2343 2578 2491 2648 ﬁxit,
2523 2580 2891 2653 comitesque
2923 2580 3125 2649 simul,
3160 2580 3394 2637 tentoria
3419 2576 3575 2633 morti.

2191 2667 2287 2722 Hic
2327 2684 2436 2723 sua
2465 2673 2659 2725 castra
2687 2669 2852 2740 prius
2884 2672 3181 2742 Sequana:
3219 2669 3519 2737 contingere
3542 2660 3714 2719 fundum
3810 2674 3811 2707 ξ

2188 2757 2314 2821 Quo
2348 2772 2601 2825 surgens
2632 2756 2838 2827 oritur,
2869 2757 3037 2828 dixit,
3075 2775 3260 2830 quam
3290 2757 3522 2829 linquere
3546 2763 3716 2819 regnum

2191 2847 2570 2911 Francorum,
2601 2844 2734 2900 fecit
2766 2847 3016 2902 Domino
3045 2846 3332 2903 tribuente
3360 2842 3502 2917 quod
3522 2837 3671 2911 inquit.
3810 2834 3811 2887 l

2261 2934 2522 3004 Denique
2540 2950 2678 2989 cum
2700 2934 2934 2991 medius
2964 2936 3169 2993 Titane
3182 2938 3278 2971 3159
3302 2932 3582 2991 incenditur
3598 2924 3719 2989 orbis,

2189 3025 2455 3095 Cumque
2490 3023 2608 3079 sitit
2639 3023 2809 3079 tellus
2857 3025 3182 3098 pecorique
3209 3025 3345 3080 libet
3370 3020 3532 3090 magis
3557 3012 3715 3072 umbra.

2189 3112 2394 3168 Silibat
2422 3119 2477 3169 et
2513 3119 2717 3183 gratus
2743 3113 2926 3169 silvas
2954 3116 3255 3187 zephyrus
3286 3129 3382 3186 per
3409 3122 3620 3169 amentis,

2185 3204 2475 3271 Pergama
2503 3202 2765 3259 loetiferis
2798 3203 3100 3276 stipantur
3131 3205 3208 3260 ab
3245 3201 3488 3259 hostibus
3516 3194 3648 3255 urbis,

2187 3292 2328 3356 Quae
2360 3292 2459 3325 ²¹⁶⁰
2488 3292 2711 3363 passim
2746 3291 3089 3363 patiebatur
3119 3297 3424 3359 certamen,
3452 3292 3500 3343 ei
3525 3296 3660 3339 unum

2187 3378 2491 3435 Bellabant
2518 3380 2695 3447 muri,
2729 3380 3005 3452 speculis,
3039 3387 3254 3453 pontes
3282 3391 3499 3453 quoque
3522 3366 3674 3431 cuncti.

2186 3468 2503 3536 Pugnabat
2530 3469 2802 3542 pelagus,
2833 3476 3043 3527 contra
3076 3471 3244 3528 tellus
3278 3467 3453 3537 magis
3478 3458 3643 3533 ampla-

2185 3557 2487 3613 Classica21
2499 3560 2540 3592 ⁰¹
2562 3558 2736 3614 valde
2752 3563 2977 3625 tonant,
2988 3560 3217 3616 mensis
3235 3562 3254 3594 ²
3264 3563 3272 3593 ¹
3284 3561 3326 3593 ⁶²
3339 3552 3590 3612 discedere
3601 3547 3716 3600 πίνος.

2180 3649 2322 3716 Eus,
2351 3647 2615 3704 clamant
2637 3648 2763 3704 litui
2788 3650 2905 3714 “53,
2940 3652 3218 3707 convivia
3245 3647 3463 3705 temnite
3487 3637 3661 3698 cuncti!

2183 3735 2331 3793 Urbs
2362 3740 2604 3805 terrore,
2638 3736 2815 3793 simul
2841 3736 3022 3803 cives,
3064 3737 3361 3794 invaditur
3383 3730 3579 3793 omnis;

2181 3821 2387 3877 Nullus
2416 3820 2478 3876 in
2507 3821 2653 3877 urbe
2677 3820 2846 3877 locus
2877 3821 3093 3886 fuerat,
3125 3823 3229 3896 qui
3251 3819 3402 3877 bella
3424 3815 3603 3873 lateret.

2181 3909 2307 3967 Pila
2335 3909 2485 3966 falas
2509 3912 2629 3977 ωδ,
2647 3909 2978 3984 laceraeque
3012 3892 3225 3982 tegunt
3252 3908 3484 3965 nimium
3502 3892 3719 3969 caupuli?“

2184 4002 2360 4067 Arva,
2392 3999 2553 4055 velut
2581 3999 2819 4071 pluviae,
2852 3999 3091 4071 plumbi
3120 4016 3230 4057 nec
3258 4013 3376 4054 non
3395 3987 3590 4053 onerosi

2178 4090 2364 4143 Poma
2393 4087 2622 4145 dabant
2652 4086 2824 4160 peltis
2853 4087 3115 4158 gemitus
3144 4093 3202 4145 et
3232 4084 3467 4158 grandia
3493 4091 3631 4139 saxa;

2182 4179 2313 4232 Haec
2338 4176 2513 4232 nobis
2534 4176 2614 4232 illi
2646 4176 2987 4233 tribuebant
3015 4178 3267 4251 praemia
3298 4186 3524 4246 semper.

2180 4267 2254 4321 At
2282 4270 2490 4323 contra
2520 4265 2752 4339 lapides
2779 4266 3022 4339 rapidos
3056 4268 3390 4341 pariterque
3418 4260 3616 4318 balistas

2180 4355 2451 4411 Direxere
2477 4354 2613 4411 feris
2644 4355 2852 4421 nostri,
2882 4355 3230 4430 celeresque
3256 4352 3495 4424 sagittas.

2182 4445 2281 4502 His
2311 4461 2412 4501 aer
2432 4444 2643 4500 seritur
2671 4444 2809 4500 hinc
2841 4444 2978 4500 inde
3010 4444 3354 4502 volantibus
3378 4436 3631 4511 amplum:

2178 4537 2305 4590 Non
2332 4532 2482 4588 inter
2511 4533 2692 4588 cmlos
2725 4532 2886 4588 aliud
2918 4534 3201 4589 tranabat
3230 4536 3285 4588 et
3314 4544 3465 4587 arva.
3673 4596 3709 4605 Η

2176 4625 2325 4680 Mars
2344 4620 2537 4691 magis
2556 4625 2734 4694 atque
2760 4621 2955 4691 magis
2967 4618 3529 4692 regnattimidusque
3544 4598 3725 4678 superbit

2176 4711 2357 4783 Virgo
2390 4710 2488 4766 Dei
2514 4709 2812 4766 Gcnovefa
2841 4714 3021 4783 caput
3041 4711 3305 4767 defertur
3332 4706 3406 4764 ad
3434 4700 3586 4767 urbis,

2176 4802 2305 4867 Quo
2338 4799 2535 4855 statim
2568 4799 2789 4855 meritis
2818 4800 2948 4871 ejus
2977 4800 3164 4856 nostri
3192 4795 3553 4872 superarunt;

2177 4888 2318 4945 Inde
2345 4888 2705 4958 fugaverunt
2729 4888 2908 4944 etiam
2936 4888 3139 4961 pinnis
3164 4886 3369 4961 procul
3391 4883 3523 4940 illos.

1778 5187 2068 5244 GLOSSE
2108 5188 2192 5242 ET
2232 5187 2451 5241 NO'I‘IE.

480 5333 634 5404 “‘"a
666 5346 903 5401 pagano
936 5334 1017 5399 gl.
1080 5335 1172 5366 ‘3'“
1210 5333 1410 5404 lapide
1441 5336 1525 5403 gl.
1591 5336 1686 5368 “‘3

404 5402 689 5456 manibus
722 5405 803 5470 gl.
850 5472 857 5475 Α
886 5404 981 5435 ³⁸³³
1011 5404 1166 5456 cives
1192 5402 1291 5471 gl:
1357 5407 1457 5439 ²⁶⁴⁶
1491 5402 1734 5460 futurus
1751 5407 1834 5475 gl.

406 5476 505 5507 "5"
539 5472 858 5529 Normanni
889 5475 969 5542 gl.
1075 5476 1165 5507 “5'
1203 5476 1358 5529 cives
1395 5478 1481 5545 gl.

401 5550 541 5600 runt
569 5547 652 5616 gl.
734 5546 830 5579 “55
864 5547 1270 5601 Mont-Martre.
1350 5548 1450 5581 ’³⁵⁸
1482 5546 1644 5609 ἣλιος.

1722 5351 2002 5407 percusso
2035 5335 2332 5407 monacho
2355 5337 2437 5402 gl.
2502 5337 2599 5367 “‘3
2632 5335 2982 5390 intrinsecus
3009 5336 3090 5403 gl.
3139 5335 3239 5367 ἠδ
3270 5345 3444 5407 prope

1924 5407 2017 5439 “‘7
2058 5405 2295 5459 Ebolus.

1580 5478 1678 5510 ²¹⁵²
1708 5491 1967 5548 quorum
1998 5478 2081 5547 gl.

1580 5567 1644 5609 2g.
1725 5550 1817 5583 “57
1854 5548 2028 5604 turris
2058 5563 2093 5618 g

3472 5323 3523 5379 id
3546 5322 3614 5374 est
3636 5318 3724 5379 Cum

2823 5410 2920 5441 9”“
2955 5401 3207 5461 Peccora
3240 5401 3389 5457 corr.
3442 5401 3722 5461 Pecora_M-

3237 5453 3257 5507 ἐ
3268 5453 3333 5507 (δέ
3346 5453 3350 5454 ν
3363 5453 3724 5523 commendave-

3384 5516 3606 5590 sarsn.
3633 5516 3729 5579 urbs

2397 5408 2493 5439 3”“
2528 5422 2625 5459 sex
2661 5409 2742 5474 gl.

2176 5478 2274 5511 3'53
2308 5476 2527 5530 scilicet
2550 5476 2673 5531 duo
2704 5494 2775 5532 ex
2802 5479 3018 5532 nostris
3050 5479 3135 5545 gl.

2240 5549 2338 5582 ²¹⁵⁸
2369 5548 2430 5601 in
2464 5549 2713 5615 superis.
2815 5552 2911 5583 “5"”
2945 5566 2980 5603 a
3013 5547 3194 5603 titane
3223 5548 3306 5615 gl.

401 5618 484 5688 gl.
566 5619 660 5652 κ¹⁶¹
692 5633 915 5673 cornua
945 5618 1030 5687 gl.
1107 5619 1205 5659 2””
1238 5616 1341 5672 scil
1373 5634 1407 5674 a
1435 5620 1520 5689 gl.
1600 5619 1700 5654 ²¹⁶⁵
1725 5635 1954 5675 cornua

2196 5620 2240 5651 5"
2277 5625 2462 5675 turres
2487 5616 2573 5690 gl.
