4034 6190
211 196 318 249 753
1128 197 1218 251 DE
1260 197 1485 254 BELLO
1525 196 1901 253 PARISIACO
1944 194 2122 252 LIBRI
2162 197 2335 253 TBES
2375 230 2443 238 —
2484 200 2609 254 LIB.
2650 197 2738 253 III.
3562 207 3671 259 754-

207 314 513 387 Tegmine,
540 313 825 370 decusata
855 316 949 351 ²³²⁷
982 320 1116 372 tuos
1147 318 1404 388 gemmis
1435 320 1550 376 nisi
1580 336 1733 377 zona
1920 316 1968 368 Α
2001 319 2176 376 Nasci
2202 324 2493 379 testantur
2515 321 2661 378 bibli
2686 338 2698 377 :
2729 320 2889 391 fuge,
2918 321 3193 389 Francia,
3222 319 3303 376 ab
3333 318 3459 374 istis
3486 322 3499 377 !

213 403 385 462 Nulla
412 403 570 459 fovet
593 402 855 469 lumbos,
883 405 1135 478 aurique
1165 407 1351 480 pedes
1381 409 1499 465 nisi
1528 410 1743 479 virgae;
2065 409 2318 467 Psallere
2377 427 2500 467 non
2551 411 2707 467 tedet
2745 412 2839 445 ³³³⁸
2870 429 2882 478 ;
2912 409 3057 467 deﬁt
3086 412 3187 445 ’3”
3227 412 3439 465 tamen
3502 420 3681 475 actus

212 496 343 550 Non
370 492 612 548 habitus
640 492 905 562 humilis,
936 510 1061 550 non
1090 500 1145 551 te
1165 495 1325 552 valet
1352 496 1576 553 abdere
1604 498 1809 555 vestis.
3320 495 3605 574 [Odonis,

214 584 352 639 Haec
381 581 527 638 facis
552 600 566 649 ;
595 582 723 638 haec
752 582 882 638 aliae
909 583 1138 641 faciunt
1168 589 1375 655 gentes
1404 586 1488 643 ita
1514 587 1726 656 nullae;
1995 585 2218 642 Nobilis
2244 586 2296 641 is
2327 602 2683 660 quanquam
2705 584 2926 641 mulcet
2953 600 3212 658 superas
3240 584 3444 643 adhuc
3468 606 3680 652 auras.

213 673 352 727 Haec
381 672 492 728 tria
515 673 577 727 ni
601 672 1020 745 linquas,vires
1045 690 1425 747 regnumque
1447 680 1765 749 paternum
1781 676 1882 711 ³³³³
2066 674 2307 745 Flagito,
2339 693 2462 748 quo
2506 676 2732 748 positor
2762 674 2861 709 ³³³³
2892 676 3129 746 possim
3175 690 3284 746 per
3316 691 3539 739 amena
3576 702 3685 758 po-

212 764 405 819 Omne
432 761 629 817 scelus
659 778 839 835 super
869 763 968 797 ’3”
1003 763 1097 818 his
1139 766 1239 799 ²³³⁰
1269 764 1502 835 Christi,
1529 766 1702 837 cujus
1734 781 1884 837 quo-
3381 768 3605 840 [lorum

1454 855 1595 925 [que
1621 858 1803 920 vates,
1990 857 2166 910 Hoste
2197 855 2293 889 ³³³⁴
2325 870 2529 921 canas,
2574 853 2781 923 lector,
2828 852 3159 921 gratarier,
3190 855 3291 892 "35
3321 860 3470 920 atria
3496 865 3676 923 victo.

287 939 432 995 Vers
460 942 565 995 618

691 1165 984 1212 EXPLICIT
1031 1168 1347 1213 SECUNDUS
1397 1169 1723 1214 PARICIACE
1773 1168 1957 1213 URBIS
2008 1169 2342 1217 BELLORUM
2392 1167 2821 1221 PRESULISQUE
2871 1165 3197 1217 GERMANI

1507 1292 1976 1340 MIRACULORUM
2022 1293 2322 1337 LIBELLUS
2333 1322 2346 1336 .

1589 1486 1886 1542 GLOSS/E
1928 1488 2015 1541 ET
2053 1486 2276 1541 NOTAE.

205 1607 379 1711 ":33"
416 1605 957 1711 dfacor’atzgag‘l.af3:8
990 1607 1514 1711 ‘scil.’ligq_ues‘glo
1566 1610 1664 1711 ²³¹²⁹
1696 1608 1772 1664 de
1791 1611 1877 1679 gl.
1923 1610 2022 1644 "3°
2053 1608 2178 1665 scil.
2209 1624 2270 1664 ιιι
2303 1606 2470 1663 viciis
2501 1607 2585 1676 gl.
2634 1604 2728 1639 ²³³¹
2764 1604 2888 1660 scil.
2925 1619 3024 1659 me
3052 1606 3138 1675 gl.
3192 1608 3291 1641 333’
3325 1607 3529 1663 deﬁcit
3562 1612 3649 1678 gl.

340 1682 515 1749 poeta
544 1680 627 1748 gl.
681 1679 775 1713 ²³³ί
805 1678 1048 1735 diabolo
1079 1681 1163 1750 gl.
1198 1678 1297 1715 ἐπ’
1331 1678 1518 1736 ltetari
1557 1682 1642 1751 gl.
1798 1678 1807 1679 ί

1137 1681 1163 1734 ῐ.
1198 1678 1297 1715 ἐπ’
1331 1678 1518 1736 ltetari
1557 1682 1642 1751 gl.
1798 1678 1807 1679 ί
2728 1694 2730 1696 ·

210 1898 1037 2009 INGBEDITUR
1073 1902 1651 2010 TERTIUS
1686 1854 3183 2057 CLEBICORUM§CILICET
3226 1900 3647 2007 DECUS

2495 2048 2717 2105 utilitas

829 2158 2239 2270 TYRUNCULORUMQUE
2318 2154 3014 2263 EFFECTUS.

889 2408 1145 2463 tabellas

605 2496 838 2567 Clerice,
878 2497 1132 2570 dipticas
1175 2496 1345 2553 lateri
1375 2512 1452 2553 ne
1482 2497 1819 2571 dempseris
1841 2512 2114 2570 unquam

598 2586 879 2655 princeps
911 2585 1044 2641 ludi

430 2674 678 2730 Corcula
701 2674 957 2731 labentis
985 2673 1183 2743 fugias
1212 2673 1337 2729 ludi
1364 2674 1512 2745 fore,
1546 2690 1622 2731 ne
1655 2679 1711 2731 te

1450 2765 1735 2835 princeps
1765 2766 1945 2820 unius
1984 2764 2102 2820 loci

738 2853 1019 2910 obscenus
1094 2853 1425 2910 baccaulus
1534 2855 1574 2910 i.
1607 2854 1883 2911 diabolus
1908 2854 2066 2910 erebi

603 2943 842 2997 Laetetur
878 2940 1074 2997 foedus
1113 2940 1437 3013 sandapila
1463 2958 1661 3015 neque
1687 2941 2011 3014 torpacha;

594 3045 801 3102 pugna
1120 3043 1295 3087 sacer
1317 3032 1704 3101 principatus
1734 3046 1783 3086 s.
1815 3032 1889 3087 sit
1917 3030 2027 3086 tibi
2049 3029 2207 3099 festa
2238 3027 2465 3082 tartari

599 3120 822 3176 Macbia
848 3120 919 3175 sit
940 3119 1065 3189 tibi,
1125 3135 1251 3192 quo
1337 3119 1649 3187 ierarchia,
1747 3135 1977 3193 necque
2070 3116 2278 3173 cloaca

736 3210 991 3277 pecunia
1137 3210 1477 3264 convivium
1697 3208 1901 3264 lucida

495 3305 525 3353 5
601 3301 726 3354 Non
755 3302 963 3353 enteca
1019 3312 1129 3352 nec
1181 3296 1400 3368 alogia,
1430 3312 1640 3353 verum
1692 3296 1907 3353 absida
1950 3301 2149 3353 tecum

1310 3386 1484 3455 vigor
1503 3386 1695 3442 animi
1718 3386 1813 3442 vel
1850 3384 2118 3454 corporis
2148 3382 2451 3437 industria

600 3477 1010 3541 Commaneat,
1043 3477 1271 3530 mentes
1301 3475 1632 3532 acrimonia
1661 3490 1783 3530 non
1814 3473 1959 3545 quia
1981 3471 2234 3528 mordet.

593 3565 893 3635 preliator
1258 3572 1462 3620 venter

599 3653 909 3723 Agoniteta
937 3658 1074 3709 tuus
1098 3653 1203 3709 ﬂat
1230 3650 1574 3722 ambasilla,
1598 3652 1677 3707 tui
1709 3665 1880 3705 mens

811 3745 1076 3800 celestem
1321 3742 1578 3796 colorem

599 3836 677 3888 Nc
726 3831 1003 3887 uranium
1052 3834 1265 3904 praeter
1320 3844 1591 3885 cromam
1648 3827 1841 3896 legat;
1890 3825 1938 3880 is
1984 3824 2126 3897 quia
2152 3822 2353 3878 multis

1129 3919 1487 3975 medicinam

598 4011 733 4063 Esse
768 4008 917 4063 deus
959 4007 1134 4072 solet;
1177 4006 1464 4063 anodiam
1495 4010 1718 4061 sectare
1750 4001 2088 4074 gemellam.

882 4098 1288 4153 calumniator
1466 4094 1774 4150 vehemens
1805 4093 2088 4149 robustus

459 4192 523 4243 to
600 4187 810 4243 Sistere
836 4185 1235 4258 sincophanta
1262 4200 1483 4252 verere,
1514 4183 1677 4239 boba
1706 4188 1900 4239 tamen
1933 4180 2114 4237 adsis.

595 4276 900 4345 scriptura
1329 4288 1472 4330 vasa
1500 4273 1840 4343 past-iralia
1875 4271 2051 4327 vestis
2073 4269 2332 4339 poetalis

597 4364 881 4436 Gripphia
910 4363 1055 4435 (533)
1090 4367 1140 4418 te
1170 4367 1392 4433 tangat,
1486 4361 1813 4429 carchesia,
1995 4365 2255 4431 togaque
2285 4356 2515 4413 crebro.

637 4446 974 4501 litterarum
1035 4444 1380 4512 compositio

597 4537 983 4591 Grammaton
1036 4530 1263 4587 sinteca
1316 4531 1594 4604 frequens
1624 4530 1791 4587 sistat
1819 4529 1923 4586 tibi
1952 4529 2150 4599 longe,

1062 4622 1257 4691 caligo
1288 4623 1596 4678 oculorum
1849 4634 2047 4676 massa

597 4712 857 4769 Absistat
886 4726 1026 4765 vero
1138 4709 1474 4778 glauconia,
1586 4708 1851 4765 criminis
1876 4706 2017 4763 offa.

596 4800 737 4857 auri
766 4800 992 4854 lamina
1016 4812 1295 4866 purpura
1474 4795 1832 4851 inclinativa
1860 4793 2103 4849 humilis

601 4870 845 4944 Hrathea
944 4886 1111 4941 blata
1218 4886 1455 4950 dehinc,
1498 4882 1775 4939 enclitiva
1806 4883 2207 4954 prosapiaque

459 4987 521 5035 15
596 4977 799 5034 Militiae
830 4975 1037 5032 Christi
1062 4989 1168 5047 per
1198 4979 1250 5030 te
1282 4974 1384 5030 nul
1410 4977 1621 5030 atenus
1654 4972 1880 5028 absint.

1099 5065 1392 5121 laicorum

599 5160 795 5225 tapete
814 5153 1077 5223 undique
1103 5154 1312 5209 villose
1337 5153 1702 5221 populorum
1737 5153 1921 5206 lectus
1944 5150 2007 5205 in
2038 5149 2250 5204 itinere

599 5243 1032 5316 Amphytappa
1208 5241 1349 5297 laon
1494 5244 1672 5305 extat,
1736 5237 2045 5293 hadanola
2135 5252 2370 5292 necnon
2396 5255 2409 5304 ;

598 5337 1014 5388 ornamentum
1042 5331 1319 5387 decorum
1346 5330 1520 5385 valde
1544 5335 1750 5385 amant
1785 5333 1997 5384 vestem
2016 5331 2228 5395 putam
2260 5327 2350 5381 vel
2374 5325 2628 5395 gumfan
2647 5326 2882 5383 claram
2906 5325 3210 5395 potionem
3235 5338 3345 5394 per
3367 5324 3469 5380 lin.
3481 5338 3615 5381 cum

603 5420 875 5494 [impiam
1045 5406 1070 5429 ⁸
1341 5418 1630 5484 diamant,
1814 5414 2185 5483 strangulam
2226 5414 2349 5484 pari
2361 5417 2561 5485 terque
2739 5428 3103 5489 proponam

1806 5547 2026 5602 ΝΟΤᾹῖ.

273 5644 408 5714 533)
435 5639 695 5713 Griphia.
729 5654 887 5695 corr.
919 5635 1227 5709 Gripphia.
