3950 6178
127 177 232 228 757

266 5588 411 5661 (335)
440 5586 599 5642 Beda
628 5584 873 5661 pometa
898 5580 1040 5636 dicit
1067 5578 1172 5634 ubi
1214 5592 1400 5650 poma
1429 5575 1721 5641 oriuntur,
1750 5586 1855 5644 po-

186 5657 402 5720 manu
413 5674 538 5733 quo
566 5657 912 5713 servantur.

393 1102 462 1154 50

398 2002 462 2049 iiii

405 2890 472 2941 60

414 3694 480 3743 65

425 4587 496 4638 70

1031 182 1118 235 DE
1158 182 1382 239 BELLO
1428 182 1790 239 PARISIACO
1833 181 2013 241 LIBRI
2069 178 2272 236 TRES.
2306 210 2372 219 --
2407 180 2536 235 LIB.
2572 178 2666 234 ΙΙΙ.

531 301 692 355 locus
724 316 945 359 vacuus
1243 308 1541 364 viridiara
1614 323 1660 362 s.
1691 311 1831 361 sunt
1856 305 2048 374 pomis

531 390 868 447 Pomerium
930 393 1079 465 (535)
1110 396 1290 463 curti,
1357 395 1630 470 pomaria
1693 408 1967 465 congrua
1992 391 2188 447 malis.

1695 488 1918 539 stercus
1951 481 2280 536 humanum

535 565 774 638 Fulgeat
801 569 1074 627 ecclesiis
1117 577 1370 641 ostrum,
1410 572 1695 643 longesit
1743 570 1989 643 oletum,

783 659 982 717 corbes
1198 655 1210 665 ’
1606 730 1609 735 Α
1758 660 1920 716 venti
1934 659 2155 727 virgas,
2172 657 2494 712 uiridiario

534 745 760 801 Praedia
824 748 1007 821 quala
1038 749 1141 805 tibi
1174 755 1456 820 statuant,
1522 750 1745 827 agitent
1772 748 1963 804 ﬂabra
2061 744 2271 815 flogra.

572 835 745 903 longe
850 840 1138 907 serpentis
1164 841 1480 909 proprium
1622 837 1748 892 bibe
1866 835 2170 891 moritium

538 924 858 982 Eminusut
966 943 1197 999 gorgon
1378 928 1604 999 fugiat,
1657 930 1802 1000 pota
1863 925 2204 981 diamoron.

784 1017 977 1072 lutum
1008 1024 1195 1074 totum
1998 1012 2098 1068 via

537 1104 758 1176 Sperne
805 1105 1011 1178 platon
1051 1107 1210 1174 olon,
1263 1106 1563 1180 sinposia,
1644 1102 1931 1177 quatinus
1965 1099 2129 1157 odon

854 1195 1081 1250 medius
1110 1211 1245 1251 sons

533 1285 607 1337 Te
635 1282 872 1351 lustret;
928 1287 1194 1340 temeson
1234 1283 1457 1353 vigeas,
1494 1282 1693 1338 sinon
1725 1284 1891 1353 potes
1919 1278 2149 1333 insons.

533 1387 724 1441 Penus
1276 1374 1543 1430 redoleat
1614 1370 1871 1441 pecunia
1899 1368 1972 1424 de
2005 1367 2153 1422 lucis

538 1463 647 1517 Lar
672 1460 797 1531 tibi,
843 1477 966 1534 quo
996 1468 1201 1518 nectar
1275 1461 1504 1532 fraglet,
1579 1460 1866 1531 lucarque
1941 1471 2051 1512 nec
2105 1453 2279 1510 absit.

535 1552 933 1607 mercennarii
1395 1552 1554 1607 ellno
1582 1550 1930 1605 lita-ariosus
1960 1546 2284 1614 dissipator
2324 1542 2494 1596 vocat

539 1638 798 1695 Gallonis
847 1655 1078 1695 memor
1107 1645 1231 1696 esto
1268 1640 1368 1707 tui,
1474 1638 1686 1695 ambro
1746 1636 1950 1693 timeto
1988 1632 2146 1689 cieri.

538 1734 730 1784 custos
761 1730 1061 1785 mulorum
1138 1732 1364 1785 uae/cus
1752 1722 2035 1795 provisor
2058 1732 2342 1793 equorum

540 1817 711 1873 Mulio
929 1818 1131 1874 strabo
1165 1822 1299 1873 tuus
1331 1832 1526 1890 neque
1554 1816 1645 1883 sit;
1701 1829 1896 1885 neque
1922 1820 2151 1882 agoson
2184 1805 2427 1863 inermis

539 1908 671 1961 dom
680 1923 747 1962 us
779 1908 1020 1976 inﬁrnm
1498 1905 1873 1975 sanguisuya
1938 1901 2183 1959 assidua

536 1995 777 2052 Abbaso
824 1997 970 2067 (536)
1150 2011 1273 2067 quo
1326 1994 1516 2062 fuerit,
1546 1994 1619 2049 sit
1645 1991 1862 2048 hirudo
1937 1989 2217 2060 frequens
2248 1982 2548 2040 comitata-

538 2086 848 2155 disjungat
1350 2082 1745 2139 intervallum
1820 2080 2066 2149 agiliter

542 2173 807 2246 Disparet
836 2190 907 2230 ac
933 2173 1167 2229 validos
1262 2170 1647 2243 intercapedo
1679 2168 1901 2226 citatim

715 2264 942 2332 femina
960 2262 1152 2317 virilis
1173 2260 1361 2316 animi
1470 2261 1662 2313 intrat
2169 2255 2385 2307 tectum

544 2353 599 2409 Si
673 2368 795 2424 qua
847 2351 1051 2419 virago
1126 2355 1295 2405 tuum
1359 2351 1645 2420 penetret,
1682 2400 1687 2403 Α
1723 2343 2121 2407 reminiscere;
2151 2339 2355 2395 doma.

544 2442 859 2497 concilium
885 2454 1074 2495 sermo
2072 2427 2325 2485 mantile

547 2530 683 2585 Bule
1041 2531 1201 2597 tegat
1229 2525 1439 2583 Christi
1497 2528 1759 2580 mentem
1833 2521 1959 2591 tibi,
1993 2532 2259 2591 gausape
2290 2518 2583 2570 mensam.

546 2620 896 2675 mandatum
1543 2620 1777 2685 torques
1794 2625 1981 2668 aurea
1998 2624 2132 2666 cum
2148 2604 2411 2678 gemmis.

548 2708 748 2764 Entole
822 2711 878 2762 te
911 2711 1130 2777 comat,
1162 2719 1456 2776 regesque
1635 2700 1838 2757 haben
2082 2702 2500 2768 preceresque.

1971 2785 2323 2843 mandatam

546 2884 861 2940 Abdomen
910 2883 1156 2939 minime
1188 2886 1426 2955 superet
1453 2894 1673 2952 corpus
1725 2886 1903 2947 mage
1984 2875 2171 2931 teche.

583 2975 810 3029 celestis
922 2988 1106 3028 novus
1327 2985 1513 3025 novus
1542 2970 1605 3024 in
1642 2968 1760 3035 ﬁde

549 3061 759 3117 Uranei
803 3060 1157 3130 neotericus,
1190 3064 1370 3131 atque
1406 3056 1663 3113 neoﬁtus
1710 3054 1876 3111 haud
1905 3053 1987 3109 sis

551 3152 855 3221 Dogmatis
906 3166 975 3206 ac
1004 3149 1122 3216 dei,
1148 3149 1366 3221 jugiter
1420 3146 1529 3203 sed
1577 3144 1810 3218 priscus
1841 3143 1920 3200 ab
1949 3141 2114 3199 olim;

1406 3238 1640 3293 utinam

554 3330 1045 3397 Quattuorimmo
1064 3332 1235 3385 tuum
1258 3328 1369 3383 hec
1416 3330 1481 3382 tu
1508 3326 1649 3382 item
1677 3323 2034 3380 comitentur
2063 3320 2123 3376 in
2154 3322 2373 3374 aevum.

923 3434 1093 3475 sacer
1193 3419 1478 3487 princeps
1544 3416 1676 3471 laus
1700 3415 1918 3470 iterata
1948 3416 2002 3467 et
2028 3410 2258 3479 duplex

553 3510 740 3566 Teche
772 3508 891 3576 Dei,
922 3508 1108 3575 ieron,
1133 3506 1499 3578 archonque,
1522 3502 2013 3575 palinodianque;

558 3598 955 3656 Circumcisus
1203 3594 1456 3651 cardian
1487 3593 1551 3648 id
1577 3598 1661 3648 est
1688 3592 1930 3662 pulsum
1953 3588 2148 3645 cordis
2168 3586 2406 3655 patiens

554 3687 805 3743 Ancisus
876 3685 1064 3755 vivas,
1104 3684 1252 3756 quin
1340 3680 1653 3737 cardiacus
1737 3677 2014 3734 moriare.

594 3778 802 3847 nigras
1629 3766 2053 3825 lavandariam

558 3865 833 3921 Ceruleas
861 3868 1056 3920 vestes
1086 3862 1134 3917 si
1165 3864 1381 3930 gestas,
1462 3872 1644 3931 posce
1684 3854 2033 3913 colimbum.

770 3955 922 4025 fune
941 3951 1125 4009 corda
1186 3950 1355 4005 navis
1464 3962 1642 4004 arcus

563 4044 802 4101 Ducitur
834 4042 1100 4113 anguina
1148 4037 1373 4094 limbus
1440 4033 1707 4109 arcippio
1736 4047 1847 4088 nec
1876 4046 2019 4088 non.

598 4148 780 4206 equus
1590 4190 1595 4201 ‘
1637 4138 1751 4194 que

563 4222 867 4279 Canterius
889 4218 1100 4276 antelis
1132 4217 1281 4289 (537)
1311 4219 1385 4278 et
1418 4212 1662 4288 postelis
1690 4211 1988 4284 equitatur

566 4314 930 4370 anxietatem
1079 4308 1425 4364 tenuitatem
1444 4303 1710 4373 corporis
1908 4298 2289 4355 amenitatem

565 4402 849 4476 Aporiam
882 4399 987 4457 sed
1016 4403 1073 4455 et
1139 4394 1475 4469 atrophiam
1507 4390 1775 4465 patiaris,
1834 4392 1901 4444 ut
1970 4402 2144 4444 acam

565 4496 916 4563 perpetuam
976 4489 1137 4544 socia
1630 4483 1948 4551 congregct

568 4585 848 4637 Atervam
879 4575 1143 4651 appodix
1168 4580 1272 4631 tua
1297 4588 1469 4629 mens
1495 4569 1609 4627 sibi
1635 4569 1962 4638 congregat
1990 4566 2138 4635 ejus.

641 4670 905 4725 dolorem
1123 4664 1300 4721 valde
1321 4666 1599 4735 quaerunt

573 4759 886 4831 Algemam
910 4755 1125 4811 mentis
1150 4751 1478 4825 anquirunt
1506 4748 1649 4805 talia
1671 4762 1880 4803 verum

568 4847 1104 4920 impassibilitatem
1180 4844 1451 4913 e/fugant
1594 4836 1937 4894 merendam

575 4938 785 5013 Aphati
793 4954 893 4995 am
1100 4931 1449 4998 emendant,
1532 4926 1903 4985 anteseniam
1964 4938 2211 4996 quoque
2226 4922 2459 4991 largam

864 5028 1129 5083 alienum
1164 5023 1423 5080 laborem
1686 5016 1928 5071 dilectio

580 5121 872 5177 Ediﬁcant
897 5137 911 5187 ;
944 5132 1204 5190 agapem
1420 5111 1627 5168 suffert
1654 5124 1849 5182 agape
1876 5105 2057 5163 nimis
2086 5107 2245 5177 apta.

1902 5322 2125 5393 Nora.

2036 5567 2187 5639 (536),
2206 5564 2447 5639 Abbaso
2478 5577 2635 5639 corr.
2664 5559 2888 5616 Abaso.

2047 5630 2197 5693 l53‘7l
2226 5637 2341 5692 Hic
2369 5638 2427 5692 et
2452 5634 2739 5691 scrinium
2770 5646 2841 5689 ac
2867 5630 3146 5687 deletum.

3448 175 3553 233 758
