4034 6190
383 144 487 197 759

437 1410 510 1463 80

1414 139 1711 195 ΑΒΒΟΝΙΞ
1752 134 2378 193 SANGERMANENSIS
2420 129 2759 190 MONACHI.

1064 278 1309 332 capram

778 349 1015 406 Nisibus
1045 351 1323 421 aegidiam
1353 350 1412 406 in
1438 351 1564 421 giro
1595 349 1831 406 secteris
1860 348 2069 405 acutis.

780 441 1268 510 consanguineos,
1298 441 1664 511 propinquos
1732 439 2006 508 pluviam

649 536 705 585 75
781 535 1045 599 Agnatos
1475 534 1676 586 teneas
1727 528 2059 600 aregidiam
2117 544 2361 601 quoque
2391 531 2537 587 verb

1050 620 1330 675 dtemonis
1728 618 1998 688 lugubris
2178 619 2432 687 spolium

782 707 1059 777 Anheles,
1091 708 1279 764 hostis
1364 724 1439 763 ne
1526 707 1604 761 sis
1714 710 1939 763 atratus
1999 706 2059 761 in
2135 705 2351 762 aslum.

819 780 953 835 vela
2293 778 2465 834 calor

785 867 973 923 Aulea
997 882 1073 923 ne
1100 871 1418 936 angustent
1464 867 1732 923 animam
1784 865 2041 933 sceleris,
2135 869 2221 922 set
2244 866 2494 940 aprilax.

1733 962 2142 1025 transgressor

787 1046 983 1101 Alluat
1010 1045 1323 1112 aethereus,
1355 1044 1526 1100 noxis
1593 1060 1668 1100 ne
1734 1048 2010 1117 apostata
2081 1042 2214 1099 ﬁas.

965 1140 1197 1190 scutum
1496 1134 1916 1202 conﬁdentiam
1948 1133 2324 1188 alacritatem

793 1226 945 1280 Leva
973 1222 1162 1279 ancile
1193 1238 1387 1294 geras,
1441 1223 1651 1278 dextra
1676 1222 2081 1293 agoniamque
2223 1219 2363 1276 ﬁdei

832 1318 1005 1369 extra
1232 1314 1523 1382 edi/icium
1548 1312 1655 1367 sub
1683 1312 1881 1381 terris,
1909 1316 2152 1366 antrum
2192 1324 2495 1366 annonam
2553 1311 2897 1379 protrahat,
2950 1310 3209 1380 protelet

585 1402 869 1476 Auspicio
895 1417 931 1458 a
956 1416 1227 1470 maneas,
1434 1416 1736 1472 apogeum
2167 1397 2433 1471 aliquam
2556 1399 2803 1472 ampliet
2946 1398 3155 1456 altum.

693 1493 886 1549 velum
1264 1490 1687 1545 monasterium
1718 1489 1784 1544 id
1811 1494 1896 1546 est
1924 1488 2410 1558 singularitatem
2438 1488 2548 1544 Dei
2575 1489 2811 1544 servitii

798 1585 1126 1634 Armenum
1156 1578 1322 1633 cordi
1350 1577 1542 1647 tollas,
1589 1576 1958 1633 arcisterium
2006 1575 2218 1632 addas.

796 1667 1076 1736 princeps
1105 1667 1312 1721 domus
1362 1667 1639 1722 amicitiae
1669 1670 1877 1735 aptum
1903 1665 2109 1721 album
2146 1679 2362 1718 ornum

800 1752 1247 1809 Architriclinus
1417 1753 1671 1810 amicalo
1913 1752 2221 1809 amineum
2266 1750 2405 1807 colit
2434 1755 2612 1824 atque

1370 1859 1513 1900 vasa
1525 1844 1721 1912 pomis
1738 1843 2008 1912 ferendis
2033 1847 2180 1912 apta

806 1932 947 1987 Huic
973 1931 1147 1986 malis
1173 1932 1351 1987 etiam
1516 1930 1820 2004 apofereta
2070 1934 2400 1987 autumnus
2430 1930 2730 1986 honustat.

911 2021 1083 2075 homo
1253 2022 1380 2076 sine
1403 2022 1657 2090 conjuge
1729 2020 2061 2077 castitatem

804 2110 1108 2179 Antropus
1137 2113 1229 2163 ast
1328 2124 1582 2178 agamus
1692 2107 2034 2164 caelibatum
2057 2106 2232 2177 colat,
2260 2110 2317 2163 et
2348 2107 2432 2161 sic

903 2197 1108 2275 urbem
1496 2201 1820 2266 paternam

664 2289 731 2341 85
806 2284 1141 2357 Argiripam
1209 2290 1426 2352 cernet,
1496 2285 1754 2358 patriam
1784 2284 2063 2357 civesque
2091 2285 2323 2341 beatos.

1283 2390 1442 2430 mors
1466 2375 1663 2430 subita
2093 2375 2317 2430 astutia

811 2464 984 2520 Haud
1013 2463 1152 2520 huic
1180 2469 1267 2520 est
1296 2463 1615 2537 apoplexia
1644 2479 1805 2531 cure,
1884 2463 1991 2519 sed
2019 2467 2078 2519 et
2119 2468 2252 2520 astu

1433 2554 1675 2609 miseros
2210 2547 2213 2550 ⁴

811 2645 1107 2713 Angustat
1153 2641 1372 2709 nullos,
1404 2645 1724 2698 amartetes
1756 2641 1907 2698 solet
1932 2640 2094 2697 idem

814 2731 896 2786 ad
915 2736 1139 2787 statum
1161 2744 1443 2786 revocare
1458 2730 1641 2801 fugat
1999 2730 2377 2786 amictorium
2410 2730 2630 2785 lineum

816 2819 1162 2891 Antiquare,
1444 2818 1651 2889 aginat
1676 2833 1957 2874 venerem
2049 2817 2412 2875 anaboladia
2459 2823 2672 2891 portat.

851 2908 1070 2963 albidis
1126 2907 1443 2975 splendent

816 2994 1102 3050 Albuneis
1156 2994 1360 3051 albent
1459 2995 1657 3068 pomis
1682 2995 1821 3051 huic
1852 2995 2194 3068 apofereta;

679 3084 748 3139 90
820 3083 1071 3139 Virtutes
1125 3087 1353 3139 cunctte
1450 3084 1811 3141 comitantur
1846 3084 2114 3141 amiciter
2140 3084 2347 3153 illum;

1429 3173 1842 3243 labefactendo
1864 3175 2254 3231 concutiendo
2282 3174 2509 3231 diaboli

821 3260 992 3317 Hunc
1021 3276 1145 3316 non
1172 3260 1310 3315 allid
1321 3264 1423 3317 unt
1533 3260 1948 3318 aﬁ‘urcillando
2164 3262 2406 3318 sinistri.

1378 3352 1848 3420 proﬁciscuntur
1861 3352 2179 3407 mustiones
2194 3353 2299 3422 qui
2311 3357 2647 3408 nascuntur
2664 3352 2739 3407 de
2759 3353 2898 3405 vino

826 3440 865 3492 E
894 3437 1126 3493 baccho
1156 3438 1449 3509 quoniam
1481 3439 1699 3495 bittunt
1729 3438 1908 3509 geniti
1938 3439 2234 3509 bibiones,

823 3529 1006 3584 stulte
1028 3530 1297 3600 loquitur
1322 3530 1458 3585 vino
1490 3532 1628 3586 albo

825 3617 1105 3673 Platterat
1284 3618 1523 3673 amineo
1633 3620 1680 3675 si
1708 3620 2074 3676 constiterint
2121 3623 2178 3675 et
2209 3619 2403 3675 eidem

1504 3715 1749 3779 gutture

828 3794 1149 3864 Indignum
1198 3795 1459 3851 referens
1505 3797 1800 3869 brancho,
1832 3813 2198 3871 prorsusque
2227 3799 2530 3869 brutescit,

1004 3884 1153 3939 illuc
1186 3885 1231 3938 it
1255 3886 1528 3942 ambulat
2269 3890 2615 3958 duplicetur

683 3976 750 4026 95
827 3971 999 4026 Haud
1059 3971 1159 4026 illa
1258 3972 1431 4042 bittit,
1544 3989 1667 4045 quo
1711 3973 1984 4046 quisquis
2013 3975 2240 4032 honore
2293 3978 2552 4034 bimetur

824 4061 970 4129 ru/‘a
988 4061 1165 4129 nigra
1218 4061 1433 4117 bonum
1740 4064 2024 4132 juvenem
2442 4066 2600 4136 fodit

827 4151 1014 4204 Burra
1183 4151 1445 4223 probum
1465 4150 1673 4217 fateor,
1718 4151 2041 4209 buteonem
2070 4153 2175 4226 qui
2205 4170 2351 4211 arva
2375 4154 2668 4212 bidentat.

828 4238 927 4293 Hic
967 4241 1054 4293 set
1082 4241 1140 4293 et
1181 4239 1480 4308 ingenuus
1499 4238 1756 4296 similem
1773 4242 2026 4299 retinent
2055 4242 2411 4313 genituram.

859 4326 1045 4395 spado
1058 4328 1318 4383 adornat
1336 4329 1628 4383 construit
1642 4329 1993 4388 habitacula
2004 4337 2205 4388 castra
2353 4333 2539 4389 tristis

828 4417 1103 4485 Buggeus
1213 4419 1470 4488 apparat
1613 4422 1669 4474 et
1719 4418 1967 4488 burgos,
2034 4435 2243 4476 verum
2292 4420 2542 4476 biliosus

1345 4520 1487 4562 caro
1543 4510 1883 4577 sepulcrum
2130 4511 2300 4566 triste

824 4595 1091 4666 Apparet
1119 4595 1298 4666 atque
1346 4592 1540 4651 boson
1566 4596 1840 4669 taphium
1889 4597 2002 4653 sibi
2032 4597 2384 4655 sibiliosum.

860 4682 1047 4737 datur
1963 4688 2215 4757 lugubre

651 4770 761 4823 100
828 4769 917 4825 Sic
948 4770 1166 4826 animae
1197 4786 1415 4845 corpus
1447 4772 1568 4827 vita
1615 4774 1900 4846 conponit
1946 4780 2264 4844 amarum;

2002 4880 2047 4920 s.
2082 4872 2167 4921 est

822 4950 980 5005 Laeta
1004 4952 1091 5005 set
1120 4951 1530 5023 Omnipotens,
1565 4950 1613 5005 si
1641 4967 1814 5006 mens
1846 4951 2003 5024 felix,
2035 4958 2210 5026 parat
2237 4960 2417 5011 astra.

825 5036 1081 5093 Comiter
1108 5039 1224 5094 hoc
1252 5042 1500 5094 cunctos
1527 5055 1795 5109 moneas,
1830 5046 1891 5097 tu
1921 5042 2093 5099 miles
2121 5043 2339 5099 herilis.

2138 5133 2377 5202 inferno

818 5217 1106 5271 Praeterea
1137 5231 1273 5271 cum
1307 5215 1441 5288 quis
1471 5233 1695 5275 noxam
1725 5219 2121 5276 clandestinat
2148 5225 2342 5290 antro,

1379 5309 1736 5379 constringit

810 5391 1069 5465 Cespitat
1118 5397 1296 5467 atque
1348 5401 1728 5467 coagmentat
1766 5398 1813 5454 si
1842 5396 2092 5454 crimina
2119 5397 2324 5468 virtus,

3695 113 3826 170 760
