4034 6190
243 207 343 259 76!
782 179 794 185 ’
1599 189 1977 273 ssnuoﬁss
2016 210 2351 275 QUINQUE.
3600 229 3706 283 762

1355 343 1569 397 crescit

466 418 565 473 105
640 420 984 478 Communit
1008 428 1293 496 mentem,
1326 428 1673 486 coalescens
1706 427 1963 486 comiter
1993 427 2126 498 ejus

1667 519 1868 589 pollet
1896 519 2060 588 viget

642 601 898 656 Pectoris
926 601 987 657 in
1013 608 1190 675 portu
1222 604 1597 664 clandestina
1623 623 1773 664 nam
1806 607 1955 663 cluit
1982 606 2105 662 illic

1824 699 2029 754 virtus

642 776 940 848 Clancule,
973 796 1096 836 non
1122 786 1395 840 constare
1422 784 1528 840 diu
1556 789 1763 841 tamen
1794 786 1931 859 ipsa
1956 784 2210 841 valebit.

1428 875 1684 944 desuper
1792 891 1910 945 per
1933 876 2347 945 evangelistas

647 956 947 1029 Clancula,
976 962 1121 1017 teste
1148 963 1413 1019 Tonante
1439 978 1621 1036 super
1649 968 1889 1020 sacrata
1916 979 2044 1036 per
2073 978 2183 1019 ora

1112 1050 1400 1107 astutiam
1458 1051 1756 1107 damnare

646 1133 794 1189 Cum
820 1134 1021 1192 videas
1095 1140 1292 1194 astum
1367 1137 1766 1211 pessumdare
1795 1137 1992 1195 saecla
2019 1139 2375 1211 nefandum,

859 1224 1304 1293 familiaritatis
1332 1233 1613 1284 servator

477 1312 576 1366 HO
650 1315 839 1368 Immo
948 1313 1226 1372 clientelae
1335 1319 1502 1371 tutor
1576 1315 1810 1373 Domini
1849 1313 2032 1373 velut
2070 1317 2260 1375 haeres

647 1401 711 1456 in
742 1403 857 1458 hac
886 1403 1011 1460 vita
1120 1420 1422 1475 ascensus,
1456 1407 1640 1462 colles

652 1489 749 1545 Hic
806 1507 1073 1562 meneas,
1133 1493 1320 1550 clivos
1378 1493 1670 1552 virtutum
1712 1496 2008 1569 quatinus
2048 1497 2243 1554 almos

725 1580 982 1637 breviter
1010 1587 1066 1638 et
1089 1589 1302 1640 ornate
1328 1585 1687 1654 compositas
1760 1585 1868 1642 deo
2016 1601 2350 1657 personare

654 1670 972 1740 Scandere,
1121 1672 1451 1728 concinnas
1705 1681 1846 1727 6H0
1909 1678 1975 1730 tu
2015 1675 2293 1746 clangere
2322 1677 2533 1734 laudes

1147 1778 1195 1818 s.
1222 1765 1498 1833 personis
1678 1766 2052 1821 solummodo
2102 1769 2211 1822 uni

650 1850 898 1907 Nomine
925 1849 1155 1907 sistenti
1229 1850 1413 1907 ternis
1488 1851 1693 1908 valeas
1803 1853 1992 1910 modo
2103 1854 2213 1911 soli

1193 1944 1492 2010 potestate
1519 1942 1723 2011 gloria

650 2030 969 2097 Magestate
997 2031 1200 2084 tamen
1276 2032 1427 2083 nutu
1501 2027 1785 2101 doxaque
1825 2031 2163 2103 perhenni,

479 2118 576 2172 145
653 2118 847 2183 Quam
876 2116 1097 2188 pariter
1122 2120 1321 2172 tecum
1352 2120 1591 2172 teneam
1617 2121 1684 2173 tu
1713 2116 1927 2176 clerico
1954 2134 2193 2191 poscas.

255 2352 538 2407 FINITUR
617 2350 869 2406 CERNUI
955 2348 1377 2404 OPUSCULUM
1450 2347 1835 2403 CATECASTI
1911 2293 2119 2405 ἒξζιίΜΙῐ
2192 2350 2665 2407 CONFESSORIS
2746 2353 3051 2408 GERMANI
3135 2351 3685 2417 SUGGESTUSQUE

1042 2419 1389 2475 PARISIACI
1427 2420 1674 2473 PBELII
1715 2419 2224 2486 HUMILLIMIQUE
2268 2423 2541 2476 LEVITJE
2580 2423 2900 2478 ABBONIS.
3744 2424 3749 2427 ’

259 2591 3676 2627 m

855 2726 1479 2847 ABBONIS
1577 2726 2341 2848 SERMONES
2435 2729 3096 2876 QUINQUE

1787 2958 2157 3021 SELECTI.

556 3249 1185 3339 ACHEBII
1334 3250 2059 3343 MONITUM
2192 3253 2378 3341 AD
2514 3254 3393 3345 LECTOREM.

1511 3462 1832 3534 (Spicilegii
1861 3468 2009 3521 tom.
2043 3466 2088 3536 Ι,
2112 3482 2250 3538 pag.
2286 3470 2436 3539 336.)

1761 3631 2187 3646 m—

330 3778 603 3852 Abbonis
624 3780 965 3837 monasterii
993 3778 1304 3852 Prmtensis
1335 3777 1650 3852 cicenobitaei
1666 3796 1735 3835 ac
1754 3795 1918 3852 pres-
1956 3785 2000 3835 Α
2061 3851 2065 3852 ί
2103 3780 2218 3835 Cur
2246 3796 2383 3852 vero
2410 3794 2717 3834 sermones
2756 3778 2901 3852 istos
2935 3777 3365 3852 conscripserit
3394 3775 3683 3852 vulgave-

256 3851 454 3922 byteri
486 3867 794 3907 sermones
835 3851 1236 3924 suppeditavit
1265 3851 1518 3923 scriptus
1545 3851 1731 3905 codex
1754 3848 1915 3921 Ejus-
2025 3851 2214 3932 ritque
2243 3851 2434 3911 Abbo.
2462 3866 2712 3906 causam
2735 3849 2906 3906 affert
2929 3850 2989 3904 in
3012 3848 3513 3929 argumentosive
3534 3862 3687 3972 [ire

256 3922 400 3972 (lem
433 3922 1047 3972 abbatimﬁuosinter
1069 3923 1269 3972 nlures
1290 3922 1450 3972 haud
1475 3921 1603 3972 luce
1632 3922 1911 3972 indignos
2022 3921 2350 3972 fatmncula
2388 3922 2769 3972 sermonibus
2798 3922 3068 3972 praefixa.
3094 3920 3184 3972 his
3214 3919 3412 3972 verbis
3438 3918 3517 3972 ad
3590 3932 3686 3972 ec—

254 3918 401 4004 deni
433 3918 1047 4004 abbatite,(piosin'ter
1068 3923 1269 4004 plures
1290 3918 1451 4004 haud
1474 3921 1603 4002 luce
1632 3918 1913 4003 indignos
2022 3918 2769 4004 fatiuuculanscrmonibus
2798 3922 3068 4004 pristina,
3094 3920 3184 4004 his
3214 3918 3412 4004 verb-is
3438 3918 3686 4004 a'd‘Lec-

244 3988 707 4065 judicavimus.’
745 3988 1015 4065 Quinque
1068 3988 1281 4065 itaque
1317 3988 1787 4065 descripsimus;
1813 3993 1918 4064 qui
2026 3998 2212 4065 torem
2250 4012 2262 4049 :
2299 3996 2478 4065 «Hoc
2510 3988 2870 4065 opusculum
2902 3991 3004 4048 tibi
3035 3991 3222 4065 nudo,
3257 3994 3428 4065 λεια,
3471 3988 3685 4065 Elaeu-

252 4010 683 4063 ιιιαιοεινιωιιε.
745 4010 1015 4065 quinque
1073 4010 1151 4049 ita
1200 4010 1273 4048 ue
1317 4010 1761 4063 aescr1ps1mus,
1813 4010 1918 4064 qm
2026 4010 2212 4048 iorem
2250 4012 2262 4049 :
2299 4016 2325 4041 ‹‹
2362 4010 2478 4047 noc
2510 4010 2545 4047 o
2595 4010 2870 4048 uscuium
2902 4010 3004 4048 um
3035 4010 3222 4061 nuoo,
3257 4010 3287 4044 ›
3318 4010 3428 4046 θιο.
3471 4010 3684 4044 mucu-

252 4064 648 4136 potissimum
686 4010 1519 4136 ecclesiasticamEciplinam
1548 4079 1619 4119 eo
1652 4069 1918 4136 tempore
2027 4064 2224 4136 bravit
2248 4064 2425 4136 Abbo,
2470 4068 2527 4119 et
2550 4010 2735 4120 libros
2765 4063 2918 4119 duos
2969 4062 3241 4136 versibus
3268 4061 3343 4117 de
3369 4059 3684 4136 obsidione

250 4133 645 4207 observatam
675 4139 996 4205 ostentant,
1012 4133 1352 4207 rdocentque
1383 4133 1919 4207 prtecmteris'mo-
2029 4134 2251 4190 Lutitite
2302 4135 2658 4191 Parisiorum
2692 4150 2729 4207 a
2760 4133 3118 4207 Normannis
3157 4134 3315 4207 facta
3345 4148 3444 4207 an.
3478 4134 3581 4187 886
3614 4134 3687 4207 et

247 4206 407 4279 dum
444 4205 715 4279 Ecclesia:
745 4201 1323 4279 reconciliandoruin
1355 4201 1591 4279 publice
1619 4205 1911 4279 poeniten—
2024 4208 2148 4279 887,
2198 4222 2320 4278 quo
2352 4211 2618 4279 tempore
2650 4205 2907 4261 vivebat.
2940 4206 3035 4259 Vir
3094 4206 3205 4260 fuit
3251 4203 3563 4279 Scriptura:
3595 4201 3684 4256 di-

248 4277 430 4343 tium,
458 4282 636 4358 atque
658 4276 867 4358 iisdem
895 4273 1740 4358 epebaristizeconfederendm
1774 4282 1915 4358 tem-
2023 4276 2200 4346 vinte,
2218 4273 2614 4358 conciliorum
2637 4281 3078 4358 ac.san_ctorum
3109 4280 3347 4358 Patrum
3368 4273 3492 4358 non
3512 4273 3686 4358 igna-

246 4364 373 4421 pus
390 4364 409 4421 _:
442 4345 1155 4421 reliquosaliasfortean
1175 4348 1385 4421 edituri
1419 4364 1557 4403 cum
1578 4352 1921 4420 opportuna
2028 4364 2152 4414 rus,
2187 4353 2365 4420 atque
2396 4353 2556 4403 utea
2586 4347 2859 4403 ferebant
2898 4352 3192 4418 tempora,
3227 4346 3371 4401 satis
3400 4345 3683 4400 disertus.

244 4418 503 4474 dabitur
532 4418 790 4487 occasio,
823 4419 1113 4475 mittimus
1144 4419 1400 4475 interim.

1268 4641 1516 4697 INCIPIT
1555 4643 2035 4698 ARGUMENTUM
2077 4641 2258 4697 LIBRI
2298 4640 2686 4707 SEQUENTIS

334 4765 597 4831 Noveris,
623 4765 805 4821 lector
827 4765 945 4821 sive
977 4765 1233 4830 auditor,
1251 4765 1596 4837 quicunque
1617 4780 1680 4819 es
1708 4763 2024 4821 mediocris
2052 4765 2430 4839 loquacitatis
2460 4764 2644 4831 dives,
2669 4764 2774 4819 sed
2794 4762 3099 4820 latinitatis
3119 4760 3374 4829 indiges,
3392 4760 3507 4815 hoc
3532 4774 3685 4831 opu-

218 4855 499 4912 ‘sculum
539 4854 645 4910 tibi
678 4854 846 4910 nudo
883 4855 1123 4911 nuditer
1150 4853 1393 4917 factum,
1432 4857 1495 4908 ut
1525 4854 1643 4925 qui
1667 4869 1774 4925 per
1814 4853 2073 4909 obscura
2113 4855 2426 4910 doctorum
2474 4857 2815 4909 commenta
2844 4857 2901 4908 et
2931 4850 3211 4908 homilias
3249 4865 3371 4905 non
3411 4846 3686 4918 intelligis

256 4942 606 5013 Evangelia,
634 4942 844 4998 saltem
873 4942 1011 4999 huic
1038 4941 1235 4998 libello
1267 4942 1344 4997 ab
1374 4941 1489 4996 illis
1523 4946 1795 4997 mutuato
1830 4941 2112 4997 intendas
2138 4942 2224 4996 vel
2253 4942 2526 5011 legendo,
2560 4940 2646 4995 vel
2683 4939 3006 4995 audiendo.
3040 4939 3103 4994 In
3126 4939 3239 4994 hoc
3265 4937 3491 5009 quippe
3522 4935 3687 4992 codi~

253 5032 397 5089 cillo
428 5032 635 5088 omnia
659 5048 1055 5105 quaecumque
1084 5031 1296 5102 legeris
1328 5030 1595 5086 invenies
1618 5030 1917 5102 patefacta
1950 5037 2061 5085 tuae
2084 5030 2277 5095 saluti,
2304 5031 2680 5101 aliorumque
2702 5028 3018 5084 hominum
3048 5026 3270 5099 quibus
3292 5023 3683 5093 revelabitur;

256 5121 645 5191 evangelicae
665 5121 939 5178 videlicet
961 5120 1385 5194 expositiones,
1421 5120 1720 5192 simulque
1752 5120 2167 5176 sermunculos
2209 5119 2394 5174 rebus
2425 5118 2915 5190 temporibusque
2944 5116 3305 5190 aptissimos.
3344 5118 3427 5172 Me
3455 5130 3685 5179 revera,

255 5210 585 5266 Abbonem
633 5208 852 5265 scilicet
900 5209 1293 5278 monachum,
1322 5212 1377 5263 et
1422 5208 1920 5264 miserabiliorem
1972 5208 2200 5264 cunctis
2249 5206 2621 5270 mortalibus,
2654 5210 2982 5275 coagerunt
3025 5203 3342 5276 espiscopi,
3396 5203 3688 5260 Froterius

260 5298 541 5355 videlicet
566 5298 821 5354 Pictam
844 5297 1023 5366 sedis,
1046 5301 1102 5352 et
1134 5295 1394 5352 maxime
1422 5296 1720 5351 Fulradus
1756 5295 2082 5365 Parisiacae,
2114 5295 2260 5351 illud
2294 5295 2452 5350 tenui
2483 5293 2636 5364 stylo
2666 5291 2882 5347 cudere
2912 5293 3241 5363 negotium,
3271 5291 3349 5347 ad
3377 5290 3687 5347 utilitatem

258 5386 632 5459 simplicium
658 5386 1037 5453 clericorum;
1057 5390 1356 5459 quatenus
1377 5385 1515 5441 hinc
1537 5386 1704 5440 omni
1730 5388 1995 5456 tempore
2019 5388 2259 5439 sumant
2282 5399 2498 5438 ausum
2525 5383 2687 5453 (538),
2708 5386 2763 5436 et
2783 5381 3065 5438 hauriant
3086 5386 3297 5455 potum
3318 5376 3688 5453 praedicandi

339 5528 749 5597 (538)3umant
768 5544 999 5585 ausum.
1024 5530 1191 5584 Forte
1209 5525 1611 5589 haustumait
1628 5525 1922 5581 Baluzius.
2036 5541 2150 5581 vox
2177 5530 2383 5597 potum
2426 5540 2559 5597 quae
2584 5524 2895 5597 sequitur,
2939 5524 3075 5597 nisi
3104 5522 3277 5597 fallor
3319 5522 3531 5597 vitiosa
3578 5521 3683 5584 est,

258 5593 411 5670 Mihi,
426 5593 571 5670 vero
591 5599 766 5670 longe
793 5599 959 5656 aliter
981 5599 1246 5664 videtur;
1272 5613 1413 5670 nam
1438 5597 1499 5653 in
1520 5613 1665 5670 voce
1688 5614 1920 5670 ausum,
2033 5614 2141 5651 nec
2174 5593 2711 5670 valdeadinodum
2742 5595 2951 5651 dubito
2975 5595 3121 5670 quin
3154 5594 3312 5670 ejus__
3335 5593 3468 5647 loco
3518 5603 3686 5660 repo-

257 5669 419 5729 nihil
443 5669 618 5726 video
669 5663 833 5743 q'uod
865 5670 1149 5742 cuiquam
1187 5663 1498 5741 displicere
1526 5667 1781 5736 debeat;
1817 5668 1916 5723 sed
2030 5667 2299 5723 nendum
2327 5667 2400 5724 sit
2423 5671 2796 5738 potestatem,
2829 5671 2933 5722 aut
2962 5663 3125 5721 aliud
3157 5663 3369 5720 simile.
