3950 6178
391 199 494 252 768

395 317 700 390 subjectis.

1479 174 1778 232 ABBONIS
1816 164 2237 226 SANGERMAN
2247 161 2349 219 SIS
2388 154 2725 219 MONACHI:
3627 175 3705 226 764

730 315 909 387 Igitur
937 326 1234 372 memores
1263 308 1466 371 estote,
1498 302 1771 366 lectores,
1802 288 2069 351 Abbonis
2096 287 2158 343 in
2179 286 2384 342 vestris
2416 285 2621 353 sacris,
2654 284 2959 341 vernaculi
2987 283 3303 339 beatissimi
3331 286 3699 347 Germanituto-

393 410 475 466 ris
504 370 707 464 Darisii
748 370 824 460 ξι)
851 403 1200 460 obsessione
1224 370 1730 462 hostili.7Dignum
1760 389 1848 442 est
1875 377 2193 454 siquidem,
2228 378 2299 466 ut
2323 375 2429 466 qui
2469 391 2623 449 pene
2649 370 2937 430 indicibili
2967 372 3176 428 sudore
3229 373 3561 446 expleveram
3582 379 3711 449 jussa

397 497 744 573 praesulum,
777 493 1087 567 quodlibet
1115 484 1552 547 adminiculum
1584 482 1781 537 mente
1814 470 2069 529 sentiam
2091 462 2482 522 orationibus.

1989 545 2198 559 —

952 607 1180 666 SERMO
1219 601 1492 659 PRIMUS.

883 700 955 754 In
1031 697 1217 753 C(ena
1288 689 1546 746 Domini.

467 790 603 845 Haec
654 789 832 859 igitur
860 786 1013 857 dies,
1039 785 1249 841 fratres
1300 774 1656 843 charissimi,
1690 789 1726 827 a
1770 767 2048 825 ﬁdelibus

397 878 608 936 Christi
653 877 831 947 longe
877 875 1114 946 lateque
1143 886 1251 945 per
1279 868 1489 925 orbem
1522 860 1757 919 diffusis
1782 870 2049 947 congrua

396 968 710 1024 devotione
736 944 858 1022 tota
885 964 947 1020 in
992 944 1390 1019 celeberrimae
1442 948 1828 1011 solemnitatis
1870 944 2048 1002 laude

397 1056 769 1129 expenditur.
804 1053 989 1109 Hodie
1018 1049 1438 1121 dignissimum
1476 1042 1707 1099 Pascha
1735 1055 1771 1095 a
1798 1035 2048 1092 Domino

397 1151 454 1203 et
510 1163 546 1202 a
590 1143 901 1216 discipulis
957 1140 1309 1208 celebratur,
1342 1140 1397 1192 et
1443 1134 1521 1191 ab
1564 1132 1694 1205 ipso
1733 1130 1793 1183 in
1847 1133 2048 1182 exem-

396 1235 565 1308 plum
608 1232 913 1289 imitandae
962 1227 1333 1298 humilitatis,
1366 1225 1551 1298 pedes
1606 1235 1815 1276 eorum
1845 1216 2049 1308 lavan-

396 1304 510 1393 tur,
561 1327 739 1395 atque
772 1325 978 1379 sancta
1006 1318 1292 1391 mysteria
1341 1312 1606 1387 corporis
1642 1326 1711 1365 ac
1742 1304 2051 1376 sanguinis

396 1411 487 1467 sui
516 1411 851 1467 traduntur.
885 1408 1068 1465 Hodie
1095 1406 1173 1463 ad
1207 1402 1575 1473 colligendos
1620 1412 1811 1454 novos
1860 1409 2050 1465 pOpu-

393 1501 484 1557 los
515 1505 791 1558 sanctum
817 1499 1077 1555 chrisma
1098 1499 1175 1552 ab
1208 1492 1505 1568 episcopis
1546 1487 1876 1556 conﬁcitur,
1901 1488 2049 1540 tem-

394 1590 479 1663 pli
506 1590 849 1662 pavimenta
878 1592 934 1643 et
963 1586 1189 1652 altaria,
1224 1599 1397 1638 sacra
1425 1594 1668 1653 quoque
1701 1590 1849 1631 vasa
1893 1569 2052 1663 puri-

395 1659 669 1734 ﬁcantur.
735 1676 917 1731 Hodie
968 1674 1071 1746 pia
1124 1675 1316 1727 mater
1363 1666 1618 1724 Ecclesia
1666 1678 1845 1736 super
1899 1659 2051 1715 ﬁlios

399 1767 731 1838 adoptivos,
763 1781 917 1838 quos
960 1764 1021 1818 in
1062 1762 1181 1817 ﬁde
1213 1759 1417 1830 genuit
1446 1769 1721 1829 quosque
1769 1751 1911 1808 olim
1939 1764 2051 1838 pro

397 1837 767 1927 quibusdam
787 1837 1095 1908 erratuum
1122 1864 1369 1905 suorum
1396 1843 1647 1919 piaculis
1668 1837 2051 1910 corrigendos

2084 583 2133 636 Α
2164 582 2349 637 homo
2375 597 2484 654 pro
2538 580 2642 653 qui
2670 594 2907 653 semper
2943 582 3029 635 est
3073 576 3319 651 pavidus
3362 579 3534 650 (Prov.
3561 598 3711 653 xxvm,

2167 670 2247 741 14)
2275 660 2297 724 ε’
2324 692 2352 719 ››
2383 669 2457 725 de
2500 668 2612 725 illis
2642 668 2869 742 quippe
2926 666 3123 723 statim
3171 666 3553 739 subsequitur:
3587 672 3713 736 «Qui

2160 761 2342 817 etiam
2363 761 2580 818 mentis
2609 765 2697 816 est
2725 760 2913 827 durae;
2938 763 3169 815 corruet
3196 758 3255 814 in
3278 758 3485 814 malum
3504 761 3674 833 (Ibid).
3695 786 3712 812 ρ,

2228 850 2481 906 Proinde
2507 853 2760 923 paterna
2786 847 3191 904 admonitione
3212 846 3490 917 jubemus,
3514 864 3576 904 ne
3600 849 3717 922 quis-

2155 938 2301 995 libet
2325 938 2588 994 converti
2643 937 2722 994 ad
2780 941 2966 993 Deum
3012 934 3259 1003 differat,
3282 945 3411 991 cum
3462 936 3541 991 ille
3566 937 3713 993 dicat:

2160 1052 2186 1078 «
2220 1029 2365 1085 Nolo
2412 1032 2669 1085 mortem
2721 1027 3071 1101 peccatoris,
3106 1025 3211 1082 sed
3258 1030 3318 1081 ut
3348 1031 3659 1083 convertatur
3678 1034 3715 1084 et

2158 1119 2319 1174 vivat
2370 1119 2604 1191 (Ezech.
2653 1121 2844 1184 xvm).
2887 1140 2914 1167 ››
2944 1119 3007 1172 Et
3037 1134 3048 1171 :
3080 1138 3107 1165 ‹‹
3151 1117 3213 1171 In
3253 1131 3575 1188 quacunque
3611 1116 3716 1173 hora

2158 1212 2436 1281 peccator
2490 1223 2813 1263 conversus
2872 1205 3047 1262 fuerit
3097 1209 3153 1261 et
3195 1205 3536 1275 ingemuerit,
3569 1206 3717 1262 omnia

2160 1303 2403 1371 peccata
2458 1298 2590 1369 ejus
2642 1295 2925 1353 oblivioni
2976 1295 3278 1352 tradentur
3328 1294 3537 1366 (Ezech;
3566 1311 3714 1363 xxxiii,

2163 1387 2361 1455 l2-l5).
2398 1411 2424 1435 η
2458 1386 2605 1442 Hinc
2630 1385 2811 1442 etiam
2835 1384 2963 1457 ipse
2991 1385 3052 1439 in
3102 1382 3409 1453 Evangelia
3436 1383 3540 1439 ait:
3569 1406 3590 1431 ‹‹
3613 1384 3719 1437 Gau-

2159 1477 2326 1533 diUm
2357 1476 2464 1532 erit
2494 1476 2553 1532 in
2609 1476 2754 1531 caelo
2788 1491 2970 1547 super
3015 1490 3139 1529 uno
3182 1478 3471 1546 peccatore
3496 1472 3717 1545 poeniten-

2159 1566 2299 1622 tiam
2328 1568 2560 1634 agente,
2587 1580 2774 1637 quam
2806 1579 2987 1635 super
3011 1561 3334 1637 nonaginta
3352 1560 3507 1631 justis
3529 1561 3611 1632 qui
3634 1575 3716 1614 non

2157 1653 2427 1723 indigent
2472 1653 2826 1726 poenitentia
2868 1654 3035 1720 (Luc.
3077 1667 3177 1717 xv,
3218 1650 3293 1721 7).
3326 1672 3351 1700 ri
3385 1654 3515 1706 Cum
3556 1651 3716 1714 autem,

2159 1741 2368 1798 fratres
2425 1740 2779 1809 charissimi,
2841 1743 2927 1811 tot
2975 1743 3319 1794 sanctorum
3373 1738 3715 1809 Scripturarum

2160 1829 2458 1902 exempla,
2488 1830 2782 1902 pluraque
2809 1827 2926 1884 alia
2952 1826 3171 1883 mentis
3200 1829 3406 1883 nostra:
3428 1823 3720 1880 inintellectu

399 1910 596 1999 amisit
635 1942 803 2014 (539),
835 1941 983 1997 dum
1012 1940 1229 1996 iterum
1254 1937 1332 1994 ad
1377 1910 1437 1991 se
1465 1931 1680 1990 reverti
1708 1945 1815 2003 per
1840 1942 2048 1984 recon-
2080 1932 2122 1985 Β
2161 1921 2391 2014 famam
2446 1917 2704 2014 iI‘lferant
2767 1915 3263 2014 consolationem,
3317 1917 3369 2012 et
3419 1912 3634 2011 converti
3667 1910 3719 1965 ad

398 2030 761 2086 ciliationem
814 2027 1123 2100 conspicit,
1181 2027 1429 2082 ovanter
1482 2017 1948 2090 congratulatur.
1985 2015 2050 2069 In

397 2135 520 2192 qua
548 2117 817 2174 videlicet
839 2116 934 2172 die
965 2130 1176 2171 omnes
1213 2129 1324 2169 vos
1372 2111 1451 2168 ad
1479 2109 1757 2167 eamdem
1783 2103 2048 2161 reconci-

395 2208 723 2279 liationem,
754 2210 821 2262 ut
850 2205 1078 2261 absolvi
1108 2202 1347 2277 possitis
1375 2219 1411 2258 a
1448 2197 1696 2267 delictis,
1723 2193 2049 2268 promptis-

399 2298 550 2353 sima
578 2296 881 2351 voluntate
912 2293 1212 2351 conﬂuere
1256 2288 1688 2361 dignoscimus,
1721 2299 1909 2358 quam
1938 2282 2049 2361 lar-

398 2374 581 2455 giﬂua
640 2376 917 2457 supernae
969 2364 1203 2456 pietatis
1259 2352 1449 2453 gratia
1503 2352 1824 2441 annuente,
1867 2352 2050 2426 secuti

396 2475 625 2532 devotis
678 2456 1059 2548 eitposcimus
1106 2471 1343 2540 animis,
1403 2474 1466 2525 ut
1520 2466 1818 2523 debitores
1874 2456 2049 2518 adsu-

396 2580 534 2620 mus
558 2569 614 2620 et
643 2580 755 2637 pro
778 2563 950 2620 vobis
974 2563 1267 2618 rationem
1291 2556 1599 2626 reddituri,
1630 2553 1765 2610 totis
1792 2566 2049 2623 praecor-

395 2654 635 2710 diorum
704 2653 939 2709 nisibus
1001 2653 1131 2722 ejus
1188 2648 1410 2704 ﬁducia
1490 2643 1637 2710 freti,
1698 2645 1801 2715 qui
1853 2639 2046 2696 dixit:

398 2762 424 2786 ‹‹
454 2738 866 2811 Quodcunque
897 2724 1184 2792 solveritis
1209 2722 1388 2811 super
1414 2726 1631 2786 terram
1652 2726 1760 2783 erit
1788 2724 2051 2781 solutum

395 2831 452 2883 et
480 2828 540 2883 in
571 2827 720 2883 caelo
749 2806 988 2898 (Matth.
1021 2820 1181 2892 xvm,
1218 2806 1333 2891 i8);
1369 2828 1397 2871 si
1426 2818 1594 2875 vobis
1633 2814 2051 2873 administrare

394 2918 692 2988 cupimus.

468 3007 582 3062 Sed
613 3022 751 3061 cum
801 3003 1118 3076 pastoralis
1166 3017 1323 3057 curae
1363 2998 1664 3055 sarcinam
1709 3011 1821 3051 nos
1871 2970 2050 3050 scele-

392 3112 529 3151 rum
561 3093 883 3165 gravedine
908 3092 1099 3148 fessos
1130 3089 1428 3146 immerito
1467 3087 1711 3143 subesse
1756 3083 2049 3157 comperi-

395 3201 557 3252 mus,
590 3198 778 3256 quam
806 3181 1265 3254 'imprudenter
1313 3177 1675 3256 arripuimus
1701 3173 1867 3246 quod
1924 3187 2050 3227 non

2162 2000 2350 2061 Deum
2390 2005 2624 2073 nolum,
2656 2003 2967 2077 quomodo
3012 2020 3088 2060 ex
3114 2001 3367 2076 peccatis
3395 2000 3595 2057 veniam
3613 2014 3720 2071 quir-

2159 2095 2391 2151 rimus?
2425 2095 2570 2151 Hinc
2618 2094 2779 2149 enim
2805 2093 3099 2149 Dominus
3126 2108 3230 2165 per
3253 2092 3573 2164 prophetam
3594 2087 3716 2143 dicit:

2161 2207 2189 2233 ‹‹
2218 2183 2425 2239 Pluam
2458 2200 2638 2257 super
2676 2199 2864 2239 unam
2913 2182 3232 2252 civitatem,
3266 2196 3433 2254 super
3459 2179 3606 2235 aliam
3637 2191 3718 2231 non

2159 2272 2367 2347 pluam
2401 2272 2598 2343 (Amos
2627 2288 2702 2339 ιγ,
2741 2272 2845 2342 17).
2880 2287 3061 2343 super
3092 2286 3277 2326 unam
3321 2268 3539 2342 quidem
3576 2266 3718 2321 civita-

2159 2354 2279 2418 tem
2309 2356 2596 2435 Dominus
2625 2358 2794 2433 pluit,
2814 2359 2962 2415 dum
2994 2360 3176 2432 super
3204 2357 3571 2432 quorumdam
3591 2353 3720 2410 corda

2160 2451 2430 2507 ﬁdelium
2482 2450 2560 2507 ad
2620 2466 2683 2505 se
2743 2449 3150 2505 convertentia
3207 2446 3544 2504 salutiferum
3590 2444 3721 2499 sancti

2164 2539 2413 2612 Spiritus
2444 2538 2699 2594 imbrem
2748 2537 3028 2593 infundit.
3084 2536 3202 2592 Sed
3253 2550 3420 2608 super
3462 2531 3607 2587 aliam
3631 2526 3719 2584 civi-

2161 2632 2348 2683 tatem
2396 2627 2557 2682 idem
2607 2626 2895 2683 Dominus
2943 2641 3066 2680 non
3124 2624 3291 2698 pluit,
3314 2621 3471 2678 dum
3499 2619 3719 2692 plerisque

2162 2715 2366 2772 animo
2425 2715 2734 2771 obduratis
2786 2713 3044 2785 gratiam
3100 2729 3224 2768 suae
3280 2707 3585 2767 visitationis
3626 2702 3722 2758 sub-

2161 2796 2356 2861 trahit.
2386 2804 2475 2860 Sic
2502 2818 2767 2876 namque
2797 2802 2859 2858 in
2890 2803 3004 2858 hac
3032 2801 3293 2858 Ecclesia
3314 2797 3489 2856 timeri
3514 2796 3722 2869 potestIn

2162 2892 2532 2965 quibusdam
2564 2908 2673 2965 pro
2703 2890 3055 2947 meritorum
3089 2905 3335 2946 suorum
3371 2886 3611 2960 qualitate
3628 2894 3722 2936 con-

2161 2972 2407 3037 cedatur
2456 2980 2850 3037 absolutionis
2910 2979 3128 3050 gratia,
3161 2983 3218 3035 et
3258 2975 3585 3051 quibusdam
3607 2966 3723 3043 quod

2161 3070 2337 3140 absit,
2371 3069 2779 3126 subtrahatur.
2832 3068 3097 3124 Audistis
3147 3067 3305 3125 enim
3348 3064 3483 3138 quid
3506 3059 3720 3118 Dominus

2161 3175 2301 3214 cum
2326 3158 2405 3215 ad
2434 3158 2888 3231 praedicandum
2940 3157 3201 3213 mitteret
3250 3152 3543 3228 discipulos
3567 3160 3723 3222 prace-

394 3235 736 3340 debuimus,
772 3244 851 3328 ad
871 3235 985 3326 hofc
1016 3260 1327 3339 assurgere
1370 3235 1768 3322 formidamus
1793 3280 1807 3321 :
1834 3260 2049 3319 timen-
2088 3268 2130 3337 δ
2160 3244 2312 3321 Perit
2351 3244 2454 3340 915,
2502 3243 2705 3340 βίᾷθηέ
2747 3264 2759 3302 ε
2810 3269 2838 3295 ι(
2870 3251 2935 3340 lt}
2963 3238 3409 3319 quaimcunique
3432 3242 3645 3340 domum

394 3367 480 3419 tes
505 3378 580 3417 ne
610 3360 756 3417 illud
783 3359 1202 3433 propheticum
1231 3358 1292 3413 in
1321 3372 1433 3412 nos
1490 3352 1819 3425 retorqueri
1846 3351 2049 3407 videa-

394 3456 509 3519 tur,
545 3449 713 3523 quod
744 3449 818 3505 de
848 3447 1123 3520 reprobis
1153 3444 1497 3519 pastoribus
1523 3443 1772 3499 dicitur:
1808 3463 1835 3491 «
1867 3441 2054 3497 Morti-

392 3541 658 3597 ﬁcabant
712 3539 947 3595 animas
997 3554 1134 3610 qua:
1190 3552 1314 3592 non
1370 3533 1728 3601 moriuntur,
1758 3535 1813 3587 et
1858 3529 2050 3587 viviﬁ-

394 3629 616 3686 cabant
646 3627 882 3684 animas
912 3643 1043 3699 quae
1072 3642 1198 3682 non
1215 3624 1422 3681 vivunt
1449 3623 1685 3695 (Ezech.
1715 3636 1833 3690 xm,
1879 3622 1985 3687 19).
2022 3642 2050 3668 ››
2092 3634 2096 3638 θ

393 3718 559 3774 Unde
588 3717 725 3774 ideo
755 3732 1001 3772 necesse
1026 3719 1131 3782 est,
1164 3719 1231 3770 ut
1253 3713 1528 3788 proprias
1553 3711 1818 3784 primum
1864 3707 2052 3764 conti-

391 3807 527 3863 nuis
555 3800 793 3862 ﬂetibus
833 3802 1201 3861 mundemus
1228 3795 1497 3877 maculas
1528 3796 1813 3867 criminis,
1837 3796 2054 3853 deinde

392 3896 897 3968 unumquemque
916 3898 1179 3950 vestrum
1209 3886 1489 3965 pastorali
1524 3886 1917 3945 sollicitudine
1945 3883 2053 3942 ad-

392 3992 773 4052 moneamus,
826 3987 893 4039 ut
950 3984 1053 4055 qui
1097 3982 1255 4038 hanc
1315 3979 1755 4037 absolutionem
1804 3975 2052 4048 adipisci

392 4070 691 4128 desiderat
718 4066 1011 4126 introrsus
1060 4069 1285 4141 redeat,
1313 4066 1520 4124 oculOs
1566 4064 1761 4120 cordis
1806 4062 1885 4119 ad
1917 4074 2057 4118 con-

395 4154 707 4216 scientiam
736 4158 1020 4229 revolvat,
1070 4158 1127 4215 et
1152 4157 1202 4213 si
1228 4156 1428 4213 illicita
1464 4152 1743 4228 quaeque,
1771 4164 1808 4211 a
1832 4152 2055 4226 quibus

390 4267 573 4308 nemo
597 4250 747 4306 liber
768 4249 862 4318 sit,
895 4248 1157 4312 admisit,
1173 4247 1418 4303 sincera:
1448 4242 1839 4302 confessionis
1864 4240 2057 4299 recor-

390 4339 631 4395 datione
682 4341 738 4394 et
768 4336 979 4410 spiritu
1007 4334 1410 4392 contribulato
1446 4334 1509 4389 in
1550 4348 1657 4389 ara
1701 4332 1896 4389 cordis
1940 4330 2055 4387 Do-

388 4429 556 4485 mino
586 4427 846 4483 hostiam
870 4425 1159 4493 immolet,
1188 4428 1242 4480 et
1273 4439 1405 4479 sese
1434 4422 1497 4479 in
1547 4422 1831 4479 omnibus
1878 4420 2056 4477 corri-

390 4532 527 4590 gere
554 4520 805 4587 satagat.
821 4519 949 4572 Non
971 4514 1133 4571 enim
1154 4512 1585 4584 cogitationum
1605 4515 1950 4567 nostrarum
1968 4510 2055 4565 in-

2162 3338 2473 3407 traveritis,
2500 3337 2582 3393 ibi
2610 3340 2847 3393 manete
2875 3338 3036 3410 (Luc.
3060 3353 3145 3406 1x,
3178 3338 3262 3408 4):
3296 3358 3322 3385 »
3347 3358 3375 3385 ι(
3403 3333 3447 3389 si
3469 3334 3628 3388 autem
3666 3324 3719 3380 ibi

2161 3429 2336 3485 fuerit
2412 3428 2569 3484 ﬁlius
2626 3428 2818 3501 pacis,
2874 3426 3213 3499 requiescet
3279 3440 3445 3498 super
3493 3436 3605 3478 eum
3642 3431 3722 3489 pax

2161 3523 2397 3599 vestra;
2424 3519 2515 3574 sin
2538 3522 2759 3585 autem,
2791 3520 3122 3573 revertetur
3146 3515 3225 3573 ad
3249 3531 3353 3571 vos
3387 3514 3532 3586 (Luc.
3557 3525 3604 3576 ι,
3626 3505 3680 3576 6).
3704 3528 3721 3549 ι»

2163 3607 2445 3680 Ideoque.
2492 3606 2721 3674 fratres,
2778 3605 2945 3661 omni
2994 3605 3332 3661 constantia
3376 3599 3637 3674 procurate
3673 3606 3722 3680 ue

2163 3696 2388 3768 dispar,
2423 3696 2528 3752 sed
2550 3696 2701 3751 sicut
2732 3694 2792 3750 in
2819 3694 3106 3750 omnibus
3139 3689 3464 3750 communis
3498 3690 3572 3743 est
3593 3678 3724 3753 gratia

2163 3786 2564 3859 baptismatis,
2596 3785 2679 3840 ita
2706 3788 2893 3840 exstet
2921 3786 2977 3840 et
3009 3782 3416 3848 absolutionis,
3439 3776 3561 3851 quia
3584 3769 3723 3859 hodie

2165 3879 2230 3933 ut
2282 3874 2662 3948 praemissum
2711 3876 2825 3945 est,
2855 3872 3086 3930 Pascha
3138 3864 3446 3929 celebravit
3470 3881 3585 3923 cum
3606 3855 3723 3916 disci-

2164 3964 2341 4040 pulis,
2376 3968 2434 4020 et
2480 3964 2542 4019 in
2596 3963 2926 4020 crastinum
2958 3960 3286 4033 gloriosam
3317 3958 3484 4016 subiit
3506 3955 3722 4011 mor-mm:

2165 4059 2222 4112 et
2250 4054 2325 4111 de
2353 4055 2522 4110 hoste
2543 4053 2913 4124 resurgendo
2942 4069 2979 4110 a
2997 4053 3254 4109 mortuis
3279 4065 3388 4108 nos
3409 4043 3589 4120 eripuit
3608 4042 3726 4095 Jesus

2168 4140 2430 4201 Christus
2454 4142 2740 4198 Dominus
2771 4146 2994 4198 noster.

2829 4268 3057 4325 SERMO
3098 4270 3169 4325 ΙΙ.

2167 4378 2253 4452 De
2281 4410 2447 4451 caena
2471 4395 2735 4465 Domini,
2752 4400 2809 4450 et
2831 4395 2904 4451 de
2926 4397 3134 4452 multis
3158 4390 3526 4452 sacramentis
3539 4379 3726 4455 ejusdem

2929 4484 3067 4540 diei.

389 4606 703 4674 tentiones,
724 4604 843 4661 nisi
871 4604 975 4677 qui
1001 4624 1030 4656 ιι
1058 4602 1265 4660 omnia
1289 4605 1587 4658 scrutatur
1615 4600 1820 4683 corda,
1842 4604 1900 4656 et
1926 4598 2056 4655 uni-
2094 4630 2137 4690 υ
2240 4611 2468 4665 Fratres
2511 4608 2866 4673 charissimi,
2897 4607 3076 4664 hodie
3103 4608 3165 4664 in
3195 4609 3310 4664 ista
3337 4605 3427 4662 die
3469 4592 3729 4673 gaudente

388 4712 596 4754 versas
633 4694 927 4768 mentium
953 4693 1342 4765 cogitationes
1360 4690 1630 4761 intelligit
1660 4680 1714 4762 (I
1716 4691 1864 4746 Par.
1891 4706 2049 4757 xvrn,

389 4788 465 4860 9),
500 4802 527 4837 as
549 4767 1054 4860 quislibetiiotest
1081 4780 1317 4839 intueri.
1344 4767 1564 4838 Omnes
1585 4778 1835 4852 quidem
1857 4777 1936 4834 ad
1960 4782 2054 4834 ca-

388 4858 631 4948 ptandae
684 4858 1077 4930 absolutiohls
1134 4860 1413 4926 effectum
1465 4864 1729 4936 veniunt,
1776 4865 1883 4923 sed
1930 4860 2053 4923 non

389 4962 824 5039 aequanimiter;
840 4956 938 5017 alii
949 4960 1216 5033 namque
1233 4956 1294 5015 in
1307 4957 1513 5014 sordes
1525 4959 1912 5031 peccatorum
1932 4955 2055 5013 illa-

391 5050 484 5124 psi
513 5048 812 5106 obstinato
863 5044 1068 5105 animo
1098 5044 1511 5122 perseverant;
1540 5043 1640 5101 alii
1693 5061 1938 5118 quoque
1983 5062 2054 5102 ea

391 5155 527 5212 quae
559 5136 760 5209 inique
793 5136 1121 5212 aliquando
1153 5139 1484 5207 gesserunt,
1517 5138 1641 5191 non
1671 5133 1867 5190 solum
1918 5138 2053 5206 per-

390 5230 624 5301 petrare
647 5226 1025 5295 erubescunt,
1050 5234 1260 5282 verum
1283 5223 1462 5281 etiam
1488 5224 1724 5281 ﬂetibus
1755 5222 2055 5279 amarissi-

389 5313 505 5372 mis
524 5313 737 5389 punire
761 5308 1093 5371 sollicitant.
1114 5318 1193 5371 De
1220 5312 1345 5370 istis
1368 5330 1509 5370 vero
1532 5312 1762 5383 legitur:
1790 5334 1818 5364 σε
1844 5313 2054 5368 Beatus

463 5465 611 5536 (539)
646 5463 1043 5536 Corrigendus
1061 5463 1284 5536 amisit.
1309 5464 1376 5518 Ut
1396 5461 1679 5536 superius
1710 5460 1947 5530 Baluzii,
1972 5420 2055 5536 sic

388 5531 505 5591 hoc
537 5531 669 5591 loco
701 5531 934 5605 Acherii
964 5533 1369 5605 conjecturam
1391 5531 1651 5605 refenere
1674 5549 1886 5603 cogor;
1910 5532 2054 5589 nam

391 5604 558 5680 quod
589 5606 823 5663 monuit
846 5600 1174 5677 legendum
1205 5620 1333 5661 esse
1366 5604 1628 5677 admisit,
1675 5600 1892 5661 frustra
1937 5607 2052 5673 est;

2169 4700 2308 4753 sunt
2333 4696 2451 4752 laeti
2476 4712 2689 4752 omnes
2716 4696 2923 4752 ﬁdeles
2951 4696 3185 4767 Christi,
3213 4696 3317 4769 qui
3342 4695 3469 4749 sunt
3492 4702 3582 4762 per
3597 4686 3729 4740 totum

2166 4784 2347 4843 istum
2374 4786 2693 4842 mundum.
2727 4788 2849 4842 Hoc
2881 4784 3116 4842 deberis
3138 4784 3285 4843 scire
3315 4799 3419 4857 pro
3437 4776 3577 4854 quali
3600 4780 3730 4857 causa

2167 4872 2388 4934 debent
2412 4872 2590 4933 hodie
2619 4875 2737 4932 leeti
2764 4891 2896 4931 esse
2926 4875 3032 4932 toti
3054 4854 3369 4931 Christiani
3397 4871 3664 4945 plusquam
3691 4854 3731 4910 in

2168 4967 2285 5024 alia
2306 4961 2421 5023 die.
2440 4969 2756 5040 Propterea
2771 4953 3000 5022 debetis
3028 4982 3138 5022 vos
3168 4968 3296 5022 esse
3321 4961 3448 5033 laeti,
3465 4948 3731 5040 qﬁiaini‘sla

2165 5050 2261 5112 die
2293 5052 2429 5111 fecit
2458 5032 2747 5135 Dominus
2775 5056 3002 5129 pascha
3027 5052 3166 5111 cum
3196 5032 3491 5125 discipulis
3507 5032 3731 5103 suis,elin

2165 5143 2375 5200 istadie
2387 5140 2900 5201 lavavitDOminuS
2912 5143 3095 5218 pedes
3108 5134 3517 5216 discipulorum
3532 5137 3731 5218 suorum.

2166 5239 2221 5291 et
2234 5233 2491 5289 ostendit
2508 5232 2791 5289 omnibus
2807 5216 3154 5289 hominibus
3176 5228 3501 5304 exemplum
3521 5216 3583 5278 de
3599 5216 3733 5274 hum?

2165 5318 2367 5393 latate,
2384 5326 2447 5378 ut
2466 5322 2974 5407 omnes‘homines
2996 5321 3078 5378 illi
3101 5339 3161 5378 se
3187 5308 3547 5378 humiliarent
3566 5311 3612 5365 et
3626 5305 3733 5360 lava-

2166 5482 2275 5550 “90
2305 5462 3021 5550 durielaceiqeanaesse
3045 5463 3233 5550 aiebat.
3249 5442 3732 5550 αρίρβξιξξφηθιᾷίὲῗί

2169 5537 2259 5605 sit,
2299 5536 2507 5593 emisit.
2544 5522 2711 5590 Infra
2744 5528 3179 5592 restituendum
3223 5522 3365 5590 mihi
3393 5522 3613 5587 videtur,
3639 5524 3735 5588 ι)ηο-

2167 5610 2330 5666 niam
2360 5608 2774 5678 imprudenter
2803 5608 3195 5677 armipu‘imas.
