3950 6178
189 199 293 256 765

1534 189 1899 251 SEMONES
1939 190 2271 259 QUINQUE:

3503 209 3608 263 766

183 327 319 381 rent
340 321 527 396 pedes
555 322 913 395 pauperum.
940 324 1007 377 Et
1034 324 1095 378 in
1124 322 1239 379 ista
1265 322 1362 378 die
1390 320 1525 378 fecit
1550 316 1839 375 Dominus
1876 310 1930 367 Α
1959 331 2067 388 per
2094 333 2269 374 suam
2296 320 2665 391 passionem,
2692 325 2749 378 et
2776 321 3046 380 liberavit
3083 338 3220 380 eum
3279 325 3354 382 de
3410 328 3607 398 poenis

183 422 423 471 ccenam
440 418 585 467 cum
614 410 922 484 discipulis
941 412 1086 478 suis,
1108 412 1224 467 hoc
1254 415 1343 468 est
1366 406 1757 467 manducavit
1784 409 1842 461 et

182 502 336 558 bibit
362 514 503 556 cum
530 498 654 555 suis
684 498 1017 572 discipulis.
1050 503 1117 557 Et
1131 501 1195 556 in
1216 501 1330 557 ista
1353 500 1449 555 die
1474 494 1843 555 consecravit

183 590 473 648 Dominus
502 588 700 662 prima
729 589 853 645 vice
882 590 958 645 de
982 605 1140 662 pane
1197 604 1376 646 suum
1410 598 1650 661 corpus,
1683 588 1740 641 et
1766 583 1841 640 de

180 680 326 736 vino
356 684 535 734 suum
568 678 949 748 sanguinem.
982 682 1049 733 Et
1077 678 1137 735 in
1157 679 1270 734 ista
1298 678 1394 734 die
1425 676 1681 734 cessavit
1734 676 1839 729 Ve-

182 773 280 826 tus
293 768 762 836 Tisstamentum,
803 771 858 823 et
887 769 1116 841 accepit
1142 768 1324 824 ﬁnem
1353 768 1449 824 lex
1470 766 1837 823 indecorum.

183 860 251 913 Et
272 856 336 912 in
365 856 481 912 ista
506 854 603 911 die
632 855 838 928 incipit
868 858 1100 912 Novum
1122 859 1586 922 Testamentum;
1608 854 1723 909 hoc
1753 855 1839 908 est

183 946 592 1016 Evangelium.
625 947 690 1001 Et
718 945 897 1001 hodie
928 945 1172 1019 inccepit
1221 946 1428 1017 religio
1486 943 1842 1001 Christiane-

184 1048 322 1093 rum
352 1036 414 1091 in
443 1036 576 1108 ipsa
597 1049 769 1091 coena
796 1034 1049 1090 Demini.
1082 1037 1148 1091 Et
1172 1035 1353 1091 hodie
1389 1036 1452 1091 in
1475 1034 1591 1091 ista
1618 1033 1716 1089 die
1738 1033 1840 1089 de-

182 1125 329 1182 bent
359 1135 572 1180 omnes
595 1122 863 1196 episcopi
882 1138 1256 1192 consecrare,
1283 1125 1398 1181 hoc
1454 1126 1543 1180 est
1592 1122 1839 1179 benedi-

178 1222 314 1270 cere
343 1213 625 1280 chrisma,
658 1211 820 1268 unde
840 1228 953 1268 nos
978 1213 1232 1269 facimus
1273 1214 1539 1270 novellos
1564 1212 1839 1269 Christia-

176 1320 311 1360 nos.
347 1304 413 1359 Bt
439 1302 619 1359 hodie
648 1302 872 1359 debent
900 1302 1090 1359 lavari
1118 1303 1405 1375 ecclesiae,
1439 1307 1496 1360 et
1525 1302 1755 1369 altaria,
1784 1306 1841 1360 et

176 1390 282 1448 illa
309 1396 521 1448 sancta
548 1404 691 1447 vasa
715 1390 853 1463 qum
883 1395 1024 1447 sunt
1049 1392 1110 1447 in
1141 1392 1414 1449 ecclesia.
1457 1392 1640 1448 Hodie
1688 1407 1837 1463 gau-

177 1481 284 1536 det
306 1482 521 1536 sancta
548 1482 739 1535 mater
770 1479 1033 1536 Ecclesia
1061 1480 1343 1553 recipere,
1373 1485 1430 1537 et
1458 1479 1837 1537 reconciliare

178 1568 463 1625 sibisuos
489 1568 664 1636 ﬂlios,
694 1568 809 1625 hoc
864 1569 969 1637 est,
1020 1570 1405 1642 Christianos,
1450 1586 1604 1643 quos
1645 1569 1839 1627 emisit

174 1657 341 1713 foras
366 1670 478 1730 pro
506 1657 744 1714 illorum
775 1657 986 1731 culpis.
1023 1661 1089 1714 Et
1110 1658 1172 1714 in
1198 1660 1311 1716 ista
1335 1659 1451 1727 die,
1485 1659 1717 1729 fratres,
1748 1659 1834 1715 Vi-

171 1746 394 1803 demus
417 1760 552 1818 nos,
574 1747 718 1820 quia
742 1748 1059 1820 propterea
1079 1748 1320 1803 venistis
1365 1747 1440 1805 ad
1498 1749 1675 1805 istam
1712 1762 1840 1805 ma-

171 1839 328 1892 trem
362 1836 704 1902 Eccle‘siam,
732 1840 799 1892 ut
826 1836 1064 1909 possitis
1091 1836 1311 1893 habere
1339 1837 1538 1910 ipsam
1569 1838 1834 1894 reconci-'

166 1923 483 1980 liationem
508 1940 695 1998 quam
718 1925 1059 1998 perdidistis
1082 1932 1324 1998 propter
1349 1930 1542 1983 vestra
1565 1932 1830 1999 peccata,

168 2017 233 2068 et
254 2016 379 2085 qua
407 2029 515 2070 vos
542 2012 783 2087 possitis
814 2013 1045 2071 absolvi
1067 2014 1146 2071 ab
1167 2016 1451 2072 omnibus
1471 2016 1680 2073 vestris
1698 2030 1835 2090 pec-

165 2102 345 2157 catis.

243 2280 409 2347 Vere,
438 2278 647 2335 fratres
672 2280 1028 2350 charissimi,
1060 2280 1174 2337 hoc
1204 2280 1434 2337 debetis
1477 2282 1627 2339 seire
1669 2284 1830 2341 unde

156 2367 283 2423 fuit
312 2364 643 2440 inemptum
672 2368 787 2423 hoc
817 2368 1182 2442 exemplum,
1220 2375 1287 2426 ut
1328 2372 1595 2445 episcopi
1624 2388 1831 2445 pecca-

155 2461 332 2512 tores
358 2456 634 2512 homines
665 2457 944 2527 ejicerent
972 2458 1047 2514 de
1077 2459 1327 2517 ecclesia
1351 2460 1410 2515 in
1458 2462 1649 2533 capite
1673 2462 1829 2532 jeju-'

155 2544 275 2612 nil,
304 2548 359 2599 et
381 2544 594 2601 iterum
615 2544 753 2619 post
778 2547 1138 2619 completam
1158 2544 1405 2619 dignam
1421 2550 1830 2622 paenitentiam

158 2633 508 2705 reciperent
535 2630 704 2707 ipsos
733 2641 1076 2707 peccatores
1106 2636 1167 2692 in
1183 2637 1449 2696 ecclesia.
1469 2642 1617 2695 Nam
1639 2654 1832 2712 quan-

161 2722 253 2777 do
280 2726 482 2778 uester
498 2722 809 2792 Dominus,
840 2723 944 2795 qui
969 2728 1057 2780 est
1084 2726 1238 2780 Deus
1269 2726 1670 2798 omnipotens,
1696 2728 1832 2785 fecit

166 2810 438 2883 primum
468 2810 780 2867 hominem
810 2808 1027 2879 Adam,
1060 2817 1251 2869 totum
1280 2813 1448 2869 illum
1507 2814 1639 2870 fecit
1697 2829 1828 2869 san-

165 2904 356 2967 ctum,
384 2903 442 2956 et
454 2899 688 2971 justum
710 2905 767 2957 et
786 2900 1209 2959 immortalem.
1237 2900 1529 2960 Sanctitas
1554 2908 1755 2959 autem
1772 2907 1830 2959 et

1954 406 2361 478 tenebrarum,
2393 413 2451 466 et
2478 410 2735 467 reddidit
2764 411 2817 467 ei
2842 412 3212 484 paradisum.

2022 585 2222 655 Igitur,
2255 589 2484 658 fratres,
2507 597 2619 646 nos
2645 590 2934 665 episcopi,
2967 608 3179 649 sumus
3220 592 3426 650 vicarii
3491 595 3605 652 Do-

1951 675 2099 732 mini
2127 681 2313 737 nostri
2340 683 2478 736 Iesu
2506 680 2811 736 Christiin
2862 681 2977 738 hoc
3032 682 3239 751 modo,
3293 686 3349 739 et
3394 699 3605 741 sumus

1951 766 2128 835 missi,
2169 772 2227 825 et
2253 770 2510 826 ordinati
2534 770 2597 825 in
2625 770 2758 826 ioco
2805 771 2956 841 ejus,
3000 775 3059 827 et
3103 775 3419 845 propterea
3467 778 3609 846 post

1950 856 2257 928 apostolos
2281 858 2445 915 dedit
2468 859 2644 916 nobis
2676 860 2965 916 Dominus
2993 864 3350 933 potestatem
3378 861 3605 931 ligandi

1951 943 2187 1001 animas
2225 951 2404 1019 atque
2434 947 2726 1013 solvendi,
2757 951 2815 1004 et
2865 948 3148 1021 precepit
3189 948 3369 1004 nobis
3425 950 3609 1005 aediﬁ-

1950 1048 2105 1105 care,
2136 1038 2193 1091 et
2220 1035 2492 1108 plantare
2520 1037 2716 1093 bonos
2744 1037 3020 1094 homines
3048 1039 3112 1093 in
3163 1037 3348 1094 domo
3405 1039 3605 1094 Domi-

1948 1120 2029 1187 ni,
2053 1124 2107 1179 et
2136 1123 2381 1180 evellere
2429 1124 2526 1195 [de
2583 1126 2675 1196 ea]
2731 1125 2846 1181 hoc
2884 1129 2976 1181 est
3055 1125 3131 1181 de
3189 1125 3468 1183 Ecclesia.
3512 1126 3603 1183 Sic

1950 1210 2108 1266 enim
2138 1210 2280 1268 dicit
2311 1213 2596 1269 Dominus
2652 1230 2760 1287 per
2815 1214 3132 1270 Jercmiam
3190 1215 3598 1287 prophetam:

1950 1321 1979 1347 «
2012 1302 2159 1357 Ecce
2183 1302 2460 1359 constitui
2487 1307 2541 1359 te
2570 1319 2754 1376 super
2783 1308 3008 1374 gentes,
3054 1307 3112 1359 et
3165 1319 3346 1376 super
3391 1320 3599 1375 regna,

1948 1394 2014 1444 ut
2040 1389 2283 1458 evellas,
2315 1395 2374 1447 et
2394 1391 2674 1465 dissipes,
2721 1396 2778 1448 et
2819 1392 3098 1460 aediﬁces;
3153 1396 3211 1448 et
3264 1392 3497 1465 plantes
3540 1392 3601 1449 in

1947 1476 2131 1534 domo
2186 1480 2419 1536 Domini
2461 1482 2587 1553 (αρν
2637 1499 2675 1549 ις
2704 1483 2815 1551 11).»
2871 1482 3188 1553 Attendite,
3238 1481 3473 1550 fratres,
3527 1482 3603 1539 de

1946 1566 2111 1623 bono
2131 1568 2334 1625 animo
2370 1570 2487 1625 hoc
2507 1569 2672 1643 quod
2692 1585 2803 1626 nos
2824 1570 3104 1626 volumus
3143 1570 3358 1626 dicere.
3420 1574 3601 1643 Prop-

1879 1669 1920 1723 Β
1950 1659 2107 1711 terea
2132 1657 2291 1713 misit
2315 1659 2602 1714 Dominus
2673 1658 2871 1715 Adam
2895 1659 2955 1714 in
3003 1659 3374 1731 paradisum,
3424 1662 3490 1714 ut
3539 1659 3600 1715 in

1946 1743 2080 1815 ipso
2108 1746 2395 1817 paradiso
2423 1751 2811 1803 nascerentur
2856 1762 3067 1803 omnes
3120 1746 3309 1814 electi,
3358 1751 3417 1802 et
3456 1762 3599 1819 ope-

1944 1834 2220 1889 rarentut‘
2239 1834 2605 1892 voluntatem
2645 1835 2745 1890 Dei
2777 1851 2973 1907 usque
3003 1835 3083 1891 ad
3131 1834 3376 1907 plenam
3429 1851 3601 1891 sene-

1944 1925 2186 1993 ctutem,
2220 1928 2277 1979 et
2303 1923 2378 1979 de
2401 1923 2504 1979 illo
2525 1925 2845 1981 transirent
2868 1925 2947 1981 ad
2976 1923 3274 1980 caelestem
3318 1924 3595 1997 patriam.

1944 2013 2010 2067 Et
2024 2006 2185 2068 certe‘
2214 2012 2297 2069 sic
2334 2012 2620 2082 facerent,
2653 2014 2704 2069 si
2735 2014 2930 2071 Adam
2957 2029 3081 2069 non
3105 2017 3430 2086 peccasset.

2016 2191 2263 2258 Fratres,
2315 2190 2475 2245 istud
2529 2190 2873 2263 exemplum
2932 2190 3166 2245 Domini
3225 2189 3409 2245 nostri
3461 2192 3599 2244 Jesu

1943 2277 2153 2333 Christi
2183 2283 2476 2350 tenemus;
2508 2295 2620 2335 nos
2640 2280 2908 2352 episcopi
2942 2280 3004 2335 in
3054 2278 3330 2348 Ecclesia,
3388 2294 3600 2351 pecca-

1940 2370 2097 2422 tores
2127 2368 2268 2423 vero
2294 2371 2497 2424 tenent
2545 2368 2887 2440 exemplum
2932 2368 3147 2439 Adam,
3199 2367 3362 2423 verbi
3385 2367 3593 2437 gratia,

1941 2454 2091 2509 sicut
2120 2454 2297 2511 Filius
2328 2455 2428 2511 Dei
2455 2456 2615 2512 misit
2642 2456 2834 2513 Adam
2882 2461 3157 2513 sanctum
3179 2461 3237 2511 et
3259 2456 3490 2527 justum
3533 2456 3595 2511 in

1937 2544 2313 2617 paradisum,
2372 2545 2640 2601 similiter
2693 2562 2805 2602 nos
2860 2551 2917 2603 et
2988 2552 3201 2602 omnes
3253 2545 3595 2601 sacerdotes

1938 2632 2230 2689 mittimus
2268 2633 2328 2689 in
2356 2634 2684 2692 Ecclesiam
2732 2635 3010 2691 homines
3063 2633 3485 2702 sanctiﬁcatos,
3539 2638 3594 2690 et

1933 2722 2292 2794 justiﬁcatos
2321 2724 2383 2779 in
2412 2724 2733 2798 baptismo.
2766 2727 2883 2780 Cur
2912 2724 3201 2781 mittimus
3244 2740 3349 2779 eos
3398 2724 3593 2779 homi-

1936 2824 2045 2868 nes
2075 2813 2135 2868 in
2195 2814 2535 2881 Ecclesium,
2588 2815 2693 2886 qui
2734 2815 2864 2884 jam
2921 2814 3059 2871 facti
3106 2818 3245 2870 sunt
3272 2814 3461 2870 sancti
3488 2828 3595 2886 per

1934 2896 2307 2973 baptismum
2341 2899 2369 2956 ‘?
2420 2904 2488 2958 Et
2543 2902 2787 2975 propter
2827 2902 3024 2975 ipsam
3054 2917 3302 2958 causam
3329 2918 3441 2974 pro
3466 2917 3593 2974 qua

154 2989 412 3060 justitia,
445 2993 503 3044 et
526 2990 941 3047 immortalitas
972 2990 1238 3047 fecerunt
1266 2992 1465 3065 ipsum
1493 2988 1687 3050 Adam
1716 2992 1825 3049 ha-
1863 3019 1905 3074 ο
1936 2991 2226 3046 Dominus
2282 2991 2443 3047 misit
2497 2989 2694 3047 Adam
2741 2992 2804 3046 in
2858 2991 3229 3064 paradisum,
3259 2992 3373 3047 hoc
3394 2995 3483 3047 est
3528 2995 3595 3047 ut

157 3079 308 3135 bere
332 3079 659 3150 imaginem
684 3083 741 3137 et
765 3080 1214 3138 similitudinem
1246 3083 1364 3138 Dei.
1420 3085 1486 3139 Et
1509 3087 1825 3156 prepterea
1935 3083 2284 3151 operaretur
2312 3083 2369 3135 et
2397 3080 2719 3136 custodiret
2770 3079 2936 3136 illum
2980 3079 3352 3152 paradisum.
3384 3078 3593 3135 Simili-

159 3164 315 3223 di'xit
342 3170 499 3223 Deus
524 3172 850 3241 antequam
890 3174 1117 3226 crearet
1160 3171 1351 3226 Adam
1384 3190 1397 3227 :
1451 3194 1477 3219 «
1512 3171 1826 3227 Faciamus

158 3255 475 3313 hominem
496 3252 573 3313 ad
600 3257 1054 3315 similitudinem
1082 3264 1353 3317 nostram
1387 3262 1550 3332 (Gen.
1587 3278 1625 3329 ι,
1654 3262 1767 3333 26),
1796 3285 1822 3311 η

156 3345 280 3401 hoc
307 3349 394 3401 est
426 3345 719 3402 faciamus
746 3346 1055 3403 hominem
1086 3353 1381 3416 sanctum,
1411 3353 1467 3405 et
1485 3350 1720 3420 justum
1767 3354 1825 3406 et

157 3426 587 3492 immortalem.
618 3438 683 3491 Et
711 3436 888 3493 istam
918 3446 1091 3493 snam
1120 3438 1449 3507 imaginem
1505 3453 1619 3495 nos
1657 3450 1823 3495 com-’

159 3524 410 3580 mendat
439 3525 726 3580 Dominus
754 3524 999 3594 habere,
1031 3524 1279 3599 quando
1309 3528 1531 3584 dicitin
1564 3530 1821 3599 Evange.

159 3614 240 3669 lio
278 3620 291 3669 ἑ
326 3632 356 3661 ‹‹
379 3616 574 3670 Estote
594 3614 963 3687 sancti,quia
989 3618 1179 3685 etego
1215 3622 1458 3673 sanctus
1497 3630 1635 3673 sum
1659 3620 1817 3687 (Lev;

160 3710 232 3771 xi,
256 3703 404 3773 θυοδ
438 3704 504 3759 Et
532 3703 592 3758 in
614 3703 730 3759 alio
768 3704 901 3760 loco
950 3704 1130 3761 dicit:
1191 3722 1219 3754 ιι
1248 3708 1440 3762 Estote
1493 3707 1823 3764 misericor-

156 3790 288 3860 des,
314 3790 468 3846 sicut
496 3794 553 3847 et
608 3793 778 3847 Pater
831 3795 1022 3848 vester
1066 3793 1402 3850 misericors
1431 3799 1522 3851 est
1546 3797 1713 3862 (Luc.
1738 3812 1817 3863 v1,

161 3880 314 3951 30).»
341 3882 493 3950 Ergo
522 3880 668 3952 quia
695 3882 853 3937 Deus
881 3884 1008 3937 tam
1030 3882 1261 3938 bonum
1299 3887 1356 3938 et
1394 3887 1517 3939 tam
1544 3888 1819 3940 sanctum

156 3968 298 4024 fecit
321 3968 535 4039 Adam,
566 3974 884 4043 propterea
909 3969 1186 4041 legimus,
1240 3994 1268 4021 «
1299 3972 1442 4045 quia
1471 3973 1633 4029 misit
1678 3984 1817 4030 eum

158 4060 221 4115 in
252 4059 604 4131 paradisum
634 4065 700 4117 ut
735 4065 1103 4133 operaretur,
1164 4067 1222 4118 et
1272 4063 1593 4119 custodiret
1648 4062 1816 4120 illum

161 4148 335 4215 (Gen.
368 4160 471 4215 vn,
508 4150 651 4221 15).»
676 4154 740 4206 In
765 4148 898 4224 ipso
926 4155 1127 4208 autem
1152 4151 1437 4224 paradiso
1457 4152 1620 4209 dedit
1635 4153 1687 4209 ei
1710 4156 1819 4210 Do-

153 4238 361 4293 minus
388 4240 633 4295 omnein
654 4239 925 4309 gloriam.
952 4240 1037 4297 lbi
1062 4240 1306 4297 videbat
1335 4242 1602 4313 angelos,
1629 4247 1687 4298 et
1736 4243 1817 4299 lo-

1935 3164 2021 3222 ter
2045 3171 2101 3222 et
2129 3172 2243 3222 nos
2277 3160 2616 3223 sacerdotes
2645 3170 2962 3240 propterea
2988 3166 3278 3223 mittimus
3315 3166 3591 3222 homines

1934 3254 2265 3327 baptizatos
2294 3255 2355 3311 in
2379 3252 2724 3323 Ecclesiam,
2755 3256 2819 3311 ut
2846 3254 3010 3311 omni
3041 3255 3308 3326 tempore
3338 3258 3590 3326 operen-

1933 3349 2028 3400 tur
2047 3345 2106 3400 in
2138 3354 2209 3401 ea
2230 3342 2601 3401 voluntatem
2635 3345 2754 3410 Dei,
2788 3347 2844 3401 et
2886 3343 3229 3400 custodiant
3277 3343 3441 3401 illam
3490 3345 3591 3399 Ec-

1932 3430 2197 3501 cléSiam,
2229 3432 2347 3489 hoe
2374 3436 2464 3490 est
2490 3432 2981 3490 Chistianita'tem.
3011 3426 3162 3489 Deus
3211 3433 3592 3505 omnipotens

1930 3521 2179 3579 donavit
2207 3522 2399 3578 Adam
2424 3521 2617 3593 legem
2642 3522 2829 3595 quam
2861 3522 3067 3578 debuit
3113 3522 3433 3578 observare
3486 3534 3594 3595 per

1931 3610 2357 3668 obedientiam.
2392 3611 2644 3677 Qualem
2672 3610 2867 3681 legem
2896 3610 2925 3668 ?
2953 3611 3027 3667 Ut
3077 3624 3201 3667 non
3268 3611 3593 3667 manduca-

1929 3696 2017 3755 ret
2047 3701 2120 3755 de
2152 3698 2365 3756 arbore
2395 3700 2652 3755 scientiae
2682 3700 2827 3756 boni
2873 3703 2930 3755 et
2988 3699 3151 3755 mali.
3210 3698 3483 3756 Similiter
3538 3700 3596 3756 et

1928 3790 2220 3845 Dominus
2265 3802 2373 3862 per
2423 3805 2535 3845 nos
2593 3789 2778 3846 dooat
2816 3788 2990 3845 vobis
3048 3788 3243 3859 legein'
3268 3790 3456 3862 quam
3488 3787 3589 3845 de-

1926 3879 2078 3935 betis
2106 3894 2341 3935 servare
2368 3880 2428 3934 in
2457 3879 2732 3936 Ecclesia.
2769 3877 3017 3945 Qualem
3042 3879 3233 3949 legem
3284 3877 3455 3935 vobis
3486 3879 3593 3934 do-

1927 3973 2031 4025 nat
2058 3968 2348 4025 Dominus
2376 3982 2484 4043 per
2512 3985 2647 4033 nos,
2670 3969 2733 4025 id
2760 3971 2865 4036 est,
2908 3978 3017 4041 p'er
3046 3970 3316 4025 antram
3375 3968 3588 4025 admo-

1925 4057 2215 4113 nitionem
2245 4058 2273 4113 ἲ
2299 4079 2326 4106 ‹‹
2362 4060 2486 4114 Non
2520 4058 2757 4114 occides
2791 4076 2805 4125 ;
2838 4070 2962 4114 non
2993 4056 3392 4113 moechaberis
3418 4076 3431 4125 ;
3462 4073 3587 4113 non

1925 4147 2326 4215 adulterabis;
2359 4162 2482 4204 non
2521 4144 2745 4204 furtum
2771 4146 2950 4204 facies
2986 4166 2998 4215 ;
3029 4156 3151 4203 n‘on
3176 4146 3397 4203 falsum
3429 4146 3591 4203 testi-

1925 4237 2201 4292 monium
2239 4234 2402 4293 dices
2427 4255 2441 4304 ;
2474 4253 2596 4293 non
2618 4236 2956 4310 perjurabis
2986 4255 2999 4305 ;
3033 4234 3243 4306 diliges
3268 4236 3589 4292 Dominum

152 4327 455 4401 quebatur
480 4340 618 4383 cum
647 4327 802 4396 illis;
832 4332 890 4384 et
908 4334 1223 4402 nunquam
1251 4336 1583 4387 moreretur
1616 4332 1667 4386 si
1690 4347 1812 4387 non
1853 4373 1896 4402 η
1928 4330 2115 4382 Deum
2147 4330 2318 4382 tuum
2348 4342 2421 4382 ex
2446 4330 2569 4383 toto
2613 4326 2793 4382 corde
2816 4331 2955 4393 tuo;
3014 4330 3071 4381 et
3122 4324 3333 4399 diliges
3387 4326 3589 4398 proxi-

151 4422 479 4489 peocasset.
503 4417 587 4473 lbi
617 4416 902 4474 audiebat
931 4419 1249 4475 Dominum
1309 4430 1513 4476 secum
1560 4420 1812 4494 loquen-

150 4509 299 4573 tem,
320 4509 379 4560 et
408 4504 587 4561 talem
614 4505 1019 4563 obedientiam
1051 4507 1163 4562 sibi
1193 4509 1815 4577 commendantem,ut

150 4608 474 4666 nunquam
495 4594 835 4651 comederet
856 4595 931 4651 de
955 4595 1121 4665 ligno
1158 4596 1414 4653 scientiae
1442 4597 1587 4653 boni
1610 4602 1667 4655 et
1690 4614 1815 4655 ma-

151 4680 211 4736 li.
246 4683 309 4736 In
324 4682 463 4754 ipsa
474 4695 619 4738 vero
638 4682 785 4740 hora
815 4696 939 4755 qua
963 4680 1234 4755 peccavit
1249 4684 1459 4753 Adam,
1483 4685 1654 4755 ejecit
1674 4701 1814 4741 eum

152 4771 463 4839 Dominus,
489 4771 596 4843 qui
625 4775 713 4828 est
741 4773 1071 4846 Episcopus
1091 4773 1533 4846 episcoporum,
1559 4774 1717 4831 foras
1738 4775 1813 4831 de

149 4859 477 4931 paradiso;
508 4864 565 4916 et
590 4859 743 4916 dixit
766 4860 847 4916 illi
881 4878 953 4916 :«
986 4865 1051 4916 In
1077 4860 1296 4917 sudore
1324 4860 1525 4918 vultus
1558 4862 1641 4917 tui
1680 4878 1812 4918 ves-

148 4948 302 5004 ceris
362 4955 523 5022 pane
571 4952 679 5005 tuo
734 4951 898 5016 (Gen.
961 4966 1041 5017 ni,
1079 4950 1218 5021 19).»
1248 4953 1314 5006 Et
1346 4954 1675 5023 postquam
1705 4951 1812 5007 fuit

146 5036 346 5093 Adam
374 5038 599 5108 ejectus
623 5038 698 5094 de
728 5038 1036 5111 paradiso,
1063 5038 1213 5112 quid
1242 5038 1377 5095 fecit
1405 5040 1433 5094 ?
1462 5040 1627 5095 Certe
1678 5040 1809 5097 lon-

147 5141 291 5195 gam
317 5127 730 5203 paenitentiam
760 5128 895 5185 fecit
917 5145 1025 5201 per
1055 5132 1365 5185 sexcentos
1390 5144 1604 5197 annos,
1636 5134 1693 5185 et
1738 5146 1809 5186 eo

147 5214 435 5289 amplius.
464 5210 554 5272 Ad
574 5202 854 5274 ultimum
870 5234 1008 5274 vero
1034 5222 1171 5291 post
1189 5233 1365 5273 suam
1388 5223 1643 5273 mortem
1668 5220 1807 5274 mis-

147 5321 251 5359 sus
280 5310 369 5361 est
398 5305 458 5361 in
486 5322 785 5363 carcerem
817 5306 1191 5375 infernalem,
1216 5306 1513 5377 ubilongo
1542 5310 1806 5380 tempore

144 5394 381 5466 planxit
409 5398 467 5451 et
494 5395 701 5461 doluit,
756 5397 901 5469 quia
956 5401 1199 5470 propter
1257 5413 1435 5452 suum
1492 5402 1805 5469 peccatum

143 5484 488 5556 perdiderat
519 5485 893 5558 paradisum,
926 5490 982 5542 et
1011 5488 1132 5543 tam
1161 5486 1372 5557 grandi
1404 5491 1669 5559 tempore
1700 5485 1808 5545 fuit

1928 4433 2097 4472 mum
2166 4420 2335 4473 tuum
2392 4416 2542 4471 sicut
2586 4412 2967 4489 temetipsum
3029 4414 3237 4484 (Exod.
3275 4420 3361 4483 ix,
3426 4416 3530 4483 i3).
3560 4436 3588 4462 ››

1926 4509 2175 4573 Fratres,
2202 4505 2319 4562 ista
2344 4505 2548 4561 omnia
2578 4508 2877 4577 praecepta
2933 4503 3100 4558 vobis
3145 4502 3331 4557 donat
3390 4501 3587 4557 Domi-

1923 4604 2043 4651 nus’
2065 4600 2172 4669 per
2196 4611 2327 4662 nos,
2360 4599 2424 4649 ut
2454 4592 2807 4649 custodiatis
2841 4591 2942 4647 illa
2994 4595 3055 4646 et
3099 4590 3428 4662 operemini
3486 4589 3585 4645 illa

1922 4688 2029 4760 per
2054 4678 2478 4743 obedientiam.

1996 4860 2109 4917 Sed
2134 4856 2281 4934 quid
2310 4854 2448 4916 fecit
2488 4852 2777 4915 Dominus
2802 4854 2876 4913 de
2906 4855 3097 4913 Adam
3151 4862 3260 4928 pro
3299 4870 3370 4911 eo
3419 4853 3583 4926 quod

1920 4944 2044 5005 non
2071 4950 2387 5005 custodivit
2402 4938 2845 5005 obedientiam?
2871 4944 3036 5002 Certe
3059 4944 3233 5017 ejecit
3259 4946 3398 5000 eum
3421 4942 3582 5001 foras

1920 5038 1994 5094 de
2026 5037 2306 5110 paradiso
2331 5036 2690 5111 plorantem,
2722 5034 2779 5091 et
2808 5035 3113 5105 lugentem
3143 5038 3200 5090 et
3235 5033 3415 5089 nimis
3444 5044 3584 5089 con-

1919 5122 2271 5184 tristantem.
2304 5124 2577 5183 Similiter
2597 5129 2653 5182 et
2675 5142 2787 5181 nos
2817 5118 3083 5197 episcOpi
3103 5127 3419 5196 propterea
3441 5124 3585 5196 quia

1919 5232 2024 5272 vos
2050 5232 2171 5272 non
2205 5214 2543 5272 custodistis
2572 5214 3429 5287 obedientiam‘prseceptorum
3456 5212 3577 5282 Dei,

1918 5323 2051 5379 quae
2081 5322 2193 5361 nos
2224 5320 2408 5377 supra
2448 5303 2916 5371 nominavinms,
2945 5307 3267 5377 propterea
3292 5302 3579 5374 ejecimus

1918 5411 2026 5450 vos
2048 5394 2207 5451 foras
2238 5395 2311 5449 de
2338 5392 2606 5459 ecclesia,
2639 5398 2695 5447 et
2721 5393 3094 5449 cantavimus
3125 5395 3265 5466 pest
3315 5408 3423 5447 vos
3465 5392 3579 5445 hoc

1916 5485 2081 5559 quod
2112 5483 2399 5540 Dominus
2429 5485 2565 5555 post
2594 5478 2785 5538 Adam
2812 5483 3089 5553 cantavit,
3118 5481 3367 5555 quando
3396 5478 3578 5551 cipu-

142 5564 456 5629 ibidolens
488 5575 875 5647 e'tpoenitens,
894 5573 1087 5631 donec
1111 5575 1394 5632 dominus
1416 5581 1620 5633 noster
1634 5580 1802 5633 Jesus
1913 5574 1980 5630 lit
2008 5588 2148 5630 eum
2179 5573 2253 5630 de
2282 5571 2568 5646 paradiso
2598 5589 2609 5626 :
2646 5570 2763 5628 «In
2795 5566 3012 5629 sudore
3037 5566 3239 5627 vultus
3270 5568 3354 5625 tui
3385 5574 3579 5623 vesce-

144 5662 439 5733 Christus,
478 5664 585 5737 qui
600 5664 969 5739 estpontifex
982 5665 1360 5738 pontiﬁcum,
1392 5665 1648 5725 absolvit
1662 5678 1801 5724 eum

1914 5665 1997 5722 ris
2053 5666 2211 5737 pane
2260 5667 2361 5721 tuo
2437 5663 2607 5732 (Gen.
2658 5679 2739 5734 ιιι,
2804 5663 2909 5735 t9),
2966 5685 2995 5711 »
3053 5663 3110 5716 et
3153 5656 3405 5729 reliqua.-
3462 5652 3576 5710 Sed
