4000 6190
329 237 430 288 767

1365 227 1665 282 ABBONIS
1707 220 2328 281 SANGERMANENSIS
2369 223 2713 280 MONACHI.

3653 223 3768 276 768

330 356 478 429 quid
519 355 655 411 fecit
684 355 876 411 Adam
908 355 1235 425 postquam
1263 350 1373 406 fuit
1397 351 1621 421 ejectus
1651 349 1726 405 de
1751 344 1992 420 paradi-
2025 346 2071 397 A
2107 345 2248 398 Vere
2307 345 2438 400 illos
2489 347 2635 403 tales
2684 348 2960 404 homines
2999 347 3100 420 qui
3146 347 3259 403 hoc
3308 347 3535 402 faciunt
3589 345 3780 401 male'

333 461 399 500 so
427 447 455 502 ‘?
482 447 644 501 Certe
688 443 941 499 multam
987 445 1042 495 et
1093 440 1340 509 dignam
1395 439 1809 513 paenitentiam
1862 433 1997 490 fecit

333 533 544 603 Adam,
575 537 638 587 ut
663 532 883 601 dignus
917 532 1070 586 esset
1091 527 1257 601 quod
1283 531 1437 584 Deus
1458 527 1746 599 reciperet
1769 540 1907 580 eum
1934 523 1994 578 in

333 621 701 693 paradisum.
741 622 805 674 Et
832 633 940 674 vos
973 617 1238 673 similiter
1264 617 1486 673 fecistis
1535 616 1784 685 dignam
1810 611 1995 686 poeni-

333 709 577 765 tentiam
607 709 666 764 in
707 709 822 765 ista
850 708 1344 778 Quadragesima,
1376 723 1499 780 quo
1525 723 1630 762 vos
1662 704 1784 760 sitis
1832 702 1998 773 digni

331 799 549 852 intrare
597 797 659 852 in
713 797 1047 863 ecclesiam,
1100 801 1158 852 et
1197 796 1644 852 communicare
1675 790 1912 864 corpori
1941 795 1998 846 et

333 885 616 954 sanguini
639 885 892 941 Domini.
924 888 987 940 Et
1014 890 1334 958 propterea
1373 899 1482 940 vos
1533 882 1860 954 gaudenter
1911 895 1997 934 re-

333 973 476 1044 cipit
499 978 705 1030 sancta
740 978 930 1030 mater
961 973 1220 1030 Ecclesia
1274 973 1426 1029 inter
1481 971 1637 1028 ﬁlios
1681 987 1846 1041 suos,
1893 968 1998 1040 qui

335 1065 475 1117 sunt
503 1061 607 1117 ﬁlii
630 1063 730 1118 Dei
756 1062 1044 1135 adoptivi,
1075 1063 1189 1117 hoc
1240 1066 1328 1116 est
1375 1060 1563 1116 electi.
1618 1059 1741 1114 Hoc
1795 1063 1998 1114 tamen

336 1149 564 1205 debetis
591 1150 757 1221 scire,
789 1151 934 1223 quia
990 1151 1139 1206 sicut
1188 1150 1400 1206 beatus
1459 1147 1809 1203 Ambrosius
1831 1144 1996 1213 dixit,

338 1237 539 1292 nullus
569 1238 888 1310 episcopus
916 1242 1112 1311 potest
1142 1238 1454 1294 absolvere
1485 1237 1859 1308 posnitentes,
1885 1232 2001 1288 nisi

335 1326 469 1395 ipsa
498 1325 847 1396 poenitentia
871 1341 1080 1382 eorum
1108 1325 1282 1380 fuerit
1307 1325 1492 1394 digna
1507 1324 1581 1379 de
1604 1321 1996 1380 absolutione.

339 1413 683 1470 Pmnitentia
705 1415 778 1469 de
811 1431 994 1487 poena
1024 1415 1253 1486 accepit
1284 1429 1529 1483 nomen,
1563 1418 1627 1468 ut
1655 1413 1840 1468 homo
1868 1426 2003 1482 pec-

338 1506 503 1557 cator
531 1503 750 1558 habeat
776 1519 1021 1575 poenam
1051 1504 1111 1558 in
1132 1519 1401 1574 corpore,
1427 1501 1762 1572 jejunando
1775 1505 1830 1556 et
1854 1498 2001 1555 afﬂi-

340 1590 537 1659 gendo
569 1607 813 1646 carnem
836 1609 1010 1647 suam
1045 1608 1151 1664 per
1176 1590 1623 1660 abstinentiam,
1647 1595 1703 1644 et
1725 1604 1830 1661 per
1858 1587 2000 1656 vigi-

339 1679 449 1733 lias
481 1678 539 1733 in
567 1680 958 1736 orationibus.
990 1681 1154 1736 Unde
1177 1681 1258 1736 ait
1285 1680 1497 1735 beatus
1553 1679 1950 1749 Hieronymus
1985 1693 1996 1730 :
2031 1693 2074 1744 Β

347 1790 372 1816 ‹‹
409 1769 671 1824 Grandia
698 1770 928 1840 jejunia
957 1770 1261 1841 expellunt
1285 1770 1459 1826 fortia
1491 1769 1628 1824 vitia
1684 1768 1758 1823 de
1812 1766 2001 1822 homi-

345 1873 420 1912 ne
452 1875 464 1924 ;
498 1862 556 1913 et
588 1857 764 1926 longa
803 1860 1058 1931 parcitas
1089 1860 1202 1914 cibi
1241 1863 1297 1914 et
1345 1863 1522 1930 potus
1575 1857 1791 1913 occidit
1836 1855 2004 1910 luxu-

344 1945 556 2001 riam.»
609 1949 675 2002 Et
718 1954 1034 2020 propterea
1055 1947 1227 2002 vobis
1265 1947 1520 2002 dicimus
1543 1948 1676 2013 hoc,
1711 1949 1774 2000 ut
1804 1944 1852 1998 si
1881 1959 2003 1999 non

345 2035 576 2090 habetis
631 2036 828 2091 adhuc
882 2036 1043 2092 illam
1099 2036 1508 2107 paenitentiam
1561 2035 1802 2102 factam,
1869 2048 2003 2104 quae

347 2124 464 2176 Deo
497 2122 748 2193 placeat,
777 2139 849 2178 ex
894 2128 1090 2178 vestra
1150 2123 1451 2178 voluntate
1506 2123 1769 2195 perficite
1799 2121 2000 2176 illam:

346 2215 401 2265 et
429 2211 476 2265 si
508 2226 629 2267 non
665 2213 910 2284 potestis
935 2212 1229 2283 jejunare,
1264 2212 1355 2267 vel
1409 2212 1827 2282 eleemosynas
1854 2210 2006 2265 face-

344 2315 428 2368 re,
453 2315 584 2369 quae
634 2299 885 2356 liberent
911 2305 1135 2356 vestras
1189 2301 1424 2356 animas
1453 2300 1528 2354 de
1576 2300 1827 2366 inferno,
1882 2313 2004 2353 non

346 2389 574 2445 debetis
602 2390 716 2446 hoc
747 2391 1049 2446 attendere
1083 2395 1146 2446 ut
1172 2408 1276 2446 vos
1299 2406 1569 2463 unquam
1611 2405 1732 2444 non
1778 2387 2006 2444 faciatis

347 2478 481 2550 plus
507 2478 583 2534 de
609 2479 957 2552 pcenitentia
983 2479 1094 2534 nisi
1125 2484 1422 2552 quantum
1450 2479 1618 2534 vobis
1647 2477 1818 2534 fuerit
1848 2493 2008 2532 eom-

348 2567 721 2636 mendatum,
774 2568 874 2624 sed
917 2569 991 2624 de
1041 2574 1238 2624 vestra
1282 2568 1580 2624 voluntate
1612 2567 1840 2623 debetis
1871 2566 2007 2638 plus

348 2658 562 2727 facere,
591 2658 740 2713 sicut
770 2657 1067 2714 faciebant
1099 2657 1307 2715 sancti.
1349 2658 1454 2728 qui
1510 2657 1830 2728 portabant
1885 2655 2006 2710 cili-

348 2747 459 2814 cia,
491 2753 547 2803 et
571 2746 952 2804 abstinebant
977 2764 1012 2802 a
1042 2763 1220 2803 carne
1248 2752 1304 2802 et
1323 2765 1359 2802 ει
1390 2747 1550 2811 vino,
1575 2752 1631 2802 et
1651 2745 2010 2816 jejunabant

348 2850 538 2906 usque
569 2834 646 2890 ad
677 2851 990 2906 vesperam
1025 2840 1268 2906 propter
1296 2833 1662 2890 desiderium
1686 2833 1819 2888 vitae
1840 2837 2006 2888 aeter-

348 2939 440 2978 nte
465 2942 478 2991 ;
512 2929 569 2979 et
596 2939 868 2995 unquam
894 2939 1016 2979 non
1047 2923 1156 2978 fuit
1185 2923 1299 2978 illis
1325 2923 1546 2979 sanctis
1577 2922 1652 2978 de
1683 2921 2005 2978 sacerdoti-

347 3011 461 3066 bus
484 3011 612 3068 talis
639 3011 987 3082 poenitentia
1009 3009 1455 3066 commendata.

421 3173 666 3237 Fratres,
719 3171 846 3240 jam
904 3171 1088 3226 modo
1137 3175 1226 3226 est
1275 3171 1466 3227 Adam
1493 3175 1768 3240 receptus
1809 3171 1870 3226 in
1894 3187 2009 3226 cce-

351 3258 487 3314 lesti
528 3259 832 3331 paradiso,
870 3263 1113 3331 propter
1140 3259 1396 3315 multum
1426 3259 1794 3315 laboriosam
1819 3259 2012 3332 paeni-

352 3347 598 3403 tentiam
627 3347 842 3404 meruit
867 3348 1137 3419 accipere
1169 3349 1510 3404 societatem
1549 3365 1689 3404 cum
1737 3349 1835 3405 Dei
1865 3347 2008 3403 ﬁde-

348 3437 506 3492 libus
536 3438 861 3509 redemptis
891 3437 965 3492 de
1000 3438 1292 3506 sanguine
1323 3439 1553 3494 Christi.
1609 3441 1675 3494 Et
1716 3455 1844 3505 vos,
1890 3441 2008 3493 Deo

349 3526 588 3596 gratias,
619 3525 801 3582 hodie
832 3532 1076 3600 propter
1116 3532 1375 3583 vestram
1425 3528 1835 3599 paenitentiam
1867 3527 2008 3583 estis

347 3614 568 3686 recepti
597 3614 658 3668 in
690 3613 1003 3670 ecclesiam
1033 3615 1208 3686 quasi
1247 3615 1307 3670 in
1341 3615 1712 3686 paradisum.
1765 3619 1828 3670 Et
1866 3615 2008 3688 quia

349 3719 456 3757 vos
504 3703 868 3759 convenistis
924 3703 984 3758 in
1031 3703 1146 3758 ista
1202 3703 1296 3758 die
1353 3703 1432 3759 ad
1470 3703 1879 3776 recipiendam
1912 3721 2008 3759 so-

347 3791 616 3847 cietatem
649 3797 867 3848 sanctae
894 3792 1164 3847 Ecclesiae
1195 3798 1250 3847 et
1275 3793 1719 3849 absolutionem
1780 3795 1853 3848 de
1909 3810 2009 3848 ve-

348 3881 480 3936 stris
531 3884 812 3952 peccatis,
840 3886 896 3936 et
947 3881 1080 3936 ideo
1133 3882 1371 3937 venistis
1420 3899 1556 3937 cum
1613 3888 1734 3937 toto
1778 3882 2010 3938 deside-

349 3971 456 4035 rio,
489 3985 611 4041 quo
641 3986 746 4025 vos
793 3970 1034 4042 possitis
1086 3970 1347 4042 recipere
1381 3976 1504 4027 tam
1553 3987 1845 4041 magnum
1871 3987 2011 4040 gau-

349 4058 517 4112 dium
573 4058 647 4112 de
701 4058 970 4114 Paschali
1027 4059 1421 4130 solemnitate,
1479 4063 1536 4113 et
1589 4075 1712 4130 quo
1773 4059 2010 4130 possitis

349 4148 796 4203 communicare
847 4148 920 4203 de
976 4164 1226 4220 corpore
1279 4155 1335 4204 et
1405 4147 1696 4215 sanguine
1755 4148 2008 4215 Domini,

349 4240 665 4308 propterea
721 4252 842 4292 non
899 4237 1077 4292 debet
1121 4253 1430 4292 remanere
1487 4237 1548 4290 in
1609 4237 1778 4291 vobis
1809 4253 2012 4310 super-

349 4323 469 4391 bia,
503 4339 609 4396 per
646 4341 829 4396 quam
870 4324 1081 4381 cecidit
1105 4326 1329 4380 Lucifer
1381 4323 1632 4394 angelus
1685 4324 1759 4380 de
1791 4324 2014 4380 cmlesti

351 4413 540 4483 gloria
568 4413 629 4469 in
659 4413 980 4469 infernum.
1017 4417 1094 4469 De
1124 4414 1260 4485 ipsa
1299 4413 1581 4487 superbia
1611 4413 1804 4486 inquit
1833 4415 2013 4486 scrip-

350 4508 478 4558 tum
511 4520 524 4557 :
586 4525 614 4551 «
641 4506 794 4559 Deus
827 4503 1102 4575 superbis
1155 4502 1504 4558 hominibus
1552 4504 1784 4564 resistit.
1816 4504 2012 4558 humi-

350 4593 508 4648 libus
533 4658 536 4660 ,
565 4597 768 4648 autem
813 4593 1001 4648 donat
1057 4609 1231 4647 suam
1288 4592 1540 4664 gratiam
1583 4593 1733 4661 (Jac.
1770 4609 1844 4660 ιν,
1870 4597 1944 4660 6).
1974 4584 2009 4643 ἠ

355 4683 410 4738 Si
454 4681 548 4736 ille
603 4682 853 4751 angelus
912 4681 1138 4755 Lucifer
1190 4697 1297 4754 per
1356 4679 1703 4752 superbiam
1752 4681 2012 4753 perdidit

354 4775 639 4826 aeternam
693 4769 1104 4839 gloriam,nos
1155 4771 1260 4842 qui
1303 4768 1580 4824 homines
1635 4785 1844 4823 sumus
1891 4785 2012 4824 non

354 4859 682 4932 poterimus
713 4873 986 4930 unquam
1033 4858 1257 4915 habere
1304 4857 1469 4914 illam
1512 4857 1786 4927 gloriam.
1819 4858 1865 4912 si
1891 4875 2013 4913 non

354 4964 461 5020 per
484 4947 900 5002 humilitatem.
930 4947 1113 5003 Debet
1140 4963 1373 5002 cessare
1396 4946 1456 5000 in
1509 4945 1674 5000 vobis
1704 4947 1869 5002 omni
1898 4947 2013 5002 ira-

357 5036 596 5104 cundia,
649 5037 724 5092 de
777 5053 900 5108 qua
946 5037 1087 5092 dicit
1133 5040 1391 5093 Joannes
1439 5038 1745 5107 apustolus
1779 5055 1790 5092 :
1822 5061 1847 5085 ‹‹
1881 5039 2016 5093 Om-

358 5122 452 5176 nis
475 5123 579 5193 qui
608 5123 734 5178 odit
755 5123 997 5179 fratrem
1031 5141 1229 5188 suum,
1263 5122 1567 5178 homicida
1615 5130 1700 5180 est
1757 5128 1812 5196 (Ι
1835 5128 2012 5182 Joan.

360 5225 444 5276 ιιι,
510 5214 617 5278 l3).
653 5233 681 5260 ››
740 5214 806 5267 Et
867 5213 1152 5267 Dominus
1209 5211 1352 5266 dicit
1402 5212 1461 5266 in
1509 5215 1862 5284 Evangelio:
1897 5238 1923 5263 «
1961 5215 2018 5270 Si

359 5315 482 5356 non
553 5299 894 5357 dimiseritis
946 5307 1191 5372 peccata
1247 5301 1613 5371 hominibus,
1685 5321 1791 5359 nec
1849 5305 2018 5360 Pater

361 5392 550 5444 vester
630 5389 882 5446 caelestis
961 5390 1217 5445 dimittet
1299 5391 1461 5445 vobis
1521 5399 1767 5464 peccata
1826 5399 2020 5450 vestra

362 5479 602 5551 (Matth.
632 5495 710 5547 v1,
748 5481 850 5550 14).
888 5503 915 5529 ››
967 5479 1198 5536 Debetis
1254 5481 1432 5536 etiam
1459 5480 1772 5552 dimittere,
1803 5490 1865 5539 ut
1895 5500 2018 5539 non

363 5567 672 5640 decipiatis
702 5569 852 5624 alios
889 5568 1164 5625 homines
1209 5585 1316 5643 per
1372 5576 1566 5626 vestra
1607 5571 1812 5628 vitiosa
1857 5589 2020 5628 inen-

363 5657 560 5726 dacia,
607 5661 665 5714 et
712 5674 820 5730 per
879 5662 1070 5714 vestra
1121 5659 1604 5732 ingeniosissima
1653 5661 2014 5731 juramenta.

2105 433 2247 488 dicit
2331 437 2526 491 omnis
2596 437 2872 504 Ecclesia,
2941 453 3122 493 orans
3200 453 3339 492 cum
3418 437 3772 508 Propheta:

2107 546 2132 572 ‹‹
2161 523 2471 595 Disperdat
2501 527 2786 583 Dominus
2835 527 3117 582 universa
3140 526 3299 582 labia
3331 525 3544 581 dolosa
3575 526 3777 592 (Psal.

2104 628 2182 678 χι,
2217 615 2291 682 4).
2322 636 2346 661 ››
2384 617 2447 671 Et
2479 633 2490 669 :
2526 639 2552 664 α
2589 616 2740 682 Quid
2769 617 3100 689 loquuntur
3129 631 3343 688 pacem
3401 631 3543 670 cum
3574 615 3782 686 proxi-

2106 717 2207 756 mo
2237 719 2366 770 suo,
2394 705 2554 760 mala
2585 711 2784 762 autem
2815 707 2878 761 in
2931 705 3211 761 cordibus
3241 721 3474 760 eorum.
3517 707 3603 759 Da
3636 703 3779 769 illis,

2109 793 2282 859 Deus,
2307 795 2640 850 secundum
2672 795 2942 868 ipsorum
2973 811 3156 867 opera
3200 796 3390 865 (Psal.
3423 809 3609 854 xxvn.
3638 794 3717 859 3).
3754 816 3780 839 η

2109 883 2187 934 De
2216 883 2435 938 ventris
2483 883 2742 953 ingluvie
2797 885 3082 940 admonet
3137 899 3246 939 vos
3302 883 3596 939 Dominus
3630 887 3781 938 tem-

2107 983 2316 1040 perare
2360 971 2606 1028 dicens:
2675 995 2702 1021 «
2736 971 3028 1028 Attendite
3075 987 3150 1027 ne
3207 975 3535 1041 graventur
3583 972 3780 1025 corda

2108 1062 2302 1114 vestra
2323 1059 2382 1114 in
2409 1061 2656 1132 crapula
2671 1066 2729 1117 et
2757 1060 3039 1116 ebrietate
3065 1063 3232 1130 (Luc.
3265 1077 3386 1130 χχι,
3421 1060 3534 1130 34).
3573 1083 3600 1107 ››
3636 1061 3781 1114 Cra-

2109 1147 2253 1220 pula
2295 1153 2351 1204 et
2405 1149 2660 1206 ebrietas
2717 1154 2805 1206 est
2856 1149 3107 1205 nimium
3161 1148 3533 1206 manducare
3589 1152 3651 1203 et
3689 1147 3782 1203 ni-

2110 1237 2301 1292 mium
2331 1237 2556 1295 bibere.
2617 1239 2767 1296 Satis
2820 1238 2977 1294 scitis
3035 1255 3139 1294 vos
3195 1239 3339 1310 quia
3387 1242 3644 1310 propter
3695 1237 3786 1292 in-

2112 1325 2369 1396 gluviem
2399 1328 2619 1384 ventris
2648 1328 2945 1384 cruciatur
2973 1327 3140 1383 dives
3167 1329 3229 1383 in
3253 1326 3508 1382 inferno.
3545 1325 3635 1381 Illi
3676 1326 3786 1381 ho-

2112 1415 2304 1470 mines
2324 1417 2428 1488 qui
2460 1433 2699 1490 semper
2722 1417 3096 1473 manducant
3121 1422 3176 1472 et
3204 1416 3421 1473 bibunt
3455 1431 3661 1487 usque
3703 1414 3785 1469 ad

2113 1504 2500 1570 saturitatem,
2553 1510 2610 1560 et
2659 1521 2854 1578 usque
2899 1504 2977 1560 ad
3032 1505 3401 1573 ebrietatem,
3447 1503 3532 1559 illi
3564 1503 3644 1558 de
3673 1518 3785 1556 suo

2112 1597 2314 1648 ventre
2348 1592 2572 1649 faciunt
2598 1611 2775 1649 suum
2820 1597 3028 1650 Deum.
3063 1594 3225 1650 Unde
3275 1594 3358 1649 ait
3401 1591 3737 1665 Apostolus
3769 1609 3782 1644 :

2116 1683 2432 1746 «Quorum
2496 1685 2650 1753 Deus
2708 1687 2914 1739 venter
2971 1687 3078 1752 est,
3129 1687 3184 1738 et
3241 1682 3431 1751 gloria
3460 1697 3681 1737 eorum
3724 1682 3780 1734 in

2115 1771 2464 1826 confusione
2518 1772 2701 1841 (Phil.
2737 1788 2816 1842 ιιι,
2858 1773 2942 1836 19)
2977 1789 2988 1827 :
3027 1794 3052 1821 »
3084 1773 3198 1828 hoc
3240 1775 3329 1827 est
3382 1771 3443 1826 in
3498 1785 3786 1826 verecun-

2114 1859 2215 1914 dia
2271 1860 2538 1932 ipsorum
2606 1862 2715 1917 erit
2760 1863 2864 1933 qui
2912 1866 3149 1918 terrena
3213 1861 3476 1934 sapiunt.
3552 1863 3622 1916 Et
3681 1860 3785 1914 ite-

2116 1965 2250 2003 rum
2307 1948 2448 2004 dicit
2511 1949 2878 2021 Apostolus:
2938 1973 2963 1997 ‹‹
3003 1953 3223 2016 Esca,»
3281 1949 3397 2004 hoc
3437 1955 3528 2004 est
3589 1949 3784 2008 cibus,

2117 2061 2142 2085 ‹‹
2173 2038 2360 2093 ventri
2386 2043 2474 2094 est
2525 2041 2697 2105 Deus,
2737 2042 2794 2094 et
2817 2043 3020 2094 venter
3047 2038 3200 2094 escis
3229 2040 3285 2107 (Ι
3312 2038 3453 2094 Cor.
3484 2055 3565 2105 γι,
3607 2039 3724 2105 l3),
3760 2061 3786 2084 ιι

2115 2127 2227 2181 hoc
2259 2131 2347 2181 est
2377 2126 2541 2181 cibis.
2579 2128 2734 2182 Deus
2765 2131 2967 2182 autem
2996 2127 3157 2182 hunc
3196 2131 3491 2195 ventrem,
3526 2129 3586 2180 et
3635 2126 3784 2188 haec,

2116 2216 2172 2270 id
2206 2221 2315 2283 est,
2341 2232 2526 2282 escas,
2559 2216 2824 2272 destruet
2853 2217 2910 2271 in
2950 2216 3069 2272 fine
3127 2216 3356 2272 mundi.
3423 2216 3548 2271 Hoc
3606 2215 3788 2270 etiam

2117 2321 2228 2360 nos
2283 2311 2627 2362 commonet
2681 2310 2744 2360 ut
2790 2306 3092 2376 fugiamus
3143 2305 3358 2360 fetores
3398 2304 3680 2371 luxuriae,
3734 2309 3791 2358 et

2116 2409 2296 2449 omne
2373 2408 2562 2462 genus
2642 2393 3071 2449 fornicationis.
3127 2393 3289 2448 Unde
3341 2393 3492 2448 dicit
3531 2397 3787 2464 Aposto-

2116 2483 2209 2538 lus
2243 2500 2255 2537 :
2284 2503 2313 2536 ‹
2342 2486 2542 2554 Neque
2573 2482 2982 2548 fornicatores,
3015 2497 3210 2554 neque
3237 2481 3495 2537 adulteri
3527 2496 3786 2550 regnum

2121 2573 2218 2627 Dei
2252 2571 2652 2643 possidebunt
2681 2573 2736 2640 (Ι
2765 2571 2901 2627 Cor.
2935 2588 3016 2637 v1,
3047 2575 3124 2635 9).
3163 2594 3188 2619 ››
3223 2573 3287 2626 Et
3309 2570 3526 2626 beatus
3589 2569 3788 2625 Hiero-

2120 2677 2339 2732 nymus
2369 2660 2450 2715 ait
2481 2679 2492 2716 :
2526 2683 2550 2707 ‹‹
2588 2660 2697 2725 Qui
2721 2664 2921 2716 autem
2970 2659 3324 2728 luxuriatur,
3383 2659 3597 2714 vivens
3627 2674 3785 2714 mor-

2119 2757 2256 2806 tuus
2282 2755 2387 2805 est.
2427 2773 2452 2798 »
2484 2752 2767 2805 Praeterea
2798 2748 3041 2818 grandis
3069 2748 3308 2804 bonitas
3347 2753 3458 2816 est,
3494 2752 3558 2803 ut
3585 2747 3786 2802 dimit-

2119 2846 2319 2896 tamus
2344 2838 2678 2904 avaritiam,
2713 2837 2786 2893 de
2821 2853 2944 2909 qua
2975 2836 3115 2892 dicit
3139 2835 3464 2909 Apostolus
3502 2854 3515 2890 :
3570 2860 3598 2882 ‹‹
3634 2842 3785 2890 Ava-

2120 2925 2252 2983 ritia
2306 2930 2394 2982 est
2436 2925 2736 2982 idolorum
2785 2925 3042 2981 servitus
3114 2925 3352 2996 (Ephes.
3399 2941 3456 2993 v,
3491 2925 3566 2992 5).
3622 2947 3648 2972 ››
3678 2923 3787 2978 hoc

2059 3043 2077 3087 τ
2121 3019 2231 3085 est,
2262 3013 2358 3070 ille
2383 3015 2567 3070 homo
2615 3014 2719 3087 qui
2773 3030 2994 3071 avarus
3047 3019 3155 3085 est,
3196 3012 3290 3068 ille
3340 3013 3560 3068 adorat
3604 3012 3785 3080 idola,

2121 3109 2178 3160 et
2217 3104 2394 3160 servit
2452 3103 2729 3160 diabolis.
2793 3107 2860 3159 Et
2915 3103 3127 3159 iterum
3177 3102 3256 3158 ait
3295 3101 3672 3176 Apostolus:
3709 3102 3788 3157 Illi

2119 3193 2417 3261 homines,
2471 3217 2496 3240 ‹‹
2530 3193 2633 3265 qui
2699 3193 2909 3249 volunt
2959 3209 3091 3248 esse
3155 3192 3389 3257 divites,
3453 3191 3690 3247 cadunt
3730 3192 3788 3246 in

2121 3281 2507 3338 tentationem
2538 3286 2594 3337 et
2623 3282 2683 3336 in
2714 3281 3003 3354 laqueum
3025 3280 3246 3338 diaboli
3275 3282 3328 3351 (l
3359 3282 3505 3335 Tim.
3543 3298 3624 3346 v1,
3650 3284 3702 3348 9)
3731 3299 3785 3333 ε»

2120 3372 2232 3428 hoc
2272 3378 2359 3427 est
2417 3372 2478 3427 in
2528 3376 2802 3428 catenam
2860 3371 3109 3440 diaboli,
3158 3375 3214 3426 et
3244 3371 3518 3426 caduntc
3551 3371 3616 3425 in
3641 3370 3789 3425 desi-

2118 3461 2282 3517 deria
2338 3460 2527 3516 multa
2577 3465 2633 3516 et
2689 3460 2925 3525 nociva,
2992 3475 3128 3531 quae
3175 3465 3457 3530 mergunt
3509 3459 3787 3514 homines

2120 3553 2178 3606 in
2209 3550 2622 3623 perditionem.
2655 3549 2859 3619 (Ibid.)
2893 3573 2919 3597 ››
2953 3549 3115 3605 Unde
3145 3548 3226 3604 ait
3248 3547 3512 3604 Jacobus
3545 3554 3785 3620 aposto-

2118 3642 2212 3698 lus
2265 3641 2342 3696 ad
2392 3640 2554 3712 ipsos
2597 3638 2809 3694 divites
2845 3656 2857 3693 :
2895 3662 2920 3687 ‹‹
2951 3641 3159 3694 Vestrae
3180 3637 3396 3694 divitize
3435 3638 3784 3708 putrefactis

2123 3736 2282 3793 sunt,
2315 3731 2671 3786 vestimenta
2707 3734 2908 3785 vestra
2961 3730 3130 3784 tineas
3162 3727 3496 3784 comedunt
3524 3747 3539 3783 :
3574 3745 3787 3784 aurum

2121 3828 2177 3877 et
2234 3823 2546 3890 argentum
2603 3823 2867 3874 vestrum
2926 3818 3311 3887 aeruginavit;
3361 3823 3420 3873 et
3447 3834 3660 3887 aerugo
3691 3834 3783 3872 co-

2121 3928 2255 3967 rum
2283 3909 2389 3965 erit
2419 3908 2590 3964 vobis
2639 3907 2699 3962 in
2759 3908 3210 3974 testimonium;
3265 3911 3322 3962 et
3373 3907 3510 3978 ipsa
3575 3923 3780 3975 terugo

2121 3997 2435 4054 devorabit
2476 4002 2702 4052 vestras
2749 4011 2957 4051 carnes
3011 3995 3160 4050 sicut
3187 3995 3342 4062 ignis
3371 3996 3529 4065 (Jac.
3565 4013 3623 4056 ν,
3656 3998 3727 4066 '2).
3763 4019 3784 4042 μ

2121 4087 2326 4144 Omnis
2374 4087 2558 4142 homo
2615 4086 2718 4158 qui
2775 4085 3008 4140 divitias
3057 4084 3260 4153 habet,
3322 4089 3378 4139 et
3428 4085 3788 4141 vestimenta

2124 4180 2264 4235 satis
2309 4178 2509 4244 habet,
2566 4181 2620 4232 et
2673 4192 2888 4231 aurum
2954 4173 3044 4230 vel
3100 4180 3417 4244 argentum
3496 4175 3786 4247 possidet,

2123 4275 2178 4324 et
2226 4267 2387 4322 videt
2442 4269 2579 4320 ante
2641 4281 2702 4320 se
2747 4279 3042 4336 pauperes
3084 4263 3234 4318 mori
3268 4263 3343 4318 de
3371 4263 3560 4325 fame,
3589 4269 3693 4318 aut
3717 4263 3785 4317 de

2123 4358 2359 4426 frigore,
2416 4354 2721 4410 homicida
2772 4358 2877 4409 est.
2929 4355 3007 4407 De
3063 4352 3365 4407 discordia
3407 4368 3554 4407 vero
3583 4353 3787 4408 admoo

2122 4463 2261 4502 nere
2315 4462 2419 4500 vos
2476 4443 2768 4498 debemus
2815 4446 2878 4497 ut
2905 4456 3027 4496 non
3087 4440 3163 4496 sit
3210 4457 3485 4513 unquam
3521 4443 3586 4497 in
3619 4441 3787 4497 vobis

2122 4533 2440 4598 discordia,
2494 4531 2639 4604 quia
2681 4545 2802 4586 non
2855 4534 2942 4585 est
3001 4529 3118 4584 sub
3168 4529 3318 4586 ccelo
3346 4529 3472 4586 ulla
3503 4529 3786 4604 pestilen-

2123 4626 2226 4691 tia,
2296 4639 2432 4695 quaa
2513 4621 2596 4676 sic
2665 4620 2934 4675 devastet
3009 4633 3216 4688 regna,
3288 4624 3345 4674 et
3393 4620 3672 4674 civitates
3736 4624 3789 4673 et

2125 4713 2306 4778 villas,
2369 4715 2426 4766 et
2484 4711 2648 4782 ipsos
2723 4707 3022 4774 homines,
3095 4707 3406 4779 quomodo
3482 4707 3787 4763 discordia

2124 4802 2280 4867 facit,
2339 4805 2478 4856 teste
2534 4799 2835 4856 Salvatore
2886 4797 2948 4852 in
2991 4795 3352 4866 Evangelio:
3400 4818 3426 4843 ‹‹
3465 4798 3663 4852 Omne
3702 4812 3788 4850 re-

2125 4905 2313 4960 gnum
2343 4890 2401 4944 in
2460 4905 2522 4942 se
2576 4889 2773 4960 ipsum
2829 4886 3112 4951 divisum,
3145 4908 3171 4933 ‹‹
3207 4883 3268 4939 id
3295 4889 3384 4940 est
3407 4884 3788 4945 discordans,

2127 5004 2152 5028 ‹‹
2182 4979 2554 5035 desolabitur
2584 4979 2747 5046 (Luc.
2781 4992 2868 5040 x1,
2907 4977 2991 5044 l7)
3028 4997 3039 5029 :
3074 4999 3100 5023 »
3129 4975 3242 5029 hoc
3273 4979 3363 5030 est
3388 4975 3452 5029 in
3483 4975 3787 5029 desertum

2127 5069 2341 5124 veniet.

2198 5217 2276 5269 De
2327 5214 2450 5269 istis
2501 5212 2783 5268 omnibus
2839 5209 3096 5284 peccatis
3151 5209 3514 5281 supradictis
3566 5208 3791 5265 debetis

2131 5310 2315 5360 lteum
2375 5302 2682 5375 deprecari
2742 5301 3007 5357 utdonet
3035 5317 3138 5356 vos
3159 5299 3353 5354 facere
3387 5299 3572 5354 talem
3606 5299 3788 5371 paeni-

2128 5393 2372 5450 tentiam
2391 5399 2447 5448 et
2472 5392 2650 5447 talem
2682 5390 3184 5458 emendationem,
3218 5405 3355 5460 quae
3387 5389 3510 5444 Deo
3560 5389 3788 5460 placeat

2128 5489 2185 5540 et
2215 5483 2383 5538 vobis
2412 5481 2685 5554 proficiat
2713 5481 2791 5536 ad
2830 5480 3012 5535 vitam
3069 5483 3373 5545 aeternam,
3425 5479 3566 5550 ipso
3619 5477 3786 5546 adju-

2128 5577 2303 5629 vante
2335 5572 2436 5643 qui
2460 5587 2618 5626 nunc
2649 5570 2791 5626 vivit
2821 5573 2877 5624 et
2900 5574 3109 5638 regnat
3160 5569 3220 5623 in
3270 5566 3493 5622 saecula
3539 5566 3784 5622 szeculo-

2128 5677 2284 5716 rum.
2317 5667 2525 5716 Amen.
