4000 6190
229 160 340 213 769
366 158 371 163 ’

888 294 1124 354 SERMO
1175 302 1265 354 lll.

225 408 306 461 In
338 409 523 475 porta
554 404 818 460 ecclesiav
848 403 929 459 ad
950 405 1314 472 pamz‘tentes
1361 406 1630 461 nondum
1666 404 1909 473 adeptos

790 493 1361 551 reconciliationem.

307 619 490 674 Vobis
520 634 789 691 quoque,
823 617 1058 689 fratres,
1101 635 1260 691 quos
1289 636 1450 675 nunc
1480 623 1672 675 mater
1719 617 1911 673 Eccle-

228 709 323 764 sia
354 724 482 765 non
506 707 738 780 recipit,
771 706 914 780 quia
941 722 1065 762 non
1094 713 1185 763 est
1233 707 1435 764 adhuc
1469 713 1705 781 tempus
1746 723 1911 763 com-

229 798 409 871 plette
431 796 796 869 poenitentiae
820 799 1032 852 vestrae
1058 813 1071 849 :
1106 796 1306 866 Vobis,
1333 797 1609 870 inquam,
1636 795 1914 853 convenit

229 884 576 942 exhortatio
615 890 795 957 atque
837 883 1188 950 consolatio,
1237 885 1460 942 scilicet
1507 890 1572 941 ut
1609 902 1732 942 non
1777 900 1915 939 con-

232 972 554 1030 tristemini
576 972 651 1028 de
680 973 812 1040 hoc,
846 971 1012 1045 quod
1043 987 1168 1028 non
1199 973 1384 1028 modo
1411 989 1516 1028 vos
1552 974 1759 1047 recipit
1786 988 1913 1027 ma-

230 1067 322 1119 ter
379 1060 661 1118 Ecclesia.
716 1065 843 1118 Non
892 1060 1055 1117 enim
1098 1061 1422 1133 audemus,
1459 1078 1570 1117 nec
1617 1063 1911 1118 debemus

231 1152 516 1224 decipere
555 1150 792 1207 animas
845 1154 1089 1218 vestras,
1143 1167 1281 1223 quae
1337 1150 1513 1207 nobis
1569 1150 1913 1208 commissae

232 1243 380 1295 sunt
427 1239 509 1296 ad
567 1239 754 1295 vitam
810 1243 1094 1294 aeternam
1154 1236 1502 1310 perduCere.
1565 1240 1769 1297 Nullus
1828 1243 1915 1295 est

232 1334 398 1385 certe
420 1329 744 1402 episcopus
774 1327 878 1401 qui
906 1328 1098 1400 possit
1121 1327 1568 1384 absolutionem
1599 1330 1766 1397 dare,
1798 1329 1912 1384 nisi

233 1423 375 1492 post
421 1417 839 1492 paenitentiam
895 1418 1116 1473 factam
1146 1422 1204 1473 et
1255 1417 1508 1487 dignam
1554 1418 1911 1475 satisfactio-

233 1525 402 1565 nem.
463 1512 547 1563 Ac
601 1510 917 1580 propterea
968 1507 1249 1562 volumus
1297 1522 1406 1562 vos
1453 1508 1802 1575 confortari,
1859 1512 1916 1563 et

235 1586 550 1654 consolari
581 1600 638 1652 et
660 1596 979 1666 exhortari,
1013 1600 1077 1652 ut
1117 1611 1243 1652 non
1282 1595 1564 1651 habeatis
1595 1596 1910 1667 tristitiam,

235 1686 351 1743 sed
389 1702 533 1741 cum
577 1685 741 1742 omni
773 1701 919 1741 cura
949 1684 1270 1741 observare
1314 1689 1582 1741 vestram
1625 1687 1915 1759 pceniten-

235 1775 406 1832 tiam.
456 1778 604 1829 Nam
633 1778 827 1829 vestra
851 1773 1220 1845 pcenitentia,
1265 1772 1313 1828 si
1342 1772 1498 1828 bene
1533 1774 1709 1830 fuerit
1737 1774 1911 1841 facta,

234 1867 330 1919 est
371 1877 669 1933 magnum
719 1860 1007 1931 gaudium
1062 1860 1417 1932 angelorum
1446 1860 1511 1916 in
1560 1862 1731 1918 caelo.
1765 1862 1915 1928 Quia

238 1952 399 2007 sicut
427 1951 556 2024 ipse
600 1949 868 2006 Salvator
897 1950 998 2020 ait,
1047 1972 1073 1998 «
1106 1950 1404 2007 Gaudium
1435 1955 1527 2006 est
1557 1951 1784 2022 angelis
1815 1952 1915 2007 Dei

241 2040 305 2095 in
330 2039 485 2095 ccelo
507 2054 688 2110 super
718 2053 841 2093 uno
884 2042 1197 2111 peccatore
1229 2039 1645 2110 paenitentiam
1676 2044 1913 2109 agente,

236 2145 433 2201 quam
487 2143 669 2200 super
697 2126 1031 2197 nonaginta
1058 2142 1280 2184 novem
1306 2127 1486 2198 justis
1532 2128 1640 2200 qui
1668 2144 1793 2184 non
1823 2128 1914 2183 in-

240 2218 453 2288 digent
482 2215 831 2290 poenitentia
860 2217 1027 2287 (Luc.
1061 2234 1155 2287 xv,
1187 2221 1263 2288 7).
1311 2239 1337 2266 ››
1370 2220 1523 2287 Ergo
1571 2234 1710 2273 cum
1745 2218 1915 2273 omni

239 2307 578 2363 humilitate
606 2310 663 2361 et
688 2305 944 2379 puritate
968 2305 1187 2375 cordis,
1211 2304 1341 2360 sine
1363 2306 1450 2361 ira
1478 2311 1536 2362 et
1560 2305 1686 2362 sine
1707 2306 1912 2379 aliquo

241 2396 534 2452 seandalo
564 2394 958 2467 poenitemini,
991 2399 1047 2451 et
1081 2394 1492 2466 deprecamini
1519 2395 1690 2467 pium
1720 2397 1909 2451 Deum

244 2488 313 2540 ut
340 2483 617 2556 respiciat
646 2498 775 2554 vos,
817 2486 997 2555 atq-ue
1017 2482 1334 2552 dignanter
1362 2481 1609 2555 recipiat
1646 2488 1910 2540 vestram

241 2572 664 2629 humilitatem.

316 2680 619 2736 Providete
649 2679 849 2750 etiam,
882 2680 947 2734 ut
969 2676 1310 2751 paenitendo
1341 2681 1399 2733 et
1428 2677 1756 2749 jejunando
1783 2695 1908 2736 non

241 2769 476 2826 cadatis
524 2770 585 2824 in
632 2767 880 2840 aliquod
924 2767 1231 2823 criminale
1268 2772 1606 2840 peccatum,
1640 2768 1785 2839 quia
1813 2768 1908 2825 ille

243 2860 453 2923 homo,
483 2858 589 2932 qui
611 2859 847 2930 jejunat
893 2862 951 2912 et
1002 2861 1230 2929 peccat,
1273 2854 1481 2911 similis
1527 2861 1616 2911 est
1663 2856 1908 2914 diabolo

244 2965 488 3021 semper
509 2948 807 3019 jejunanti
845 2950 904 3002 et
932 2961 1168 3018 semper
1196 2944 1488 3018 peccanti.
1519 2948 1637 3001 Hoc
1662 2962 1907 3019 quoque

240 3036 475 3093 debetis
530 3036 853 3093 observare
903 3034 965 3090 in
1012 3038 1211 3089 vestra
1269 3033 1636 3105 poenitentia,
1670 3037 1735 3090 ut
1760 3034 1909 3090 illud

241 3127 476 3183 faciatis
513 3126 833 3197 jejunium,
883 3124 1050 3197 quod
1082 3123 1155 3179 sit
1186 3122 1624 3179 sanctiﬁcatum
1654 3138 1727 3178 ex
1757 3123 1907 3181 dua-

238 3216 359 3271 bus
383 3214 607 3285 causis,
631 3213 745 3269 hoc
775 3216 882 3279 est,
924 3211 999 3266 de
1029 3210 1401 3267 orationibus
1440 3216 1619 3282 atque
1649 3210 1906 3268 eleemo-

240 3303 430 3377 synis.
448 3303 613 3359 Unde
630 3303 977 3358 commonet
998 3315 1112 3355 nos
1139 3299 1434 3372 propheta
1457 3316 1516 3352 ;‹‹
1535 3299 1907 3357 Sanctiﬁcate

233 3393 539 3465 jejunium
567 3392 737 3459 (Joel.
766 3406 803 3461 1,
845 3390 947 3461 14).
984 3412 1013 3439 ››
1046 3388 1348 3445 Concedat
1378 3388 1770 3461 Omnipotens
1802 3406 1908 3446 no-

238 3482 336 3539 bis
383 3487 440 3538 et
485 3480 657 3537 vobis
715 3478 1067 3551 hujusmodi
1109 3476 1408 3549 jejunium
1446 3478 1613 3533 omni
1636 3482 1906 3551 tempore

238 3571 548 3645 perlicere,
571 3570 737 3643 quod
760 3568 936 3625 nobis
962 3568 1190 3641 aperiat
1208 3566 1583 3640 paradisum.
1613 3567 1694 3623 De
1714 3568 1904 3624 ebrie-

240 3666 361 3718 tate
389 3677 527 3717 vero
558 3660 784 3731 castigo
838 3674 966 3725 vos,
1020 3656 1253 3723 fratres,
1299 3656 1487 3711 nostri
1527 3656 1802 3712 concives
1843 3661 1907 3713 ut

239 3749 548 3806 declinetis
581 3749 660 3804 ab
687 3763 779 3817 ea,
807 3752 866 3803 et
889 3761 1013 3801 non
1047 3743 1293 3800 teneatis
1322 3759 1460 3799 eam
1484 3744 1549 3799 in
1582 3760 1718 3799 usu.
1754 3745 1905 3810 Quia

238 3838 496 3896 ebrietas
516 3837 747 3893 nullum
778 3835 988 3891 vitium
1005 3836 1270 3899 excusat,
1292 3831 1397 3887 sed
1426 3832 1632 3889 omnia
1656 3838 1905 3905 peccata

238 3931 506 3999 generat,
567 3931 624 3982 et
678 3930 767 3981 est
795 3938 1089 3994 magnum
1119 3928 1176 3978 et
1222 3920 1530 3978 criminale
1562 3927 1898 3994 peccatum.

236 4022 392 4075 Nam
420 4016 534 4072 ista
561 4015 838 4084 ebrietas,
869 4028 1057 4085 quam
1082 4012 1292 4069 tenetis
1313 4027 1351 4067 a
1374 4027 1555 4068 mane
1598 4027 1791 4085 usque
1823 4012 1903 4068 ad

234 4110 481 4163 noctem
510 4103 898 4177 profundam,
931 4105 1019 4157 est
1067 4100 1321 4173 perditio
1371 4100 1714 4157 animarum
1770 4115 1902 4156 ves-

232 4200 490 4252 trarum.
522 4196 664 4250 Vere
694 4197 1010 4264 nunquam
1037 4190 1334 4246 habebitis
1367 4190 1552 4246 vitam
1589 4194 1898 4258 aeternam,

230 4284 357 4342 nisi
387 4300 495 4357 per
519 4281 946 4340 abstinentiam
972 4296 1009 4336 a
1039 4279 1286 4353 crapula
1328 4284 1383 4336 et
1425 4279 1726 4351 ebrietate,
1784 4280 1901 4336 hoc

1595 152 1964 210 SERMONES
2005 155 2338 225 QUINQUE.

3573 180 3678 232 770

1945 283 1992 335 Α
2021 280 2162 339 viv1t
2192 288 2248 340 et
2274 292 2487 358 regnat
2515 290 2671 346 Deus
2704 305 2811 362 per
2834 291 3043 348 omnia
3062 293 3283 351 saacula
3302 297 3674 356 saeculorum.

2020 376 2228 429 Amen.

2676 452 2905 508 SERMO
2946 452 3034 506 IV.

2568 554 2622 592 ΙΝ
2689 555 2859 594 COENA
2922 555 3142 596 DOMINI.

2372 626 2472 681 Ad
2493 629 2851 697 paenitentes
2881 630 3321 688 reconciliatos.

2092 708 2297 779 Hodie,
2329 711 2560 781 fratres,
2595 721 2684 772 est
2731 732 2906 772 coena
2948 718 3206 788 Domini,
3240 719 3302 774 in
3333 737 3456 792 qua
3486 723 3682 778 Domi-

2019 810 2132 850 nus
2160 802 2364 854 noster
2386 818 2525 858 cum
2554 802 2862 876 discipulis
2891 804 3019 859 suis
3042 805 3450 879 manducavit,
3473 811 3683 867 ctlavit

2018 885 2202 957 pedes
2229 903 2459 960 eorum,
2492 891 2647 947 dans
2679 893 2854 948 nobis
2886 893 3235 966 exemplum
3263 912 3384 968 quo
3417 899 3682 955 similiter

2018 973 2313 1031 faciamus
2345 995 2454 1034 nos
2484 981 2702 1036 nostris
2728 982 2969 1038 famulis
2991 987 3047 1038 et
3076 984 3466 1055 pauperibus.
3500 987 3682 1043 Hodie

2019 1071 2402 1122 consecratur
2429 1067 2709 1140 chrisma,
2739 1070 2898 1126 unde
2926 1086 3141 1126 omnes
3170 1071 3324 1129 ﬁunt
3349 1073 3682 1131 (.hristiani.

2018 1154 2082 1206 ln
2111 1151 2225 1207 hac
2267 1153 2363 1210 die
2406 1155 2758 1227 poenitentes
2817 1158 3163 1214 societatem
3215 1160 3483 1217 Ecclesiae
3541 1161 3686 1217 reci-

2018 1239 2209 1312 piunt,
2241 1247 2298 1298 et
2327 1244 2517 1300 sancti
2545 1246 2742 1315 angeli
2772 1247 3041 1317 gaudent
3062 1247 3145 1302 de
3204 1250 3683 1307 reconciliatione

2020 1343 2229 1385 eorum
2286 1331 2624 1401 hominum,
2691 1336 2795 1407 qui
2849 1334 3133 1391 veraciter
3192 1338 3592 1408 paenituerunt
3621 1355 3683 1395 se

2019 1432 2323 1488 peccasse,
2348 1424 2407 1475 et
2437 1420 2878 1478 tribulationem
2915 1424 2977 1479 in
3000 1424 3125 1479 suis
3153 1427 3506 1498 corporibus
3531 1427 3684 1499 jeju-

2020 1507 2247 1576 nando,
2279 1513 2337 1564 et
2359 1509 2679 1580 vigilando,
2714 1517 2770 1568 et
2793 1513 3059 1568 oratoria
3090 1514 3544 1578 circumeundo,
3574 1533 3682 1589 pa-

1950 1632 1991 1686 B
2023 1593 2229 1686 tienter
2258 1597 2688 1686 sustinuerunt.
2718 1605 2783 1655 ut
2812 1603 3001 1655 Deum
3035 1600 3149 1657 sibi
3180 1601 3539 1674 placabilem
3574 1604 3685 1660 ob-

2024 1683 2288 1739 tinerent.
2326 1685 2500 1740 Vobis
2530 1686 2751 1759 itaque,
2784 1688 3014 1751 fratres,
3062 1706 3218 1761 quos
3250 1690 3428 1746 hodie
3479 1692 3689 1764 recipit

2021 1775 2228 1826 sancta
2255 1773 2527 1836 Ecclesia,
2559 1775 2730 1830 vobis
2764 1775 2922 1845 dico,
2956 1778 3240 1833 convenit
3269 1778 3600 1835 admonitio
3632 1785 3689 1836 et

2021 1860 2370 1917 exhortatio.
2416 1861 2517 1918 illa
2557 1864 2776 1919 scilicet
2821 1864 2993 1920 vobis
3043 1867 3322 1923 convenit
3360 1870 3689 1925 commoni-

2023 1947 2123 2014 tio,
2159 1952 2223 2003 ut
2250 1949 2416 2004 omni
2480 1955 2746 2023 tempore
2804 1953 3207 2010 recordemini
3249 1956 3458 2028 quales
3510 1958 3686 2015 eratis

2021 2042 2158 2092 ante
2215 2038 2652 2097 confessionem
2683 2045 2743 2097 et
2769 2042 3210 2113 paenitentiam,
3266 2051 3324 2100 et
3378 2045 3687 2116 indulgen-

2022 2124 2189 2190 tiam,
2218 2141 2356 2197 qute
2393 2142 2557 2182 nunc
2594 2129 2896 2183 consecuti
2957 2131 3119 2198 estis,
3160 2131 3326 2187 vobis
3352 2135 3471 2188 Deo
3497 2132 3684 2206 inspi-

2020 2217 2189 2268 rante
2218 2230 2230 2267 :
2264 2213 2395 2286 ipse
2436 2215 2595 2269 enim
2629 2219 2783 2272 Deus
2830 2216 2982 2273 dixit
3010 2235 3022 2273 :
3058 2241 3087 2267 «
3121 2220 3255 2275 Sine
3284 2236 3380 2276 me
3408 2221 3555 2278 nihil
3581 2239 3686 2295 po-

2027 2301 2185 2356 testis
2215 2301 2409 2357 facere
2432 2304 2628 2369 (Joan.
2661 2321 2753 2370 xv,
2787 2308 2860 2375 5).
2898 2326 2925 2354 ››

2092 2389 2273 2460 Igitur
2301 2394 2437 2446 ante
2469 2391 2909 2448 confessionem
2935 2399 2994 2449 et
3037 2395 3448 2467 paenitentiam
3478 2416 3686 2473 pecca-

2019 2482 2215 2533 torum
2254 2482 2587 2535 vestrorum
2618 2480 2794 2536 eratis
2821 2480 2927 2537 filii
2959 2482 3209 2549 diaboli,
3254 2491 3311 2543 et
3362 2489 3512 2545 servi
3543 2506 3683 2563 pec-

2017 2567 2150 2629 cati,
2184 2567 2328 2639 quia
2359 2590 2384 2615 ‹‹
2421 2567 2531 2634 Qui
2555 2568 2697 2625 facit
2724 2576 3065 2641 peccatum,
3102 2590 3308 2631 servus
3337 2582 3427 2634 est
3454 2580 3683 2651 peccati

2019 2657 2214 2727 (Joan.
2255 2672 2382 2719 vni,
2410 2658 2524 2727 34).
2565 2680 2582 2708 ι
2622 2661 2787 2714 Nunc
2836 2674 2983 2716 vero
3018 2661 3166 2733 quia
3207 2664 3440 2734 fugistis
3469 2667 3680 2726 diabo-

2014 2744 2163 2810 lum,
2193 2749 2250 2800 et
2276 2744 2517 2799 venistis
2574 2746 2654 2800 ad
2684 2746 2852 2818 pium
2905 2749 3209 2807 Christum
3246 2769 3352 2825 per
3384 2763 3678 2828 paeniten-

2016 2836 2184 2898 tiam,
2213 2834 2445 2889 liberati
2474 2834 2613 2890 estis
2653 2851 2690 2891 a
2745 2842 3019 2908 peccato,
3066 2844 3143 2895 et"
3167 2843 3318 2897 servi
3359 2844 3497 2900 facti
3537 2847 3679 2902 estis

2016 2925 2155 2978 Deo.
2217 2925 2366 2992 Ergo
2409 2937 2652 2979 necesse
2698 2928 2786 2979 est
2824 2924 3000 2981 vobis
3032 2944 3174 2983 cum
3207 2931 3373 2988 omni
3403 2933 3680 2991 sollicitu-

1944 2982 1986 3038 δ
2016 3011 2174 3074 dine,
2213 3016 2270 3067 et
2298 3010 2465 3066 omni
2495 3027 2642 3067 cura
2672 3016 2739 3068 ut
2764 3011 3052 3070 laboretis
3094 3016 3154 3071 in
3181 3019 3463 3076 omnibus
3491 3024 3679 3095 operi-

2013 3099 2130 3155 bus
2158 3098 2355 3161 bonis,
2383 3098 2656 3155 videlicet
2685 3104 2889 3156 etnon
2916 3104 3296 3162 manducetis
3320 3108 3595 3178 nimium,
3624 3116 3682 3168 et

2014 3204 2135 3244 non
2158 3188 2377 3244 bibatis
2406 3204 2600 3260 usque
2631 3188 2711 3245 ad
2739 3189 3110 3263 ebrietatem,
3159 3210 3355 3268 neque
3402 3203 3538 3254 ante
3574 3200 3680 3256 ho-

2012 3294 2166 3341 ram,
2224 3293 2420 3350 neque
2452 3282 2589 3349 post
2617 3278 2868 3347 horam;
2903 3284 2962 3336 et
3006 3282 3298 3340 studeatis
3357 3286 3552 3343 vivere
3604 3289 3679 3346 de

2012 3371 2213 3422 vestra
2231 3365 2481 3436 justitia,
2514 3382 2639 3423 non
2670 3366 2745 3422 de
2775 3368 3015 3440 rapina,
3071 3373 3364 3444 quoniam
3394 3376 3545 3434 sicut
3598 3380 3680 3435 ait

2012 3454 2357 3527 Apostolus,
2384 3476 2410 3503 «
2428 3457 2714 3526 Raptores
2733 3471 2990 3525 regnum
3017 3461 3116 3514 Dei
3136 3477 3260 3516 non
3285 3465 3679 3535 possidebunt

2011 3543 2071 3616 (Ι
2096 3548 2226 3599 Cor.
2256 3560 2334 3611 v1,
2368 3542 2511 3613 10).»
2529 3546 2814 3601 Memores
2835 3545 3014 3602 etiam
3037 3564 3169 3605 esse
3196 3550 3426 3609 debetis
3447 3555 3675 3611 terribi-

2009 3633 2080 3688 lis
2107 3631 2429 3693 sententize,
2468 3644 2658 3704 quam
2688 3632 2836 3689 dixit
2864 3636 3223 3707 Apostolus:
3260 3663 3287 3689 ‹‹
3322 3641 3432 3706 Qui
3462 3641 3523 3697 in
3554 3660 3675 3700 uno

2012 3721 2260 3778 offendit
2283 3720 2558 3775 omnium
2591 3738 2728 3777 reus
2748 3722 2996 3793 est(Jac.
3033 3740 3094 3791 ιι,
3122 3725 3242 3795 10);
3270 3752 3297 3777 ››
3322 3728 3437 3785 hoc
3466 3735 3552 3787 est
3571 3732 3675 3804 qui

2015 3827 2202 3867 unum
2234 3813 2548 3882 peccatum
2579 3809 2739 3876 facit,
2788 3810 3039 3868 offendit
3068 3816 3278 3882 Deum,
3323 3818 3427 3891 qui
3471 3820 3676 3877 omnia

2010 3903 2263 3973 peccata
2312 3897 2621 3971 prohibuit
2669 3899 2844 3956 nobis
2899 3899 3115 3958 facere.
3156 3907 3475 3979 Propterea
3503 3908 3675 3965 vobis

2009 3989 2145 4045 dico
2175 3987 2336 4054 talia,
2361 3991 2443 4059 ut,
2474 3988 2521 4043 si
2548 4004 2674 4044 non
2705 3988 2897 4046 facitis
2923 3997 3175 4064 peccata
3200 4011 3337 4067 quas
3362 3997 3673 4070 paenituis-

2010 4076 2102 4145 tis,
2135 4092 2245 4132 nec
2266 4075 2383 4133 alia
2402 4076 2806 4133 committatis.
2827 4081 2976 4135 Nam
2992 4080 3140 4135 nihil
3161 4083 3410 4154 adjuvat
3431 4086 3679 4158 poenite-

2009 4182 2090 4227 re,
2127 4165 2172 4221 si
2200 4169 2335 4238 post
2364 4165 2778 4239 paenitentiam
2807 4169 3119 4226 revertitur
3139 4171 3323 4229 homo
3355 4174 3433 4230 ad
3462 4190 3675 4249 pecca-

2012 4260 2159 4312 tum.
2214 4258 2280 4312 Et
2328 4255 2423 4310 ille
2457 4254 2589 4311 talis
2646 4256 2833 4314 homo
2871 4258 2975 4332 qui
3005 4260 3120 4316 hoc
3151 4260 3312 4334 facit,
3346 4264 3553 4321 similis
3590 4271 3677 4321 est

231 4335 357 4443 est;
383 4335 1054 4430 animiawcomestione
1105 4335 1161 4426 et
1212 4369 1537 4442 potatione.
1709 4335 1900 4426 etiam
1935 4335 1983 4389 Β
2008 4344 2490 4443 ρεηίῖεξγθτιειιιί
2527 4344 2607 4443 a_d
2649 4347 2945 4443 Yf’mitum
2976 4364 3177 4443 Silum-
3226 4354 3291 4406 Et
3333 4352 3408 4407 de
3451 4354 3673 4443 talibus

228 4479 366 4521 non
381 4462 711 4519 observatis
731 4460 1050 4533 jejunium,
1082 4474 1190 4531 per
1212 4460 1379 4531 quod
1403 4458 1634 4516 debetis
1664 4459 1899 4516 vincere

230 4553 571 4621 diabolum,
595 4553 701 4608 sed
726 4550 1046 4621 infringitis
1072 4565 1251 4605 omne
1275 4550 1594 4621 jejunium,
1628 4554 1685 4605 et
1713 4566 1750 4605 a
1778 4552 1898 4606 Deo

232 4642 735 4701 commendatum
775 4645 833 4697 et
861 4657 897 4696 a
926 4644 1131 4696 nostra
1165 4640 1512 4695 auctoritate
1539 4639 1798 4709 jussum.
1836 4642 1902 4695 Et

233 4747 365 4788 non
410 4729 677 4801 cogitatis
724 4728 892 4801 quod
918 4727 1013 4783 ille
1039 4727 1222 4783 homo
1264 4728 1370 4799 qui
1416 4725 1680 4795 infringit
1707 4742 1898 4782 unum

233 4821 403 4877 diem
429 4819 491 4874 in
521 4817 1011 4888 Quadragesima,
1042 4820 1228 4872 totam
1249 4814 1786 4885 Quadragesimam
1806 4814 1898 4870 in-

234 4909 461 4979 fringit.
495 4911 563 4964 Et
589 4911 907 4981 propterea
934 4905 1290 4978 praecipiunt
1315 4902 1504 4961 sancti
1522 4916 1805 4971 canones,
1836 4909 1904 4960 ut

232 4997 348 5073 qui
376 4997 641 5069 infringit
671 5013 862 5053 unum
910 4995 1071 5051 diem
1120 4993 1182 5049 in
1213 4992 1703 5063 Quadragesima,
1745 5008 1897 5075 qua-

233 5087 518 5157 draginta
545 5086 674 5142 dies
698 5102 809 5158 pro
848 5100 971 5140 uno
999 5083 1097 5138 die
1129 5082 1318 5138 solvat
1354 5081 1582 5137 auctori
1612 5084 1730 5137 Deo
1766 5099 1894 5138 suo.

230 5180 484 5249 Propter
502 5175 825 5246 ingluviem
847 5178 904 5230 et
926 5171 1299 5241 gulositatem
1322 5169 1432 5225 fuit
1454 5171 1676 5241 ejectus
1706 5171 1897 5227 Adam

228 5267 312 5323 de
344 5265 647 5338 paradiso.
696 5266 764 5319 Et
794 5280 903 5318 nos
949 5262 1000 5316 si
1033 5263 1311 5317 volumus
1340 5264 1608 5316 nostram
1638 5262 1897 5332 recipere

226 5356 666 5423 hereditatem,
699 5355 757 5408 id
810 5358 920 5417 est,
975 5352 1346 5424 paradisum,
1406 5366 1646 5405 necesse
1698 5354 1786 5405 est
1834 5354 1899 5404 ut

224 5461 345 5519 per
375 5444 554 5499 aliam
575 5444 757 5512 viam,
783 5444 897 5498 hoc
928 5446 1040 5511 est,
1063 5457 1171 5514 per
1191 5439 1490 5512 jejunium
1513 5443 1570 5493 et
1592 5438 1898 5494 abstinen-

224 5535 383 5592 tiam
413 5537 777 5589 revertamur
829 5531 909 5587 ad
963 5529 1335 5603 paradisum.
1366 5526 1539 5594 Quod
1592 5527 1721 5599 ipse
1750 5541 1898 5599 pree-

227 5628 393 5680 stare
437 5621 732 5694 dignetur,
765 5623 871 5695 qui
924 5621 984 5676 in
1011 5619 1264 5676 trinitate
1296 5623 1352 5675 et
1381 5617 1604 5675 unitate
1633 5616 1894 5690 perfecta

2008 4433 2358 4491 hominibus
2404 4433 2812 4506 repetentibus
2842 4440 3089 4509 peccata
3122 4454 3234 4494 sua
3262 4455 3398 4510 quas
3438 4441 3568 4511 jam
3592 4441 3673 4495 fe-

2007 4527 2233 4590 cerunt,
2283 4521 2427 4579 dicit
2456 4522 2706 4594 Spiritus
2740 4529 2985 4580 sanctus
3017 4540 3124 4597 per
3153 4527 3515 4598 prophetam
3564 4532 3671 4585 Da-

2007 4611 2131 4677 vid,
2164 4634 2192 4661 «
2212 4611 2363 4678 Quia
2382 4610 2838 4682 justiﬁcationes
2863 4612 3097 4669 Domini
3116 4629 3239 4670 non
3264 4616 3673 4688 exquisierunt

2007 4702 2199 4772 (Psal.
2241 4717 2428 4763 cxvm,
2478 4705 2624 4765 155),
2662 4723 2689 4749 ››
2733 4700 2794 4757 id
2823 4706 2930 4769 est,
2961 4717 3086 4757 non
3116 4711 3580 4775 permanserunt
3607 4708 3669 4762 in

2006 4790 2507 4862 promissionibus
2538 4789 2680 4859 suis,
2739 4809 2893 4865 quas
2919 4792 3324 4865 promiserunt
3360 4796 3420 4852 in
3448 4796 3672 4869 baptis-

2006 4895 2110 4935 mo
2140 4884 2195 4936 et
2236 4880 2299 4936 in
2327 4878 2701 4936 confessione
2727 4881 3109 4954 iniquitatum
3155 4899 3402 4941 suarum
3432 4902 3444 4941 :
3476 4888 3670 4952 Quam

2006 4984 2113 5041 per
2140 4968 2347 5024 omnia
2377 4974 2651 5041 tempora
2678 4968 2861 5025 vitare
2894 4969 3113 5027 tribuat
3141 4972 3311 5028 vobis
3345 4977 3520 5039 Deus,
3563 4977 3670 5050 qui

2007 5074 2115 5114 vos
2144 5058 2323 5114 hodie
2354 5058 2562 5130 recipit
2585 5057 2645 5114 in
2674 5058 3017 5115 societatem
3057 5058 3251 5132 plebis
3292 5079 3433 5120 suae.

2580 5186 2591 5203 ε
2670 5168 2897 5224 SERMO
2940 5170 3002 5223 V.

2080 5260 2163 5311 De
2197 5258 2594 5327 fundamento
2623 5262 2677 5311 et
2699 5249 3062 5313 incremento
3089 5261 3591 5321 Christianitatis.

2079 5348 2341 5405 Pensate,
2392 5344 2601 5399 fratres
2630 5345 2987 5414 charissimi,
3038 5353 3095 5404 et
3140 5352 3513 5409 considerate
3545 5358 3663 5408 toto

2004 5434 2182 5490 corde
2210 5438 2424 5495 vestro,
2453 5439 2510 5490 et
2541 5438 2663 5490 tota
2686 5435 2890 5493 anima
2916 5442 3130 5503 vestra,
3156 5456 3346 5512 quam
3371 5458 3661 5511 magnum

2003 5539 2225 5580 nomen
2248 5521 2320 5578 sit
2337 5522 2648 5579 Christiani
2658 5529 2767 5592 tas,
2781 5530 2837 5582 et
2851 5527 3160 5599 quomodo
3174 5531 3358 5586 crevit
3377 5529 3662 5586 etdiﬂ‘usa

2002 5618 2093 5670 est
2120 5629 2228 5687 per
2257 5627 2468 5669 omnes
2499 5615 2703 5685 gentes
2731 5618 2921 5673 totum
2954 5616 3290 5675 habitantes
3336 5617 3654 5674 mundum.
