4000 6190
385 172 485 229 771

1432 165 1741 223 ABBONIS
1778 155 2407 225 SANGERIANENSIS
2441 154 2765 211 MONACHI
2876 108 2891 119 “

3709 158 3819 215 772

386 297 559 354 Nulla
583 296 879 369 siquidem
907 308 1090 350 causa
1114 290 1227 347 fuit
1242 304 1539 362 unquam,
1560 289 1794 351 nultum
1813 287 2036 361 quippe
2075 283 2123 337 Α
2149 278 2513 369 sequacibus
2542 277 2857 369 praetendit
2908 274 3253 351 exemplum
3302 268 3581 345 ejusdem
3642 278 3823 350 pel-ﬁ-

385 402 664 456 regnum,
695 383 856 440 nulla
884 394 1129 453 prorsus
1149 377 1466 433 aediﬁcatio
1490 378 1731 434 urbium
1753 393 1894 434 cum
1916 378 2038 433 toto

385 475 592 531 labore
639 474 996 532 constructa,
1040 466 1564 539 quemadmodum
1610 464 2036 526 Cliristianitas,

386 580 572 636 quam
597 564 798 618 nostra
826 555 1091 636 quotidie
1112 571 1303 628 prava
1324 555 1574 612 destruit
1593 554 1728 610 vita.
1746 558 1812 610 Et
1831 569 2041 626 quam-

385 651 472 705 vis
489 649 766 705 crevisset
782 644 1211 708 Cbristianitas,
1226 644 1621 716 ejusdemque
1642 659 1813 699 sacra
1834 640 2039 711 religio

383 753 523 793 cum
551 735 826 793 molestia
874 735 1037 790 dictu
1064 732 1375 801 ineffabili,
1410 737 1612 789 tamen
1644 747 1888 788 omnem
1930 729 2038 785 uti-

383 841 502 898 que
531 824 1015 898 superstitionem
1046 827 1103 877 et
1131 822 1500 878 mortiferam
1534 819 1875 891 gentilitatis
1916 818 2039 873 ido-

381 915 681 972 lolatriam
725 914 980 985 gloriose
1027 911 1187 978 vicit,
1248 916 1306 967 et
1355 910 1432 966 ad
1486 910 1795 982 pulverem
1849 924 2039 979 usque

383 1003 724 1077 prostravit.
742 1005 890 1061 Suos
911 1002 1168 1074 denique
1189 1000 1603 1056 observatores
1626 1004 1833 1055 sancta
1854 997 2041 1055 Chris-

386 1093 645 1159 tianitas,
676 1108 814 1164 quae
846 1095 933 1146 est
963 1090 1173 1146 civitas
1206 1090 1324 1151 Dei,
1349 1087 1427 1144 ad
1457 1088 1879 1161 perfectionem
1903 1101 2040 1142 eon-

386 1181 574 1237 duxit.
600 1185 712 1236 Nec
738 1180 959 1235 mirum
995 1183 1105 1250 est,
1140 1178 1187 1232 si
1216 1194 1311 1233 res
1341 1176 1602 1250 perfecta
1632 1176 1923 1249 perfectos
1951 1174 2037 1230 ia-

385 1270 480 1326 cit.
517 1270 682 1325 Unde
710 1272 799 1325 est
826 1284 968 1338 ergo
1009 1267 1343 1324 Christiana
1372 1266 1578 1337 religio
1608 1267 1873 1339 profecta
1899 1266 1927 1320 ?
1958 1267 2038 1320 Ex

383 1358 777 1415 fundamento
833 1357 1106 1412 videlicet
1132 1355 1444 1417 immobili,
1487 1356 1880 1427 omniumque
1936 1354 2036 1409 tir-

381 1448 657 1503 mlssimo
708 1463 909 1503 rerum
957 1446 1364 1501 hindatarum.
1422 1447 1609 1518 Super
1649 1446 1762 1501 hoc
1792 1444 2036 1517 quidem

383 1537 778 1593 fundamento
809 1536 1007 1591 veraci
1030 1535 1365 1590 assertione
1394 1534 1661 1607 loquitur
1693 1532 2033 1606 Apostolus,

2149 368 2374 424 ciendae
2405 367 2820 439 religiositatis.

2220 458 2408 528 Hujus
2460 461 2661 513 autem
2712 461 2769 512 et
2825 453 3135 531 pivimenti
3163 470 3401 509 memor
3458 458 3516 510 et
3555 456 3823 530 exempli

2146 547 2359 603 beatus
2388 546 2842 618 infitapostolus
2872 549 3074 601 Petrus
3101 562 3113 599 :
3147 567 3175 593 «
3196 543 3484 611 Christus,
3508 543 3820 618 inquiens,

2147 651 2365 708 passus
2391 639 2478 690 est
2508 651 2619 708 pro
2646 634 2845 702 nobis,
2876 634 3041 697 vobis
3059 633 3411 706 relinquens
3439 634 3821 707 exemplum,

2148 730 2211 785 ut
2241 724 2577 798 sequamini
2609 723 2856 795 vestigia
2875 723 3005 794 ejus
3030 724 3089 794 (Ι
3112 725 3282 781 Petr.
3305 740 3366 790 ιι,
3390 724 3526 795 xm).
3556 744 3586 774 ιι
3621 723 3820 780 Chris-

2147 816 2243 869 tus
2268 813 2556 869 Dominus
2584 812 2717 871 ideo
2746 813 2933 868 vitam
2963 811 3156 869 carnis
3186 810 3408 882 amisit,
3442 828 3572 884 quo
3599 812 3825 871 stabili-

2146 909 2235 959 ret
2265 904 2586 960 Ecclesiam
2618 902 3088 972 Christianitatis,
3120 919 3307 975 quam
3327 901 3572 973 judices
3601 902 3823 975 iniqui-

2150 992 2282 1048 tatis
2309 1008 2467 1047 creca
2492 991 2773 1063 cupidine
2803 991 3168 1047 incessanter
3199 994 3497 1046 evertunt.
3551 990 3823 1048 Christus

2147 1084 2303 1137 Deus
2333 1080 2554 1136 idcirco
2593 1096 2773 1137 suum
2804 1096 3024 1152 corpus
3068 1079 3442 1136 salutiferum
3492 1079 3821 1152 sepulturae

2148 1169 2407 1232 tradidit,
2431 1186 2556 1242 quo
2579 1169 2777 1225 omnis
2802 1168 3089 1240 sacrilega
3110 1168 3413 1241 cupiditas
3430 1168 3494 1225 in
3521 1173 3823 1229 tetanum

2148 1259 2382 1332 sepulta
2434 1259 2674 1329 jaceret,
2729 1258 2937 1331 sicque
2991 1261 3157 1313 muta
3177 1257 3404 1328 jugiter
3456 1257 3819 1330 quiesceret.

2147 1348 2410 1403 Christus
2435 1351 2588 1403 Deus
2615 1364 2727 1420 pro
2753 1363 2827 1403 eo
2845 1350 3036 1402 morte
3073 1346 3270 1405 carnis
3297 1350 3563 1407 mortem
3595 1347 3819 1402 animae

2145 1436 2379 1504 occidit,
2408 1453 2535 1509 quo
2553 1436 2839 1492 humanae
2863 1436 3059 1491 carnis
3089 1434 3341 1491 aviditas
3368 1434 3435 1490 in
3459 1434 3719 1495 homine
3744 1435 3821 1495 si-

2148 1526 2273 1581 mili
2302 1529 2423 1582 Deo
2454 1530 2693 1582 mortua
2722 1540 2963 1598 semper
2987 1524 3278 1580 existeret.
3299 1526 3600 1580 Caeterum
3621 1524 3825 1581 Omni-

388 1626 595 1682 dicens
618 1644 631 1682 :
654 1648 680 1676 ‹‹
706 1630 889 1682 Nemo
915 1623 1285 1698 potestaliud
1308 1623 1767 1679 fundamentum
1789 1638 2033 1695 ponere.
2075 1636 2124 1689 Β
2147 1620 2379 1687 potens,
2414 1615 2558 1682 Vita,
2577 1614 2848 1671 Christus
2872 1631 2909 1670 a
2938 1613 3189 1670 mortuis
3211 1614 3559 1678 resurrexit,
3578 1618 3824 1688 aposto-

386 1719 602 1787 prteter
629 1714 691 1771 id
725 1738 752 1763 »
792 1714 1252 1770 fundamentum
1307 1712 1776 1779 Christianitatis,
1813 1734 1839 1759 ‹‹
1872 1710 2034 1784 quod

379 1805 508 1876 jam
538 1804 801 1877 positum
832 1807 918 1858 est
949 1803 1003 1874 (I
1024 1803 1160 1859 Cor.
1190 1819 1272 1865 ru.
1308 1802 1415 1873 ll).
1453 1824 1480 1851 »
1514 1806 1716 1874 Ipsum
1741 1801 1920 1858 etiam
1937 1816 2036 1872 ap-

384 1893 566 1967 pellat
596 1896 758 1948 vates
795 1891 980 1947 David
1002 1891 1434 1965 pavimentum,
1456 1890 1661 1946 dicens
1688 1907 1700 1943 :
1728 1909 1756 1943 ‹‹
1778 1888 2039 1944 Adhaesit

384 1981 732 2054 pavimento
756 1980 960 2037 anima
985 1997 1121 2036 mea
1149 1981 1334 2050 (Psal.
1359 1996 1547 2042 cxmr,
1581 1980 1687 2051 25).
1722 2001 1748 2028 »
1781 1982 1903 2035 Hoc
1932 1977 2037 2047 igi-

386 2070 978 2138 turfundamentum,
993 2070 1111 2125 sive
1132 2069 1545 2144 pavimentum
1563 2072 1650 2124 est
1666 2071 1833 2123 Jesus
1850 2067 2038 2123 Chris-

384 2163 477 2215 tus
518 2160 805 2216 Dominus
835 2165 1056 2225 noster,
1087 2176 1266 2232 super
1295 2158 1466 2230 cujus
1506 2162 1757 2213 mortem
1788 2156 2037 2213 fundata

384 2252 475 2305 est
490 2248 824 2305 Christiana
852 2248 1078 2319 religio.
1105 2250 1147 2305 Ο
1178 2252 1441 2322 quantus
1468 2247 1639 2303 labor
1669 2245 2037 2302 mdiﬁcandte

386 2337 872 2396 Christianitatis!
905 2336 1369 2393 Animadvertite
1399 2352 1508 2392 vos
1551 2334 1819 2399 Deicolte,
1851 2351 2038 2407 quam

386 2426 767 2485 inenarrabili
805 2431 1102 2483 tormento
1140 2426 1349 2482 mortis
1380 2424 1663 2482 stabilivit
1702 2429 1902 2479 noster
1933 2427 2043 2479 Do-

383 2517 586 2573 minus
616 2514 937 2571 Ecclesiam
964 2513 1431 2583 Christianitatis,
1463 2529 1651 2587 quam
1691 2512 1854 2568 exosi
1876 2513 2040 2583 justi-

383 2606 529 2662 tiam
572 2604 729 2661 male
773 2604 1087 2678 dissipant,
1116 2620 1192 2660 ac
1220 2620 1330 2677 pro
1362 2619 1433 2659 ea
1484 2601 1820 2667 fundanda,
1853 2601 1956 2657 sed
1986 2605 2044 2657 et

386 2693 744 2750 stabilienda
764 2710 872 2767 per
892 2693 1130 2749 diversa
1145 2693 1357 2748 mundi
1383 2691 1621 2747 climata
1639 2686 1920 2747 sustinuit
1936 2691 2044 2746 Do-

385 2782 587 2839 minus
623 2785 794 2838 Jesus
818 2781 1022 2838 Zabuli
1052 2784 1442 2844 tentamenta,
1479 2779 1797 2835 hominum
1828 2795 2044 2853 oppro-

384 2871 537 2937 bria,
571 2875 767 2944 sputa,
793 2871 1065 2942 spineam
1095 2884 1402 2935 coronam,
1435 2867 1679 2923 tandem
1714 2884 1852 2923 vero
1881 2869 2045 2924 terri-

383 2961 566 3017 bilem
596 2960 788 3016 crucis
832 2975 1061 3021 necem,
1117 2958 1299 3030 inque
1344 2957 1625 3014 manibus
1674 2973 1743 3013 ac
1786 2958 2042 3031 pedibus

388 3050 588 3106 clavos
632 3047 1034 3105 formidolosae
1074 3046 1292 3119 molis;
1347 3046 1642 3118 simulque
1693 3052 1934 3102 sanctus
1980 3047 2042 3102 in

388 3142 594 3194 sancto
627 3137 894 3193 Christus
922 3135 1103 3192 latere
1135 3135 1287 3191 ultro
1325 3135 1599 3191 lanceam
1631 3136 1908 3209 suscepit.

458 3229 670 3283 Praeter
714 3225 777 3281 id
808 3230 1007 3282 tamen
1039 3229 1483 3281 sacramentum
1520 3223 1795 3281 catholici
1828 3224 2040 3295 cultus,

389 3314 595 3372 omnia
612 3331 749 3388 qum
765 3314 1029 3386 operatio
1046 3312 1251 3370 divina
1272 3313 1494 3370 ereavit
1514 3313 1733 3369 saecula
1756 3318 1813 3369 et
1832 3313 2045 3383 guber—

387 3408 513 3473 nat,
564 3404 690 3460 sine
720 3403 843 3460 ulla
880 3403 1126 3476 quidem
1170 3403 1445 3459 molestia
1482 3403 1656 3475 plene
1687 3402 1952 3459 condidit
1989 3408 2045 3460 et

388 3493 755 3549 moderatur.
795 3492 1101 3565 Siquidem
1144 3492 1206 3547 in
1252 3492 1384 3565 ipso
1430 3491 1800 3548 t’o‘rmationis
1829 3492 2042 3548 mundi

386 3581 680 3656 principio
702 3582 922 3638 creavit
948 3580 1168 3637 caelum
1189 3584 1246 3637 et
1268 3585 1506 3653 terram,
1525 3580 1794 3651 angelos,
1817 3597 2037 3646 aerem,

386 3674 444 3725 et
472 3685 697 3743 aquam
719 3669 794 3726 de
822 3667 1008 3725 nihilo
1040 3668 1271 3742 absque
1297 3667 1419 3724 ulla
1445 3666 1821 3725 onerositate.
1842 3673 1908 3724 ln
1927 3669 2043 3743 pri-

384 3775 487 3815 mo
514 3759 694 3815 etiam
719 3759 815 3815 die
845 3758 1059 3815 mundi
1088 3757 1225 3813 fecit
1249 3757 1445 3814 lucem
1474 3757 1549 3813 de
1578 3757 1763 3813 nihilo
1792 3775 1805 3825 ;
1835 3774 2042 3814 secun-

385 3849 465 3906 do
496 3853 696 3906 autem
736 3848 830 3904 die
858 3847 1057 3904 statuit
1086 3846 1538 3904 ﬁrmamentum
1560 3847 1621 3902 in
1637 3847 1837 3903 medio
1857 3864 2041 3921 aqua-

383 3954 522 3995 rum
552 3937 678 3994 sine
707 3937 976 4009 quolibet
995 3937 1246 4006 sudore;
1277 3937 1445 3994 tertio
1462 3936 1648 3993 edidit
1677 3937 1902 4009 species
1918 3953 2041 3994 ma-

384 4027 466 4082 ris
494 4031 552 4082 et
577 4024 767 4094 humi,
802 4042 942 4082 cum
968 4024 1220 4082 surculis
1245 4025 1533 4082 radicitus
1561 4028 1728 4080 terra:
1750 4024 2041 4081 inhaeren-

385 4115 575 4184 tibus;
605 4119 821 4188 quarto
840 4113 1162 4171 luminaria
1191 4114 1324 4171 cceli
1344 4114 1419 4170 de
1456 4113 1609 4181 luce,
1642 4129 1778 4188 quin
1815 4113 1877 4170 in
1924 4115 2042 4188 pri-

383 4219 487 4261 mo
512 4202 608 4259 die
628 4203 820 4276 patuit
838 4203 995 4260 facta
1014 4202 1180 4260 omni
1198 4200 1411 4275 procul
1432 4201 1754 4272 gravedine
1776 4220 1788 4270 ;
1828 4201 2039 4275 quinto

385 4293 605 4350 creavit
656 4292 925 4349 natatilia
979 4297 1034 4349 et
1083 4291 1348 4348 volatilia
1398 4290 1473 4346 de
1527 4290 1701 4364 aquis
1759 4290 1882 4348 ullo
1912 4292 2039 4353 sine,

385 4383 628 4453 dolore;
691 4386 854 4439 sexto
883 4381 1130 4455 quidem
1168 4373 1263 4437 die
1304 4379 1626 4455 plasmavit
1675 4384 1889 4437 caetera
1915 4382 2039 4438 ani-

383 4472 630 4539 mantia,
655 4472 1084 4544 hominemque
1112 4470 1328 4543 partim
1355 4470 1429 4526 de
1472 4470 1679 4539 humo,
1720 4471 1939 4544 partim
1966 4487 2039 4528 ex

381 4563 587 4620 nihilo.
608 4565 675 4618 Et
697 4561 825 4618 hanc
846 4561 1051 4618 omnia
1077 4561 1324 4633 quidem
1354 4559 1631 4631 suaviter,
1661 4566 1717 4617 et
1744 4561 1871 4616 sine
1892 4578 2040 4634 qua-

382 4654 473 4710 vis
522 4651 921 4709 amaritudine
978 4650 1266 4707 Dominus
1316 4653 1517 4707 noster
1572 4649 1829 4724 patravit
1870 4653 2041 4707 Iesus

382 4742 667 4812 Christus,
700 4741 802 4798 Dei
855 4738 1074 4797 scilicet
1124 4739 1300 4796 Filius
1349 4755 1605 4795 manens
1637 4753 1874 4811 semper
1902 4755 2041 4795 cum

382 4836 570 4903 Patre,
603 4837 660 4889 et
682 4831 901 4906 Spiritu
921 4833 1127 4888 sancto
1157 4828 1551 4904 personaliter
1575 4827 1847 4899 Trinitas,
1873 4829 2042 4886 subs-

381 4921 702 4981 tantialiter
732 4920 958 4977 Unitas.
983 4922 1199 4976 Verum
1238 4934 1363 4975 non
1404 4918 1486 4974 sic
1515 4917 1719 4974 leviter
1758 4916 1955 4992 primo
1985 4922 2044 4975 et

382 5013 707 5071 novissimo
754 5010 1020 5068 collibuit
1076 5007 1481 5082 Omnipotenti
1546 5007 1651 5081 qui
1718 5008 1827 5065 fuit
1876 5024 2039 5066 mor-

384 5108 544 5171 tuus,
578 5108 636 5160 et
664 5117 799 5158 ecce
824 5104 912 5155 est
938 5098 1146 5155 vivens
1175 5100 1237 5153 in
1270 5098 1490 5155 saecula
1521 5097 1900 5166 saeculorum,
1930 5100 2039 5156 ha-

382 5192 533 5250 bens
583 5192 780 5248 claves
830 5188 1040 5245 mortis
1094 5190 1152 5243 et
1180 5186 1390 5257 Erebi;
1448 5187 1550 5255 illi,
1600 5186 1871 5261 inquam,
1916 5204 2041 5245 non

382 5282 609 5356 placuit
654 5284 781 5335 tam
819 5277 1020 5333 leviter
1066 5275 1294 5333 cultum
1340 5276 1691 5334 orthodoxae
1738 5276 2040 5348 religionis

383 5371 698 5446 pullulare.
741 5367 1058 5433 Quomodo
1095 5367 1272 5438 igitur
1294 5368 1465 5425 libuit
1501 5368 1582 5424 illi
1612 5369 1639 5424 ‘I
1682 5372 1899 5437 Estote,
1930 5369 2060 5425 fra-'

372 5465 520 5527 tres,
550 5458 934 5514 vehementer
980 5456 1205 5525 intenti,
1242 5462 1304 5513 ut
1351 5457 1562 5513 auditu
1610 5457 1807 5513 cordis
1858 5457 2041 5529 perci-

382 5564 525 5623 pere
572 5546 824 5622 queatis.
883 5548 1031 5602 Nam
1090 5546 1282 5604 crucis
1338 5563 1506 5604 aram
1566 5547 1768 5617 subiit,
1826 5545 1929 5601 ubi
1983 5550 2041 5603 et

384 5640 651 5733 seipsum
669 5637 809 5711 jecit.
837 5636 1301 5697 fundamentum
1333 5636 1801 5700 Christianitatis,
1836 5640 1892 5693 et
1913 5637 2037 5693 suis

2146 1705 2237 1760 los
2267 1704 2546 1771 ﬁrmavit,
2571 1703 2635 1759 in
2666 1707 2903 1760 vastum
2923 1703 3133 1759 orbem
3158 1707 3367 1760 contra
3386 1703 3573 1777 lupos
3586 1708 3654 1759 ut
3682 1719 3822 1759 oves

2145 1794 2484 1851 destinavit.
2518 1793 2649 1850 Illos
2686 1808 2931 1867 quoque
2959 1793 3187 1866 primos
3211 1792 3396 1849 armis
3426 1808 3591 1849 verae
3624 1792 3822 1850 Chris-

2147 1883 2431 1939 tianitatis
2462 1882 2717 1954 vestivit,
2765 1897 2993 1955 suaque
3035 1882 3242 1955 praelia
3283 1897 3408 1955 quo
3438 1881 3677 1943 fortiter
3718 1897 3825 1954 pu-

2146 1976 2400 2042 gnarent
2428 1988 2568 2028 cum
2598 1971 3015 2028 benedictione
3040 1970 3343 2044 prmeepit.

2218 2063 2301 2118 Ita
2331 2060 2700 2134 perpendite,
2735 2061 2964 2128 fratres,
3007 2064 3237 2132 quanto
3271 2059 3503 2130 labore,
3545 2060 3823 2133 quanh‘s-

2147 2165 2266 2222 que
2293 2149 2774 2209 tribulationibus
2803 2152 3295 2223 propagaverunt
3321 2148 3610 2222 apostoli,
3643 2148 3709 2204 id
3738 2154 3823 2207 est

2149 2240 2393 2297 arbores
2459 2239 2723 2312 paradisi
2799 2244 2858 2296 et
2931 2239 3245 2307 columna,
3307 2238 3822 2301 Christianitatem

2146 2329 2279 2385 cceli
2308 2335 2366 2385 et
2415 2344 2670 2399 regnum
2720 2328 3011 2385 ccelorum
3040 2329 3102 2385 in
3137 2329 3323 2398 terris,
3355 2334 3413 2385 et
3456 2328 3675 2384 sedem
3722 2327 3820 2383 Dei

2146 2417 2594 2475 sediﬁcaverunt
2620 2418 2821 2474 invitis
2843 2418 3219 2491 principibus
3246 2418 3432 2489 orbis,
3465 2418 3579 2490 qui
3610 2417 3818 2492 appel-

2146 2508 2347 2564 lantur
2373 2508 2521 2581 lupi,
2552 2513 2610 2564 et
2652 2512 2789 2563 sunt
2833 2507 3071 2565 titiones
3102 2508 3334 2565 inferni.
3372 2507 3567 2578 Igitur
3594 2507 3815 2577 singuli

2147 2597 2435 2669 singulas,
2488 2597 2710 2669 quibus
2754 2597 3204 2653 Christianitatis
3259 2596 3440 2653 ovilia
3500 2596 3817 2667 auderent,

2147 2686 2457 2758 elegerunt
2503 2686 2757 2760 apostoli
2812 2685 3177 2759 provincias,
3232 2687 3488 2759 quidam
3516 2702 3675 2749 Vero
3700 2703 3823 2743 am-

2147 2777 2386 2850 pliores.
2405 2777 2675 2833 Andreas
2688 2776 2965 2835 videlicet
2979 2775 3479 2838 Christianitatem
3500 2776 3567 2834 in
3593 2776 3822 2837 Achaia

2146 2865 2467 2922 aediﬁcavit
2494 2868 2760 2939 emptam
2789 2867 2983 2924 crucis
3010 2864 3303 2939 patibulo.
3344 2867 3531 2934 A-Igea
3562 2880 3822 2938 mon-

2148 2955 2279 3013 sule
2303 2954 2519 3013 inferni
2544 2954 2746 3012 titione
2767 2955 2947 3013 facto.
2979 2955 3238 3014 Thomas
3274 2970 3526 3029 quoque
3558 2956 3629 3017 in
3654 2954 3822 3015 India

2147 3045 2419 3102 citeriore
2470 3048 2732 3117 quatuor
2770 3044 2993 3101 lanceis
3030 3045 3391 3119 perforatus,
3446 3061 3523 3103 ex
3570 3045 3818 3105 totidem

2150 3133 2418 3206 corporis
2444 3133 2719 3206 partibus
2747 3133 2953 3191 aulam
2993 3133 3453 3195 Christianitatis
3507 3133 3817 3199 stabilivit,

2148 3240 2287 3295 rege
2314 3223 2548 3281 Mesdeo
2574 3223 2903 3294 resistente,
2933 3229 2992 3280 et
3017 3222 3096 3280 ob
3125 3223 3189 3280 id
3215 3223 3277 3281 in
3307 3223 3609 3298 stipulam
3652 3223 3819 3286 Erebi

2148 3330 2342 3371 verso.
2372 3312 2840 3371 Bartholommus
2876 3329 3048 3386 aeque
3070 3313 3132 3369 in
3161 3313 3329 3370 ﬁnali
3367 3314 3547 3375 India.
3583 3318 3822 3373 trunca-

2149 3402 2307 3461 tione
2329 3402 2569 3475 capitali
2597 3401 2859 3459 claustra
2886 3401 3245 3461 Christicolae
3291 3401 3607 3462 fidelitatis
3636 3403 3815 3461 virili-

2149 3498 2239 3550 ter
2263 3491 2555 3559 fundavit,
2583 3506 2721 3561 rege
2750 3490 3139 3564 'expugnabih
3172 3492 3465 3564 Astyage.
3496 3492 3816 3551 Matthtnos

2148 3583 2328 3641 etiam
2385 3581 2681 3639 Christum
2731 3580 3039 3655 Ethiopim
3088 3580 3305 3638 indidit
3340 3581 3409 3641 in
3463 3582 3813 3655 Hyrcanum

2146 3689 2372 3744 regem,
2416 3671 2831 3744 martyrioque
2869 3670 3097 3727 ibidem
3126 3670 3424 3731 solidavit.
3459 3671 3813 3731 Christiani-

2147 3768 2328 3820 tatem
2362 3761 2567 3819 Simon
2619 3776 2863 3833 quoque
2892 3764 2949 3816 et
3000 3762 3029 3815 J
3038 3760 3192 3817 udas
3235 3761 3507 3834 apostoli
3532 3761 3601 3819 in
3629 3775 3812 3831 regno

2147 3852 2400 3909 Persidis
2424 3850 2516 3907 sui
2540 3850 2834 3907 duntaxat
2860 3849 3231 3907 fandamenti
3254 3850 3601 3909 imitatores
3624 3851 3814 3908 Chris-

2146 3942 2207 4005 ti,
2245 3941 2535 4011 dogmata
2560 3938 2812 3995 Deicon
2840 3938 3142 4009 religionis
3171 3939 3460 3997 cordibus
3477 3939 3812 4000 innumeris

2147 4032 2543 4105 profanorum
2591 4028 2981 4099 infuderunt;
3037 4029 3119 4087 ob
3169 4029 3338 4104 quod
3414 4030 3631 4104 itaque
3686 4045 3811 4103 pre-

2147 4119 2537 4177 tiosissimum
2564 4116 2799 4175 facinus
2839 4133 2877 4174 a
2927 4117 3340 4177 sacerdotibus
3366 4118 3681 4181 idolomm
3726 4119 3811 4176 in-

2148 4207 2388 4270 terfecti,
2422 4211 2480 4264 et
2532 4205 2666 4277 sibi,
2696 4206 2983 4280 omnique
3037 4205 3295 4263 Persidis
3321 4208 3493 4278 regni
3538 4207 3807 4266 [indeuia

2147 4297 2461 4355 obtinuere
2487 4294 2715 4369 polum,
2756 4296 3012 4353 redactis
3038 4295 3269 4353 eisdem
3296 4295 3724 4357 sacerdotibus
3749 4296 3809 4355 in

2148 4387 2417 4443 fomitem
2438 4385 2594 4456 ignis
2616 4385 2851 4445 Averni.
2878 4385 3104 4443 Siccine
3132 4392 3477 4460 propagata
3500 4392 3601 4444 est.
3623 4386 3807 4446 Chris-

2148 4477 2406 4545 tianitas,
2437 4492 2574 4549 quae
2599 4480 2686 4532 est
2704 4475 2911 4533 civitas
2942 4476 3062 4547 Dei,
3104 4476 3272 4532 saevis
3326 4477 3633 4534 mortibus
3678 4476 3807 4534 ful-

2146 4565 2291 4623 data
2318 4568 2815 4639 propagatorum.
2862 4564 3125 4621 Iacobus
3170 4581 3418 4639 quoque
3476 4565 3807 4624 beatissimi

2144 4653 2389 4712 Joannis
2418 4653 2800 4725 evangelista
2823 4669 3170 4725 germanus,
3199 4654 3349 4728 quin
3370 4655 3562 4715 etiam
3592 4657 3690 4716 sui
3713 4656 3809 4715 ho-

2144 4761 2474 4818 monymus
2505 4744 2741 4805 Domini
2795 4745 2983 4802 nostri
3034 4748 3173 4802 Jesu
3214 4746 3435 4805 Christi
3473 4747 3685 4818 frater,
3736 4745 3806 4803 ob

2145 4836 2331 4893 ﬁdem
2362 4838 2635 4892 sanctam
2654 4834 2719 4891 in
2749 4835 3021 4893 Samaria
3058 4838 3238 4910 atque
3265 4836 3481 4897 «Νάθα

2146 4924 2291 4983 dam
2344 4923 2612 4980 similiter
2638 4924 3055 4985 occubuerunt
3080 4942 3092 4980 :
3125 4924 3275 4982 alter
3323 4925 3583 4999 quidem
3614 4925 3803 4999 glacie

2146 5013 2415 5085 Herodis,
2448 5013 2598 5071 alter
2616 5029 2759 5069 vero
2782 5012 3052 5069 lethifero
3072 5013 3194 5070 ictu
3212 5013 3545 5086 cujusdam
3572 5013 3804 5075 fullonis

2145 5102 2568 5177 lapidibusque
2596 5101 2943 5158 Judeeorum-
2982 5101 3265 5159 velociter
3290 5102 3585 5160 obrutus.
3632 5104 3801 5162 Jou-

2145 5207 2252 5249 nes
2280 5191 2670 5249 nihilominus
2694 5207 2945 5248 suorum
2973 5190 3535 5265 condiscipulorum
3578 5193 3797 5251 Christo

2147 5281 2551 5349 charissimus,
2612 5281 2840 5338 ﬂuenta
2894 5280 3123 5354 sophiae
3177 5281 3256 5338 ab
3313 5281 3489 5338 herili
3573 5288 3798 5357 pectine

2145 5370 2360 5426 hausta
2388 5371 2539 5427 Asiae
2566 5372 2925 5445 propinavit,
2958 5372 3291 5445 Christique

2146 5474 2430 5531 sponsam
2512 5459 2737 5517 ibidem
2801 5460 3222 5516 honestissime
3288 5461 3623 5518 constituit.
3695 5456 3803 5516 Phi-

2146 5547 2347 5620 lippus
2380 5548 2462 5604 sic
2489 5548 2668 5606 etiam
2694 5548 3086 5605 nihilominus
3118 5548 3415 5606 cretostem
3457 5549 3695 5607 éocens
3722 5546 3797 5603 vi-

2147 5640 2291 5706 tam,
2346 5639 2462 5696 hoc
2509 5643 2603 5697 est
2651 5639 3173 5713 Christianitatem,
3229 5638 3493 5698 clausus
3540 5639 3799 5711 ejusdem
