4000 6190
306 185 416 237 773

1664 175 2033 233 SEHMONES
2071 179 2404 247 QUINQUE.

3632 187 3740 241 774

291 302 601 375 religionis
642 299 1030 373 potissimum
1090 302 1324 359 Illicinte
1372 300 1499 357 ﬁxit
1548 300 1710 371 (540).
1763 300 1967 373 Itaque
1996 306 2042 357 Α
2086 303 2506 377 episcoporum
2536 304 2869 373 cathedras,
2914 305 3134 378 quibus
3181 306 3363 367 corda
3413 312 3470 363 et
3518 308 3736 365 animae

291 410 419 450 non
452 392 788 464 voluptates
827 392 1050 464 carnis,
1096 409 1206 448 nec
1251 390 1498 461 deliciae,
1546 404 1742 461 neque
1789 389 1971 461 hujus

292 483 501 539 saeculi
528 480 765 550 divitiae,
798 496 907 535 nec
938 482 1205 539 honores
1246 482 1672 554 plantaverunt
1698 479 1972 535 Christia-

292 572 548 628 nitatem
574 586 681 643 per
707 569 938 639 orbem,
955 571 1065 626 sed
1096 572 1285 627 tristes
1311 573 1534 625 mortes
1560 567 1971 640 apostolorum

291 678 633 734 eormnque
688 660 973 716 doctrinis
1029 658 1578 733 obtemperantium
1638 676 1650 712 :
1706 658 1971 731 primum

293 759 497 808 tamen
530 749 917 817 salutiferam,
947 754 1006 805 et
1036 750 1248 806 Christi
1284 763 1522 822 semper
1568 746 1968 820 multiplican-

292 841 366 897 tis
427 838 736 911 genimina
785 838 963 894 totius
1013 844 1409 896 sacrosanctae
1457 835 1821 906 religionisa
1860 853 1969 892 suo

293 932 547 987 nomine
580 928 801 1001 ubique
830 942 1159 997 regnorum
1192 928 1314 984 sole
1345 925 1563 983 clarius
1612 925 1965 995 etfulgentis.

368 1018 706 1074 Beatissimi
734 1033 975 1089 quoque
997 1018 1299 1091 principes
1322 1015 1753 1090 apostolorum,
1770 1018 1969 1071 Petrus

289 1116 349 1166 et
380 1108 627 1177 Paulus,
660 1106 1005 1178 incipientes
1037 1123 1073 1163 a
1101 1107 1306 1163 Judeea
1337 1105 1634 1163 Christum
1675 1105 1966 1177 praedica-

292 1216 379 1267 re,
434 1195 935 1251 Christianitatem
994 1212 1237 1269 quoque
1286 1195 1557 1268 plantare
1596 1210 1733 1249 cum
1767 1194 1967 1250 multis

294 1284 787 1342 tribulationibus
817 1300 923 1356 per
953 1284 1223 1339 diversas
1257 1285 1460 1351 urbes,
1508 1299 1837 1356 earumque
1873 1299 1965 1338 re-

293 1376 531 1444 giones,
555 1377 808 1429 Romam
839 1371 1081 1429 tandem
1116 1376 1533 1445 pervenerunt,
1568 1371 1670 1426 ubi
1702 1376 1758 1426 et
1786 1374 1968 1443 caput

291 1463 462 1519 orbis
490 1466 636 1529 erat,
670 1467 726 1516 et
755 1461 1040 1534 primates
1070 1462 1281 1517 mundi
1310 1461 1659 1527 manebant,
1712 1475 1781 1515 ac
1826 1475 1963 1532 pro-

290 1553 438 1608 inde
470 1551 744 1607 omnium
777 1555 1106 1607 conventus
1122 1551 1435 1607 nationum
1458 1548 1573 1605 illic
1601 1549 1960 1606 conﬂuebat.

2080 392 2345 451 ﬁdelium
2377 396 2747 452 credentium
2776 395 3175 452 indesinenter
3194 397 3255 457 in
3286 400 3405 453 Deo
3434 398 3741 455 ﬁrmaren-

2080 485 2190 537 tur.
2249 487 2318 540 Se
2368 501 2631 559 quoque,
2679 501 2912 558 suaque
2961 486 3184 552 omnia,
3227 486 3396 542 villas
3436 487 3656 543 scilicet
3682 493 3739 545 et

2080 572 2256 630 fiscos
2282 578 2403 631 tam
2433 576 2527 630 his
2557 575 2825 645 sedibus,
2858 592 3043 647 quam
3073 576 3450 633 monasteriis
3476 576 3737 633 tradide-

2079 667 2235 730 runt,
2296 665 2558 736 satisque
2613 664 2961 735 adjecerunt
3010 664 3234 719 ibidem
3291 664 3386 719 die
3444 681 3516 721 ac
3561 669 3737 722 nocte

2081 752 2307 808 Christo
2356 753 2748 809 servientibus
2796 759 2918 809 tam
2967 752 3269 810 canonicis
3305 769 3492 825 quam
3521 768 3735 810 mona-

2079 840 2222 896 chis.
2238 841 2543 914 Siquidem
2575 856 2684 913 pro
2706 846 2864 897 certo
2882 842 3151 897 sciebant
3165 840 3278 912 ipsi
3305 842 3590 913 primates
3608 841 3736 897 nul-

2077 928 2135 985 lo
2162 930 2374 986 melius
2406 930 2523 986 alio
2553 930 2737 987 modo
2768 932 2894 987 dies
2940 934 3232 995 constare,
3283 946 3353 986 ac
3397 931 3515 986 fine
3563 936 3734 987 tenus

2078 1020 2289 1075 mundi
2327 1036 2711 1092 perseverare
2745 1019 3068 1077 stabihtam
3130 1018 3359 1074 caelitus
3394 1019 3734 1075 Christiani-

2080 1112 2279 1164 tatem.

2151 1201 2299 1269 Ergo
2328 1198 2485 1253 hanc
2518 1197 2865 1269 religionem
2896 1202 3019 1253 tam
3052 1200 3170 1252 Deo
3201 1197 3466 1263 oharam,
3490 1202 3735 1268 tamque

2074 1286 2356 1343 humanis
2389 1287 2711 1343 animabus
2742 1287 3064 1353 salubrem,
3092 1286 3244 1358 proh
3282 1285 3493 1341 dolor!
3536 1284 3734 1357 quoti-

2076 1376 2169 1431 die
2196 1377 2491 1449 dissipant
2520 1377 2601 1432 illi
2628 1377 2733 1449 qui
2758 1391 2919 1432 nunc
2946 1380 3084 1430 sunt
3130 1374 3427 1447 principes
3470 1374 3683 1430 mundi
3717 1392 3729 1441 ;

2075 1481 2243 1535 reges
2272 1466 2561 1533 videlicet,
2586 1466 2850 1534 comites,
2875 1464 3268 1533 vicecomites,
3288 1464 3735 1535 consules,pro-

2074 1555 2371 1623 consules,
2406 1571 2735 1627 eorumque
2759 1552 3162 1619 vicarii,vassi
3186 1552 3487 1619 dominici,
3512 1552 3733 1607 horum

289 1641 615 1710 Attendite,
670 1640 896 1710 fratres,
943 1641 1200 1696 Romam
1251 1639 1371 1712 ubi
1406 1639 1768 1695 consistebat
1816 1642 1964 1694 Nero
2001 1660 2045 1711 Β
2075 1644 2372 1713 satellites,
2407 1660 2737 1716 omnesque
2769 1642 2908 1698 mali
2937 1642 3189 1712 judices.
3223 1641 3513 1697 Auferunt
3558 1657 3734 1696 nam-

289 1732 627 1805 imperator
655 1730 945 1786 duntaxat
975 1728 1321 1785 subterioris
1352 1729 1563 1784 mundi
1611 1728 1781 1796 (alter
1806 1728 1964 1784 enim

291 1814 689 1894 cst‘superior
715 1824 770 1875 et
796 1820 1102 1891 sidereus),
1134 1836 1369 1875 necnon
1418 1824 1474 1875 et
1521 1818 1724 1875 Simon
1763 1822 1964 1887 Magus

290 1896 545 1967 inﬁnitae
568 1908 788 1984 peritus
817 1909 1057 1965 malitiae
1081 1927 1091 1962 :
1111 1908 1250 1964 illuc
1276 1912 1685 1965 convenerunt
1709 1908 1965 1985 apostoli

291 1998 600 2073 principes
649 2014 685 2052 a
724 2001 841 2052 Deo
890 1996 1192 2053 constituti
1241 2013 1419 2070 super
1448 2012 1691 2053 omnem
1724 2001 1961 2063 terram,

291 2093 599 2162 quatenus
625 2086 842 2142 scilicet
866 2086 1112 2142 diabolo
1147 2091 1203 2142 et
1228 2074 1516 2142 membris
1550 2087 1699 2157 ejus,
1753 2086 1965 2141 Neroni

294 2182 354 2233 et
387 2175 613 2234 Simoni
663 2175 962 2231 auferrent
1009 2175 1416 2251 principatum
1466 2175 1699 2246 mundi,
1748 2192 1815 2230 ac
1841 2175 1964 2243 regi

296 2281 580 2339 superno,
611 2264 706 2319 cui
730 2265 862 2337 jure
890 2265 1159 2331 debetur,
1190 2265 1562 2320 restituerent
1594 2282 1606 2318 :
1640 2263 1805 2337 quod
1832 2262 1962 2336 qui-

294 2355 438 2409 dem
466 2354 568 2421 ita,
602 2352 821 2423 gratias
854 2356 993 2421 Deo,
1027 2352 1251 2408 factum
1282 2357 1386 2407 est.
1406 2352 1710 2425 Siquidem
1738 2355 1964 2407 tantam

296 2447 543 2517 tamque
578 2442 907 2514 spatiosam
938 2441 1165 2497 ibidem
1196 2441 1461 2497 caelestes
1511 2441 1688 2512 legati
1736 2440 1966 2513 planta-

294 2535 510 2588 verunt
535 2530 1058 2598 Christianitatem,
1090 2535 1153 2587 ut
1183 2530 1397 2586 eadem
1437 2533 1627 2586 totum
1677 2545 1829 2602 pene
1872 2545 1962 2585 re-

294 2621 484 2694 pleret
512 2620 831 2686 mundum,
865 2619 1012 2692 quin
1043 2619 1221 2675 etiam
1252 2635 1431 2674 omne
1462 2618 1523 2673 in
1553 2635 1624 2673 eo
1664 2617 1966 2674 collideret

296 2709 546 2765 idolum.
582 2709 704 2764 Hoc
735 2713 936 2765 tamen
987 2726 1140 2784 opus
1186 2708 1403 2763 divinae
1451 2707 1752 2779 religionis
1796 2707 1964 2763 omni

294 2798 474 2854 laude
505 2798 930 2869 dignissimum
960 2796 1184 2872 pollere
1215 2802 1272 2853 et
1300 2813 1560 2853 crescere
1589 2797 1843 2862 intuens,
1895 2812 1965 2851 ac

294 2887 573 2944 indolens
602 2888 789 2943 hostis
825 2888 1109 2961 antiquus
1138 2903 1453 2961 possessor
1482 2886 1746 2953 Neronis,
1788 2888 1964 2956 Magi-

2072 1751 2189 1806 que
2220 1750 2502 1807 perversa
2532 1733 2848 1789 calliditate
2870 1730 3179 1786 urbalibus
3200 1730 3735 1797 ecclesiis,necnon

2075 1824 2436 1891 monasticis,
2462 1841 2577 1891 res,
2608 1826 2665 1878 et
2690 1821 2882 1887 villas,
2931 1819 3153 1892 quibus
3198 1818 3416 1874 debent
3445 1819 3733 1892 episcopi,

2074 1913 2353 1968 monachi
2386 1918 2439 1969 et
2482 1910 2754 1968 canonici
2800 1909 3017 1964 vivere.
3079 1907 3331 1963 Diversis
3368 1908 3547 1981 plane
3576 1908 3733 1965 dolis

2073 2005 2130 2056 et
2159 2001 2471 2058 fraudibus
2503 1999 2769 2073 praedicti
2790 1999 3099 2053 invasores
3120 1997 3380 2053 ecclesiis
3420 1997 3737 2054 destruunt

2075 2090 2352 2162 praesidia
2384 2087 2855 2155 Christianitatis,
2880 2086 2996 2142 hoc
3028 2089 3132 2153 est,
3166 2086 3337 2142 sedes
3362 2086 3734 2159 episcopales

2074 2184 2131 2235 et
2182 2178 2561 2246 monasteria,
2616 2177 2831 2249 praedis
2882 2175 3135 2245 scilicet,
3164 2175 3408 2248 rapinis,
3451 2176 3733 2249 precariis

2074 2266 2381 2333 falsidicis,
2407 2264 2810 2322 manuﬁrmita
2822 2264 2982 2319 tibus
3002 2263 3238 2336 iniquis.
3255 2263 3552 2320 Habentes
3571 2265 3735 2321 enim

2073 2371 2197 2421 eas,
2225 2355 2579 2428 inscriptum
2610 2356 3003 2409 contemnunt
3032 2352 3277 2409 reddere
3320 2369 3589 2410 censum.
3643 2354 3735 2410 Sic

2074 2449 2276 2501 autem
2308 2461 2400 2499 res
2432 2442 2647 2498 Christi
2679 2442 3041 2498 transferunt
3079 2441 3190 2497 sibi
3231 2441 3292 2497 in
3344 2443 3643 2514 praedium
3679 2448 3737 2500 et

2074 2534 2363 2591 allodium
2413 2547 2792 2606 possessores
2849 2531 3122 2600 sacrilegi
3171 2549 3183 2586 :
3242 2530 3545 2588 interdum
3592 2549 3735 2589 vero

2074 2618 2357 2678 violenter
2376 2621 2623 2678 easdem
2648 2636 2743 2675 res
2772 2619 3037 2675 ecclesiae
3058 2619 3362 2692 diripiunt,
3377 2620 3611 2695 sibique
3629 2621 3738 2677 illi-

2073 2711 2183 2767 cite
2208 2711 2538 2783 possident.
2572 2709 2983 2773 Quamobrem
3013 2708 3199 2763 multa
3236 2709 3364 2779 jam
3405 2710 3629 2766 scimus
3679 2710 3737 2766 et
3768 2774 3775 2781 ν

2072 2800 2345 2855 videmus
2376 2796 2739 2854 monasteria
2768 2812 2804 2851 a
2831 2794 3055 2851 clericis
3086 2796 3362 2852 derelicta
3378 2803 3622 2869 propter
3641 2814 3735 2854 res

2072 2889 2297 2962 quippe
2345 2886 2506 2943 unde
2562 2885 2761 2941 vivere
2801 2884 3087 2941 deberent
3128 2884 3240 2940 illis
3290 2885 3543 2943 ablatas.
3579 2890 3729 2957 Ergo

296 2994 417 3055 que
458 2978 734 3045 Simonis,
797 2978 981 3033 suasit
1029 2977 1111 3033 eis
1154 2977 1257 3051 qui
1287 2982 1456 3033 erant
1508 2977 1739 3033 titiones
1771 2975 1961 3045 Erebi,
2003 3012 2043 3065 ρ
2073 2978 2368 3052 quidnam
2396 2978 2535 3031 sunt
2564 2974 2730 3030 aliud
2768 2974 2912 3031 tales
2940 2973 3228 3043 sacrilegi,
3250 2976 3592 3048 prmdones,
3613 2977 3734 3033 vio-

297 3067 569 3123 occidere
600 3067 828 3138 legatos
860 3066 1094 3135 Christi,
1140 3067 1246 3144 qui
1295 3071 1463 3123 erant
1511 3068 1755 3123 arbores
1793 3082 1967 3139 para-

297 3157 412 3212 disi
438 3175 451 3225 ;
483 3173 593 3229 pro
625 3173 694 3212 eo
720 3156 886 3233 quod
918 3156 1033 3229 ipsi
1061 3156 1259 3212 verbis
1285 3161 1462 3230 atque
1485 3156 1786 3214 miraculis
1807 3156 1969 3211 Chri-

299 3251 480 3314 stum,
534 3240 783 3318 ejusque
840 3245 1069 3303 cultum
1128 3246 1261 3302 totis
1327 3246 1547 3302 viribus
1613 3244 1969 3317 satagebant

297 3335 571 3409 plantare
606 3352 617 3389 :
653 3339 897 3391 econtra
925 3351 1067 3390 vero
1102 3335 1306 3393 Simon
1338 3340 1393 3391 et
1423 3339 1571 3391 Nero
1622 3335 1966 3409 explantare

295 3424 568 3481 certatim
620 3424 1064 3480 contendebant
1107 3429 1403 3507 quantum
1460 3424 1757 3481 valebant.
1813 3422 1967 3479 Talis

294 3513 588 3569 nimirum
634 3512 807 3569 labor
850 3514 1189 3570 aedificandi
1232 3514 1485 3583 bonum,
1515 3514 1781 3587 illudque
1812 3514 1966 3570 evel-

292 3602 461 3661 lendi
486 3603 735 3660 ardebat
777 3603 927 3660 inter
962 3605 1211 3660 athletas
1253 3604 1352 3660 Dei
1383 3610 1439 3661 et
1469 3604 1715 3677 stipulas
1741 3604 1963 3659 averni.

292 3696 517 3749 Verum
544 3709 619 3750 ne
649 3693 1101 3750 diuturnitatem
1132 3698 1433 3767 pateretur
1459 3692 1812 3766 hujusmodi
1840 3709 1966 3749 cer-

296 3786 525 3856 tamen,
562 3788 858 3857 quatenus
906 3787 1056 3839 Nero
1091 3783 1395 3840 Simonem
1439 3787 1674 3855 Magum
1703 3781 1969 3839 crederet

290 3888 428 3928 esse
487 3874 696 3940 Deum,
759 3872 1089 3928 immundis
1146 3872 1450 3946 spiritibus
1502 3889 1565 3927 se
1608 3871 1967 3928 vehentibus

293 3961 483 4035 coepit
500 3960 661 4017 idem
690 3961 889 4018 volare
924 3980 937 4029 ;
970 3962 1188 4018 Paulus
1238 3978 1430 4029 orare,
1484 3964 1685 4017 Petrus
1733 3963 1966 4018 Satanae

289 4040 616 4125 imperare,
677 4053 918 4122 Magum
974 4052 1277 4109 volantem
1332 4051 1742 4125 praecipitare;
1796 4050 1968 4121 cujus

292 4141 503 4217 itaque
527 4139 742 4213 perditi
772 4140 851 4196 ob
884 4140 1173 4197 ultionem
1204 4140 1358 4197 cives
1390 4140 1490 4197 Dei
1524 4144 1671 4196 Nero
1709 4137 1971 4195 reddidit

293 4220 493 4299 astris,
527 4231 766 4287 Petrum
797 4230 1067 4288 videlicet
1092 4246 1286 4302 cruce,
1316 4230 1569 4288 Paulum
1593 4246 1736 4287 vero
1758 4229 1969 4304 capitis

296 4319 654 4385 amissione.

376 4408 469 4466 Sic
493 4408 669 4481 igitur
693 4408 967 4484 pretiosis
1000 4408 1297 4465 mortibus
1346 4408 1779 4487 apostolorum,
1830 4424 1968 4463 san-

225 4512 241 4527 ⁸
294 4503 654 4573 ctorumque
685 4499 1373 4572 cunctorum,praecipue
1406 4503 1741 4570 martyrum
1772 4497 1966 4554 diver-

300 4587 390 4647 sis
418 4586 853 4645 interitionibus
885 4587 1157 4662 plantata
1196 4590 1285 4643 cst
1315 4586 1719 4644 Christianitas
1761 4590 1817 4642 et
1848 4590 1968 4641 sta-

293 4676 489 4743 bilita,
519 4682 572 4733 et
602 4678 994 4736 fundamento
1022 4678 1152 4750 ejus
1183 4677 1411 4734 Christo
1469 4693 1575 4751 per
1625 4676 1835 4733 orbem
1880 4676 1971 4731 in-

296 4770 689 4824 crementata.
725 4772 1039 4825 Beatorum
1070 4783 1313 4843 quoque
1346 4765 1757 4823 confessorum
1809 4765 1971 4821 sanis

300 4862 435 4913 tam
460 4856 760 4930 exemplis,
793 4875 979 4933 quam
1010 4858 1399 4928 dogmatibus
1425 4859 1515 4912 est
1543 4855 1824 4930 deinceps
1844 4854 1973 4911 illu-

300 4945 554 5002 minata.
588 4946 810 5005 Deinde
840 4946 1291 5005 Christianitatis
1318 4944 1681 5002 monasteria
1710 4949 1767 5001 et
1807 4944 1971 5001 clau-

302 5040 432 5092 stra
460 5035 540 5108 pii
573 5052 759 5109 reges,
794 5054 1125 5111 eorumque
1156 5036 1413 5107 religiosi
1441 5051 1717 5108 proceres
1750 5034 1973 5107 ubique

304 5125 732 5195 fundaverunt,
762 5128 1003 5200 suisque
1025 5127 1207 5185 rebus
1241 5144 1379 5183 cum
1411 5126 1587 5183 donis
1609 5125 1969 5182 ditaverunt.

303 5214 463 5283 Quin
496 5216 674 5271 etiam
722 5217 1042 5290 principes,
1097 5216 1201 5291 qui
1250 5218 1419 5273 erant
1472 5214 1677 5287 inclyti
1730 5214 1973 5270 urbium

299 5320 706 5377 possessores,
748 5305 1103 5363 dimiserunt
1146 5322 1267 5373 eas,
1322 5303 1653 5376 Christique
1699 5303 1868 5358 aulas
1914 5302 1975 5357 in

301 5392 534 5450 eisdem
588 5394 841 5452 urbibus
898 5395 1315 5469 condiderunt,
1377 5398 1698 5451 statuentes
1749 5391 1975 5448 ibidem

375 5591 524 5667 ρδξςρ)
569 5594 825 5667 [uicng
853 5594 1010 5667 ﬁgit,
1036 5596 1199 5667 Num
1228 5594 1444 5667 aliqua
1463 5594 1536 5651 sit
1565 5593 1747 5667 hujus
1786 5590 1979 5667 nomi-

294 5661 331 5699 λλ
344 5661 395 5719 is
410 5661 554 5719 urbs
572 5661 968 5736 autregio'alii
990 5661 1550 5737 viderint,equidem
1562 5661 1793 5723 nullam
1808 5662 1971 5729 novi,

2072 3067 2215 3123 lenti
2240 3072 2532 3141 raptores,
2564 3063 2679 3120 nisi
2707 3064 2940 3121 titiones
2969 3063 3204 3132 inferni,
3246 3068 3301 3121 et
3330 3081 3479 3121 escae
3511 3066 3735 3123 diaboli

2073 3163 2130 3213 et
2156 3158 2599 3231 explantatores
2630 3154 2915 3227 paradisi,
2947 3155 3052 3227 qui
3079 3157 3170 3210 est
3196 3155 3452 3212 Ecclesia
3479 3157 3736 3214 Christi?

2074 3251 2320 3304 Prorsus
2347 3245 2582 3303 nullum
2614 3244 2799 3301 alium
2830 3244 3155 3300 comedunt
3179 3244 3383 3302 cibum
3411 3246 3637 3303 diaboli
3673 3247 3735 3303 in

2073 3337 2329 3406 inferno,
2364 3335 2477 3393 nisi
2506 3333 2741 3391 animas
2771 3350 3002 3403 eorum,
3042 3333 3147 3405 qui
3201 3350 3295 3390 res
3351 3336 3736 3393 ecclesiarum

2074 3429 2514 3497 DeiIdevorant,
2547 3424 3004 3497 depopulantes,
3034 3422 3126 3478 vel
3153 3423 3376 3495 injuste
3423 3427 3735 3498 possiden-

2074 3522 2180 3573 tes.
2218 3519 2381 3575 Certe
2412 3514 2648 3571 animas
2675 3530 2884 3570 eorum
2914 3511 3198 3568 omnibus
3236 3514 3401 3570 horis
3442 3520 3580 3588 post
3624 3520 3736 3573 ter-

2073 3605 2309 3662 minum
2339 3601 2650 3678 praesentis
2676 3602 2809 3657 vitae
2849 3600 3141 3659 devorant
3179 3600 3507 3671 daemones,
3552 3607 3608 3659 et
3635 3604 3735 3660 de-

2072 3693 2375 3750 vorabunt
2402 3691 2463 3745 in
2488 3692 2797 3745 aeternum.
2830 3691 2925 3742 Vie
2953 3686 3143 3752 vobis,
3168 3688 3510 3759 praedones,
3533 3694 3734 3762 rapto-

2072 3797 2173 3845 res,
2200 3779 2589 3838 ecclesiarum
2618 3782 2674 3835 et
2699 3791 3036 3850 pauperum
3065 3777 3305 3831 earum!
3336 3780 3561 3835 Revera
3588 3795 3736 3851 quo-

2072 3871 2216 3929 tidie
2248 3870 2491 3928 veniunt
2631 3882 2929 3942 pauperes
2960 3864 3039 3921 ad
3066 3864 3332 3922 tumulos
3363 3872 3729 3937 sanctorum,

2074 3962 2400 4019 clamantes
2419 3977 2481 4014 se
2503 3957 2695 4014 occidi
2716 3974 2751 4014 a
2771 3954 3159 4031 praedonibus
3187 3955 3348 4013 fame
3367 3961 3425 4014 et
3442 3958 3732 4016 nuditate.

2077 4050 2191 4107 Sed
2224 4049 2372 4125 quid
2401 4046 2508 4104 erit
2536 4046 2650 4103 illis
2679 4046 2815 4104 talia
2846 4043 3200 4103 facientibus
3243 4046 3408 4103 mala
3449 4047 3731 4118 ecclesiis,

2075 4154 2405 4211 earumque
2438 4134 2724 4193 ministris
2756 4131 2875 4203 Dei,
2905 4137 3085 4207 atque
3112 4136 3493 4193 vernaculis?
3511 4137 3666 4194 Vera
3680 4139 3738 4193 et

2074 4232 2365 4301 perpetua
2392 4241 2594 4299 poena.
2625 4224 2847 4281 Deinde
2876 4222 3171 4298 quidnam
3219 4226 3531 4299 proveniet
3567 4226 3739 4284 mini-

2077 4316 2210 4372 stris
2243 4316 2363 4385 Dei,
2380 4330 2710 4388 eorumque
2725 4313 3097 4388 pauperibus
3120 4313 3363 4371 famulis
3388 4315 3740 4388 hujusmodi

2078 4405 2239 4461 mala
2268 4406 2586 4460 innumera
2633 4402 3048 4476 patientibus?
3102 4405 3243 4459 Vere
3288 4408 3509 4461 aeterna
3551 4404 3739 4474 gloria

2080 4495 2126 4551 si
2160 4500 2359 4552 tamen
2387 4493 2679 4569 patienter
2707 4492 2959 4549 tolerant
2988 4491 3262 4549 adversa.

2152 4588 2322 4657 Ergo,
2381 4583 2612 4651 fratres,
2674 4582 2778 4655 qui
2832 4581 2953 4636 veri
3007 4581 3143 4635 estis
3190 4582 3520 4651 Christiani,
3558 4583 3737 4642 nolite

2076 4671 2670 4747 pseudochristianos
2696 4670 2901 4726 timere
2933 4668 3193 4739 graviter
3217 4687 3325 4727 vos
3340 4660 3606 4743 quotidie
3635 4689 3741 4746 op-

2077 4763 2422 4839 primentes.
2484 4765 2707 4834 Nempe
2755 4760 2803 4815 si
2836 4758 2918 4814 illi
2956 4774 3063 4815 vos
3107 4759 3444 4831 devastant,
3493 4763 3647 4817 Deus
3684 4765 3743 4819 et

2081 4853 2369 4909 Dominus
2395 4855 2595 4909 noster
2623 4853 2790 4906 Jcsus
2822 4848 3111 4919 Christus,
3146 4849 3318 4920 cujus
3365 4865 3588 4906 nomen
3636 4851 3741 4911 ha-

2079 4942 2251 5011 betis,
2284 4942 2414 5015 ipse
2446 4958 2556 4997 vos
2587 4940 2862 5008 honorat,
2904 4937 3147 5010 suisque
3177 4938 3559 4996 facultatibus
3586 4957 3741 5014 quo-

2080 5032 2220 5087 tidie
2247 5031 2413 5101 ditat,
2444 5036 2508 5087 ut
2534 5046 2655 5088 non
2686 5034 2807 5085 tam
2835 5028 2912 5084 ab
2938 5027 3209 5085 hostibus
3231 5028 3573 5087 eﬂiciamini
3595 5047 3743 5105 pau-

2082 5139 2276 5197 peres,
2304 5139 2491 5197 quam
2522 5121 2600 5178 ab
2630 5121 2766 5193 ipso
2798 5122 2915 5175 Deo
2962 5117 3194 5177 divites.
3247 5120 3338 5178 Sic
3382 5138 3601 5197 nempe
3630 5139 3743 5181 nos

2079 5214 2354 5269 hortatur
2379 5212 2679 5284 Scriptura
2706 5232 2716 5263 :
2752 5230 2780 5257 ‹‹
2812 5206 3189 5267 Timentibus
3213 5214 3400 5270 Deum
3425 5230 3744 5289 nunquam

2082 5303 2358 5358 deﬁcient
2386 5301 2549 5357 bona
2578 5300 2827 5371 (Psalm.
2861 5315 3063 5368 xxxm,
3096 5302 3203 5373 11).
3240 5325 3268 5352 ››
3301 5306 3365 5359 Et
3405 5321 3613 5361 rursus
3652 5304 3741 5359 in-

2082 5391 2213 5465 quit
2244 5391 2568 5465 Propheta:
2595 5394 2959 5462 «Nunquam
2988 5389 3111 5445 vidi
3130 5391 3365 5462 justum
3395 5394 3739 5449 derelictum

2084 5593 2142 5646 et
2173 5588 2447 5663 suspicor
2467 5603 2591 5645 non
2608 5586 3080 5663 emendatiorem
3100 5588 3196 5663 hic
3222 5604 3349 5663 esse
3379 5604 3564 5663 quam
3592 5589 3652 5643 in
3673 5586 3742 5641 iis

2083 5678 2220 5734 quae
2248 5659 2598 5733 sequuntur,
2629 5659 2899 5718 codicem
2926 5676 3054 5732 quo
3078 5660 3362 5716 Acherius
3386 5659 3531 5715 usus
3562 5663 3669 5714 est.
