4000 6190
335 209 440 262 775

994 190 1296 249 ABBONIS
1338 177 1965 245 SANGERMANENSIS
2002 175 2319 232 MONACHI
2361 172 2725 229 SERMONES
2765 170 3099 238 QUINQUE.

3658 180 3768 230 776

335 344 448 387 nec
479 292 688 383 semen
732 323 861 394 ejus
911 328 1187 390 quaerens
1239 325 1463 383 panem
1508 307 1754 380 (Psalm.
1782 315 1990 366 XXXVI,
2024 302 2071 352 A
2102 296 2371 369 corporis
2409 309 2716 394 .ve‘xamur
2747 298 2824 394 .et
2875 310 3228 394 gravamur,
3296 295 3411 351 illis
3465 296 3774 354 sociemur

485 438 512 465 »
542 417 608 469 Et
640 430 653 467 :
682 434 710 461 ‹‹
747 383 1015 480 Spera-in
1049 398 1322 465 Domino,
1351 402 1408 453 et
1427 396 1521 452 fac
1550 393 1902 488 bonitatem,
1938 392 1996 488 et
2101 386 2385 488 charitate
2405 383 2785 488 inde‘sinenti,
2815 383 3316 457 contemplatione
3342 385 3617 458 perenni,
3676 386 3775 442 lae-

338 478 603 579 pasceris
658 500 718 555 in
777 478 991 550 divitiis
1042 490 1173 579 ejus
1222 488 1409 559 (Psal.
1441 501 1640 579 XXXVI,
1668 485 1745 547 3).
1781 478 1996 536 Scitote

339 574 535 665 igitur,
568 590 796 651 fratres,
824 581 969 655 quia
996 578 1228 635 nullam
1282 591 1407 632 rem
1464 574 1545 630 ita
1580 589 1642 628 se
1671 580 1995 665 nunquam

341 658 582 750 diligere
614 678 768 731 Deus
806 668 1084 736 ostendit,
1112 664 1422 740 quomodo
1473 658 1994 753 Christianitatein.

342 746 568 826 Etenim
596 765 795 837 ipsam
847 756 1110 831 appellat
1157 755 1217 810 in
1249 751 1562 825 Scripturis
1595 764 1770 804 suam
1802 746 2000 837 civita-

341 862 480 925 tem,
511 855 576 911 in
600 835 723 926 qua
754 849 867 905 sibi
895 844 1230 918 complacet
1266 840 1551 898 continuo
1578 836 1867 893 habitare.
1919 835 1999 887 De

342 962 466 1021 qua
489 944 718 1001 civitate
748 940 832 996 sic
857 938 938 994 ait
966 935 1264 1007 Propheta
1296 950 1309 986 :
1334 954 1359 979 ‹‹
1389 929 1660 1021 Gloriosa
1667 926 1843 1021 dicta
1862 928 2002 1021 sunt

344 1014 419 1090 de
441 1039 517 1100 te,
541 1032 749 1088 civitas
790 1026 889 1083 Dei
915 1024 1161 1095 (Psalm.
1198 1036 1426 1083 LXXXVI,
1463 1018 1536 1089 3).
1574 1040 1601 1066 η
1646 1014 1824 1070 Plane
1871 1014 2001 1069 haec

345 1123 559 1179 eadem
588 1119 816 1185 civitas,
843 1114 905 1170 id
932 1117 1019 1168 est
1041 1108 1468 1177 Christianitas,
1500 1109 1747 1160 vocatur
1773 1117 2004 1175 sponsa

346 1210 517 1282 Agni,
540 1210 655 1264 hoc
686 1210 774 1261 est
804 1202 923 1259 Filii
956 1201 1073 1257 Dei.
1106 1198 1270 1255 Unde
1302 1196 1567 1269 profecto
1596 1191 2003 1282 testimonium

282 1294 285 1301 ’
346 1280 619 1373 perhibet
641 1295 855 1350 beatus
894 1294 1152 1346 Joannes
1205 1287 1265 1341 in
1324 1282 1704 1357 Apocalypsi,
1757 1280 2000 1373 dicens:

349 1368 377 1437 ἶ(
410 1389 665 1444 Locutus
689 1387 778 1438 est
806 1381 884 1436 ad
915 1395 1010 1434 me
1039 1393 1195 1433 unus
1245 1391 1316 1430 ex
1365 1378 1593 1445 septem
1644 1369 1870 1439 angelis
1914 1368 2004 1423 di-

346 1492 486 1534 cens
520 1492 532 1529 :
564 1471 725 1539 Veni,
758 1468 1073 1526 ostendam
1102 1464 1201 1521 tibi
1252 1479 1473 1519 novam
1526 1463 1776 1532 nuptam
1828 1473 2005 1530 spon-

347 1581 479 1621 sam
500 1561 654 1631 Agni
682 1560 890 1628 (Apoc.
923 1572 1042 1622 XXI,
1068 1556 1144 1625 9).
1169 1551 1436 1607 Gaudeat
1454 1565 1596 1619 ergo
1618 1546 1814 1603 omnis
1836 1546 2005 1618 plebs

2104 474 2229 530 titia
2257 472 2664 529 inenarrabili.

2174 563 2303 626 Qua
2332 561 2407 616 de
2435 576 2518 627 re,
2555 560 2789 628 fratres,
2823 559 2976 615 sicut
3002 564 3316 632 portamus
3340 575 3570 615 nomen
3614 558 3779 615 Chri-

2104 650 2195 717 sti,
2228 664 2572 722 nomenque
2602 648 2824 703 civium
2843 648 2973 718 jam
3004 648 3354 719 ccelestium,
3386 648 3469 704 ita
3499 664 3777 713 oremus,

2105 742 2170 794 ut
2197 743 2493 794 sectemur
2522 743 2577 793 et
2604 736 2907 792 imitemur
2935 752 3104 793 sacra
3150 752 3356 793 eorum
3413 736 3673 806 vestigia
3725 740 3783 792 et

2107 827 2403 899 exempla,
2463 830 2760 899 quatenus
2800 830 2856 881 et
2910 825 3153 881 nomine
3197 831 3254 881 et
3291 825 3413 881 vita
3448 826 3784 896 dignemur

2106 933 2316 973 eorum
2343 914 2613 985 collegio.
2650 914 2962 970 Enimvero
2992 930 3237 970 omnem
3279 920 3500 971 terram
3543 914 3611 969 in
3659 930 3784 986 qua

2106 1004 2281 1060 exivit
2309 1019 2493 1060 sonus
2518 1019 2767 1069 eorum;
2815 1017 3026 1058 omnes
3072 1019 3318 1076 quoque
3365 1007 3576 1075 partes
3617 1001 3783 1057 orbis

2109 1092 2189 1148 ad
2215 1108 2367 1164 quas
2399 1096 2801 1164 pervenerunt
2832 1090 3015 1146 verba
3044 1107 3253 1147 eorum
3296 1093 3554 1157 (Psatm.
3590 1092 3781 1161 xvui),

2109 1178 2564 1250 comprehendit
2601 1184 2655 1234 et
2702 1178 3114 1251 complectitur
3162 1184 3367 1235 nostra
3416 1178 3784 1242 fraternitas,

2109 1284 2245 1340 qua:
2276 1272 2364 1322 est
2396 1267 2492 1323 Dei
2520 1266 2725 1323 civitas
2773 1271 2831 1322 et
2877 1266 3283 1323 Christianitas
3333 1267 3647 1324 Christum
3685 1267 3786 1321 ha-

2109 1356 2259 1411 bens
2284 1356 2767 1411 fundamentum.
2809 1355 2932 1412 Tali
2961 1355 3185 1428 quippe
3231 1356 3416 1411 modo
3466 1356 3789 1412 existimus

2112 1460 2323 1500 omnes
2372 1444 2689 1501 Christiani
2742 1444 2985 1511 fratres;
3048 1444 3269 1517 ubique
3314 1460 3654 1513 regnorum
3686 1445 3788 1500 de-

2114 1539 2337 1604 gentes,
2369 1534 2624 1589 caelestis
2653 1550 2897 1607 quoque
2940 1534 3268 1590 Jerusalem
3322 1550 3541 1589 sumus
3586 1535 3789 1588 conci-

348 1622 705 1718 Christiana,
754 1622 899 1719 quia
946 1622 1160 1699 vocata
1208 1644 1295 1696 est
1349 1643 1406 1694 et
1454 1637 1615 1693 facta
1658 1640 1747 1691 est
1784 1650 2007 1707 sponsa
2036 1652 2076 1703 Β
2113 1639 2216 1719 νςε
2242 1641 2254 1689 ;
2284 1639 2315 1678 θ
2341 1623 2564 1719 {lgibus
2604 1623 2888 1719 nimirum
2926 1623 3055 1719 jatn
3107 1622 3350 1719 plurimi
3397 1623 3792 1719 spiritualiter

349 1740 525 1808 Agni,
556 1740 672 1795 hoc
700 1740 789 1791 est
820 1733 919 1789 Fili
951 1731 1069 1787 Dei.
1099 1728 1363 1784 Caelestis
1412 1724 1803 1781 nihilominus
1840 1726 2004 1778 Jeru-

350 1830 538 1887 salem
569 1826 954 1896 nuncupatur
983 1816 1410 1881 Christianitas,
1450 1813 1745 1887 probante
1792 1811 2005 1868 eodem

349 1922 583 1975 Joanne
606 1914 665 1970 in
696 1911 911 1969 eadem
936 1905 1295 1981 Apocalypsi
1330 1923 1342 1959 :
1373 1928 1399 1953 ‹‹
1431 1902 1576 1968 Vidi,
1604 1902 1818 1974 inquit,
1847 1903 2007 1955 Jeru-

351 2008 538 2063 salem
568 1999 1035 2060 descendentem
1058 1996 1133 2051 de
1154 1993 1325 2059 caelo,
1360 1995 1633 2048 ornatam
1666 2006 1813 2045 auro
1834 2004 2004 2043 mun-

350 2097 452 2164 do,
480 2099 537 2151 et
563 2090 868 2166 lapidibus
892 2083 1469 2159 pretiosisintextam
1515 2079 1687 2150 (Ibid.
1727 2078 1831 2146 10).
1866 2100 1898 2166 ι»

424 2164 674 2240 Laetetur
700 2179 903 2250 itaque
931 2173 1130 2231 omnis
1160 2170 1567 2226 Christianitas
1624 2183 1730 2240 per
1776 2164 2010 2221 univer-

354 2288 492 2329 sum
517 2268 730 2327 orbem
757 2264 1023 2329 dilatata,
1056 2276 1167 2333 pro
1197 2275 1268 2314 eo
1316 2256 1483 2330 quod
1539 2254 1756 2311 meruit
1805 2252 2007 2309 vocari

355 2374 578 2434 sponsa
606 2352 813 2411 Christi
852 2355 910 2407 et
952 2349 1154 2405 civitas
1207 2344 1325 2412 Dei,
1365 2360 1562 2434 quam
1610 2340 1880 2434 decano
1909 2339 2011 2434 de-

354 2430 738 2507 scendentem
769 2440 981 2498 asserit
1018 2433 1409 2509 Apocalypsis
1454 2430 1851 2501 evangelistze.
1907 2431 2008 2484 Re-

353 2554 495 2596 vera
521 2532 817 2610 quidquid
846 2530 921 2586 de
951 2534 1107 2585 terra
1136 2524 1334 2596 erepit,
1349 2527 1649 2579 terrenum
1676 2525 1794 2587 est;
1827 2534 2008 2610 omne

354 2607 563 2686 autem
608 2629 908 2681 terrenum
958 2613 1368 2674 transitorium
1419 2616 1526 2683 est,
1572 2610 1633 2666 id
1664 2625 1800 2665 vero
1841 2607 2009 2681 quod

353 2712 758 2774 transitorium
788 2712 877 2764 est
902 2706 1014 2763 vile
1043 2708 1151 2761 est.
1188 2704 1371 2772 Igitur
1420 2698 1826 2756 Christianitas
1873 2712 2009 2769 quae

354 2812 441 2864 est
462 2804 564 2863 Dei
591 2801 821 2867 civitas,
867 2813 1004 2871 quae
1053 2797 1139 2850 est
1183 2791 1358 2847 sedes
1404 2789 1525 2857 Dei,
1578 2787 1737 2843 unde
1774 2785 2009 2857 legitur,

356 2919 384 2944 «
414 2898 569 2951 Deus
600 2889 768 2945 sedet
797 2900 978 2958 super
1006 2881 1212 2938 sedem
1244 2883 1516 2934 sanctam
1545 2892 1718 2932 suam
1757 2874 2007 2944 (Psalm.

354 2998 508 3049 xrvx,
541 2983 620 3049 9),
655 2999 683 3027 »
710 2990 833 3031 non
863 2971 1041 3044 coepit
1069 2969 1144 3024 de
1173 2972 1349 3035 terra,
1377 2965 1484 3021 sed
1503 2965 1578 3020 de
1602 2963 1753 3020 coelo
1770 2961 2013 3017 descen—
2041 2996 2083 3048 ο

356 3071 443 3127 dit
468 3069 530 3124 in
558 3082 668 3122 suo
699 3059 1134 3134 gloriosissimo
1173 3058 1415 3112 auctore
1446 3052 1673 3110 Christo
1706 3068 1718 3106 :
1751 3065 2013 3123 quapro-

357 3163 487 3233 pter
517 3153 916 3214 Christianum
943 3162 1167 3205 nomen
1186 3160 1310 3201 non
1340 3148 1427 3199 est
1446 3147 1769 3233 terrenum,
1807 3140 2012 3196 catho-

356 3232 472 3304 lica
500 3244 704 3315 religio
731 3257 854 3298 non
878 3243 967 3296 est
988 3234 1348 3303 transitoria,
1379 3232 1484 3289 sed
1513 3235 1804 3305 perpetua
1840 3247 1852 3285 :
1903 3245 2013 3285 nec

357 3338 488 3395 vilis
518 3340 625 3405 est,
643 3337 750 3390 sed
771 3327 1124 3387 charissima
1149 3324 1377 3382 Christo
1407 3328 1698 3395 tanquam
1718 3337 1830 3377 sua
1850 3336 2011 3390 caro,

358 3433 648 3500 tanquam
672 3437 784 3479 sua
804 3419 1030 3488 anima,
1056 3431 1246 3490 quam
1267 3414 1443 3470 morti
1468 3410 1709 3469 tradidit
1732 3426 1841 3483 pro
1865 3409 2014 3465 chri-

358 3516 656 3575 stianitate
680 3527 816 3586 quae
847 3512 936 3566 est
960 3508 1209 3564 thronus
1239 3504 1289 3575 ej
1301 3520 1389 3569 us,
1430 3500 1684 3558 ecclesia
1702 3500 1753 3571 ej
1765 3516 1832 3555 us
1860 3502 2009 3555 tem-

356 3608 526 3682 plum
554 3604 684 3676 ejus
712 3604 804 3657 est
835 3618 847 3655 :
878 3622 906 3649 ‹‹
933 3594 1266 3667 Templum,
1297 3591 1491 3665 inquit
1518 3588 2015 3682 Apostolus-san-

355 3677 517 3754 ctum
548 3698 636 3751 est
657 3689 824 3765 quod
852 3687 992 3745 estis
1021 3686 1205 3752 vos(I
1228 3683 1369 3740 Cor.
1404 3698 1480 3748 ιιι,
1504 3680 1589 3750 t7)
1619 3702 1647 3729 ››
1675 3677 2008 3734 Christiani.

357 3786 584 3845 Ostium
613 3786 817 3839 autem
845 3781 903 3834 et
926 3776 1119 3847 janua
1156 3777 1214 3829 et
1236 3775 1412 3845 porta
1452 3769 1635 3841 hujus
1677 3766 1926 3823 civitatis
1957 3770 2015 3823 et

353 3873 561 3948 templi
588 3876 677 3929 est
700 3867 966 3924 Christus
993 3862 1281 3920 Dominus
1311 3864 1369 3917 et
1401 3860 1817 3948 Deus‘nosteir.
1864 3856 2012 3948 Huic

355 3943 535 4021 etiam
563 3964 709 4034 puto
731 3954 915 4014 Jacob
941 3950 1344 4026 patriarcham
1374 3947 1599 4003 dixisse
1630 3963 1642 3999 :
1675 3946 1895 4034 favere
1923 3943 2011 4000 lo-

356 4069 462 4111 cus
487 4031 597 4107 iste
624 4050 865 4105 sanctus
890 4047 1001 4113 est,
1023 4046 1082 4098 et
1107 4039 1255 4096 nihil
1283 4036 1449 4095 aliud
1476 4039 1584 4102 est,
1626 4032 1745 4088 nisi
1792 4031 2013 4089 domus

356 4140 458 4198 Dei
487 4140 653 4212 (Gen.
687 4149 895 4202 XXVIII,
934 4130 1041 4202 16),
1077 4152 1104 4180 ››
1161 4144 1299 4200 quae
1347 4128 1436 4182 est
1476 4120 1904 4212 Christianitas,
1956 4126 2013 4178 et

358 4254 385 4279 ‹‹
414 4210 591 4303 porta
615 4224 768 4295 0031i,
802 4247 830 4274 »
857 4235 993 4295 quae
1024 4221 1117 4275 est
1143 4215 1426 4272 Christus.
1478 4210 1570 4268 Sic
1614 4210 1743 4281 ipse
1790 4225 2009 4303 appro-

354 4298 509 4378 bans
542 4336 555 4373 :
590 4340 617 4367 ‹‹
651 4319 794 4386 Ego,
824 4310 1034 4385 inquit,
1066 4323 1199 4364 sum
1232 4304 1471 4361 ostium.
1511 4304 1616 4356 Per
1665 4316 1762 4355 me
1793 4298 1842 4354 si
1872 4299 2010 4373 quis

354 4407 658 4475 introierit,
688 4402 1011 4461 salvabitur
1036 4399 1233 4470 (Joan.
1255 4410 1314 4456 X.
1340 4395 1416 4464 9).
1448 4414 1476 4441 »

425 4503 602 4570 Ergo,
642 4495 872 4561 fratres,
923 4491 1219 4546 certemus
1260 4480 1488 4570 cunctis
1532 4478 1786 4570 nisibus,
1842 4476 2014 4570 celsis

354 4567 599 4664 quoque
627 4580 956 4647 dealderiis,
985 4574 1245 4648 denique
1291 4569 1522 4627 orando
1570 4567 1696 4624 sine
1723 4567 2014 4664 intermis-

355 4655 542 4746 sione,
574 4675 659 4732 uti
689 4673 979 4729 docemur
1008 4662 1342 4738 apostolica
1388 4674 1533 4715 voce
1578 4660 1877 4746 quatenus
1906 4655 2015 4711 im-

355 4743 572 4825 mensa
599 4762 700 4821 Dei
729 4755 1111 4817 miseratione
1139 4750 1303 4822 digni
1347 4761 1689 4805 mereamur
1716 4743 1846 4799 ﬁeri
1884 4760 2013 4800 ma-

356 4857 446 4929 gis
476 4872 547 4912 ac
575 4850 771 4923 magis
794 4849 1013 4904 intrare
1038 4858 1145 4917 per
1174 4838 1321 4898 illud
1350 4837 1592 4929 ostium,
1648 4831 2015 4929 acquotidie

355 4920 557 5001 idonei
603 4920 1018 5013 cooperatores
1075 4931 1323 4988 existere
1377 4923 1635 5013 civitatis
1682 4920 1908 5013 Christi,
1948 4924 2017 5013 et

357 5047 620 5088 crescere
648 5009 849 5086 in—ista
875 5022 1030 5082 valle
1049 5020 1459 5092 lacrymarum
1489 5011 1563 5068 de
1585 5011 1796 5068 virtute
1822 5009 1885 5064 in
1903 5009 2016 5066 vir-

357 5124 567 5191 tutem,
599 5121 790 5176 donec
815 5114 1132 5172 videamus
1164 5112 1349 5164 Deum
1396 5103 1649 5159 deorum
1692 5101 1754 5156 in
1794 5098 2017 5155 caelesti

358 5210 518 5266 Sion.
548 5211 679 5264 Jam
709 5203 1007 5279 siquidem
1031 5199 1092 5255 in
1122 5197 1221 5254 illa
1259 5191 1707 5264 congratulatur
1756 5205 1869 5244 suo
1915 5204 2019 5279 au-

360 5298 504 5355 ctori
535 5278 783 5362 Christo,
807 5305 1038 5363 suoque
1056 5283 1393 5356 congaudet
1417 5281 1811 5338 fundamento
1832 5278 2019 5334 maxi-

360 5405 463 5444 ma
496 5402 635 5460 pars
666 5377 1138 5443 Christianitatis,
1189 5372 1411 5431 summi
1464 5371 1683 5427 scilicet
1734 5367 2014 5441 apostoli,

361 5476 670 5550 sanctique
702 5475 1015 5544 martyres,
1047 5464 1373 5523 venerandi
1402 5461 1797 5550 confessores,
1818 5473 2015 5550 sacra-

361 5572 433 5627 ιω
465 5547 719 5637 virgines
750 5581 761 5631 ;
803 5574 1040 5632 semper
1076 5560 1336 5623 orantes,
1367 5552 1473 5627 qui
1499 5566 1709 5606 sumus
1738 5547 2015 5637 ejusdem

358 5634 660 5729 religionis
689 5651 919 5726 reliqua
948 5646 1194 5722 species,
1231 5650 1287 5701 et
1335 5641 1534 5700 adhuc
1588 5638 1804 5696 terreni
1856 5634 2013 5692 mole

2118 1712 2267 1767 ultra
2317 1712 2515 1768 sidera
2559 1712 2868 1785 possident
2919 1711 3089 1767 aulas
3144 1711 3382 1768 diverso
3423 1712 3788 1769 meritorum

2114 1803 2302 1857 nitore
2334 1818 2637 1869 coruscas,
2670 1792 2883 1874 reliqui
2910 1817 3049 1857 vero
3079 1801 3279 1857 adhuc
3305 1801 3469 1858 lutea
3498 1802 3565 1857 in
3606 1818 3789 1857 carne

2115 1896 2447 1957 manentes,
2506 1895 2693 1946 terrea
2749 1905 2990 1962 quoque
3056 1889 3395 1947 inhabitant
3477 1890 3789 1947 ccenobia.

2116 1979 2330 2035 Omnia
2359 1983 2561 2035 autem
2590 1979 2716 2034 has-.2
2759 1978 3004 2048 agmina
3056 1982 3177 2034 tam
3229 1979 3290 2033 in
3320 1979 3560 2051 superis
3593 1980 3790 2034 exsul-

2118 2068 2321 2135 tantia,
2350 2085 2538 2142 quam
2565 2068 2627 2123 in
2664 2068 2801 2123 imis
2851 2067 3315 2140 peregrinantia,
3376 2073 3520 2124 sunt
3572 2068 3789 2124 civitas

2118 2156 2237 2224 Dei,
2270 2172 2458 2228 quam
2489 2156 2792 2212 Johannes
2820 2155 2968 2211 vidit
3014 2155 3379 2225 evangelista
3413 2155 3794 2213 descenden-

2115 2251 2237 2301 tem
2267 2244 2342 2300 de
2372 2244 2524 2300 coelo
2550 2244 2829 2301 orbatam
2854 2248 2912 2300 et
2938 2244 3106 2300 omni
3121 2244 3335 2301 decore
3351 2246 3791 2319 compositam.

2116 2336 2225 2389 Pro
2250 2331 2601 2404 hujusmodi
2631 2331 2879 2388 omnino
2910 2331 3160 2388 civitatis
3202 2332 3611 2405 prosperitate
3663 2349 3795 2390 ora-

2117 2437 2256 2476 mus
2283 2419 2549 2493 quotidie
2569 2419 2888 2493 psallentes
2922 2437 2935 2474 :
2970 2442 2997 2468 ‹‹
3032 2419 3276 2475 Salvum
3330 2420 3427 2476 fac
3488 2421 3794 2493 populum

2119 2515 2311 2580 tuum,
2355 2509 2621 2575 Domine,
2658 2533 2684 2558 ››
2734 2508 2795 2565 id
2848 2513 2955 2576 est,
3004 2508 3350 2566 universam
3385 2510 3800 2567 Christianita-

2119 2603 2260 2665 tem,
2291 2621 2315 2645 ‹‹
2351 2603 2408 2653 et
2428 2597 2680 2653 benedic
2710 2596 3035 2654 haereditati
3070 2602 3226 2666 tute;
3262 2620 3288 2647 »
3339 2598 3571 2656 scilicet
3595 2599 3797 2655 eidem

2122 2686 2562 2753 Christianitati,
2619 2709 2646 2735 «
2707 2690 2764 2742 et
2810 2701 2947 2757 rege
3001 2701 3125 2754 eos,
3175 2705 3206 2740 ›
3254 2686 3654 2754 Christianos,
3688 2712 3717 2735 ‹‹
3745 2693 3799 2744 et

2121 2776 2317 2833 exalia
2369 2792 2472 2832 eos
2520 2776 2580 2831 in
2624 2779 2917 2831 aeternum
2960 2775 3211 2846 (Psalm.
3252 2792 3433 2843 xxvn,
3471 2780 3549 2844 9).
3584 2797 3617 2831 ›
3657 2777 3799 2833 Haec

2120 2865 2333 2939 procul
2356 2865 2543 2921 dubio
2569 2864 2976 2921 (Zhristianitas
3007 2869 3115 2936 est,
3142 2864 3404 2921 Ecclesia
3435 2866 3541 2923 Dei
3582 2872 3799 2923 sancta

2122 2954 2443 3021 Catholica,
2472 2954 2533 3009 id
2553 2958 2641 3011 est
2661 2953 3009 3010 universalis
3039 2959 3097 3010 et
3122 2958 3302 3023 recta,
3362 2955 3424 3010 in
3488 2959 3617 3011 toto
3647 2957 3799 3012 orbe

2122 3048 2416 3101 terrarum
2440 3042 2679 3099 diffusa.
2708 3046 2842 3100 Haec
2866 3047 2958 3100 est
2985 3043 3205 3100 domus
3240 3044 3361 3111 Dei,
3394 3048 3453 3101 et
3494 3046 3799 3118 templum

2122 3134 2379 3205 Domini,
2410 3137 2466 3190 et
2493 3132 2824 3190 sacrarium
2856 3133 3105 3207 Spiritus
3129 3133 3337 3190 sancti.

2193 3227 2372 3279 Porro
2400 3223 2528 3278 haec
2551 3227 2641 3279 est
2664 3221 2766 3278 illa
2796 3222 2991 3293 vinea,
3014 3221 3076 3278 in
3104 3239 3293 3295 quam
3317 3222 3662 3280 introdumt
3686 3242 3799 3281 nos

2123 3311 2412 3369 Dominus
2437 3327 2614 3367 suam
2638 3311 2874 3384 operari
2905 3309 3294 3368 voluntatem.
3339 3312 3648 3384 Operariis
3698 3330 3802 3369 au-

2121 3404 2240 3457 tem
2271 3415 2462 3456 unum
2483 3398 2758 3472 promisit
2771 3398 3108 3468 denarium,
3149 3403 3353 3471 utpote
3383 3415 3580 3456 unam
3609 3401 3800 3457 vitam

2122 3494 2426 3546 aeternam.
2457 3492 2572 3545 Ista
2596 3489 2821 3561 quippe
2852 3492 2939 3544 est
2961 3487 3062 3544 illa
3089 3487 3402 3555 domus,et
3436 3489 3658 3546 civitas
3676 3491 3796 3551 Dei.

2121 3578 2195 3634 de
2226 3595 2348 3652 qua
2370 3594 2477 3652 per
2504 3577 2864 3650 Prophetam
2902 3577 3241 3633 enituerunt
3290 3578 3550 3651 Spiritus
3606 3581 3799 3636 sancti

2120 3668 2383 3725 haeccine
2416 3668 2594 3724 verba
2645 3686 2656 3724 :
2707 3690 2733 3716 ‹‹
2792 3665 2908 3722 Nisi
2959 3667 3245 3722 Dominus
3276 3667 3671 3725 aediﬁcaverit
3698 3670 3799 3726 do-

2120 3774 2313 3826 mum,
2344 3761 2401 3814 et
2430 3756 2773 3813 custodierit
2796 3756 3115 3823 civitatem,
3163 3756 3224 3811 id
3253 3761 3341 3813 est
3386 3758 3801 3817 Christianita'

2122 3851 2262 3915 tem,
2278 3868 2307 3896 ‹‹
2329 3846 2391 3903 in
2415 3862 2636 3902 vanum
2664 3846 2943 3902 laborant
2970 3850 3029 3901 et
3055 3844 3302 3917 vigilant
3320 3847 3584 3917 (Psalm.
3602 3865 3794 3921 cxx“,

2126 3936 2201 4007 l),
2219 3959 2245 3985 »
2263 3934 2367 4009 qui
2381 3934 2587 3992 volunt
2608 3933 2904 3991 aediﬁcare
2928 3938 2985 3991 et
3007 3933 3303 3991 custodire
3362 3935 3559 3993 illam.
3579 3940 3661 3994 De
3677 3953 3800 4011 qua

2121 4041 2369 4098 prorsus
2391 4024 2645 4094 civitate,
2681 4023 2795 4080 hoc
2829 4029 2919 4080 est
2932 4023 3006 4080 de
3030 4024 3492 4097 Christianitate,
3519 4027 3798 4099 praeliba-

2120 4119 2216 4170 tus
2246 4116 2492 4170 testatur
2520 4112 2896 4183 Evangelista
2923 4130 2936 4167 :
2972 4136 2997 4161 ‹‹
3033 4112 3161 4169 Vidi
3189 4112 3495 4170 civitatem
3519 4120 3797 4173 sanctam

2119 4202 2447 4260 Jerusalem
2470 4218 2696 4258 novam
2726 4218 2763 4258 a
2784 4204 2902 4257 Deo
2924 4206 3224 4274 paratam.
3255 4205 3321 4259 Et
3346 4204 3563 4260 audivi
3584 4222 3797 4262 vocem

2123 4293 2198 4349 de
2230 4293 2445 4348 throno
2474 4291 2809 4348 dicentem:
2836 4292 2983 4347 Ecce
3013 4291 3476 4348 tabernaculum
3518 4295 3627 4350 Dei
3659 4311 3797 4351 cum

2124 4380 2491 4450 hominibus,
2523 4384 2581 4437 et
2603 4379 2897 4436 habitabit
2926 4396 3065 4459 cum
3097 4381 3181 4437 eis
3208 4381 3421 4451 (Apoc.
3454 4399 3586 4449 XXI,
3627 4386 3706 4455 2).

2193 4471 2373 4527 Istam
2425 4469 2694 4543 profecto
2752 4468 3054 4526 civitatem
3101 4469 3202 4526 Dei
3248 4470 3525 4542 quotidie
3567 4477 3797 4531 certant

2123 4560 2361 4633 penitus
2387 4559 2691 4617 destruere
2723 4560 2905 4631 hujus
2929 4558 3128 4615 saeculi
3158 4564 3462 4617 amatores
3496 4561 3713 4634 injusti
3742 4568 3796 4619 et

2124 4648 2414 4721 sacrilegi,
2468 4648 2822 4723 praedando,
2876 4649 3279 4722 omnibusque
3335 4649 3599 4720 ﬂagellis
3651 4651 3795 4708 afﬂi-

2125 4739 2344 4810 gendo.
2397 4737 2698 4805 Quidnam
2750 4742 2891 4794 sunt
2940 4738 3039 4795 isti
3115 4754 3367 4811 rapaces
3430 4739 3619 4813 lupi,
3694 4742 3796 4815 qui

2125 4828 2251 4885 sine
2304 4827 2633 4884 cessatione
2708 4831 3132 4901 persequentes
3206 4827 3503 4885 devorant
3579 4836 3638 4887 et
3701 4831 3797 4886 de-

2124 4922 2398 4991 pannant
2462 4917 2956 4975 Christianitatem
2978 4917 3006 4972 ‘I
3041 4921 3106 4973 ln
3137 4916 3377 4973 orientis
3409 4919 3635 4975 mundi
3666 4936 3796 4992 par-

2124 5007 2307 5080 tibus,
2364 5009 2421 5063 et
2468 5005 2830 5063 australibus
2883 5005 3130 5062 Idumaei
3160 5010 3217 5061 et
3246 5005 3590 5073 Ismaelitae,
3648 5010 3796 5065 Moa-

2124 5096 2285 5165 bitae,
2311 5099 2368 5151 et
2392 5094 2669 5163 Agareni,
2701 5093 3078 5160 Ammonius,
3111 5096 3169 5148 et
3197 5092 3574 5165 Amalecitse,
3600 5094 3798 5151 simul-

2125 5200 2243 5257 que
2293 5174 2433 5239 illis'
2477 5184 2712 5256 pejores
2783 5182 3341 5254 pseudochristiani.
3411 5184 3479 5238 In
3563 5184 3795 5240 climate

2125 5291 2267 5330 vero
2319 5272 2765 5346 septentrionali
2816 5278 2873 5328 et
2910 5272 3261 5328 occidentali
3309 5287 3459 5342 gens
3505 5277 3793 5330 Norwan-

2126 5366 2280 5432 nica,
2313 5364 2651 5437 pariterque
2682 5363 2924 5429 Danica,
2987 5362 3094 5417 sed
3142 5367 3199 5417 et
3239 5362 3611 5434 impiissima
3642 5362 3793 5418 Tun-

2127 5470 2372 5523 grorum
2411 5452 2618 5520 natio;
2669 5466 2906 5507 necnon
2950 5450 3311 5507 crudeliores
3364 5451 3458 5507 his
3509 5452 3791 5509 omnibus

2126 5543 2401 5613 gentibus
2449 5541 2633 5598 nostri
2681 5541 2785 5613 qui
2830 5545 2967 5596 sunt
3017 5540 3166 5596 falso
3222 5540 3467 5597 nomine
3522 5542 3794 5599 Christia-

2127 5634 2207 5700 ni,
2265 5646 2386 5688 non
2446 5635 2679 5688 cessant
2731 5628 3017 5687 omnibus
3063 5629 3226 5685 horis
3281 5628 3524 5702 plebem
3586 5629 3791 5688 Christi
