3950 6178
213 199 306 253 777
878 200 1268 258 ‘SERMONES
1308 201 1640 267 QUINQUE.
1681 198 1872 255 DADO
1913 193 2125 252 EPISC.
2169 192 2448 251 VIRDUN.
2489 227 2560 236 --
2596 193 2895 251 NOTITIA.

3522 201 3624 254 778

209 320 470 378 occidere
488 321 643 377 fame
661 322 968 391 etfrigore,
989 324 1208 381 scilicet
1223 325 1650 381 manducando
1663 338 1850 389 escas,
1892 323 1932 374 Α
1968 318 2362 391 iniquitatem,
2392 319 2475 375 sic
2492 319 2783 375 devorant
2804 316 3063 389 plebem,
3097 320 3163 372 ut
3195 317 3400 374 cibum
3450 322 3624 393 panis

207 415 258 466 et
284 410 545 465 bibendo
576 415 765 466 vestes
811 428 1168 485 pauperum.
1227 415 1487 470 Curnam
1527 414 1587 469 id
1619 410 1854 483 agunt?

208 498 492 564 Quoniam
521 498 780 570 amplius
836 506 973 555 sunt
1002 502 1214 556 mundi
1259 502 1434 557 amici
1488 518 1674 573 quam
1733 499 1851 566 Dei,

205 587 388 656 magis
412 592 619 642 amant
651 603 794 643 arva
819 605 1004 660 quam
1063 590 1280 655 sidera,
1344 590 1542 662 potius
1599 588 1853 658 diligunt

201 693 380 748 equos
406 692 707 748 canesque
735 693 898 747 suos,
929 695 1116 751 quam
1141 680 1433 748 sanguine
1467 679 1679 736 Christi
1701 694 1852 751 pau-

202 780 364 837 peres
402 772 658 836 emptos.

265 853 617 922 Hujusmodi
641 854 816 925 plane
853 855 1161 922 praedones
1192 861 1248 910 et
1303 872 1552 928 rapaces
1607 856 1853 928 propria

198 947 401 1013 sponte
431 941 743 996 destruunt
765 943 1265 998 Christianitatem
1293 949 1350 999 et
1378 944 1678 1009 deserunt,
1714 960 1852 998 con-

197 1033 521 1084 temnentes
548 1029 813 1085 habitare
844 1030 1025 1085 divini
1047 1031 1425 1102 imperatoris
1445 1032 1767 1098 civitatem,
1793 1036 1850 1086 et

191 1122 499 1190 propterea
531 1118 729 1172 minus
758 1119 909 1173 ﬁunt
938 1120 1096 1174 cives
1119 1124 1176 1174 et
1202 1119 1512 1174 domestici
1565 1120 1684 1189 Dei,
1743 1120 1848 1176 sed

192 1207 409 1263 diaboli
439 1211 495 1262 et
521 1208 756 1262 titiones
786 1208 1019 1263 inferni.
1046 1212 1272 1280 Itaque,
1302 1224 1338 1264 ο
1366 1209 1625 1265 Ecclesia
1655 1209 1753 1263 Dei
1779 1210 1847 1264 to

191 1297 393 1353 civitas
422 1297 540 1361 Dei,
573 1298 861 1369 patienter
881 1299 992 1353 hos
1021 1298 1106 1352 fer
1135 1298 1329 1370 lupos,
1363 1298 1718 1354 devorantes
1738 1315 1846 1353 vos

190 1385 390 1441 Christi
405 1401 615 1455 agnos.
635 1386 939 1458 Siquidem
956 1387 1071 1442 hoc
1086 1387 1312 1442 malum
1334 1393 1499 1460 quod
1512 1387 1681 1443 vobis
1696 1385 1845 1442 aésti-

190 1475 546 1530 mantnostri
562 1475 752 1530 facere
770 1475 1118 1546 adversarii,
1143 1476 1330 1531 multo
1350 1477 1546 1545 magis
1561 1475 1674 1530 sibi
1694 1476 1841 1531 illud

188 1563 476 1633 ingerunt.
508 1567 690 1619 Nemo
719 1565 880 1619 enim
904 1564 1074 1620 alteri
1099 1564 1264 1636 prius
1281 1581 1470 1637 quam
1493 1564 1605 1620 sibi
1626 1580 1841 1620 nocere

1967 409 2154 479 (Psal.
2187 425 2276 474 ιιι,
2311 410 2384 477 5).
2421 431 2448 458 »
2474 409 2638 464 Unde
2668 413 2724 464 et
2781 407 2917 480 pius
2965 406 3124 462 idem
3170 412 3375 479 pastor
3425 416 3625 466 noster

1967 498 2232 554 Christus
2266 499 2554 554 Dominus
2587 498 2850 567 benigna
2895 496 3300 554 consolatione
3341 514 3452 554 nos
3479 516 3623 555 con-

1964 587 2141 642 fortat
2165 587 2370 643 dicens
2400 607 2412 643 :
2454 609 2478 633 ›
2505 587 2632 642 Noli
2661 592 2946 653 metuere,
2979 585 3230 657 pusillus
3266 601 3428 655 grex,
3479 589 3624 661 quia

1965 677 2329 749 complacuit
2360 678 2514 734 Patri
2547 683 2749 733 nostro
2779 676 2923 732 dare
2952 675 3122 731 vobis
3151 691 3404 745 regnum
3451 679 3616 749 (Luc.

1962 783 2061 832 xu,
2091 769 2202 835 3‘2).
2228 792 2253 815 υ
2279 770 2450 837 Ergo,
2471 767 2702 831 fratres,
2730 765 3090 820 unanimiter
3112 765 3300 820 simus
3331 767 3621 838 patientes

1963 855 2042 910 ad
2072 871 2283 911 omnes
2315 861 2437 911 tam
2464 855 2726 927 hospites
2755 869 2943 926 quam
2972 853 3192 908 hostes.
3225 858 3372 910 Nam
3403 855 3494 910 vir
3516 858 3619 912 ha-

1961 944 2109 999 bens
2140 945 2488 1017 patientiam
2519 945 2724 1000 omnia
2748 959 3028 1016 superare
3049 943 3192 997 vitia
3212 947 3408 1014 potest
3424 945 3615 1011 facile,

1961 1033 2096 1103 agia
2128 1037 2268 1088 teste
2303 1034 2622 1106 Scriptura.
2650 1032 2740 1089 Sic
2771 1048 2975 1087 revera
3005 1032 3302 1087 civitatem
3348 1034 3447 1088 Dei
3478 1050 3615 1106 quin

1960 1128 2047 1177 est
2074 1122 2137 1178 in
2164 1122 2360 1192 nobis,
2388 1123 2503 1177 hoc
2535 1128 2623 1177 est
2647 1121 3146 1176 Christianitatem
3174 1137 3384 1177 cruore
3425 1123 3618 1178 nostri

1959 1211 2368 1284 Redemptoris
2397 1211 2713 1266 fundatam
2747 1210 3080 1265 valebimus
3137 1211 3303 1266 omni
3347 1215 3614 1284 tempore

1957 1301 2245 1367 excolere,
2275 1300 2579 1372 sacrisque
2601 1299 2868 1355 excubiis
2890 1299 3207 1365 custodire,
3233 1300 3465 1373 piisque
3486 1317 3615 1356 mo-

1955 1389 2120 1444 ribus
2150 1404 2384 1454 ornare,
2419 1388 2740 1444 auxiliante
2765 1387 2940 1442 nobis
2971 1387 3184 1443 eodem
3225 1389 3478 1443 Domino
3508 1405 3615 1444 no-

1955 1481 2077 1530 stro
2105 1476 2244 1530 Jesu
2266 1475 2514 1541 Christo,
2544 1475 2651 1547 qui
2679 1479 2766 1530 est
2795 1475 3157 1547 principium
3186 1480 3242 1530 et
3288 1475 3426 1530 ﬁnis
3477 1493 3610 1532 om—

1953 1565 2142 1632 nium,
2177 1581 2316 1620 cum
2343 1567 2507 1620 Patre
2565 1567 2620 1620 et
2665 1564 2883 1637 Spiritu
2939 1569 3146 1620 sancto
3194 1580 3455 1635 regnans
3503 1582 3611 1638 per

188 1657 392 1725 potest.
419 1653 499 1707 De
511 1653 733 1725 quibus
752 1653 909 1725 lupis
931 1654 1303 1726 compatiens
1326 1653 1518 1722 vobis,
1544 1654 1626 1709 sic
1648 1654 1843 1726 inquit
1883 1672 1921 1724 Β
1953 1653 2159 1709 omnia
2177 1653 2394 1710 saecula
2415 1653 2796 1708 saeculorum.
2840 1657 3048 1708 Amen.

187 1742 470 1798 Dominus
493 1758 601 1814 per
632 1743 994 1815 Prophetam
1030 1760 1042 1796 :
1084 1766 1110 1790 ‹‹
1133 1744 1352 1798 Omnes
1381 1744 1486 1816 qui
1513 1748 1842 1815 operantur

1527 2024 1671 2064 ANNO
1712 2024 1899 2064 DOMINI
1942 2025 2250 2064 DCCCCXXHI

671 2461 1338 2604 EI’ISCO
1358 2201 3113 2608 PllB'AggDUNENSIS

1301 2831 1738 2918 NOTITIA
1806 2830 2430 2917 HISTOBICA.

1187 3014 1293 3077 (Ex
1333 3010 1518 3068 Gallia
1550 3012 1900 3080 Christiana,
1926 3015 2051 3068 tom
2097 3010 2222 3066 XIV
2250 3015 2362 3066 vet.
2387 3009 2552 3076 edit.)

237 3271 432 3340 Nepos
452 3268 1211 3340 discipulusqueiBerhardi
1257 3268 1454 3340 Dado,
1510 3267 1706 3340 dictus
1756 3267 1816 3340 in
1856 3273 1904 3324 A
1935 3265 2282 3340 citparendi
2336 3266 2548 3340 gratia
2577 3267 2795 3324 canoni
2847 3267 3082 3322 decimo
3137 3267 3323 3340 tertio!
3357 3269 3586 3324 concilii

173 3338 280 3394 vita
307 3337 557 3395 Joannis
588 3337 823 3394 Gorziaf
840 3339 1094 3403 abbatis,
1126 3340 1220 3394 cui
1245 3339 1352 3394 fuit
1378 3337 1705 3406 familiaris,
1729 3339 1818 3392 vir

171 3414 378 3466 summi
409 3412 636 3480 ingenii
666 3416 720 3466 et
734 3412 1144 3480 famosissima:
1167 3412 1526 3472 sanctitatis,
1551 3410 1742 3465 abbas
1763 3415 1820 3465 et

170 3480 286 3553 ipse
317 3481 512 3554 sancti
534 3481 752 3554 Vitoni,
783 3481 1108 3554 episcopali
1141 3481 1450 3554 dignitate
1502 3481 1818 3548 insignitus

171 3551 249 3607 est
279 3553 561 3608 Ludovici
594 3551 920 3608 Germaniae
946 3551 1102 3621 regis
1131 3551 1335 3608 favore
1364 3567 1525 3608 anno
1546 3556 1668 3607 881.
1705 3555 1816 3608 Cu-

165 3623 256 3692 jus
282 3623 639 3680 electionem
684 3623 970 3679 Bertolfus
1008 3623 1365 3678 Trevirensis
1412 3621 1814 3694 archipreesul,

169 3694 264 3749 etsi
291 3695 501 3750 litteris
524 3694 766 3767 Joannis
791 3709 965 3767 papae
993 3693 1110 3747 VIII
1141 3699 1406 3767 rogatus,
1441 3698 1503 3767 ut
1536 3692 1820 3767 probaret

170 3779 280 3820 non
308 3767 510 3839 potuit
537 3764 776 3839 adduci.
793 3763 1226 3839 Yeijumtamen
1250 3765 1414 3820 Dado
1440 3763 1669 3839 absque
1686 3763 1816 3839 ejus

168 3833 464 3908 consensu
493 3836 801 3892 ordinatus
829 3835 958 3908 fuit,
979 3849 1344 3908 summaque
1365 3833 1686 3908 prudentia
1712 3833 1817 3889 diu

167 3905 602 3964 administravit
629 3912 758 3962 tum
787 3906 1097 3962 abbatiam
1120 3905 1308 3962 sancti
1359 3905 1571 3974 Vitoni,
1626 3921 1815 3977 quam

166 3978 505 4047 retinuerat,
535 3983 661 4034 tum
704 3977 1143 4033 Virdunensem
1177 3977 1515 4044 ecclesiam,
1547 3975 1664 4031 cui
1691 3992 1814 4047 am-

165 4048 468 4121 plissimas
494 4046 867 4121 Comparavit
894 4047 1329 4121 possessiones.
1360 4049 1509 4121 Cum
1539 4046 1812 4102 Batbodo

165 4119 612 4194 archiepiscopo
639 4119 1059 4194 Trevirensiuet
1073 4119 1202 4194 aliis
1224 4119 1518 4194 episcopis
1542 4133 1813 4194 comprof

164 4189 516 4250 vincialibus
534 4189 723 4248 astitit
778 4190 1042 4256 conciliis
1087 4189 1445 4261 Moguntino'
1469 4194 1528 4245 et
1574 4189 1810 4261 Metensi

168 4276 316 4334 anno
345 4269 475 4321 888.
528 4261 732 4334 Tradit
772 4261 1161 4334 Wasburgius
1188 4260 1278 4334 :ab
1319 4261 1451 4334 ipso
1503 4260 1811 4334 conditum

169 4331 335 4409 fuisse
351 4350 575 4409 poema
590 4333 865 4409 elegiacis
880 4331 1169 4403 versibus,
1187 4331 1392 4404 lapsus
1406 4331 1692 4409 temporis
1712 4331 1811 4409 d_e-

167 4401 372 4477 ictum;
393 4421 510 4461 suo
540 4401 721 4477 atque
741 4404 1128 4477 decessorum
1152 4401 1403 4477 suorum
1431 4401 1698 4474 tempore
1735 4401 1810 4457 de

168 4473 329 4554 iilatis
347 4473 704 4554 Yirdunefisi
724 4475 989 4554 ecclesia:
1008 4474 1550 4554 calamitatibus,‘et
1562 4473 1811 4554 praeser-

169 4546 263 4620 tim
294 4548 351 4603 in
375 4547 705 4620 irruptione
735 4562 771 4602 a
815 4546 1201 4601 Nortmannis
1251 4545 1310 4600 in
1339 4544 1809 4620 _L_othari_ng_i_am

168 4615 309 4690 facta
339 4615 656 4690 anno—889,
683 4633 806 4690 qua
837 4621 1112 4690 crematae
1130 4621 1274 4690 sunt
1301 4616 1566 4690 civitates
1581 4615 1811 4690 Tullen-

168 4687 319 4769 siset
346 4686 734 4769 Virdunensis
760 4687 1048 4769 ;‘plurimi
1069 4686 1807 4769 etiam‘pi‘esbvteriac‘cle-

167 4758 260 4830 rici
289 4766 412 4816 tam
443 4760 692 4830 majoris
721 4757 866 4815 aedis
895 4774 1083 4830 quam
1101 4757 1288 4830 sancti
1305 4757 1495 4830 Vitoni
1508 4757 1803 4830 trucidati.

168 4827 316 4886 Idem
329 4847 460 4887 esse
470 4827 702 4886 videtur
713 4846 853 4886 cum
871 4827 1114 4886 Dadone
1126 4827 1487 4900 Virdunensi
1501 4828 1804 4900 episcopo,

166 4901 250 4957 cui
262 4903 570 4973 Remigius
582 4903 921 4958 monachus
940 4898 1474 4973 Autissiodorensis
1494 4898 1807 4973 epistolam

168 4973 390 5046 scripsit
419 4969 578 5046 circa
607 4989 837 5046 annum
870 4973 996 5046 890.
1031 4970 1156 5046 Alia
1181 4970 1426 5046 quidem
1443 4969 1548 5046 est
1562 4969 1640 5046 ad
1658 4985 1806 5046 eum

166 5041 406 5116 epistola
431 5045 769 5100 Salomonis
791 5043 1054 5116 episcopi
1072 5041 1558 5116 constantiensis.
1576 5041 1805 5096 Attonis

166 5112 215 5169 et
237 5116 523 5186 Berhardi
545 5112 1013 5172 antecessorum'
1038 5113 1341 5186 epitomen
1368 5112 1506 5186 Vitae
1533 5183 1542 5186 Α
1565 5127 1808 5186 compo-

165 5185 459 5259 suitianno
486 5192 609 5252 893,
643 5190 699 5243 in
728 5203 852 5259 qua
869 5183 1093 5259 collata
1110 5184 1315 5259 abillis
1336 5183 1598 5259 ecclesiae
1622 5183 1803 5259 bona,

163 5259 214 5312 et
241 5257 546 5316 abbatiam
569 5254 776 5315 Montis
792 5257 1155 5322 Falconis,ex
1185 5255 1347 5311 dono
1373 5254 1700 5326 Harnulphi
1723 5271 1808 5309 re-

164 5326 236 5382 ris
249 5335 538 5454 perpetuo
553 5328 899 5411 habendam
921 5332 1204 5410 recenset.
1220 5325 1807 5407 Partitionem’bono-

164 5411 296 5454 eum
379 5400 720 5454 irdunensis
745 5399 1005 5454 ecclesm
1035 5404 1187 5454 mter
1215 5413 1277 5454 se
1299 5402 1355 5454 et
1375 5395 1707 5454 capitulum
1729 5396 1807 5452 fe-

163 5395 296 5468 gufn
325 5395 720 5458 Virdunensis
745 5399 1005 5458 ecclesiae
1035 5399 1187 5456 inter
1215 5413 1277 5454 se
1299 5402 1355 5454 et
1375 5395 1707 5470 capitulum
1729 5396 1811 5452 fe—

1933 3337 2302 3392 Triburensis
2319 3338 2414 3392 cui
2443 3337 2716 3393 adfuerat
2740 3353 2901 3392 anno
2932 3341 3054 3394 895.
3089 3338 3368 3393 Rasbodo
3398 3341 3588 3394 Trevi-

1931 3408 2088 3482 rensi
2112 3409 2325 3463 direxit
2354 3409 2670 3482 epistolam
2685 3409 3002 3482 postulans
3024 3413 3087 3463 ut
3107 3409 3439 3482 Arduinum
3455 3426 3587 3482 pre-

1932 3479 2242 3551 sbyterum
2273 3479 2532 3551 ecclesiae
2564 3479 2949 3551 Vird’unensis
2979 3479 3038 3532 in
3072 3481 3423 3549 parochiam
3455 3479 3585 3536 'seu

1930 3549 2237 3605 ditecesim
2277 3549 2684 3604 Trevirensem
2716 3549 3070 3614 admitteret,
3102 3565 3262 3603 anno
3317 3554 3440 3606 906.
3495 3553 3584 3606 Di-

1928 3620 2176 3700 plomati
2206 3619 2396 3699 Caroli
2452 3619 2746 3700 Simplicis
2803 3618 3106 3700 abbatiam
3133 3688 3146 3700 ‘
3169 3621 3579 3700 Suestrensem

1926 3688 2254 3746 Prumiensi
2267 3688 2629 3761 monasterio
2643 3689 2738 3761 adj
2749 3689 3044 3761 udicantis
3060 3688 3409 3761 subscripsit
3420 3706 3581 3761 anno

1926 3765 1984 3816 9t
1999 3765 2049 3827 6,
2085 3762 2146 3816 19
2162 3760 2542 3816 Januarii.0b
2565 3759 2830 3814 studium
2848 3758 2910 3814 in
2933 3759 3263 3814 Germaniae
3280 3758 3450 3829 reges
3472 3759 3584 3817 fuit

1926 3847 2144 3903 exosus
2166 3831 2362 3903 eidem
2384 3831 2504 3903 regi
2532 3830 2740 3885 Carolo
2765 3836 2943 3903 atque
2965 3829 3182 3903 Bosoni
3205 3831 3577 3903 Guntranno,

1924 3901 2432 3974 quiZuenteboldi
2461 3903 2616 3970 regis
2669 3901 2896 3957 caedem
2949 3901 2999 3955 ei
3051 3901 3407 3974 imputabat.
3464 3901 3578 3958 Nec

1923 3971 2115 4030 multo
2154 3979 2291 4045 post
2344 3973 2505 4027 idem
2553 3976 2724 4045 Boso,
2779 3971 3105 4045 contractis
3137 3971 3344 4045 copiis,
3371 3977 3580 4045 _terras

1925 4042 2547 4117 episcopatusvastare
2562 4044 2757 4117 coepit,
2774 4049 3036 4114 stragem
3048 4042 3271 4114 ubique
3283 4043 3574 4117 deferens.

1925 4061 1956 4100 e
2001 4061 2302 4117 iscopatus
2319 4061 2547 4099 vasrare
2562 4061 2757 4116 C(Pplt,
2774 4061 3036 4114 sxragem
3048 4061 3271 4114 unique
3283 4061 3574 4100 uererens.

1922 4061 2177 4171 Tantum
2199 4115 2276 4170 ab
2300 4114 2572 4187 hostibus
2599 4114 2765 4187 Dado
2796 4118 2861 4170 ut
2889 4130 2952 4170 se
3008 4118 3330 4187 priestaret,
3363 4115 3579 4187 milites

1923 4186 2252 4267 Virdunum
2275 4186 2484 4266 accivit
2519 4204 2529 4240 :
2561 4185 2664 4240 sed
2682 4186 2917 4242 obstare
2948 4185 3578 4267 nequivitnquominus

1921 4257 2278 4329 cathedralis
2294 4257 2680 4329 maximaque
2696 4273 2838 4329 pars
2856 4256 3064 4329 oppidi
3079 4256 3360 4329 insidiose
3371 4273 3578 4313 exure-

1921 4333 2082 4384 retur
2111 4327 2190 4384 ad
2219 4344 2448 4384 annum
2469 4327 2604 4383 9t7f
2628 4327 2756 4392 Quo
2785 4327 3062 4384 incendio
3075 4328 3399 4399 absumpta
3413 4329 3578 4384 fuere

1922 4399 2596 4456 Verdunensisecclesize
2614 4403 3027 4460 monumenta.
3050 4398 3252 4453 libriet
3270 4398 3576 4453 memoriae

1922 4472 2362 4544 episcoporum.
2393 4473 2470 4526 Ne
2503 4474 2709 4544 autem
2732 4471 2860 4524 haec
2889 4469 3124 4544 penitus
3155 4467 3437 4544 oblivioni
3467 4473 3577 4544 trag

1919 4537 2221 4620 gerenti“,
2249 4542 2488 4620 brevem
2506 4541 2816 4620 historiam
2839 4537 3262 4620 episcoiiorup
3275 4537 3577 4620 contexuit

1852 4622 1890 4674 Β
1920 4607 2215 4685 Bertarius
2226 4612 2540 4685 presbyter
2553 4611 2691 4666 Vird
2699 4626 2852 4665 unen
2860 4607 2958 4678 sis,
2977 4607 3164 4685 quam
3177 4607 3410 4685 Dadoni
3422 4623 3576 4662 nun-

1920 4684 2164 4758 cupavit
2187 4678 2284 4758 an.
2319 4678 2808 4758 38_epis_co_patus.
2841 4678 3339 4758 Cum—[incrimno
3367 4693 3577 4758 mona-

1919 4749 2032 4812 cho
2061 4757 2124 4836 S.‘
2149 4749 2464 4836 Michaelis-
2474 4753 2552 4808 ad
2575 4749 2817 4836 itiosam‘,
2837 4750 3170 4836 quamdam
3192 4749 3577 4836 permutatio:

1917 4843 2058 4884 nem
2090 4825 2164 4881 de
2190 4825 2429 4896 duobus
2458 4823 2643 4896 pratis
2684 4823 2744 4896 in_
2771 4818 3164 4896 Roﬁedicurte
3194 4818 3317 4875 sitis
3338 4819 3467 4875 iniit
3496 4818 3577 4875 ad

1920 4897 2230 4953 castellum
2252 4895 2365 4950 sub
2395 4891 2490 4949 die
2512 4911 2611 4949 vm
2643 4893 2768 4948 Kal.
2807 4891 3165 4959 Decembris,
3213 4905 3374 4946 anno
3402 4896 3456 4957 8,
3485 4905 3576 4945 re-

1919 4972 2140 5037 gnante
2169 4966 2378 5021 Carolo
2407 4981 2543 5037 rege
2569 4965 2629 5019 in
2650 4978 2844 5037 regno
2872 4961 3151 5037 Lotharii,
3207 4962 3268 5016 id
3295 4965 3387 5037 est
3412 4976 3576 5037 anno

1918 5032 2042 5096 919.
2085 5037 2378 5094 Gauzelini
2408 5032 2694 5092 Ttﬂlensis
2722 5032 2988 5107 episcopi
3009 5032 3465 5107 conSecraiioni
3486 5048 3577 5088 as-

1919 5110 2102 5167 titisse
2133 5108 2348 5164 dicitur
2375 5122 2536 5162 anno
2560 5111 2663 5162 922
2694 5123 2706 5160 :
2736 5103 3002 5176 praesens
3022 5119 3269 5176 quoque
3291 5103 3399 5159 fuit
3419 5104 3578 5159 circa

1919 5181 2078 5238 idem
2104 5185 2341 5252 tempus
2368 5177 2637 5252 electioni
2672 5175 2908 5252 Libonis
2938 5175 3206 5252 episcopi
3238 5178 3579 5252 L_au_s_anen-

1919 5255 2020 5323 sis,
2048 5269 2119 5307 ex
2153 5245 2358 5307 charta
2382 5249 2486 5323 ubi
2508 5251 2754 5323 vocatur
2781 5249 2943 5323 Tato.
2972 5245 3194 5323 :Yiver'e
3247 5245 3419 5323 desiit
3473 5261 3573 5302 an.

1918 5317 2021 5381 92:}
2054 5339 2127 5378 ex
2154 5325 2398 5392 Hugone
2429 5317 2860 5392 Flaviniaceusi
2893 5323 2949 5392 et
2972 5317 3326 5392 Flodoarilo,
3363 5318 3576 5373 huma-

1925 5400 2138 5467 tusque
2171 5389 2345 5449 estin
2375 5389 2623 5448 basilica
2650 5390 2848 5445 Sancti
2881 5390 3087 5446 Vitoni.

505 5752 747 5810 PATROL.
790 5749 1027 5806 CXXXII.

3133 5739 3202 5790 9.5
