3950 6178
338 208 440 259 779

1371 198 1538 254 AGIO
1578 192 1898 252 ARCHIEP.
1940 192 2244 249 NARBON.
2287 221 2354 231 —-
2392 190 2687 249 NOTITIA.

3648 195 3781 248 780

1854 380 2134 393 ._——

1618 519 1997 638 DAD
2010 512 2437 634 ONIS

1164 733 1291 820 DE
1350 732 1594 820 VlTA
1656 728 2160 817 HATTONIS
2219 728 2346 815 ET
2405 726 2913 814 BEliHARDl

1576 934 2197 989 PBzEDECESSORUM
2235 932 2519 987 SUORUM

1024 1112 2059 1237 FRAGMENTUM
2098 1106 3043 1231 HISTOBICUM.

875 1293 1068 1367 (Apud
1126 1297 1191 1350 D.
1250 1293 1518 1359 (Ialmet.,
1572 1291 1821 1348 Historia
1870 1288 2285 1360 Lotharingiae,
2344 1291 2489 1344 tom.
2552 1291 2590 1354 l,
2644 1285 2816 1355 prob.
2872 1299 3010 1356 pag.
3072 1284 3220 1353 540,)

1834 1425 2244 1437 —_—

410 1552 583 1607 Anno
605 1551 683 1607 ab
721 1553 1135 1609 lncarnatione
1159 1551 1394 1608 Domini
1415 1549 1603 1606 nostri
1622 1552 1763 1605 Jesu
1776 1546 1987 1603 Christi
2029 1548 2076 1599 A
2107 1550 2164 1601 et
2189 1546 2533 1616 religiosam
2556 1547 2739 1602 vitam
2770 1546 3100 1602 admodum
3127 1545 3401 1617 diligens,
3435 1547 3767 1619 quamplu-

340 1640 832 1708 octingentesimo
863 1641 1258 1709 nonagesimo
1295 1640 1481 1709 tertio,
1522 1640 1809 1707 regnante
1847 1650 1990 1691 vero

342 1728 590 1783 domino
621 1728 931 1800 Arnulpho
964 1729 1391 1799 gloriosissimo
1414 1744 1551 1796 rege
1576 1743 1736 1783 anno
1758 1726 1989 1798 quinto,

340 1821 558 1874 nostrae
579 1821 783 1875 autem
799 1816 1189 1873 ordinationis
1205 1818 1440 1874 decimo
1460 1816 1646 1884 tertio,
1669 1814 1991 1871 indictione

340 1922 522 1973 nona,
553 1921 663 1975 ego
696 1909 870 1976 DADO,
904 1906 1285 1962 Virdunensis
1319 1906 1589 1961 Ecclesiae
1649 1904 1993 1975 episcopus,

344 1995 492 2067 caapi
514 1998 765 2050 tractare
794 1994 853 2049 in
871 1994 1075 2050 animo
1092 2011 1228 2051 meo
1242 1995 1435 2051 varios
1462 1992 1770 2066 praesentis
1792 1990 1991 2047 saeculi

343 2099 542 2152 casus,
574 2087 630 2138 et
657 2082 928 2155 priorum
959 2084 1313 2156 pontiﬁcum
1347 2085 1503 2140 facta
1532 2083 1611 2139 ad
1639 2080 1994 2138 memoriam
2042 2152 2051 2161 ⁵

337 2173 620 2228 reducere
649 2176 705 2228 et
732 2187 939 2227 eorum
969 2189 1004 2229 a
1033 2178 1253 2229 nostrae
1286 2173 1555 2229 Ecclesim
1587 2172 1864 2228 fidelibus
1907 2187 1995 2225 se-

339 2260 482 2316 dulo
504 2276 572 2316 ac
604 2259 919 2316 salubriter
943 2261 1316 2332 investigare.
1353 2260 1577 2316 Idcirco
1599 2259 1818 2317 etenim
1833 2257 1994 2321 facta

339 2349 811 2407 orthodoxorum
827 2350 1153 2421 priesulum
1165 2350 1368 2406 litteris
1381 2350 1681 2415 adnotavi,
1699 2352 1763 2405 ut
1783 2364 1993 2404 eorum

340 2438 633 2496 memoria
661 2442 733 2494 sit
761 2437 1078 2499 nobiscum
1106 2442 1325 2495 aeterna
1349 2452 1609 2515 quorum
1637 2438 1888 2494 nomina
1928 2437 1991 2491 in

342 2528 493 2584 caelo
522 2527 824 2583 credimus
864 2527 1213 2583 aeternaliter
1237 2544 1365 2583 esse
1393 2527 1633 2600 scripta.

412 2617 699 2673 Dominus
714 2615 891 2685 igitur
907 2617 1100 2687 Hatto,
1119 2622 1459 2673 antecessor
1478 2621 1702 2684 noster,
1727 2616 1833 2671 fuit
1854 2620 2000 2671 tem-

340 2706 589 2781 poribus
622 2705 875 2761 Lotharii
904 2706 1300 2778 imperatoris,
1333 2712 1389 2762 et
1411 2707 1552 2762 item
1584 2705 1839 2761 Lotharii
1892 2705 1994 2760 ﬁlii

342 2798 494 2869 ejus,
526 2799 583 2851 et
601 2795 867 2867 pervenit
892 2811 1086 2867 usque
1117 2794 1195 2851 ad
1226 2812 1454 2851 annum
1483 2796 1750 2875 primum
1803 2794 2001 2861 Caroli

2074 1632 2256 1691 ‘rima
2308 1636 2400 1691 isti
2446 1636 2707 1691 ecclesiae
2760 1635 3025 1702 contulit,
3075 1649 3211 1707 quae
3261 1650 3426 1691 nunc
3472 1635 3603 1690 zelo
3632 1637 3765 1706 ejus

2100 1723 2456 1780 {eternaliter
2478 1722 2885 1779 testimonium
2910 1723 3239 1796 perhibent.
3265 1723 3432 1781 Dedit
3448 1729 3507 1779 et
3523 1729 3761 1779 meum.

2174 1816 2237 1867 In
2266 1812 2519 1869 basilica
2547 1812 2727 1868 etiam
2759 1811 2951 1867 sancti
2978 1811 3131 1867 Petri
3157 1816 3213 1866 et
3229 1812 3417 1867 sancti
3449 1812 3640 1868 Vitoni
3664 1830 3764 1887 po-

2102 1901 2219 1957 suit
2247 1901 2568 1956 canonicos
2609 1904 2765 1968 octo,
2797 1905 2852 1956 et
2891 1898 3055 1955 dedit
3081 1898 3191 1955 illis
3234 1918 3325 1955 res
3352 1918 3484 1973 qua
3541 1900 3617 1955 ad
3680 1902 3764 1973 ip-

2102 2006 2234 2046 sam
2254 1990 2565 2046 ecclesiam
2590 1990 2907 2063 pertinent,
2939 1989 3091 2045 sicut
3111 2005 3212 2045 eas
3243 1995 3383 2046 tunc
3414 1991 3474 2045 in
3508 2007 3620 2045 suo
3654 1990 3763 2046 do-

2101 2079 2331 2136 minatu
2351 2080 2649 2147 habebat;
2672 2078 2975 2135 decimam
3000 2095 3241 2152 quoque
3257 2079 3533 2145 arietum,
3556 2080 3663 2152 qui
3688 2080 3762 2135 ad

2100 2173 2375 2229 nostrum
2392 2185 2545 2242 opus
2567 2184 2639 2224 ex
2658 2168 2937 2224 brasensi
2957 2173 3209 2231 centena
3229 2168 3511 2237 congruis
3535 2173 3764 2241 tempo-

2098 2258 2265 2315 ribus
2323 2258 2717 2331 accipiuntur.
2779 2257 2949 2313 Dedit
3005 2258 3185 2313 etiam
3229 2257 3304 2312 ad
3333 2257 3535 2329 ipsum
3576 2258 3764 2313 altare

2102 2363 2292 2402 unum
2346 2346 2713 2403 sacerdotale
2773 2346 3195 2402 vestimentum
3255 2362 3401 2401 auro
3455 2352 3760 2405 ornatum.

2100 2437 2403 2510 platenam
2427 2435 2666 2502 scilicet,
2699 2436 2759 2490 id
2788 2440 2975 2499 estex
3018 2434 3314 2504 dirotano,
3370 2452 3511 2490 cum
3560 2436 3759 2504 guttis,

2101 2529 2210 2582 etc.
2246 2523 2492 2580 Pallium
2519 2538 2765 2598 quoque
2794 2538 2986 2579 unum
3017 2540 3199 2596 super
3226 2524 3412 2597 ipsius
3444 2525 3631 2579 sancti
3658 2541 3759 2596 pa-

2100 2615 2254 2671 troni
2278 2613 2480 2686 posuit
2506 2613 2768 2683 glebam,
2802 2616 2913 2669 etc.
2947 2616 3063 2669 Nos
3084 2612 3281 2680 etiam,
3315 2613 3423 2685 qui
3450 2612 3656 2668 divina
3676 2613 3761 2668 di-

2103 2703 2432 2777 spositione
2472 2703 2601 2774 ejus
2633 2719 2946 2758 successor
2973 2706 3030 2757 et
3060 2701 3186 2774 ipse
3235 2701 3464 2757 domini
3525 2702 3762 2757 Lodoici

2102 2792 2260 2866 regis
2280 2796 2417 2864 post
2434 2790 2803 2849 avunculum
2832 2796 3108 2846 nostrum
3129 2791 3309 2846 istam
3330 2789 3644 2846 ecclesiam
3666 2806 3767 2861 gu-

340 2885 515 2955 regis.
547 2884 656 2950 Qui
676 2882 944 2955 pontifex
968 2884 1348 2940 venerandus
1379 2884 1568 2939 multa
1589 2883 1881 2940 memoria
1911 2882 1995 2938 di-
2032 2908 2076 2960 B
2105 2880 2480 2937 bcrnandam
2514 2880 2906 2953 suscepimus,
2949 2884 3005 2935 et
3027 2883 3164 2953 post
3195 2884 3449 2935 mortem
3489 2878 3763 2950 ejusdem

342 2989 463 3043 gna
494 2972 740 3029 contulit
762 2972 1031 3028 Ecclesiae
1067 2991 1079 3041 ;
1112 2972 1185 3028 de
1210 2972 1432 3045 quibus
1448 2988 1645 3044 pauca
1665 2972 1817 3043 style
1836 2988 1995 3029 com-

340 3063 628 3119 mendare
658 3062 1048 3117 commodum
1079 3061 1381 3117 duximus.
1426 3061 1686 3118 Obtinuit
1729 3077 1993 3134 namque

343 3152 508 3226 apud
526 3167 730 3222 regem
753 3151 985 3208 Lothari
995 3169 1095 3207 um
1106 3168 1201 3207 res
1221 3167 1327 3224 per
1346 3151 1536 3207 multa
1557 3152 1688 3207 loca
1704 3152 1969 3222 jacentes
1982 3194 1994 3215 ,

340 3241 402 3298 id
439 3244 529 3297 est
554 3240 617 3296 in
663 3241 940 3296 comitatu
963 3241 1332 3306 Virdunensi,
1368 3239 1828 3310 Albere-villam,
1885 3244 1993 3296 etc.

339 3328 505 3385 Idem
526 3328 706 3385 etiam
729 3327 1085 3383 venerabilis
1110 3330 1427 3401 episcopus
1444 3328 1621 3383 istam
1642 3344 1866 3383 novam
1883 3327 1990 3384 ba-

343 3418 571 3475 silicam
599 3416 936 3485 inchoavit;
961 3417 1071 3473 sed
1091 3433 1128 3472 a
1145 3433 1488 3473 successore
1510 3418 1662 3488 ejus,
1695 3417 1993 3474 avunculo

341 3507 614 3565 videlicet
632 3510 835 3563 nostro
857 3505 1106 3562 domino
1129 3505 1430 3565 Berhardo
1454 3504 1739 3578 episcopo
1761 3505 1997 3561 honori-

342 3596 453 3652 fice
474 3594 737 3669 perfecta
769 3599 874 3650 est.
907 3592 1021 3659 Qui
1049 3593 1229 3650 etiam
1258 3591 1631 3665 temporibus
1662 3594 1851 3651 Caroli
1907 3610 1996 3649 re-

344 3685 546 3756 gimen
573 3683 743 3740 istius
772 3682 1040 3739 Ecclesiae
1064 3681 1345 3755 suscepit,
1371 3686 1427 3738 et
1446 3698 1637 3756 usque
1659 3682 1739 3739 ad
1762 3686 1996 3756 tempus

345 3771 627 3829 Ludovici
658 3770 992 3827 Hermanici
1012 3770 1168 3841 regis
1197 3786 1331 3826 eam
1355 3767 1598 3827 feliciter
1617 3769 1993 3841 gubernavit.

345 3865 492 3918 Nam
523 3862 611 3932 (ut
635 3876 832 3932 pauca
862 3859 938 3915 de
966 3858 1238 3914 felicibus
1267 3859 1399 3929 ejus
1421 3860 1655 3915 actibus
1675 3860 1754 3917 ad
1776 3877 1998 3917 memo-

347 3950 497 4005 riam
526 3949 910 4009 reducamus)
968 3948 1075 4003 iste
1130 3947 1387 4019 inclytus
1442 3953 1666 4020 pastor,
1716 3948 2000 4005 dominus

350 4036 703 4104 Berhardus,
736 4034 1073 4092 avunculus
1104 4032 1377 4093 videlicet
1406 4040 1625 4104 noster,
1645 4036 1706 4092 in
1731 4036 2003 4096 ecclesia-

352 4125 513 4181 sticis
543 4123 869 4197 disciplinis
900 4125 1056 4181 ultra
1081 4141 1268 4197 quam
1294 4124 1454 4182 credi
1492 4125 1585 4181 vel
1613 4125 1741 4183 ﬁeri
1791 4128 2001 4203 possit,

349 4213 819 4273 ferventissimus
847 4213 1087 4281 exstitit,
1127 4218 1185 4269 et
1212 4213 1551 4286 episcopale
1583 4215 2001 4288 ministerium,

2107 2970 2423 3027 dominum
2446 2968 2724 3027 Carolum
2752 2969 2996 3024 fratrem
3015 2968 3205 3040 ipsius
3220 2968 3645 3040 imperatorem
3664 2985 3763 3022 su-

2106 3058 2427 3131 scepimus,
2460 3060 2517 3112 et
2546 3073 2736 3129 usque
2767 3056 2847 3113 ad
2903 3060 3139 3129 tempus
3188 3056 3418 3111 domini
3471 3056 3764 3129 Amulphi

2104 3145 2515 3216 gloriosissimi
2544 3145 2718 3216 regis,
2752 3145 2985 3217 nepotis
3015 3144 3235 3201 scilicet
3250 3146 3610 3217 eorum,jam
3637 3162 3765 3219 per-

2101 3235 2394 3301 venimus,
2455 3233 2752 3307 quidquid
2778 3233 3274 3291 mihicommissaa
3305 3234 3569 3291 ecclesiae
3588 3235 3651 3290 in
3687 3251 3764 3290 re-

2102 3324 2216 3380 bus
2247 3328 2303 3380 et
2330 3323 2589 3391 familiis,
2615 3323 2675 3377 in
2702 3322 2986 3378 omnibus
3018 3323 3390 3379 ornamentis
3413 3323 3766 3379 ecclesiasti-

2101 3413 2185 3470 cis
2214 3411 2489 3484 (Domino
2520 3406 2865 3484 adjuvante)
2899 3410 3119 3468 addere
3163 3410 3352 3484 potui,
3404 3412 3545 3470 huic
3598 3414 3765 3486 operi

2103 3503 2323 3559 addere
2350 3500 2815 3559 saluberrimum
2840 3501 3006 3558 duxi.
3033 3500 3220 3569 Dedit,
3252 3506 3363 3559 etc.
3396 3504 3525 3558 Haec
3559 3502 3766 3559 omnia

2104 3592 2355 3649 solemni
2382 3608 2551 3648 more
2576 3591 2932 3664 supradictae
2957 3590 3222 3649 ecclesiae
3244 3591 3531 3648 dominus
3589 3594 3764 3649 Caro—

2102 3682 2196 3738 lus
2216 3682 2543 3756 imperator
2571 3680 2887 3756 delegavit,
2918 3685 3096 3755 atque
3130 3681 3208 3737 ad
3254 3681 3605 3738 habendum
3658 3696 3764 3755 pe-

2104 3771 2364 3828 renniter
2391 3771 2702 3829 concessit.
2737 3770 3083 3844 Arnulphus
3116 3786 3357 3845 quoque
3410 3769 3762 3841 gloriosissi-

2108 3879 2245 3919 mus
2274 3878 2380 3919 rex
2406 3860 2571 3919 dedit
2600 3861 2661 3917 in
2710 3861 3026 3934 proprium
3079 3878 3186 3935 per
3233 3860 3599 3919 auctoritatis
3639 3878 3763 3917 sum

2107 3957 2478 4026 praeceptum
2508 3951 2869 4024 supradictis
2882 3950 3146 4007 ecclesiae
3159 3950 3489 4020 abbatiam,
3511 3967 3649 4025 quin
3664 3967 3765 4007 vo-

2109 4045 2277 4098 catur
2306 4039 2794 4108 Montisfalconis,
2853 4056 2990 4114 quas
3043 4044 3136 4097 est
3178 4040 3240 4096 in
3296 4041 3527 4097 honore
3576 4040 3764 4097 sancti

2112 4130 2389 4191 Germani
2408 4129 2947 4201 constructa,'etin
2994 4130 3283 4187 comitatu
3336 4130 3639 4188 Dolmensi
3682 4136 3769 4188 est

2113 4221 2243 4290 sita,
2272 4237 2411 4277 cum
2441 4219 2724 4277 omnibus
2751 4224 2811 4277 et
2835 4219 2947 4276 sibi
2967 4219 3423 4292 pertinentibus,
3457 4225 3568 4277 etc.

354 4367 3761 4423 Ἦ

1671 4517 1815 4556 ANNO
1855 4517 2055 4559 DOMlNl
2093 4518 2447 4559 DCCGCXXVII.

1797 4659 2322 4844 AGIO

848 4924 2087 5048 ARCHIEPISCOPUS
2211 4925 3269 5064 NARBONENSIS.
3390 5060 3393 5065 ,

1550 5110 1971 5203 ΝΟΤΙΤΙΛ
2026 5113 2569 5207 HISTORIGA

1864 5266 2281 5285 ——~_

1416 5360 1523 5431 (Ex
1549 5359 1734 5418 Gallia
1759 5361 2107 5433 Christiana,
2140 5367 2287 5422 tom.
2310 5366 2401 5436 Vl,
2430 5380 2569 5437 pag.
2602 5365 2719 5436 25.)

1846 5496 2273 5510 _

428 5590 563 5643 Post
582 5583 806 5656 caedem
826 5580 1081 5656 Arnusti,
1101 5580 1292 5656 clerus
1312 5585 1367 5637 et
1381 5584 1642 5656 populus
1662 5586 2003 5649 Narbonen-

360 5658 440 5718 sis
460 5654 829 5728 congregati,-
856 5658 921 5709 ut
946 5651 1215 5708 viderent
1233 5666 1354 5723 quo
1375 5651 1550 5724 pacto
1590 5672 1725 5713 eam
1769 5657 2008 5714 ulcisce-

2110 5593 2335 5663 rentur,
2354 5587 2659 5660 aliumque
2681 5587 3209 5663 archiepiscopum
3228 5587 3539 5663 eligerent,
3552 5590 3773 5663 optime

2119 5660 2343 5715 factum
2369 5659 2674 5732 putarunt,
2706 5659 2754 5715 si
2774 5659 3040 5716 vicinum
3068 5659 3246 5716 Suum
3279 5659 3659 5733 Rostagnuin
3687 5677 3776 5718 ar-
