3950 6178
405 209 508 263 783

1648 197 1931 255 AGIONIS
1954 193 2276 252 ARCHIEP.
2310 199 2589 255 NARBON
2601 240 2613 253 .

3744 205 3851 259 784

405 327 689 385 manibus
738 325 1150 399 proximorum
1200 321 1548 394 gaudebant
1599 321 1850 378 fundere
1890 336 2058 377 cruo-
2092 322 2137 373 A
2168 334 2317 375 nens
2356 336 2568 391 rogare
2592 323 2799 393 jussus
2852 328 2960 394 est,
2992 326 3294 396 quatenus
3336 323 3415 378 ad
3463 324 3847 397 loquendum

403 433 550 474 rem.
584 414 812 487 Reliqui
845 427 1110 485 namque
1142 428 1348 468 veram
1400 411 1900 484 praestolabantur
1950 425 2058 482 pa-

404 522 554 575 cem,
584 503 922 559 nullatenus
950 504 1381 571 cognoscentes
1411 517 1520 556 sua
1546 500 1895 571 peccamina
1920 514 2056 554 cum

400 593 578 649 nullis
606 590 812 647 divina
863 589 1224 646 exercuisset
1270 588 1414 644 ultio
1449 608 1461 657 ;
1517 590 1662 662 quia
1703 588 2058 661 priusquam

399 680 712 740 accidisset
766 680 949 751 hujus
1003 678 1265 752 procella
1311 678 1581 748 turbinis,
1625 678 1772 735 alter
1819 676 2057 733 alterius

396 769 651 826 rodebat
676 769 882 837 vitam,
915 773 973 825 et
999 769 1166 825 dives
1195 785 1385 838 egeno
1434 766 1683 823 subdole
1722 767 1886 840 quod
1915 782 2054 839 pos-

400 857 636 914 sidebat
664 858 896 915 auferre
941 858 1248 929 gestiebat.
1284 857 1422 914 Ideo
1454 857 1597 913 data
1626 860 1717 913 est
1743 856 1794 911 ci
1825 856 1957 912 dira
1985 872 2055 912 ac

397 946 633 1020 prolixa
678 947 1026 1013 tribulatio;
1074 946 1285 1003 tandiu
1333 947 1494 1002 enim
1535 962 1678 1002 vero
1724 944 2058 1018 perstiterat

401 1035 732 1092 saevissima
759 1040 941 1109 atque
987 1034 1492 1091 truculentissime
1540 1036 2055 1090 Marcomanorum

398 1125 695 1195 atrocitas,
751 1130 1049 1198 quatenus
1101 1125 1365 1182 ecclesite
1404 1142 1540 1197 quae
1593 1123 1778 1179 nobili
1824 1124 2058 1179 fuerant

398 1214 840 1271 constructione
892 1215 1082 1285 editse,
1116 1214 1176 1269 in
1212 1229 1482 1270 cremum
1512 1212 1941 1282 redigerentur,
2000 1217 2058 1268 et

396 1320 639 1360 summa
665 1304 983 1362 cacumina
1019 1304 1261 1378 parietis
1291 1303 1463 1359 lucus
1489 1302 1884 1359 densissimus
1915 1318 2054 1358 coo-

393 1393 628 1466 periret.
661 1392 772 1449 Sed
805 1393 1067 1450 maxime
1094 1409 1237 1449 vero
1261 1395 1433 1464 juxta
1463 1408 1651 1461 mare,
1674 1391 1847 1447 tellus
1872 1390 2054 1447 incul-

394 1485 457 1538 ta
479 1482 784 1550 manebat,
817 1498 1216 1555 accessusque
1259 1482 1576 1538 hominum
1602 1481 1701 1537 illo
1730 1496 1900 1536 rarus
1936 1480 2057 1535 ine-

393 1573 506 1637 rat,
538 1570 655 1625 nisi
682 1569 746 1625 in
768 1570 1076 1626 tutissimis
1099 1587 1169 1626 ac
1190 1569 1603 1625 munitissimis
1620 1568 1893 1636 castellis,
1912 1568 2055 1641 quia

2169 424 2309 464 cum
2360 425 2430 464 eo
2470 410 2745 467 Tolosam
2794 428 2870 468 ne
2923 413 3151 485 pigeret
3204 412 3506 468 accedere.
3567 414 3685 470 Sed
3752 414 3849 471 illo

2168 500 2466 573 extemplo
2497 501 2576 557 ad
2602 518 2744 558 eum
2785 519 3033 576 pergere
3065 503 3378 575 nequiens,
3420 504 3717 575 quoniam
3770 506 3845 561 ab

2167 587 2314 644 urbe
2344 589 2557 647 Tolosa
2585 591 2705 647 fere
2737 593 3050 663 sexaginta
3105 590 3291 648 millia
3320 592 3532 649 aberat
3560 599 3617 649 et
3644 611 3764 667 pro
3786 613 3844 651 re

2165 682 2391 745 incerta
2420 694 2620 736 meare
2663 681 2743 737 ad
2794 698 2933 737 eum
2992 681 3224 747 nolens,
3257 681 3412 736 duos
3465 683 3545 738 ad
3573 699 3720 739 eum
3758 684 3843 740 di-

2165 765 2313 822 rexit
2356 766 2705 840 discipulos,
2731 770 2998 838 rogitans
3050 770 3132 825 uti
3170 786 3277 842 per
3317 770 3448 825 illos
3497 787 3625 826 rem
3688 788 3840 844 pan-

2165 853 2329 909 deret
2356 871 2465 927 pro
2496 872 2619 928 quo
2651 861 2816 913 tanta
2869 863 3158 914 terrarum
3191 860 3382 931 spatia
3421 859 3583 916 adire
3625 862 3840 932 jussus

2163 940 2332 997 foret.
2386 941 2469 997 llli
2518 943 2800 1015 equidem
2856 944 3083 1000 concite
3148 950 3566 1019 properantes,
3627 949 3839 1014 jussus

2164 1028 2486 1103 implevere
2515 1032 2719 1089 Patris.
2762 1032 2946 1103 Igitur
2983 1033 3113 1104 jam
3166 1034 3325 1090 fatus
3376 1035 3644 1091 marchio
3697 1054 3837 1092 cum

2164 1119 2480 1191 reperisset
2507 1121 2673 1193 quod
2701 1122 3058 1178 venerabilis
3084 1122 3319 1179 abbatis
3361 1126 3689 1194 praesentia
3713 1141 3841 1181 om-

2165 1208 2307 1264 nino
2360 1208 2602 1282 placito,
2633 1210 2801 1284 quod
2845 1210 2897 1267 ei
2940 1212 3344 1280 constituerat,
3379 1213 3625 1270 minime
3683 1222 3840 1271 esset

2164 1296 2463 1364 adfutura,
2498 1299 2601 1354 sed
2627 1305 2683 1355 et
2714 1300 3047 1356 monachos
3095 1301 3148 1356 ei
3191 1300 3396 1357 adfore
3446 1309 3839 1371 cognosceret

2164 1385 2244 1441 ab
2270 1402 2341 1441 eo
2369 1386 2607 1453 missos,
2643 1388 2967 1461 providens
3007 1405 3083 1445 ne
3133 1390 3186 1445 ei
3225 1406 3471 1447 causam
3523 1392 3606 1446 rei
3659 1396 3837 1447 nota-

2164 1479 2252 1530 ret
2302 1489 2586 1530 accessus
2631 1477 2781 1548 ejus,
2825 1477 2949 1532 imo
2994 1494 3069 1534 ne
3115 1484 3272 1533 esset
3326 1478 3494 1549 agilis
3552 1479 3835 1535 Tolosam

2164 1577 2343 1618 omne
2369 1579 2523 1636 pene
2548 1564 2714 1637 quod
2744 1564 2935 1621 facere
2987 1565 3178 1634 vellet,
3221 1572 3277 1622 et
3310 1573 3373 1622 ut
3417 1573 3617 1623 tamen
3665 1569 3835 1641 quod

398 1657 571 1713 sicuti
618 1673 802 1729 supra
839 1657 1418 1727 taxavimus,incolae
1442 1662 1499 1713 et
1526 1657 1696 1714 clade
1740 1657 2054 1726 ingruente
2083 1668 2131 1725 Î’
2164 1651 2218 1707 ei
2243 1657 2301 1708 et
2329 1653 2451 1709 suis
2490 1653 2802 1711 monachis
2844 1654 3059 1711 inferre
3102 1661 3356 1728 optaret,
3388 1656 3497 1711 viri
3553 1657 3653 1712 Dei
3696 1659 3838 1713 mis-

395 1748 502 1801 aut
529 1743 659 1800 aliis
684 1744 1030 1816 regionibus
1059 1744 1357 1801 transvexi
1388 1750 1546 1816 sunt,
1580 1749 1685 1801 aut
1697 1745 1803 1817 qui
1823 1760 2057 1800 reman-

396 1836 599 1889 serant
626 1848 779 1906 pene
807 1849 1018 1889 omnes
1047 1833 1352 1901 interfecti,
1387 1840 1491 1889 aut
1520 1833 1790 1889 videlicet
1839 1833 2057 1889 barba-

390 1921 471 1976 ris
502 1925 641 1977 sunt
667 1922 984 1978 commisti.
1016 1921 1220 1978 Caeteri
1268 1923 1374 1995 qui
1403 1926 1718 1978 evaserant
1765 1922 1828 1978 in
1876 1921 2055 1977 variis

392 2009 697 2079 degebant
724 2009 1036 2082 praesidiis.

463 2097 805 2168 Eratigitur,
825 2113 897 2154 eo
910 2100 1640 2172 tempore,monasterium
1662 2116 1723 2156 1n
1746 2099 2059 2173 provincia

391 2183 586 2241 Galliae
603 2184 667 2240 in
693 2186 1026 2243 Petracorio
1045 2189 1475 2260 pago,nomine
1498 2188 1818 2254 Palmatus,
1845 2188 1905 2243 in
1930 2203 2054 2259 quo

388 2274 611 2345 jugiter
630 2274 876 2334 deicolaa
892 2276 1121 2332 Christo
1162 2276 1632 2350 famulabantur,
1652 2277 1799 2334 nihil
1830 2277 2053 2334 haben-

393 2365 482 2418 tes
502 2362 816 2437 proprium
848 2368 1064 2436 praeter
1094 2366 1262 2437 quod
1290 2380 1507 2421 norma
1536 2365 1725 2422 sancti
1756 2365 2053 2431 Benedicti

393 2450 666 2507 cedebat.
688 2451 819 2509 Alia
836 2468 1101 2526 namque
1130 2453 1391 2526 plurima
1420 2459 1590 2511 erant
1613 2454 1975 2511 monasteria
1989 2454 2052 2509 in

388 2539 604 2596 eadem
628 2540 940 2613 provincia
968 2542 1194 2615 oppido
1224 2542 1460 2613 ditiora,
1489 2560 1626 2616 quae
1651 2544 1780 2615 jam
1810 2543 1932 2599 fata
1958 2543 2048 2599 in-

386 2631 636 2699 gruente
658 2631 847 2700 peste,
876 2628 1053 2684 famis
1100 2629 1365 2703 periculo
1394 2630 1564 2687 multi
1612 2632 2046 2687 monachorum

322 2732 329 2735 '
385 2717 577 2774 sancti
624 2717 921 2774 Benedicti
966 2735 1247 2775 normam
1288 2719 1585 2789 negligere
1633 2724 1960 2793 coeperunt,
1993 2724 2050 2775 et

384 2810 592 2864 contra
636 2807 795 2863 illius
831 2807 1033 2877 ritum,
1075 2809 1386 2882 proprium
1445 2809 1557 2865 nisi
1603 2814 1743 2866 sunt
1781 2809 2042 2876 habere;

382 2912 538 2969 quos
567 2895 650 2953 illi
678 2896 1030 2968 devitantes,
1069 2898 1239 2954 nefas
1283 2902 1341 2953 et
1383 2899 1648 2955 illicitum
1697 2899 2040 2968 censebant,

2166 1740 2245 1795 sis
2266 1740 2583 1814 propalare
2644 1757 2764 1797 non
2822 1743 3041 1799 omisit.
3079 1743 3192 1799 Sed
3255 1749 3492 1816 tempus
3545 1750 3605 1800 et
3666 1745 3835 1801 diem

2164 1830 2521 1886 constituere
2550 1830 2826 1902 malleus,
2859 1847 2984 1904 quo
3014 1832 3371 1888 venerabilis
3421 1833 3616 1889 abbas
3659 1834 3834 1890 Î¤Î¿Î¹Î¿-

2165 1933 2296 1973 sam
2326 1933 2645 1992 peragrare
2674 1924 2896 1991 posset,
2928 1925 3223 1989 metuens,
3251 1936 3325 1976 ne
3352 1937 3460 1976 ceu
3490 1922 3834 1978 marchioni

2164 2023 2236 2063 ex
2291 2006 2565 2081 plurimis
2621 2008 2892 2080 partibus
2935 2009 3073 2064 oriri
3112 2009 3304 2066 solent
3342 2011 3638 2066 nimbosm
3694 2028 3832 2084 pro-

2165 2095 2341 2163 cellae,
2402 2096 2487 2150 sic
2538 2095 2690 2153 inter
2750 2096 3006 2153 nimium
3060 2098 3414 2155 venerabilis
3470 2100 3665 2155 Patris
3729 2101 3835 2156 iter

2162 2200 2494 2254 morosum,
2552 2190 2879 2241 nascantur
2927 2186 3186 2259 plurima
3240 2188 3513 2254 adversa,
3568 2204 3646 2244 ne
3700 2206 3831 2261 per-

2165 2273 2398 2329 mittant
2449 2273 2776 2347 adimplere
2826 2275 2968 2331 utile
3025 2276 3421 2349 propositum.
3481 2278 3623 2332 Ideo
3697 2295 3831 2351 pm-

2161 2362 2461 2435 pinquum
2515 2367 2571 2418 et
2620 2367 3031 2436 opportunum
3087 2363 3311 2437 placuit
3363 2370 3624 2421 statuere
3698 2367 3828 2440 pla-

2160 2449 2363 2516 citum,
2391 2456 2458 2507 ut
2484 2457 2841 2508 exoneratus
2867 2452 2996 2509 aliis
3043 2469 3244 2509 rerum
3272 2455 3546 2525 negotiis,
3580 2472 3727 2511 cum
3756 2474 3827 2513 eo

2159 2554 2233 2594 ex
2256 2539 2547 2596 amussim
2595 2544 2848 2597 tractare
2890 2542 3184 2615 quivisset
3220 2542 3294 2597 de
3337 2548 3515 2598 tantae
3557 2544 3828 2601 utilitatis

2158 2643 2293 2700 ope.
2345 2632 2417 2684 At
2467 2629 2549 2684 illi
2606 2629 2823 2685 auditis
2878 2631 3261 2686 sermonibus
3317 2633 3564 2705 profecti
3620 2639 3823 2698 sunt;

2157 2732 2417 2789 cumque
2445 2724 2818 2774 remeassent
2862 2718 2939 2774 ad
2985 2720 3246 2792 propria,
3280 2727 3494 2777 cuncta
3534 2727 3609 2777 aut
3653 2739 3824 2779 reve-

2154 2805 2411 2861 rendum
2438 2809 2667 2861 Patrem
2694 2807 3038 2887 retulerunt.
3074 2807 3170 2863 llle
3218 2808 3499 2882 equidem
3545 2827 3688 2866 cum
3740 2811 3829 2866 di-

2154 2893 2395 2949 dicisset
2418 2910 2456 2950 a
2501 2895 2808 2968 discipulis
2834 2912 2967 2969 quae
2997 2913 3033 2952 a
3063 2897 3409 2952 marchione
3443 2898 3681 2954 fuerant
3722 2902 3827 2956 de-

381 2984 670 3056 dogmata
689 2985 851 3042 Pauli
873 2985 1510 3058 praedicatorisegregii
1529 2992 1766 3060 pectore
1780 2987 2042 3044 recolen-
2071 3018 2113 3071 Î¿
2151 2980 2291 3045 lata.
2324 2982 2829 3056 cunctipotentem
2854 2985 3181 3041 Dominum
3213 2985 3555 3058 consulens,
3581 2988 3827 3061 profec-

380 3077 497 3129 tes:
525 3074 666 3142 Quis
694 3090 800 3130 nos
818 3075 1118 3145 separabit
1136 3091 1174 3131 a
1194 3076 1494 3133 charitale
1505 3077 1773 3132 Christi?
1791 3076 2042 3132 tribula-

381 3163 482 3231 tio,
507 3177 588 3220 an
614 3164 971 3233 persecutio,
991 3165 1296 3235 angustia,
1322 3180 1401 3220 an
1425 3166 1635 3233 fames,
1662 3180 1741 3221 an
1774 3166 2038 3235 nuditas,

378 3266 456 3308 an
484 3252 847 3322 pem'culum,
865 3266 946 3309 an
967 3252 1249 3322 gladius?
1273 3252 1596 3322 (Rom.vm,
1623 3254 1736 3322 35.)
1756 3253 2041 3310 Dicebant

373 3340 535 3396 enim
557 3343 615 3397 et
635 3339 943 3413 ipsi,quod
964 3340 1130 3396 nullo
1154 3340 1337 3397 modo
1367 3341 1519 3397 foret
1550 3343 1907 3409 monachus,
1933 3343 2038 3415 qui

374 3428 438 3484 in
466 3432 624 3485 terra
654 3429 965 3502 proprium
995 3434 1306 3502 quaereret,
1339 3446 1450 3485 nec
1482 3430 1701 3487 scilicet
1726 3431 2036 3504 propriam

375 3516 767 3584 voluntatem,
825 3516 944 3573 nisi
997 3517 1372 3573 tantumdem
1447 3519 1690 3591 propria
1746 3518 1924 3592 culpa
1982 3524 2040 3575 et

373 3604 687 3679 proprium
710 3604 933 3663 locum.
966 3608 1262 3679 Pauperes
1310 3606 1591 3679 equidem
1632 3612 1801 3664 erant
1840 3607 1901 3662 in
1953 3623 2039 3662 re-

371 3692 509 3762 bus,
538 3693 645 3749 sed
686 3692 897 3749 divites
939 3693 1001 3749 in
1032 3693 1149 3750 ï¬de
1183 3710 1195 3748 :
1255 3694 1480 3767 quibus
1527 3699 1779 3767 praeerat
1821 3695 2033 3765 abbas,

374 3780 734 3850 Adalgasius
778 3781 1045 3853 nomine,
1095 3783 1442 3838 veneranda
1490 3784 1724 3854 canitie,
1765 3784 2035 3840 moribus

368 3868 570 3940 justis,
596 3868 793 3925 alacer
827 3869 1019 3937 vultu,
1043 3870 1331 3943 prosapia
1362 3871 1609 3944 quidem
1643 3872 1828 3928 nobili
1869 3873 2033 3943 geni-

375 3959 490 4025 tus,
514 3960 572 4012 et
589 3971 691 4012 ore
721 3956 1265 4030 eloquentissimus.
1293 3959 1402 4025 Qui
1435 3958 1647 4015 videns
1684 3959 1849 4033 quod
1869 3962 2033 4018 nullo

376 4043 560 4100 modo
579 4043 819 4101 illorum
861 4046 1255 4115 saevientium,
1289 4051 1899 4121 propterpraesentem
1934 4066 2034 4107 ne-

375 4147 573 4187 cem...
607 4132 755 4189 foret
776 4149 975 4206 posse,
1008 4135 1185 4206 coepit
1221 4135 1472 4192 lustrare
1504 4153 1609 4193 seu
1650 4137 1849 4194 bonus
1893 4155 2032 4212 pas-

374 4225 466 4276 tor
493 4220 767 4292 regiones
809 4236 1041 4292 omnes,
1070 4222 1116 4278 si
1144 4223 1293 4279 forte
1322 4224 1613 4282 inveniret
1648 4226 1753 4283 ubi
1802 4216 1881 4284 ab
1931 4245 2032 4285 ore

374 4309 742 4366 saevientium
801 4326 943 4366 suas
997 4311 1396 4384 pauperculas
1454 4330 1690 4372 servare
1745 4316 2035 4389 quivisset

371 4398 639 4455 oviculas
666 4417 679 4467 ;
709 4399 1002 4472 quoniam
1033 4401 1280 4473 quidem
1327 4401 1572 4460 minime
1620 4403 1703 4461 illi
1749 4410 2034 4480 opportu-

370 4503 521 4544 num
541 4490 667 4543 erat
687 4503 797 4544 suo
818 4488 1034 4558 degere
1046 4488 1193 4559 solo,
1215 4489 1278 4545 in
1298 4506 1421 4563 quo
1440 4490 1833 4550 creberrimas
1848 4495 2030 4552 mise-

368 4575 587 4633 rabiles
627 4592 699 4632 ex
731 4576 958 4634 dilectis
1006 4577 1128 4634 suis
1169 4577 1429 4636 alumnis
1476 4587 1742 4639 cerneret
1780 4587 2027 4655 strages.

369 4667 623 4721 Ventum
648 4668 737 4721 est
759 4664 940 4737 igitur
969 4666 1048 4722 ad
1092 4682 1268 4724 aures
1296 4668 1497 4725 eximii
1526 4671 1891 4728 marchionis
1922 4676 2029 4731 Re-

367 4754 663 4823 gimundi,
695 4754 802 4828 qui
826 4754 928 4811 illo
960 4759 1227 4829 tempore
1254 4758 1620 4815 monarchiaa
1647 4760 1868 4817 Tolosae
1898 4763 2029 4820 fun-

368 4842 620 4912 gebatur
647 4844 893 4916 regendi
912 4845 1174 4915 negotio,
1197 4847 1363 4920 quod
1389 4848 1744 4906 venerabilis
1768 4851 2026 4924 Adalga-

370 4930 495 4989 sius
514 4931 729 5004 abbas,
747 4949 1125 5006 paganorum
1151 4935 1512 5009 incursione,
1544 4938 1696 4996 foret
1730 4957 1850 4998 una
1885 4959 2026 5000 cum

369 5017 683 5077 clientibus
715 5022 958 5096 proprio
999 5023 1274 5081 exulatus
1309 5025 1459 5082 solo.
1484 5026 1583 5084 llle
1623 5029 1782 5086 enim
1819 5047 2024 5089 secum

366 5111 565 5193 mente
584 5114 954 5181 pertractans
965 5112 1250 5170 divinitus
1260 5113 1840 5186 ï¬‚ante,salutiferum
1853 5136 2022 5193 repe-

363 5192 438 5249 rit
469 5196 810 5268 consitium,
860 5200 944 5256 uti
978 5201 1106 5258 viro
1142 5203 1262 5271 Dei,
1287 5204 1459 5275 cujus
1499 5204 1885 5265 celeberrima
1916 5192 2024 5284 per

365 5295 609 5337 omnem
627 5283 998 5355 provinciam
1027 5288 1242 5346 roboat
1262 5289 1445 5369 fama,
1470 5293 1548 5349 ad
1583 5283 1929 5364 degendum
1949 5315 2022 5353 ex

361 5369 627 5442 paternis
649 5369 850 5427 fundis
870 5390 992 5430 una
1012 5392 1151 5432 cum
1183 5377 1491 5451 discipulis
1521 5382 1643 5437 suis
1673 5383 1873 5441 ederet
1900 5403 2018 5442 coe-

357 5456 632 5526 nobium;
649 5462 946 5531 quatenus
967 5477 1073 5532 per
1093 5462 1331 5521 illorum
1344 5468 1772 5539 suï¬‚'ragia,sua
1783 5488 2018 5531 necnon

356 5550 413 5603 et
442 5551 761 5619 parentum
789 5564 1036 5606 suorum
1067 5548 1431 5611 abolirentur
1459 5558 1728 5616 crimina.
1754 5561 2017 5636 Denique

356 5637 587 5695 concite
629 5636 705 5694 ad
751 5637 1067 5713 prefatum
1108 5638 1388 5701 abbatem
1425 5646 1656 5705 mittere
1705 5665 1827 5706 non
1855 5652 2014 5712 desi-

2151 3075 2245 3126 tus
2273 3077 2361 3127 est
2388 3071 2684 3128 Tolosam.
2725 3076 2861 3129 Erat
2885 3078 3087 3130 autem
3135 3091 3208 3131 eo
3246 3080 3516 3148 tempore
3562 3079 3827 3134 eximius

2152 3160 2492 3217 Helisachar
2516 3161 2577 3216 in
2607 3161 2820 3218 eadem
2859 3163 3007 3219 urbe
3037 3164 3364 3236 pontiï¬cali
3404 3164 3673 3235 fungens
3718 3168 3827 3223 mi.

2150 3247 2611 3322 nisterio,quem
2641 3250 3004 3320 magniï¬cus
3026 3252 3315 3319 marchio,
3339 3270 3478 3309 cum
3514 3255 3824 3327 Adalgasii

2149 3336 2593 3395 abbatissciret
2617 3339 2827 3396 adesse
2858 3342 3263 3413 praesentiam,
3301 3344 3574 3400 accersiri
3609 3347 3822 3415 jussit,

2148 3425 2400 3483 abbates
2430 3428 2505 3484 de
2551 3444 2661 3484 suo
2704 3444 2861 3502 pago
2901 3430 3220 3486 convenire
3274 3431 3428 3488 fecit.
3458 3436 3623 3488 Tunc
3670 3435 3825 3491 abiit

2148 3514 2444 3584 gloriosus
2487 3518 2757 3573 marchio
2797 3518 2876 3574 ad
2928 3519 3352 3592 imperatorem
3401 3522 3686 3579 Carolum
3734 3526 3823 3579 ob

2146 3603 2457 3660 utilitatem
2482 3606 2848 3674 monasterii,
2883 3606 3085 3680 illique
3114 3608 3461 3665 coenobium
3491 3613 3589 3683 pia
3617 3614 3823 3669 consio

2145 3691 2452 3749 deratione
2493 3698 2854 3766 praeventus,
2895 3711 2971 3751 ne
3016 3696 3407 3753 incommoda
3456 3700 3819 3770 parentibus

2146 3782 2271 3837 suis
2312 3786 2656 3854 paterentur
2682 3788 2820 3856 post
2863 3785 2992 3855 ejus
3035 3785 3376 3853 decessum,
3410 3788 3817 3861 subpresstitis

2144 3884 2250 3942 per
2280 3870 2550 3928 chartam
2578 3872 2822 3929 tradidit
2845 3873 3303 3946 possidendum,
3335 3892 3374 3932 a
3401 3893 3525 3950 quo
3550 3879 3817 3934 munita-

2144 3962 2218 4015 tae
2246 3962 2513 4034 percepit
2537 3962 2962 4019 continentem.

2252 4049 2487 4107 Charta
2514 4050 2724 4107 Caroli
2768 4052 2945 4129 Calvi
2963 4068 3077 4122 pro
3107 4054 3354 4112 abbalia
3393 4056 3698 4113 Î½Î±á½¸Î½-ÎµÏ€Îµá½¶.

2215 4158 2246 4191 â€¹
2280 4143 2344 4194 In
2388 4141 2632 4196 nomine
2662 4146 2883 4198 sanctae
2914 4147 2972 4198 et
2995 4141 3321 4200 individua;
3359 4145 3675 4213 Trinitatis,
3702 4148 3811 4202 Ca-

2140 4226 2325 4296 rolus,
2359 4228 2547 4299 gratia
2589 4230 2708 4298 Dei,
2740 4246 2844 4286 rex
2893 4234 3253 4287 Francorum
3292 4236 3350 4289 et
3384 4226 3809 4305 Longolirdo

2142 4333 2297 4385 rum,
2330 4334 2400 4374 ac
2431 4318 2713 4391 patricius
2742 4322 3169 4377 Romanorum.

2215 4430 2241 4457 Î±
2271 4408 2592 4465 Maximum
2621 4409 2790 4480 regni
2809 4410 2995 4467 nostri
3024 4410 3084 4467 in
3114 4412 3228 4467 hoc
3248 4427 3469 4483 augere
3500 4414 3807 4470 credimus

2140 4496 2605 4567 munimentum,
2628 4498 2675 4554 si
2700 4498 2993 4555 beneï¬cia
3012 4505 3356 4573 opportuna
3374 4500 3508 4558 loca
3529 4502 3812 4560 ecclesia-

2139 4601 2274 4642 rum
2297 4586 2589 4644 benevola
2606 4587 2923 4645 devotione
2948 4590 3367 4659 concedimus;
3391 4591 3805 4659 haec,Domino

2137 4676 2794 4750 protegente,stabiliter
2807 4678 3134 4751 perdurare
3155 4680 3807 4752 conscribimus.lgitur

2136 4769 2347 4822 notum
2395 4764 2469 4821 sit
2490 4765 2776 4822 omnibus
2825 4767 3141 4841 episcopis,
3181 4768 3527 4839 abbatibus,
3570 4772 3805 4828 comiti

2135 4850 2271 4922 bus,
2316 4852 2786 4924 vicecomitibus,
2845 4856 3097 4923 vicariis,
3161 4859 3538 4929 centenariis,
3576 4859 3801 4929 judicio

2134 4941 2270 5011 bus,
2303 4959 2420 4999 ceu.
2440 4944 2724 5000 omnibus
2749 4944 3027 5001 ï¬delibus
3055 4946 3451 5019 praesentibus
3493 4947 3715 5006 scilicet
3738 4955 3799 5005 et

2134 5030 2368 5104 futuris,
2391 5033 2648 5106 qualiter
2669 5033 2758 5089 vir
2784 5035 3137 5091 venerabilis
3158 5051 3363 5093 comes
3393 5038 3793 5104 Raimundns,

2133 5137 2205 5176 ex
2235 5123 2598 5179 monasterio
2629 5124 2796 5196 quod
2821 5123 2949 5197 ipse
2979 5140 3138 5182 novo
3167 5142 3348 5199 opere
3367 5127 3506 5197 jure
3530 5128 3795 5201 proprie-

2133 5210 2281 5267 tario
2314 5228 2350 5269 a
2379 5211 2776 5270 fundamento
2800 5213 2864 5269 in
2891 5214 3183 5271 honorem
3210 5215 3450 5272 Domini
3476 5232 3548 5273 ac
3589 5217 3795 5275 Salva-

2132 5300 2273 5357 toris
2315 5300 2500 5357 nostri
2547 5303 2690 5357 Jesu
2733 5301 2967 5370 Christi,
3005 5318 3110 5359 seu
3167 5308 3390 5360 sanctae
3437 5320 3796 5377 semperque

2129 5388 2379 5459 Virginis
2410 5389 2620 5457 Mariae,
2652 5393 2709 5445 et
2742 5389 2933 5446 sancti
2954 5390 3217 5463 Dionysii
3259 5392 3797 5464 praecellentissimi

2128 5477 2428 5551 martyris,
2453 5494 2558 5533 seu
2574 5478 2825 5545 aliorum
2857 5483 3200 5536 sanctorum
3226 5481 3547 5538 aediï¬cavit
3563 5482 3629 5537 in
3660 5481 3798 5537 loco

2126 5581 2453 5641 nuncupan
2463 5572 2513 5623 te
2533 5567 2813 5637 Vabro,in
2835 5583 2996 5642 pago
3016 5569 3294 5626 Curiense
3310 5569 3455 5627 citra
3470 5570 3796 5644 lympham

2128 5656 2446 5729 Dordonis,
2501 5658 2580 5713 ad
2639 5662 2906 5716 nostram
2960 5658 3211 5716 accessit
3272 5659 3679 5727 clementiam,
3728 5666 3801 5716 et
