3950 6178
156 137 254 190 785

1182 135 1273 189 DE
1311 130 1607 188 ΑΒΒΑΤΙᾹ
1648 130 2007 188 VABRENSI.
2048 164 2116 173 -—
2155 135 2529 191 APPENDlX.

3464 137 3567 190 786

153 254 493 331 praedictum
516 254 944 311 monasterium
967 272 1106 312 cum
1130 256 1414 314 omnibus
1434 255 1615 312 rebus
1634 258 1692 310 et
1709 269 1793 310 or-
1833 258 1880 311 Α
1908 272 1984 313 ne
2016 259 2458 332 suprascriptus
2510 256 2867 315 venerabilis
2898 255 3214 327 Adalgisus
3256 256 3450 314 abbas
3477 258 3573 315 vel

152 342 434 402 namentis
459 341 720 397 ecclesiae
751 359 895 412 sure,
929 344 1286 417 appenditiis
1315 344 1405 399 vel
1446 342 1795 414 adjacentiis

153 434 282 501 suis,
313 432 377 487 in
402 430 684 487 manibus
709 432 953 501 nostris,
979 433 1328 505 plenissima
1347 432 1796 500 deliberatione,

151 524 298 579 visus
325 527 413 577 est
440 520 749 591 delegasse
775 540 788 590 ;
832 527 889 577 et
919 522 1119 596 ipsum
1147 528 1422 579 sanctum
1452 521 1654 578 locum
1684 521 1797 576 sub

150 616 342 668 nostra
369 608 715 668 defensione
737 615 917 683 atque
941 611 1349 667 dominatione
1368 610 1447 666 ad
1464 608 1797 679 regendum

150 700 309 757 nobis
331 699 492 755 visus
508 703 596 755 est
618 699 1183 756 tradidisseJdcirco
1205 700 1283 757 ad
1301 701 1430 770 ejus
1451 698 1795 773 petitionem

152 789 314 848 talem
332 804 444 861 pro
462 792 683 844 aeterna
700 788 1087 846 retributione
1107 789 1469 846 beneﬁcium
1489 789 1567 845 ad
1590 788 1793 861 ipsum

153 882 416 935 sanetum
435 876 638 934 locum
668 877 780 933 visi
806 877 1031 933 fuimus
1055 878 1410 946 indulsisse;
1444 883 1509 934 ut
1525 877 1588 934 in
1614 876 1796 933 eccle-

150 968 256 1037 siis,
281 966 379 1023 vel
405 965 577 1030 locis,
608 965 704 1023 vel
746 966 925 1037 agris,
956 983 1065 1023 seu
1111 966 1243 1024 aliis
1283 966 1790 1040 possessionibus,

147 1055 318 1129 ipsius
347 1054 715 1124 monasterii,
745 1072 899 1129 quas
925 1055 1220 1114 moderno
1259 1061 1526 1128 tempore
1554 1072 1662 1129 per
1691 1070 1794 1111 no-

148 1149 316 1200 stram
347 1142 736 1200 donationem
769 1159 839 1200 ac
869 1143 1409 1212 conﬁrmationem,
1434 1160 1539 1200 seu
1560 1148 1797 1200 caetero-

145 1249 267 1289 rum
288 1231 562 1289 ﬁdelium
586 1232 745 1303 juste
788 1232 1099 1306 possidere
1126 1231 1382 1300 videtur,
1412 1232 1474 1288 in
1495 1231 1793 1306 quibusli-

143 1322 233 1378 bet
256 1320 405 1377 locis
434 1320 735 1394 quidquid
777 1321 1003 1377 ibidem
1047 1326 1292 1394 propter
1318 1321 1591 1378 divinum
1622 1337 1791 1378 amo-

145 1426 258 1465 rem
282 1408 568 1466 collatum
593 1408 721 1478 fuit,
753 1426 1010 1483 quaeque
1034 1410 1215 1467 etiam
1258 1409 1543 1483 deinceps
1576 1408 1636 1465 in
1656 1410 1791 1481 jure

143 1498 315 1571 ipsius
342 1497 532 1554 sancti
560 1497 677 1554 loci
704 1503 809 1554 aut
850 1514 959 1571 per
985 1514 1121 1565 nos,
1151 1503 1256 1555 aut
1284 1512 1391 1571 per
1416 1498 1564 1555 alios
1592 1497 1793 1554 volue-

1911 363 2290 404 successores
2321 349 2450 420 ejus
2479 348 2555 403 de
2584 348 2697 403 hac
2724 346 2856 403 luce
2886 346 2965 401 ad
2997 345 3318 403 Dominum
3348 346 3567 416 migra-

1908 435 2118 503 verint,
2150 436 2393 509 qualem
2425 435 2755 507 meliorem,
2783 438 2842 491 et
2886 433 3063 490 nobis
3111 450 3218 507 per
3261 434 3468 491 omnia
3503 435 3571 490 ﬁ-

1906 523 2102 579 delem
2151 524 2284 597 ipsa
2331 528 2534 580 sancta
2576 522 2961 594 congregatio
3016 522 3091 579 de
3135 539 3318 596 supra
3346 522 3567 596 scripto

1907 614 2269 671 monasterio
2300 619 2403 671 aut
2431 613 2835 688 qualicunque
2864 612 2999 669 loco
3026 611 3324 669 voluerint
3348 613 3565 685 eligere

1907 701 2210 770 abbatem,
2245 702 2348 775 qui
2390 703 2587 775 ipsam
2619 705 2893 757 sanctam
2923 700 3453 773 congregationem
3477 716 3566 756 se-

1905 791 2174 848 cundum
2217 792 2489 863 regulam
2521 790 2709 847 sancti
2756 789 3054 846 Benedicti
3099 805 3304 860 regere
3346 790 3563 858 valeat,

1903 896 2012 954 per
2039 881 2196 937 hanc
2225 884 2494 937 nostram
2527 879 2941 937 auctoritatem
2985 882 3042 934 et
3080 879 3456 951 praemissam
3480 879 3567 936 in-

1905 968 2275 1041 dulgentiam
2302 969 2603 1037 habeant;
2637 973 2696 1025 et
2722 967 3070 1039 ubicunque
3095 967 3387 1024 voluerint
3409 968 3566 1024 ordi-

1905 1060 2056 1128 nari,
2082 1064 2186 1116 aut
2210 1059 2325 1132 ipsi
2353 1063 2457 1116 aut
2485 1058 2767 1116 monachi
2796 1057 3089 1131 ipsorum,
3111 1056 3207 1113 vel
3237 1072 3273 1112 a
3294 1055 3565 1130 quolibet

1902 1148 2184 1222 pontiﬁce
2207 1165 2278 1204 ex
2306 1152 2607 1222 praecepto
2635 1151 2693 1204 et
2723 1162 3026 1207 consensu
3067 1149 3273 1202 nostro
3298 1148 3561 1219 potesta-

1901 1243 2024 1296 tem
2053 1239 2338 1306 habeant,
2366 1243 2665 1311 quatenus
2686 1237 2832 1310 ipsis
2862 1236 3049 1292 servis
3070 1233 3313 1308 Dei,qui
3335 1234 3562 1291 ibidem

1905 1331 2025 1384 Deo
2056 1328 2335 1384 famulari
2366 1327 2661 1394 videntur,
2692 1342 2804 1400 pro
2834 1325 3010 1381 nobis
3041 1341 3112 1381 ac
3142 1324 3399 1395 conjuge
3428 1339 3565 1397 pro-

1901 1415 2075 1489 leque
2105 1420 2330 1485 nostra,
2358 1420 2415 1472 et
2445 1415 2762 1472 stabilitate
2785 1414 2963 1471 totius
2983 1413 3151 1486 regni
3175 1429 3213 1469 a
3238 1414 3358 1468 Deo
3385 1408 3563 1466 nobis

1902 1504 2209 1560 commissi
2239 1503 2331 1560 vel
2360 1503 2779 1573 conservandi,
2809 1503 3099 1559 hactenus
3129 1498 3364 1556 Domini
3392 1498 3566 1554 miseo

143 1588 209 1644 rit
231 1587 436 1644 divina
463 1587 654 1660 pietas
703 1588 928 1657 augeri,
963 1588 1373 1661 praecipientes
1398 1587 1685 1660 jubemus
1710 1592 1792 1645 at-
1824 1605 1868 1658 Β
1899 1592 2220 1650 ricordiam
2269 1608 2516 1649 exorare
2553 1591 2821 1649 delectet.
2855 1591 3103 1661 Signum
3140 1587 3334 1645 Caroli
3379 1586 3558 1657 regis.

142 1693 249 1749 que
290 1676 891 1746 anathematizamus,
925 1680 989 1732 ut
1014 1676 1214 1732 nullus
1251 1692 1473 1744 comes,
1505 1691 1616 1732 nec
1664 1676 1789 1749 epi-

145 1781 372 1839 scopus,
405 1780 515 1821 nec
546 1764 762 1834 abbas,
795 1771 899 1821 aut
923 1764 1125 1821 nullus
1152 1765 1471 1837 judiciaria
1501 1769 1789 1838 potestate

144 1854 435 1926 praeditus,
465 1855 542 1910 ad
588 1870 802 1910 causas
841 1854 1196 1921 audiendas,
1236 1853 1329 1910 vel
1359 1853 1523 1910 freda
1553 1856 1790 1924 exigen-

142 1944 231 2010 da,
263 1947 365 1999 aut
392 1942 758 2014 mansiones,
778 1942 870 1998 vel
896 1948 1138 2015 paratas
1164 1940 1619 2010 faciendas-aut
1647 1942 1790 1998 ﬁde-

137 2032 391 2101 jnssores
424 2031 737 2102 tollendos,
770 2047 881 2087 nec
926 2032 1203 2088 homines
1241 2031 1410 2087 istius
1441 2031 1789 2088 monasterii

143 2125 253 2176 tam
296 2121 590 2191 ingenuos
619 2136 928 2193 quamque
969 2137 1196 2191 servos,
1223 2120 1327 2194 qui
1360 2137 1539 2194 super
1570 2125 1787 2177 terram

138 2211 445 2267 memorati
464 2211 810 2266 monasterii
822 2244 828 2249 υ
839 2210 1031 2266 reside
1038 2226 1097 2265 rc
1128 2209 1425 2279 videntur,
1439 2209 1790 2280 distringen-

137 2299 259 2365 dos,
290 2315 401 2354 nec
433 2299 584 2353 ullas
613 2298 1039 2354 redhibitiones
1068 2304 1170 2354 aut
1194 2298 1425 2354 illicitas
1446 2299 1792 2354 occasiones

135 2387 591 2459 perquirendas,
609 2390 713 2442 aut
734 2385 923 2440 ullum
944 2386 1193 2441 omnino
1214 2402 1467 2441 censum
1490 2385 1795 2458 inquiren-

134 2475 300 2541 dum,
325 2474 448 2529 ullo
472 2490 742 2546 unquam
768 2479 1034 2546 tempore
1054 2474 1287 2543 ingredi
1309 2474 1531 2530 audeat
1543 2474 1639 2529 vel
1659 2490 1792 2531 exa-

136 2571 285 2619 ctare
313 2567 666 2635 praesumat.
688 2563 803 2618 Sed
832 2562 947 2617 hoc
977 2562 1104 2635 ipse
1134 2562 1348 2629 abbas,
1377 2562 1469 2618 vel
1490 2578 1793 2619 successo-

138 2670 223 2709 res
263 2653 379 2718 sui,
434 2657 538 2708 aut
586 2652 868 2709 monachi
921 2652 1238 2709 memorati
1284 2652 1419 2723 loci,
1469 2644 1792 2724 praeSentes

141 2741 351 2797 scilicet
379 2745 438 2795 et
464 2739 665 2805 futuri,
698 2745 940 2811 propter
960 2755 1183 2795 nomen
1217 2739 1469 2809 Domini,
1503 2740 1619 2796 sub
1642 2740 1791 2796 inte-

144 2846 251 2899 grae
299 2828 696 2885 immunitatis
747 2829 1013 2899 nomine,
1047 2828 1278 2901 absque
1329 2829 1651 2900 cujuslibet
1699 2829 1790 2885 in-

143 2919 389 3008 quietata
439 2923 543 2974 aut
594 2917 1006 3008 contrarietate
1066 2917 1302 3008 valeant
1353 2917 1686 3008 dominare,
1736 2924 1795 2975 et
1825 2953 1865 3008 ο

148 3007 274 3062 nulli
312 3022 581 3078 unquam
610 3006 840 3061 homini
865 3021 974 3079 pro
996 3006 1403 3079 qualicunque
1439 3023 1522 3073 re,
1556 3006 1790 3062 nullum

147 3096 380 3150 omnino
409 3111 658 3150 censum
708 3093 973 3150 audeant
1022 3094 1408 3167 impendere;
1457 3096 1563 3152 sed
1591 3095 1790 3169 ipsum

148 3190 407 3239 sanctum
460 3183 659 3239 locum
706 3183 821 3239 sub
872 3188 1074 3239 nostra
1104 3183 1448 3240 defensione
1478 3189 1657 3258 atque
1685 3184 1790 3240 do-

149 3274 459 3329 minatione
508 3272 785 3328 volumus
831 3278 1122 3329 constare.
1159 3276 1490 3330 Statuentes
1533 3289 1677 3344 ergo
1701 3278 1787 3329 at-

145 3378 249 3435 que
286 3362 588 3434 jubentes,
617 3367 683 3416 ut
728 3377 923 3434 neque
965 3378 1094 3430 vos,
1138 3378 1335 3434 neque
1378 3362 1646 3433 juniores
1684 3379 1790 3418 seu

148 3467 512 3507 successores
539 3450 734 3517 vestri,
767 3450 858 3505 vel
899 3451 1144 3522 quilibet
1182 3467 1256 3507 ex
1280 3450 1599 3522 judiciaria
1627 3456 1790 3524 pote-

149 3545 300 3605 state,
327 3539 387 3595 in
414 3539 702 3601 ecclesiis,
730 3539 895 3598 locis‘.
930 3539 1021 3594 vel
1052 3539 1236 3607 agris,
1256 3555 1361 3595 seu
1381 3539 1626 3611 reliquis
1650 3555 1790 3611 pos-

150 3628 502 3683 sessionibus
533 3627 918 3699 suprascripti
950 3626 1314 3692 monasterii,
1350 3627 1441 3682 vel
1488 3627 1562 3681 de
1596 3626 1791 3682 omni-

148 3714 246 3771 bus
274 3734 408 3790 qme
465 3733 652 3790 supra
701 3717 919 3788 scripta
960 3722 1117 3786 sunt,
1151 3732 1466 3787 nunquam
1497 3715 1619 3771 ullo
1644 3722 1791 3771 tem-

150 3820 274 3875 pore
300 3806 704 3879 praesumatis.
737 3806 848 3861 Sed
879 3806 1039 3877 quod
1077 3810 1317 3877 propter
1346 3821 1570 3861 nomen
1602 3805 1795 3861 Domi-

149 3896 219 3959 ni,
246 3903 462 3953 :eterna
500 3896 977 3952 remuneratione
1007 3897 1082 3952 ad
1108 3898 1233 3967 jam
1271 3896 1459 3952 fatum
1492 3902 1793 3953 monaste-

149 3984 286 4040 rium
333 3986 721 4056 indulsimus,
753 3986 1053 4058 perpetuis
1107 3986 1476 4057 temporibus
1524 3986 1799 4059 proﬁciat

148 4073 197 4127 in
226 4080 644 4144 augmentum.
679 4077 745 4130 Et
769 4073 1264 4148 quandoquidem
1297 4074 1502 4130 divina
1533 4075 1796 4132 vocatio-

164 4248 243 4258 —.

1900 1680 2299 1751 Adalguarius
2325 1680 2594 1737 notarius
2624 1679 2862 1753 scripsit
2887 1679 2965 1735 ad
2994 1677 3185 1733 vicem
3213 1674 3461 1731 Gisseni.

1975 1791 2005 1824 α
2031 1774 2177 1826 Data
2205 1786 2308 1825 xxv
2340 1770 2464 1826 Kal.
2499 1769 2767 1840 Augusti,
2798 1766 3122 1823 indictione
3154 1767 3246 1834 10,
3278 1779 3440 1820 anno
3467 1763 3559 1832 21,

1898 1862 2185 1929 regnante
2216 1858 2426 1915 Carolo
2446 1873 2584 1927 rege
2606 1856 3060 1928 gloriosissimo.
3084 1854 3299 1910 Actum
3328 1850 3562 1909 Parisiis

1900 1946 2154 2016 civitate,
2186 1946 2249 2001 in
2284 1946 2381 2002 Dei
2414 1944 2656 2002 nomine
2685 1944 2945 2000 feliciter.
2975 1946 3186 1998 Amen.
3212 1964 3242 1991 ››

1971 2034 2106 2089 Haec
2156 2033 2582 2104 glorisissimus
2626 2048 2731 2088 rex
2762 2031 3008 2089 Carolus
3055 2026 3381 2085 venerabili
3407 2041 3565 2082 mar-

1900 2122 2099 2179 chioni
2129 2138 2236 2195 per
2266 2126 2637 2194 praeceptum
2663 2118 2930 2186 contulit,
2964 2116 3071 2173 sed
3100 2120 3158 2172 et
3181 2115 3563 2186 circumqua-

1899 2228 2018 2285 que
2045 2211 2209 2267 utilia
2239 2210 2578 2283 pecoribus,
2610 2207 3042 2279 laboribusque
3091 2211 3232 2277 apta
3260 2219 3368 2276 per
3396 2203 3566 2259 char-

1901 2306 2026 2357 tam
2049 2298 2421 2372 imperialem
2441 2297 2521 2354 ab
2550 2292 2622 2353 eo
2651 2297 2783 2353 loca
2805 2294 3084 2368 suscepit.
3105 2294 3340 2350 Honore
3360 2295 3563 2349 autem

1901 2403 2128 2460 magno
2176 2388 2255 2443 ab
2283 2387 2643 2459 imperatore
2671 2385 2957 2447 donatus,
2990 2382 3211 2439 scilicet
3236 2380 3467 2452 argenti
3492 2379 3562 2435 li-

1900 2463 2043 2533 bras
2074 2492 2136 2546 n,
2164 2476 2244 2531 ad
2273 2491 2451 2531 suum
2484 2475 2543 2530 in
2588 2489 2738 2547 pace
2766 2472 2939 2529 rediit
2962 2469 3416 2528 monasterium.
3449 2471 3560 2525 Co-

1901 2570 2172 2637 gnoscat,
2204 2562 2479 2637 quisquis
2523 2563 2619 2619 ille
2663 2566 2774 2630 est,
2822 2561 2929 2634 qui
2971 2561 3129 2617 hanc
3174 2558 3340 2631 cupit
3364 2556 3561 2627 legere

1900 2653 1991 2710 vel
2024 2652 2231 2710 audire
2262 2648 2824 2709 vitam'cunctorum
2850 2652 2965 2706 hoc
2993 2652 3178 2721 caput
3199 2662 3332 2704 esse
3363 2660 3563 2703 emno-

1899 2742 2162 2812 biorum,
2193 2757 2317 2798 non
2346 2740 2545 2797 solum
2573 2756 2713 2813 quae
2758 2738 2982 2795 Gothiaa
3010 2738 3073 2793 in
3115 2735 3389 2810 partibus
3415 2749 3560 2790 con-

1902 2836 2127 2888 structa
2155 2846 2284 2886 esse
2312 2829 2610 2897 videntur,
2642 2844 2851 2884 verum
2884 2828 3064 2884 etiam
3089 2831 3146 2883 et
3174 2824 3413 2882 illorum
3429 2839 3561 2897 quae

1899 2920 1960 2975 in
1990 2920 2120 2976 aliis
2150 2918 2496 2990 regionibus
2540 2933 2611 2973 ea
2643 2921 2991 2990 tempestate
3029 2920 3087 2972 et
3114 2914 3422 2986 deinceps,
3454 2927 3563 2985 per

1898 3009 2079 3079 hujus
2123 3006 2401 3079 exempla
2428 3004 2724 3061 aediﬁcata
2766 3008 2946 3076 atque
2977 3002 3052 3059 de
3078 3001 3374 3058 thesauris
3404 2999 3561 3056 illius

1898 3095 2105 3167 ditata,
2138 3094 2290 3150 sicut
2317 3094 2379 3149 in
2421 3098 2599 3149 antea
2641 3096 2953 3149 narratum
2981 3094 3087 3147 est.
3120 3088 3338 3145 Sedulo
3364 3086 3560 3144 consi-

1898 3185 2107 3239 derare
2139 3182 2282 3237 libet
2304 3185 2537 3254 quanta
2558 3179 2890 3237 humilitate
2911 3194 2981 3235 ac
3002 3176 3335 3235 reverentia
3362 3174 3556 3231 isdem

1899 3270 2257 3328 metuendus
2309 3269 2383 3326 sit
2432 3270 2622 3337 locus,
2653 3267 2760 3343 qui
2807 3272 2893 3324 tot
2919 3266 3293 3341 principibus
3329 3264 3561 3321 videtur

1896 3376 2028 3416 esse
2074 3358 2372 3425 munitus;
2418 3356 2716 3431 siquidem
2763 3356 3054 3412 Dominus
3105 3354 3371 3410 Christus
3401 3352 3563 3408 Prin-

1898 3464 2039 3521 ceps
2067 3452 2156 3503 est
2198 3447 2474 3502 omnium
2525 3444 2886 3517 principum,
2919 3446 3040 3500 Rex
3082 3457 3315 3512 regum,
3349 3445 3407 3496 et
3444 3442 3560 3496 Do-

1899 3538 2100 3593 minus
2129 3534 2605 3601 dominantium;
2638 3534 2818 3589 beata
2842 3547 2983 3587 vero
3016 3530 3116 3586 Dei
3160 3529 3412 3600 genitrix
3441 3531 3561 3585 Ma-

1900 3627 1989 3682 ria
2018 3628 2372 3681 cunctarum
2401 3622 2704 3693 virginum
2728 3620 2988 3677 creditur
3014 3634 3143 3675 esse
3172 3618 3381 3689 regina
3406 3636 3419 3685 ;
3460 3616 3559 3673 Mi-

1901 3713 2072 3770 chael
2134 3712 2362 3769 cunctis
2417 3710 2729 3784 praefertur
2775 3708 3118 3778 agminibus
3169 3705 3558 3777 angelorum;

1896 3807 2104 3869 Petrus
2129 3806 2186 3858 et
2213 3800 2481 3857 Andreas
2527 3800 2724 3874 capita
2762 3801 2899 3854 sunt
2944 3796 3398 3870 apostolorum;
3435 3796 3559 3851 Ste-

1904 3894 2143 3967 phanus
2179 3896 2586 3964 protomartyr
2625 3889 3027 3963 principatum
3079 3890 3235 3943 tenet
3271 3885 3333 3941 in
3375 3884 3559 3940 choro

1904 3983 2162 4040 testium.
2191 3981 2467 4039 Martialis
2488 3996 2629 4036 vero
2650 3995 2893 4050 gemma
2910 3977 3165 4048 refulget
3186 3973 3516 4050 praesulum
3543 3992 3557 4044 ;

1906 4072 2253 4129 Benedictus
2278 4076 2632 4128 cunctorum
2664 4073 2829 4126 Pater
2857 4073 2945 4126 est
2972 4067 3431 4126 monachorum.

1554 4410 2152 4500 APPENDlX.

663 4641 893 4704 Charta
927 4644 1275 4725 Raymundz'
1299 4646 1530 4705 comitis
1566 4644 1851 4706 Tolosam'
1862 4664 1979 4726 pro
2008 4643 2367 4724 fundatz'one
2397 4642 2652 4705 abbatis
2696 4637 3034 4700 Vabrensz’s.

222 4952 545 5027 Prisearum
583 4953 783 5027 legum
825 4959 883 5010 et
918 4954 1349 5027 imperatorum
1401 4959 1458 5010 et
1488 4955 1802 5011 consulum
1843 4956 2203 5025 Dadveniat,
2230 4961 2290 5011 et
2318 4971 2441 5011 suae
2468 4952 2675 5027 mortis
2698 4951 2917 5027 laqueo
2957 4947 3169 5027 tradat.
3198 4948 3271 5027 Et
3296 4950 3363 5003 ut
3385 4946 3563 5003 nobis

162 5020 399 5107 decrevit
430 5025 790 5107 auctoritas,
837 5031 903 5080 ut
943 5020 1379 5107 qualiscunque
1422 5042 1680 5107 persona
1726 5043 1795 5081 ex

161 5092 329 5170 nobili
356 5101 520 5170 ortus
549 5111 780 5170 genere
808 5112 923 5170 res
963 5092 1192 5170 suasit!
1226 5092 1587 5170 alieno-jure
1610 5104 1797 5155 trans-

164 5161 309 5243 ferre
338 5161 605 5223 voluerit.
626 5174 761 5243 _tam
804 5167 863 5223 in
912 5168 1178 5243 ecclesiis
1209 5185 1410 5243 quam
1442 5161 1503 5243 in
1538 5169 1668 5225 aliis
1697 5172 1801 5243 ho-

164 5235 427 5313 minibus,
457 5254 565 5313 per
593 5238 854 5313 chartas,
874 5239 1196 5313 codicillos,
1221 5235 1277 5313 et
1301 5240 1594 5313 legitimas
1624 5240 1801 5297 tradi-

165 5308 663 5383 tioneslicentiam
697 5310 915 5367 habeat
944 5311 1223 5383 faciendi.
1252 5308 1657 5376 Quamobrem
1688 5327 1801 5382 ego

164 5380 218 5455 in
267 5380 356 5433 Dei
387 5380 630 5435 nomine
663 5383 1074 5455 Raymundus.
1108 5382 1313 5438 divina
1341 5389 1642 5439 annuente
1671 5380 1803 5453 gra-

169 5450 238 5527 tia
267 5465 462 5527 eomes
492 5456 549 5506 et
577 5450 865 5527 marchio,
890 5457 947 5507 et
971 5470 1126 5527 uxor
1155 5468 1290 5527 mea
1320 5455 1559 5527 Berteyz
1580 5450 1795 5527 pertra-

167 5520 442 5593 ctavimus
476 5538 687 5578 casum
736 5523 1016 5579 humanis
1056 5522 1385 5593 fragilitatis
1410 5520 1644 5593 nostris,
1677 5540 1801 5581 me-

168 5591 381 5647 tuentes
404 5593 566 5649 diem
590 5600 946 5662 extremum,
969 5610 1042 5650 ne
1068 5591 1264 5651 subito
1295 5596 1622 5670 improvisa
1633 5591 1804 5652 mors

1907 5018 2200 5083 Dominus
2239 5028 2479 5082 veniam
2525 5024 2753 5080 donare
2778 5018 3090 5091 "dignetur,
3120 5018 3390 5075 cedimus
3429 5032 3562 5091 res-

1906 5113 2161 5170 sumque
2193 5099 2254 5152 in
2278 5099 2637 5170 perpetuum
2666 5109 2799 5170 esse
2811 5088 3092 5170 volumus
3112 5106 3209 5147 res
3239 5088 3565 5170 proprieta:

1911 5171 1983 5226 tis
2033 5162 2549 5241 nostras-propter
2596 5163 2937 5241 remedium
2981 5162 3477 5241 animaegnqstrae,
3508 5162 3566 5241 et

1908 5245 2151 5314 propter
2174 5231 2508 5314 remedium
2537 5236 2755 5314 anima}
2785 5234 3065 5314 genitoris
3083 5233 3272 5314 nostri
3294 5231 3567 5303 Fulgual-

1910 5304 1991 5377 Eli,
2022 5304 2080 5366 Et
2106 5327 2224 5387 pro
2244 5308 2523 5387 genitrice
2552 5323 2689 5363 mea
2718 5304 3079 5387 Senegundi,
3107 5309 3165 5362 et
3191 5320 3302 5387 pro
3326 5318 3565 5387 germa-

1909 5376 1990 5439 no
2018 5376 2156 5437 me'o
2188 5376 2506 5452 Fredelone
2535 5378 2871 5452 quondam,
2888 5376 2961 5433 ut
2985 5376 3248 5450 quorum
3276 5376 3386 5452 fuit
3407 5390 3567 5432 com-

1911 5452 2125 5528 munis
2139 5468 2332 5528 amor,
2364 5451 2438 5507 sit
2482 5455 2540 5528 e_t
2558 5447 2967 5528 "eleemosyna
2994 5447 3345 5528 communis
3366 5464 3386 5528 ξ
3396 5517 3407 5528 ⁸
3428 5461 3565 5528 quae

1912 5528 2054 5579 sunt
2080 5522 2192 5580 sita
2228 5525 2291 5579 in
2316 5516 2477 5593 pago
2500 5516 2931 5593 Ruthenicoﬁn
2949 5520 3171 5578 vicaria
3188 5535 3325 5593 quae
3349 5516 3565 5573 dicitur

1912 5540 2054 5579 sunt
2080 5540 2192 5580 sua
2228 5540 2291 5579 in
2361 5540 2477 5593 ago
2501 5540 2848 5589 numemco,
2868 5540 2931 5577 ω
2949 5540 3171 5578 vncaria
3236 5540 3325 5575 uae
3349 5540 3561 5573 mcuur

1911 5593 2212 5664 Curiense,
2241 5540 2445 5651 vilfam
2472 5594 2646 5665 cujus
2673 5592 3038 5651 vocabulum
3066 5596 3155 5649 est
3180 5540 3391 5655 gaber,
3421 5601 3561 5642 cum
