3950 6178
214 136 318 189 797

218 264 1698 292 —_____—_____

1175 145 1483 203 JOANNES
1524 148 1703 202 PAPA
1743 151 1804 204 X.
1846 178 1913 187 —
1955 149 2233 207 NOTITIA
2271 149 2660 212 HISTORICA.

3525 173 3629 226 798

1710 280 3613 313 Ἢ

771 380 1297 469 CYPRIANI
1379 385 2137 473 CORDUBENSIS
2224 388 3059 482 EPIGRAMMATA.

517 528 693 601 (Vide
721 532 1088 605 Patrologite
1114 541 1251 592 tom.
1288 537 1496 606 CXXI,
1531 540 1643 596 col.
1672 537 1806 603 567,
1834 539 1898 595 in
1928 540 2257 609 appendice
2280 540 2362 598 ad
2393 542 2587 613 Opera
2616 546 2837 602 Alvari
2862 547 3321 625 Cordubensis.)

1048 708 1065 711 .-
1078 708 1187 713 __.._.__
1206 709 1317 714 _—~__.
1336 708 1565 717 ._.-J_.~

971 768 1839 973 JOANNES

1040 686 3611 749 mw

2004 792 2505 979 ΡΑΡΑ
2677 841 2856 981 Χ.

1285 1162 1777 1277 ΝΟΤΙΤΙΑ
1863 1162 2550 1282 HISTORIGA.

737 1338 953 1411 (Apud
982 1340 1197 1411 Mansi,
1229 1341 1631 1402 Conciliorum
1660 1345 2036 1417 amplissima
2066 1345 2355 1415 collectio,
2390 1354 2533 1405 tom.
2567 1351 2749 1419 XVIII,
2783 1348 2896 1405 col.
2930 1352 3087 1422 315.)

265 1535 528 1615 Joannes
558 1548 633 1615 ρῳ
662 1533 1106 1615 archiepiscopo
1136 1537 1491 1615 Ravennate
1519 1542 1723 1615 factus
1768 1550 1850 1598 est
1882 1551 1925 1601 Α
1957 1548 2167 1611 petens
2196 1558 2307 1612 pro
2338 1559 2398 1599 se
2411 1547 2589 1614 juges
2616 1561 2818 1614 preces
2845 1548 3013 1615 apud
3030 1553 3304 1603 sanctum
3331 1551 3620 1607 Jacobum

188 1606 493 1677 pontifex,
518 1606 611 1677 vel
627 1606 825 1673 potius
846 1607 1430 1677 pseudopapa,anno
1450 1606 1689 1668 Domini
1708 1630 1853 1670 non~

190 1676 513 1752 gentesimo
536 1676 900 1752 duodecimo.
922 1676 1182 1752 tempore
1205 1680 1580 1752 Constantini
1600 1682 1675 1738 im
1681 1698 1850 1752 pera-

193 1748 354 1821 toris
374 1748 712 1821 Orientalis.
746 1747 1072 1821 Theodoro,
1102 1751 1385 1805 meretrix
1416 1747 1854 1821 impudentissi-

192 1819 392 1895 1_na,in
418 1819 597 1895 hujus
619 1819 833 1895 speciei
851 1820 1115 1895 decorem
1142 1819 1512 1879 vehementer
1532 1827 1848 1895 exardens,

191 1889 473 1945 Landoni
513 1891 781 1961 pontiﬁci
830 1890 1145 1961 subrogari
1173 1897 1520 1961 procuravit
1560 1889 1844 1957 eumdem;

191 1976 362 2031 quem
394 1962 520 2036 ipse
541 1960 748 2017 Lando
770 1975 841 2015 er
865 1960 1225 2036 BononienSi
1247 1964 1514 2034 episcopo
1556 1969 1851 2036 archiepi-

191 2046 433 2099 scopum
480 2034 881 2087 Iiavennatem
932 2032 1339 2090 ordinaverat.
1393 2032 1638 2093 Fecerat
1694 2032 1851 2093 illud

200 2102 526 2165 Theodoro,
552 2104 741 2173 inquit
770 2104 1203 2172 Luitprandus.
1237 2122 1309 2161 ne
1328 2110 1544 2164 amasii
1571 2109 1850 2166 ducento-

190 2189 325 2227 rum
352 2175 703 2247 milliarium
740 2176 1205 2244 interpositione,
1230 2180 1436 2247 quibus
1458 2181 1741 2236 Ravenna
1766 2197 1850 2236 se-

188 2250 537 2368 questratur
565 2259 603 2301 a
624 2246 830 2307 Roma,
854 2247 1161 2302 rarissimo
1189 2246 1505 2303 cbncubitu
1522 2253 1843 2320 potiretur.

220 2321 282 2368 ta
313 2317 648 2368 impudicus
676 2317 848 2368 homo
876 2320 1201 2368 meretricis
1243 2320 1467 2368 viribus
1503 2323 1694 2368 Romae
1723 2324 1843 2368 not.

220 2321 282 2370 ta
313 2317 648 2391 impudicus
676 2317 848 2375 homo
876 2320 1201 2391 meretricis
1243 2320 1467 2391 viribus
1502 2317 1694 2391 Romae
1722 2324 1846 2391 pol~

188 2387 338 2445 lens,
369 2387 571 2457 factus
603 2392 684 2441 est
714 2388 1097 2456 pseudopapa
1129 2395 1180 2443 et
1214 2388 1484 2457 nefarius
1510 2390 1661 2446 sedis
1688 2387 1851 2447 inva-

179 2471 307 2510 sor.
343 2454 512 2527 Quod
554 2461 619 2510 ut
662 2454 798 2525 ﬁeri
815 2454 1082 2526 potuisse
1120 2454 1348 2521 credas,
1382 2464 1734 2527 memineris,
1774 2464 1850 2519 te-

184 2530 338 2600 ctor,
372 2525 768 2600 Theodoram,
815 2525 876 2581 ut
929 2534 1188 2600 testatur
1237 2531 1671 2600 Luitprandus,
1698 2525 1850 2589 duas

188 2596 470 2673 habuisse
491 2598 674 2673 filias,
704 2613 885 2673 unam
912 2599 1238 2673 Maroziam
1257 2596 1702 2673 nomine,quam
1722 2606 1849 2661 Ser-

185 2668 833 2738 gio.pseudopmitifici
874 2672 1235 2740 prostituit;
1290 2668 1553 2728 alteram'
1595 2676 1847 2731 Theodo-

186 2754 317 2809 ram
329 2779 341 2801 ,
356 2753 485 2809 quae
496 2754 609 2807 per
628 2740 993 2795 adulterium
1013 2757 1089 2797 ex
1103 2742 1424 2799 Adelberto
1450 2748 1671 2801 Tusciae
1686 2761 1846 2801 mar-

187 2808 397 2884 chione
440 2811 701 2884 suscepit
726 2810 1108 2884 Albericum,
1128 2814 1233 2883 qui
1262 2814 1370 2867 hoc
1402 2818 1660 2884 tempore
1686 2817 1847 2871 urbis

1962 1615 2083 1669 Deo
2113 1615 2341 1683 offerri,
2375 1622 2436 1668 ut
2487 1618 2548 1669 in
2599 1617 2712 1672 hac
2758 1619 2879 1671 vita
2923 1625 2978 1672 et
3021 1620 3079 1672 in
3127 1619 3275 1673 hora
3305 1621 3498 1674 obitus
3528 1624 3625 1675 sui

1963 1686 2147 1759 Deum
2169 1687 2493 1759 propitium
2512 1686 3395 1759 habeat.CumqueSisenandus
3412 1692 3472 1745 in
3484 1707 3622 1759 per-

1962 1754 2323 1829 vestigandis
2345 1756 2623 1811 Romana?
2640 1756 2907 1813 Eerlesim
2916 1754 3140 1814 ritibus
3157 1764 3311 1814 totus
3329 1754 3613 1829 intentus,

1963 1828 2465 1903 invenisseteosin
2482 1829 2687 1882 multis
2693 1830 2882 1903 plane
2895 1830 3157 1903 diversos
3181 1846 3299 1885 esse
3323 1831 3398 1886 ab
3421 1833 3493 1886 iis
3514 1828 3624 1903 qui

1962 1900 2022 1952 in
2050 1898 2291 1968 Missali
2315 1899 2724 1968 Hispanorum
2755 1901 3066 1956 Mozarabi
3090 1903 3396 1958 nominato
3426 1898 3615 1958 conti-

1959 1967 2278 2041 nebantur.
2311 1967 2468 2037 legal
2477 1971 2522 2027 is
2540 1972 2867 2039 pontiﬁciis
2890 1986 2966 2026 ea:
2985 1972 3285 2041 Hispania
3311 1973 3615 2030 disceden-

1961 2039 2114 2093 tibus
2162 2054 2333 2112 suum
2364 2041 2470 2096 ille
2499 2042 2805 2110 adjund'it,
2835 2056 2946 2111 per
2975 2039 3143 2112 quem
3176 2058 3211 2097 a
3242 2044 3476 2100 Joanne
3504 2059 3614 2112 pa-

1952 2125 2037 2178 pa
2057 2111 2413 2179 facultatem
2440 2113 2665 2180 accepit
2688 2110 3045 2167 emendandi
3066 2115 3215 2167 ritus
3239 2110 3623 2169 Missalislsui

1958 2182 2021 2234 in
2051 2181 2124 2235 iis
2152 2196 2306 2252 quae,
2330 2184 2579 2251 majoris
2622 2184 2904 2237 momenti
2935 2183 3297 2238 viderentur.
3331 2184 3611 2251 (AMBROS.

1958 2253 2226 2324 Monam-:3
2254 2251 2467 2307 Chron.
2501 2252 2679 2324 Hisp..
2716 2253 2817 2307 lib.
2860 2254 2947 2316 l5,
2978 2269 3027 2307 c.
3058 2253 3176 2317 47.)

2028 2322 2189 2379 Idem
2213 2325 2494 2391 ponti/ea:
2535 2322 2895 2379 Hilduinum
2946 2325 3346 2394 Tungrensem
3392 2326 3613 2394 episco-

1951 2407 2121 2466 pium,
2152 2408 2321 2466 quem
2350 2395 2543 2466 clerus
2588 2400 2640 2450 et
2665 2396 2927 2463 populus
2976 2396 3253 2464 elegerat,
3300 2398 3523 2466 rejecit,
3559 2402 3615 2453 et

1956 2462 2307 2536 Richarium
2338 2462 2604 2519 abbatem
2655 2462 2691 2519 a
2723 2462 2859 2536 rege
2883 2462 3256 2534 propositum
3287 2462 3610 2529 ordinavit,

1957 2534 2125 2604 eique
2153 2548 2395 2589 causam
2427 2542 2480 2591 et
2512 2534 2974 2592 controversiam
3008 2536 3339 2593 biennalem
3369 2537 3616 2606 adjudi-

1958 2606 2136 2659 cavit.
2169 2606 2603 2678 (ligonem!)ch
2634 2608 2843 2675 Seuth
2873 2607 3191 2663 Rhemensi
3216 2609 3614 2678 archiepisco-

1953 2691 2031 2742 po
2058 2683 2189 2744 post
2221 2677 2539 2733 Heriveum
2572 2678 2921 2746 defunctum
2962 2679 3222 2746 pallium
3251 2677 3432 2735 misit.
3462 2680 3614 2737 Cum

1959 2746 2068 2801 hoc
2090 2746 2467 2802 Heritbertus
2488 2758 2674 2803 comes
2686 2749 3032 2818 Aquitaniae
3040 2751 3409 2817 potentissim
3418 2766 3485 2805 us
3500 2766 3611 2820 pa-

1958 2824 2115 2887 ctum
2142 2820 2417 2881 iniverat,
2450 2824 2513 2872 ut
2542 2820 2704 2886 ﬁlius
2733 2834 2875 2873 suus
2892 2822 3303 2887 praeﬁceretur
3323 2821 3613 2877 Rhemen-

190 2881 387 2959 Romae
413 2882 825 2959 principatum
854 2881 1208 2959 usurpabat,
1230 2881 1537 2959 eiquefere
1561 2888 1720 2942 solus
1742 2889 1846 2943 do-
1880 2899 1917 2950 n
1956 2888 2009 2941 si
2044 2884 2370 2958 Ecclesiae;
2406 2904 2474 2944 ea
2524 2881 2805 2944 nimirum
2853 2881 3199 2955 intentione,
3234 2898 3298 2946 ut
3325 2897 3614 2959 potestate

187 2952 570 3023 minabatur:
602 2957 895 3022 prteterea
942 2954 1270 3010 Maroziam
1297 2952 1435 3023 post
1463 2958 1683 3013 obitum
1712 2961 1844 3013 Ser-

184 3024 276 3097 gii
298 3022 579 3097 nupsisse
605 3024 845 3097 Widoni
882 3025 1012 3091 ﬁlio
1041 3022 1369 3085 Adelberti,
1406 3028 1667 3097 legitimo
1700 3031 1843 3084 Tus-

186 3095 294 3169 ciae
308 3092 596 3163 principi.
622 3095 793 3169 cujus
827 3100 998 3169 tanta
1030 3102 1157 3151 erat
1183 3092 1480 3169 potentia,
1508 3104 1572 3153 ut
1603 3110 1711 3155 rex
1739 3116 1843 3169 po-

185 3165 305 3240 tius
330 3180 508 3240 quam
536 3166 802 3240 m_archio
828 3164 1134 3240 videretur
1154 3164 1575 3236 appellandus.
1602 3170 1709 3224 His
1726 3164 1844 3240 ilu-

184 3236 377 3290 ctibus
404 3236 757 3305 agitabatur
786 3238 1069 3294 navicula
1098 3239 1286 3293 Petri.
1334 3240 1543 3295 Verum
1570 3236 1845 3297 Christus

182 3322 248 3382 in
278 3322 347 3382 ea
375 3308 673 3382 dormiens
682 3308 1033 3382 patiebatur
1052 3309 1225 3366 illam
1247 3311 1371 3366 istis
1396 3314 1680 3379 procellis
1707 3328 1843 3382 ope-

183 3379 304 3450 riri
329 3384 383 3434 et
414 3380 707 3450 immergi,
734 3380 837 3435 sed
861 3395 981 3450 non
1008 3382 1193 3448 plane
1234 3382 1556 3438 absorberi.
1588 3379 1753 3439 Nam'
1772 3386 1842 3439 ti-

185 3447 453 3524 beratam
487 3449 561 3506 ab
594 3447 1217 3524 inﬁnitishipresibus,
1246 3458 1454 3507 contra
1484 3454 1842 3524 gravissima

180 3519 480 3593 scandala
508 3520 767 3578 reddidit
784 3521 939 3593 adeo
963 3527 1171 3581 tutam.
1192 3526 1257 3578 ut
1277 3537 1396 3593 qua
1421 3519 1505 3579 de
1519 3536 1700 3581 causa
1724 3525 1841 3581 hae-

182 3590 362 3647 retici
407 3597 720 3665 novatores
764 3592 1094 3665 Ecclesium
1145 3590 1306 3650 velut
1353 3595 1526 3663 impii
1567 3596 1841 3665 blasphe.

180 3667 374 3723 mant,
406 3664 669 3720 eamdem
717 3664 788 3720 ob
820 3679 1061 3721 causam
1104 3665 1225 3732 ﬁlii
1265 3665 1525 3733 ejusdem
1565 3664 1844 3722 Ecclesiae

182 3735 307 3789 Deo
358 3736 523 3804 grati
567 3736 755 3791 Deum
802 3734 1047 3791 laudent
1096 3740 1151 3792 et
1193 3736 1561 3792 benedicant.
1600 3738 1841 3794 Initium

176 3806 566 3879 pontiﬁcatus
606 3806 861 3863 Joannis
912 3807 995 3862 ad
1022 3821 1249 3861 annum
1283 3806 1655 3879 (Jhristi9t2
1683 3807 1842 3879 (556)

180 3877 564 3948 referendum
622 3892 740 3933 esse
797 3883 956 3933 certo
1007 3882 1359 3948 argumento
1406 3877 1715 3948 colligitur
1769 3877 1844 3935 ed"

181 3946 485 4019 Chronico
532 3947 841 4005 Cassinate
884 3946 1097 4005 Leonis
1146 3949 1445 4014 Ostiensis,
1485 3946 1586 4004 tib.
1634 3964 1674 4011 ι,
1707 3964 1838 4019 cap.

178 4018 277 4081 55,
301 4018 405 4073 ubi
426 4019 722 4089 ingentem
754 4021 1064 4076 victoriam
1096 4020 1169 4075 de
1190 4020 1510 4076 Saracenis
1541 4018 1841 4078 obtentam

177 4090 327 4144 dicit
394 4092 714 4160 contigisse
764 4106 924 4147 anno
990 4092 1396 4160 Redemptoris
1454 4093 1647 4146 nostri
1706 4092 1839 4155 9t5,

178 4107 327 4144 aicu
394 4107 554 4145 conti
603 4107 714 4148 isse
764 4107 924 4147 anno
990 4107 1396 4160 ueaemptorts
1454 4107 1640 4146 nostri
1706 4107 1839 4155 mo,

178 4161 316 4215 indi
330 4162 509 4217 :tione
534 4107 595 4225 3‘:
627 4162 951 4218 invasionis
981 4177 1117 4217 vero
1143 4162 1396 4217 Joannis
1422 4179 1580 4218 anno
1598 4164 1657 4216 3.
1676 4163 1843 4231 Quod

175 4232 235 4286 si
248 4244 453 4305 verum
482 4238 748 4302 est,opus
778 4236 862 4288 est
884 4233 1198 4302 afﬁrmare
1226 4246 1356 4289 eum
1383 4245 1541 4288 anno
1566 4232 1755 4289 9t23e
1778 4234 1841 4288 in
1872 4248 1912 4301 ρ
1952 4232 2066 4288 tali
2088 4233 2369 4303 pontiﬁce
2404 4232 2675 4304 (lignum.
2704 4249 2875 4304 quem
2921 4234 3169 4303 infamis
3193 4235 3255 4305 fe

174 4304 375 4358 sedem
428 4306 816 4373 apostolicam
867 4306 1195 4360 intrusisse.
1228 4305 1328 4359 Ea:
1368 4305 1542 4359 rebus
1591 4305 1700 4360 sub
1732 4305 1841 4360 hoc

171 4375 463 4443 pontiﬁce
483 4377 662 4444 gestis
692 4376 1013 4433 verisimile
1040 4390 1161 4432 esse
1190 4376 1521 4443 colligitur,
1551 4376 1712 4446 quod
1738 4377 1845 4446 qui

173 4447 444 4509 invasor,
475 4448 585 4516 fur
609 4452 663 4516 et
698 4448 854 4503 latro
885 4448 1185 4516 ingressus
1206 4454 1358 4509 erat,
1386 4447 1698 4503 accedente
1723 4448 1839 4502 cle-

173 4519 238 4571 ri
276 4532 587 4583 consensu,
622 4515 920 4588 legitimus
959 4515 1273 4573 Romanus
1315 4518 1591 4588 ponti/ex
1635 4516 1848 4573 haberi

172 4588 439 4657 experit,
458 4586 695 4660 quando
722 4587 905 4657 copiis
926 4588 1048 4643 suis
1074 4602 1206 4644 cum
1230 4586 1505 4643 Alberico
1520 4586 1839 4656 ﬁlioAdel-

172 4660 333 4713 berti
378 4660 744 4715 marchionis
800 4660 1023 4714 Tuscia
1070 4661 1425 4729 conjunctis,
1468 4672 1600 4714 cum
1641 4660 1837 4714 eodem

171 4736 393 4785 contra
423 4732 755 4786 Saracenos
784 4734 845 4786 in
876 4732 1157 4799 praelium
1186 4732 1366 4787 venit.
1390 4730 1545 4784 Nam
1569 4736 1705 4798 post
1727 4732 1838 4785 Sa-

168 4816 428 4856 racenos
475 4800 799 4858 debellatos
844 4801 1093 4859 diversae
1137 4802 1459 4871 legationes
1490 4816 1564 4855 e1:
1593 4800 1839 4855 diversis

170 4872 339 4926 orbis
356 4872 658 4942 partibus,
681 4888 797 4942 pro
818 4872 1029 4942 palliis
1056 4872 1267 4942 aliisve
1295 4871 1468 4926 rebus
1509 4871 1836 4942 imploran-

170 4944 291 5010 dis,
323 4940 405 5014 ad
434 4956 563 5014 eum.
612 4940 1137 5014 missaa'leguntur.
1171 4941 1270 4997 Ad
1297 4940 1670 5010 referendam
1703 4956 1839 5011 gra-

174 5014 323 5068 tiam
352 5012 719 5085 Beren'gario
748 5028 861 5083 pro
890 5012 1124 5070 auxilio
1153 5014 1313 5084 quod
1342 5019 1552 5085 contra
1585 5015 1837 5085 Sarace-

170 5100 280 5139 nos
313 5083 561 5147 tulerat,
590 5087 855 5142 eumdem
902 5100 1099 5142 mense
1128 5083 1481 5155 Septembri,
1513 5099 1673 5139 anno
1702 5083 1836 5152 9t5,

172 5156 595 5224 imperatorem
621 5157 886 5213 inunxit.
914 5158 1015 5213 Ea:
1038 5157 1272 5213 delictis
1299 5155 1576 5225 pluribus
1609 5161 1836 5211 retroa-

171 5227 286 5280 ctis
316 5227 676 5283 conscientia
706 5227 1030 5289 sauciatus,
1066 5227 1258 5283 animi
1288 5224 1496 5282 dolore
1521 5226 1835 5294 languens,

173 5297 442 5366 legatum
506 5298 667 5353 misit
733 5298 1191 5367 Compostellam
1267 5296 1349 5353 ad
1431 5297 1834 5352 venerandum

171 5382 396 5437 corpus
424 5372 622 5424 sancti
646 5369 861 5425 Jacobi
887 5372 1162 5440 apostoli,
1186 5368 1464 5439 deditque
1497 5369 1728 5423 litteras
1758 5367 1840 5422 ad

170 5443 450 5496 sanctum
472 5441 867 5497 Sisenandum
888 5442 1149 5511 ejusdem
1171 5441 1450 5498 Ecclesiae
1473 5440 1832 5508 episcopum.

1959 2960 2221 3029 ungendi
2265 2974 2430 3029 reges
2473 2974 2651 3028 penes
2700 2962 3081 3017 Rhemensem
3131 2963 3474 3025 constituta,
3503 2978 3616 3019 rem

1958 3028 2300 3113 (galliarum
2336 3028 2679 3113 ungeretur.
2712 3047 2880 3113 quem
2924 3032 3099 3113 illum
3131 3033 3379 3113 electum
3412 3035 3610 3113 vellet.

1955 3101 2109 3172 Dum
2140 3116 2278 3172 ergo
2307 3102 2570 3156 ministri
2586 3101 2811 3157 comitis
2834 3118 3013 3157 mora?
3038 3105 3413 3172 impatientes
3438 3104 3612 3160 Seut-

1949 3170 2083 3239 fum
2133 3168 2644 3241 archiepiscopum
2692 3173 3017 3241 propinata
3067 3168 3284 3229 veneno
3340 3188 3370 3228 e
3422 3175 3613 3229 medio

1953 3242 2349 3313 sustulissent,
2369 3243 2532 3311 ﬁlius
2554 3244 2860 3299 Heriberti
2888 3245 3138 3310 comitis,
3169 3259 3323 3314 puer
3345 3245 3610 3301 nondum

1951 3314 2373 3438 qtuinquennis,
2403 3314 2560 3382 proh
2600 3316 2793 3370 scelus
2850 3316 3231 3371 inauditum!
3281 3316 3500 3371 electus
3529 3321 3614 3372 est

2007 3382 2293 3438 hemensis
2315 3385 2813 3438 archiepiscovus.
2836 3387 3087 3438 Factum
3109 3388 3293 3438 plane
3315 3393 3613 3438 monstro-

2007 3382 2293 3440 hemensis
2315 3385 2813 3455 archiepiscopus.
2836 3387 3087 3443 Factum
3108 3388 3293 3456 plane
3315 3393 3613 3443 monstro-

1951 3469 2102 3517 sum,
2130 3470 2437 3526 nunquam
2470 3456 2758 3512 hactenus
2785 3458 2847 3511 in
2876 3457 3015 3512 orbe
3045 3457 3390 3512 Christiano
3423 3458 3611 3512 visum

1952 3540 2058 3579 nec
2111 3524 2410 3588 auditum,
2469 3526 2583 3581 imo
2643 3543 2750 3581 nec
2798 3530 2944 3594 puto
3000 3533 3191 3582 mente
3241 3532 3609 3595 conceptum,

1950 3596 2211 3650 Joannes
2237 3608 2401 3665 papa
2432 3610 2550 3650 non
2605 3598 2780 3651 modo
2818 3610 2939 3650 non
2970 3597 3351 3666 improbavit,
3384 3598 3486 3652 sed
3509 3598 3610 3665 fa-

1952 3671 2109 3721 ctam
2129 3668 2334 3735 potius
2365 3668 2704 3721 electionem
2732 3672 2929 3721 ratam
2953 3682 3073 3721 esse
3095 3668 3303 3732 voluit,
3330 3681 3611 3721 munera-

1951 3751 2064 3807 que
2087 3737 2451 3807 episcopalia
2494 3737 2732 3792 Abboni
2759 3736 3130 3792 Suessionico
3160 3738 3428 3805 episcopo
3454 3752 3611 3792 com-

1951 3804 2192 3880 misit’et
2225 3804 2522 3878 delegavit
2549 3825 2561 3873 ;
2598 3823 2822 3880 suoque
2852 3807 2962 3863 hoc
2986 3808 3155 3880 facto
3187 3804 3432 3876 infamis
3457 3822 3611 3880 pon-

1953 3879 2104 3947 tifex
2157 3880 2409 3947 posteris
2457 3878 2791 3948 exemplum
2834 3878 3116 3948 praebuit.
3162 3883 3224 3932 ut
3279 3878 3613 3947 complures

1945 3950 2251 4018 principes
2284 3964 2402 4005 non
2434 3952 2666 4005 tantum
2701 3951 2828 4011 hoc,
2862 3949 2964 4005 sed
3001 3951 3176 4005 etiam
3202 3949 3610 4018 subsequenti-

1953 4020 2056 4075 bus
2088 4022 2341 4083 saeculis,
2366 4022 2528 4090 proh
2558 4021 2732 4076 dolor
2754 4026 2774 4077 ,ν
2815 4021 3289 4077 adolescentulos
3332 4020 3446 4076 sibi
3470 4035 3611 4076 san-
3668 4086 3677 4091 θ

1949 4093 2131 4161 guine
2144 4094 2389 4160 junctos
2416 4094 2477 4147 in
2507 4107 2768 4147 summas
2798 4092 3117 4148 cathedras
3156 4092 3420 4148 maximo
3451 4093 3611 4149 malo

1949 4162 2359 4219 Ecclesiarum
2399 4163 2739 4231 promoveri
2759 4165 3245 4232 procuraverint.
3280 4162 3439 4289 Opus
3471 4177 3614 4218 sane

1952 4232 2066 4288 tali
2088 4233 2369 4303 pontiﬁce
2404 4232 2675 4304 (lignum.
2704 4249 2875 4304 quem
2921 4234 3169 4303 infamis
3193 4235 3313 4304 fem
3343 4249 3423 4291 na
3448 4233 3611 4304 infa-

3260 4248 3423 4291 mina
3448 4248 3611 4291 Ulla-

2068 4318 2244 4373 opere
2286 4306 2608 4429 inigofium
2655 4306 2825 4361 Petri
2866 4307 3222 4362 intruserat.
3270 4307 3607 4375 (FLODOARD.

2040 4389 2159 4429 .IV.
2190 4391 2321 4429 can.
2431 4417 2443 4429 .
3340 4425 3344 4429 .

1975 4375 2052 4429 ib.
2079 4389 2159 4441 ιν,
2190 4391 2321 4441 cap.
2361 4376 2468 4441 19.)
3340 4425 3344 4431 .

2020 4376 2611 4517 Ξίέἓζιξᾶτῗᾶηΐόὶνίὸᾳε
2636 4446 2905 4501 Ecclesia
2941 4425 3611 4517 Constantinopolitano

1949 4514 2107 4571 inter
2122 4514 2439 4587 'Euthgmii
2466 4520 2520 4572 et
2550 4515 2791 4571 Nicolai
2808 4514 3308 4586 patriarcharum
3338 4514 3611 4583 fautores

1948 4586 2264 4642 schismate
2291 4586 2504 4651 divisa,
2536 4589 2705 4642 unita
2735 4592 2838 4648 est,
2870 4587 3226 4655 sublataque
3256 4589 3341 4640 est
3371 4589 3608 4655 contro-

1948 4659 2142 4714 versia
2172 4659 2283 4713 illa
2313 4659 2386 4714 de
2435 4659 2736 4727 trigamia,
2770 4670 2903 4727 quas
2931 4654 3236 4712 occasione
3264 4657 3470 4710 Leonis
3490 4654 3609 4727 δᾳ·

1942 4730 2162 4797 pientis
2174 4736 2391 4799 quarto
2413 4726 2687 4785 nubentis
2709 4726 3235 4795 Constantinopoli
3244 4726 3453 4799 oborta
3460 4726 3606 4799 fuit.

1950 4796 2416 4870 (Conon—unus.)
2450 4800 2767 4861 Henricus,
2788 4804 2924 4866 post
2954 4799 3175 4870 obitum
3208 4796 3487 4870 Conradi,
3506 4797 3609 4866 fa-

1948 4864 2075 4925 ctus
2104 4876 2187 4926 est
2217 4886 2325 4926 rea;
2370 4870 2743 4940 Germanice;
2773 4864 2878 4940 qui
2901 4885 3035 4923 cum
3068 4868 3323 4940 velatam
3368 4864 3608 4940 viduam

1945 4941 2165 4995 Ervini
2186 4943 2434 4997 senioris
2461 4940 2653 5009 ﬁliam
2683 4937 2948 4995 dui‘isset
2978 4952 3248 5001 uxorem,
3266 4937 3339 4992 de
3361 4937 3607 4993 sacrile-

1946 5013 2042 5082 gio
2073 5018 2401 5081 correptus.
2435 5012 2547 5066 illa
2591 5011 2842 5069 deserta.
2882 5010 3133 5082 pedibus
3178 5009 3424 5082 Romam
3469 5020 3607 5082 con—

1948 5079 2191 5140 tendens
2217 5079 2627 5152 pumilentiam
2659 5082 2795 5152 egit.
2826 5081 2926 5136 Ad
2950 5079 3608 5152 subjugandosLoth‘a-

1912 5190 1923 5197 -
1946 5156 2151 5223 ringos
2173 5149 2503 5223 profectus,
2524 5168 2636 5222 per
2660 5149 2921 5223 legatum
2947 5151 3157 5223 Caroli
3176 5150 3479 5223 Simplicis
3502 5149 3607 5205 do-

1946 5241 2021 5304 no
2048 5220 2553 5304 accepit'manum
2586 5220 2778 5304 sancti
2798 5222 3073 5304 Dionysii
3101 5235 3251 5304 auro
3283 5220 3603 5304 inclusam.

1945 5288 2330 5365 Berengarus
2379 5296 2725 5363 imperator,
2771 5309 2903 5350 cum
2954 5288 3015 5348 in
3064 5292 3263 5365 odium
3301 5288 3611 5365 Bodulphi

1945 5367 2102 5436 regis
2144 5364 2342 5435 foedus
2370 5367 2599 5422 iniisset
2631 5378 2764 5421 cum
2793 5364 3131 5431 Saracenis,
3163 5376 3200 5418 α
3229 5364 3352 5418 suis
3381 5364 3607 5417 occisus

1944 5444 2031 5494 est
2076 5437 2539 5508 (LUITPRANDUS.)

245 5561 563 5635 (556)_Imo
591 5560 731 5634 913;
762 5578 904 5621 nam
935 5562 1073 5621 victi
1120 5564 1397 5622 Saraceni
1443 5562 1570 5633 915,
1598 5576 1805 5617 mense
1845 5564 1994 5631 Aug.
2025 5563 2285 5617 Joannes
2328 5556 2745 5633 pontiﬁcatum
2791 5557 2920 5617 iniit
2965 5571 3064 5615 an.
3098 5559 3228 5629 913,
3268 5553 3380 5611 sub
3421 5554 3605 5611 ﬁnem

177 5633 469 5693 Januarii.
503 5637 585 5691 En
616 5650 816 5694 annus
846 5636 1071 5693 tertius.
