4000 6190
381 196 487 250 ’799

1790 161 2082 220 JOANNIS
2120 160 2317 215 ΡΑΡᾹΞ
2356 159 2417 213 Χ.

3655 145 3740 201 800

458 316 723 385 Cumque
762 314 894 380 post
940 306 1065 361 haec
1103 300 1301 355 omnia
1350 298 1612 352 Joannes
1648 304 1810 361 papa
1858 300 2047 343 annos
2087 289 2130 340 A
2160 285 2289 364 ejus
2311 280 2585 361 imposito
2599 276 2851 347 pessime
2869 267 3331 352 su/focatusfuit
3360 271 3523 335 atque
3539 266 3743 350 {tignum

772 383 783 385 —
939 383 946 385 -
1087 376 1093 382 -
1197 377 1208 385 -
1280 368 1443 385 "var-
1490 365 1712 385 ηνηιέ--
1756 357 2020 385 mnum“
2159 370 2276 385 ...ηρ
2330 349 2643 385 οηοιοηιηιρ
2696 348 2866 385 Bnm'n
2910 346 3138 385 nrt-amt
3186 353 3416 385 mimsor
3455 343 3505 385 et
3530 345 3743 385 mmstm

383 357 640 445 εειῖεἷῖἶιῖ
653 357 886 439 "é’eé'eh'i
926 357 1231 435 tenuisset,
1280 368 1453 423 Wido
1487 357 2042 445 Titsciwrimarchio,

384 433 874 515 EZZzSE'iidib'iig
900 445 1192 513 conjugis.
1214 433 1344 515 quae
1375 433 1908 515 quondamusergto
1934 444 2044 515 pu—

380 506 823 600 ﬁ'ﬁié's'zitam
844 506 2046 600 luerdlfeum'dem‘prpgtnenﬂumina-

380 572 477 670 ἵει-Ξ
498 572 877 670 ᾗέῖὗίιᾶἦὶᾶἡ,
902 572 1071 668 quem
1093 599 1325 640 summa
1357 572 1416 636 in
1427 572 1587 660 vidit;
1612 572 2047 670 pilosequebau—

387 649 673 733 ῖιῖνῗέὲιίρ
720 649 983 733 amotum
1016 659 1078 712 in
1109 668 1411 733 carcerem
1441 649 1695 733 coniecit
1716 662 1736 701 :
1780 652 1959 733 atque
1987 649 2064 725 mo

385 717 961 797 éBdéh'hbdmuuo'
980 734 1118 798 post
1149 727 1492 795 defunctus,
1529 717 1621 777 uel
1650 717 1931 779 cervicali
1961 717 2060 769 orz'

401 888 2743 939 _____________________._______—

1290 1036 2094 1169 JOANNIS
2176 1025 2695 1149 PAPE

2154 338 2276 410 suis
2326 338 2643 408 sceleribus
2690 348 2866 415 ﬁnem
2910 338 3138 411 accepit
3186 340 3416 415 inpasor
3450 343 3505 415 et
3530 338 3745 415 injustas

2157 408 2430 481 detentor
2457 422 2608 477 sedis
2636 408 2974 489 apostolicae
2997 428 3019 468 .'
3048 408 3125 467 ut
3162 410 3264 489 qui
3290 424 3401 489 per
3439 408 3744 489 impudicam

2157 479 2409 552 uentrem
2449 479 2812 547 Theode'ram
2838 479 3288 552 sacrosanctam,
3305 479 3485 535 sedem
3509 480 3748 535 violenter

2160 551 2444 636 arripuit,
2469 578 2584 633 per
2632 562 2822 636 ﬁliam
2878 570 3040 627 aeque
3086 551 3439 636 impudicam
3479 552 3751 636 justaﬂei:

2162 622 2673 704 uindicta'éjectus
2704 637 2759 687 et
2788 631 2851 704 in
2877 622 3171 683 carcerem
3204 623 3587 704 cogjectusmu
3605 622 3749 675 simul

2163 692 2297 765 cum
2320 692 2443 763 vita
2471 692 2756 762 caruerit.
2790 703 3146 771 (LUITPRAND.
3178 700 3233 750 et
3267 692 3580 761 FLODOARD.)

2981 885 3087 894 μοι-

2784 888 2885 895 ...σ-
2916 886 2962 895 ..υ

1053 1282 1498 1405 EPISTé
1538 1279 1791 1396 tLiE
1938 1273 2077 1391 ΕἹ

2232 1264 2479 1385 PR1
2509 1266 2576 1374 ’τί
2601 1254 3163 1379 ILEGUE.

1895 1483 2320 1512 ἒ

1214 1635 1253 1686 l.
2092 1620 2130 1673 Β
2166 1615 2282 1670 hoc
2311 1609 2479 1684 quod
2503 1607 2584 1664 illi
2610 1607 2765 1677 juste
2797 1599 3098 1674 competit,
3112 1597 3501 1686 denegamus.
3531 1593 3760 1663 Optamus

404 1741 670 1782 EPISTOLA
699 1739 924 1779 JOANNIS
954 1739 993 1776 x
1023 1736 1099 1777 AD
1132 1733 1426 1775 EPlSCOPOS
1459 1730 1830 1770 maneamus
1856 1726 2057 1767 ranula.
2170 1719 2280 1759 vos
2310 1702 2371 1756 in
2399 1698 2631 1754 Christo
2669 1708 2831 1750 nunc
2860 1694 2917 1746 et
2946 1702 3187 1760 semper
3216 1684 3369 1739 bene
3398 1679 3594 1736 valere.

1049 1810 1244 1880 (Anno
1270 1809 1421 1869 914.)

2968 1800 3033 1852 lI.

405 1906 455 1958 Α
462 1905 548 1976 git
560 1901 1009 1970 metropolitani
1030 1898 1464 1976 ordinationem
1487 1894 1839 1976 conﬁrmat;
1862 1889 2064 1976 gerul-

2196 1928 2529 1971 ‘RIVILEGIUM
2578 1923 2803 1965 JOANNIS
2842 1922 2881 1960 Χ
2922 1916 3188 1958 ΗᾹῙΩΗΟΝΙ
3245 1911 3442 1953 ABBATI
3489 1906 3760 1949 CONCESSI'I.

460 1965 601 2028 Hum
626 1965 1003 2066 perbasoretu
1026 1969 1314 2066 dafntflat;
1343 1966 1497 2066 49ίο
1803 1965 2007 2017 mm“-
2177 1965 2191 1972 -
2281 1965 2290 1971 ’
2307 1965 2478 1971 wn"
2513 1965 2527 1966 ᾧ
2823 1995 3017 2063 (Anno
3046 1988 3197 2058 917.)

722 2057 916 2157 [Αριξά
941 2055 1145 2125 Man“:
1177 2058 1348 2111 “om”
1384 2058 1525 2107 tom'
1556 2051 1850 2157 xvlu']n_,
1914 2140 2040 2157 ,μή
2301 2087 2653 2147 Monasterii
2682 2051 3020 2157 Saluatoris
3050 2051 3364 2157 Fultiensis
3388 2069 3673 2141 privilegia

478 2153 723 2205 Joannes
770 2147 1115 2220 episcopus,
1149 2159 1358 2198 servus
1399 2156 1704 2196 servorum
1757 2140 1878 2209 Dei,
1912 2140 2067 2192 Beci-
2301 2140 2581 2147 ""'"""
2834 2152 3170 2219 conﬁrmat.

410 2253 588 2294 nunc
650 2235 947 2303 Biterensi,
1005 2239 1240 2288 Anu/mo
1297 2230 1627 2295 Tolosensi,
1690 2232 1926 2283 meum
1976 2223 2065 2279 E1-

410 2326 606 2389 nensi,
665 2326 898 2379 Gmsnza
954 2319 1355 2384 Carcassensi,
1410 2321 1624 2373 WIGONI
1677 2314 2065 2383 Gerundensi,

414 2417 679 2471 Gaamno
745 2410 1086 2481 Agathensi.
1152 2412 1458 2464 Tncnrzmco
1528 2405 1862 2473 Lutovcnsi,
1931 2406 2068 2458 Reu-

413 2519 585 2559 θεειΤο
616 2499 1026 2566 Nemausensi,
1057 2498 1198 2554 item
1227 2500 1536 2552 Teunemco
1578 2492 2068 2561 Barchinonensi,

415 2594 666 2647 GEORGIO
695 2587 1053 2656 Ausonensi,
1104 2588 1412 2641 RUDOLPHO
1463 2583 1912 2653 Orgelitanensi,
1966 2583 2070 2635 Ec-

416 2680 731 2736 clesiarum
786 2676 995 2735 Christi
1044 2672 1552 2730 reverendissimis
1581 2688 1651 2728 ac
1682 2670 2071 2726 sanctissimis

417 2768 734 2841 episcopis.

491 2856 826 2915 Sanctitatis
851 2858 1060 2910 vestrm
1080 2852 1302 2909 litteras
1334 2850 1408 2905 de
1439 2850 1896 2923 metropolitano
1928 2848 2073 2917 Agio

419 2947 827 3018 suscipientes,
860 2943 998 2997 huic
1027 2940 1274 2996 insidias
1320 2944 1375 2994 et
1420 2938 1662 2994 fraudes
1707 2937 1939 2993 Geraldi
1969 2953 2073 2992 ne-

418 3034 695 3108 quissimi
717 3033 770 3087 ei
800 3031 992 3087 illatas
1022 3032 1433 3099 agnoscentes,
1467 3027 1641 3083 valde
1668 3026 1992 3093 doluimus,
2020 3032 2076 3083 et

420 3121 595 3196 quasi
620 3125 823 3176 nostro
856 3134 1101 3191 corpore
1129 3116 1516 3189 suscipientes
1537 3116 1882 3172 defecimus.
1910 3116 2076 3170 Unde

420 3217 628 3268 vestrae
657 3210 952 3265 sanctitati
982 3213 1193 3263 notum
1220 3223 1350 3261 esse
1384 3205 1685 3276 volumus,
1708 3206 1851 3277 quia
1872 3204 2080 3277 praefa-

423 3306 516 3359 tus
548 3299 835 3356 Geraldus
885 3297 1212 3365 falsidicus,
1245 3295 1323 3352 ad
1368 3297 1524 3350 hanc
1555 3300 1825 3351 sanctam
1872 3299 2082 3351 ltoma-

424 3404 569 3445 nam
596 3392 775 3460 atque
802 3385 1195 3459 apostolicam
1228 3384 1569 3449 Ecclesium,
1589 3384 1683 3439 cui
1700 3389 1940 3439 auctore
1962 3384 2081 3438 Deo

423 3477 712 3541 deservio,
745 3476 1015 3545 veniens,
1048 3489 1085 3529 a
1115 3473 1289 3529 nobis
1328 3472 1501 3545 quasi
1550 3472 1856 3538 innocens,
1889 3472 2082 3527 subri-

424 3580 565 3639 pere
598 3563 785 3618 voluit
811 3562 1250 3635 episcopatum,
1270 3562 1365 3616 cui
1392 3577 1520 3627 nos,
1550 3561 1686 3617 licet
1715 3562 1845 3632 ejus
1868 3561 2083 3633 iniqui-

423 3654 560 3710 tatis
585 3652 905 3708 versutiam
935 3650 1170 3723 plenius
1218 3665 1338 3705 non
1371 3656 1782 3718 agnoscentes,
1816 3666 2085 3706 commo-

425 3743 569 3799 dare
615 3743 740 3796 sine
790 3740 1081 3796 canonica
1112 3755 1365 3794 censura
1409 3739 1730 3795 noluimus.
1765 3740 1894 3812 Ipse
1923 3755 2084 3806 vero,

427 3837 491 3888 ut
523 3831 848 3887 multorum
890 3829 1152 3884 veridica
1198 3829 1479 3885 relatione
1528 3829 1957 3901 comperimus,
1992 3846 2090 3884 ne-

430 3921 555 3976 scio
585 3936 739 3991 quas
768 3918 950 3973 falsas
976 3916 1260 3989 epistolas
1286 3934 1394 3989 per
1420 3917 1888 3988 subreptionem,
1914 3919 2089 3988 quasi

429 4025 504 4064 ex
549 4013 754 4062 nostro
804 4007 1048 4061 nomine
1088 4005 1261 4061 vobis
1312 4006 1641 4078 perferens,
1674 4006 2088 4078 episcopatum

431 4099 879 4155 Narbonensem
900 4098 1012 4152 hac
1043 4097 1357 4153 occasione
1388 4100 1620 4151 armata
1650 4112 1836 4151 manu
1868 4098 2092 4170 deprae-

430 4188 627 4252 datur,
661 4186 1014 4241 venerabilis
1044 4186 1225 4254 Agius
1255 4186 1383 4255 ejus
1413 4183 1641 4239 insidiis
1670 4192 1899 4259 captus,
1930 4188 2088 4242 veni-

430 4292 494 4333 re
524 4275 601 4331 ad
632 4279 902 4331 sanctam
936 4274 1140 4330 sedem
1172 4271 1563 4345 apostolicam
1591 4271 1879 4343 differtur,
1898 4279 1955 4330 et
1974 4275 2089 4331 alia

431 4363 882 4439 quamplurima
913 4364 986 4419 de
1018 4362 1138 4429 illo,
1170 4367 1496 4433 antequam
1529 4377 1635 4433 per
1664 4368 1893 4419 vestras
1938 4364 2087 4419 litte-

430 4473 551 4526 ras,
585 4454 980 4524 cognovimus
1024 4451 1357 4507 audientes.
1392 4453 1765 4524 Quapropter
1794 4453 1960 4509 vobis
1986 4470 2092 4526 per

433 4543 756 4617 Eyminum
796 4540 1318 4612 archiepiscopum
1366 4540 1948 4613 [Vesontionensem],
1984 4558 2091 4597 uo-

435 4639 587 4689 stras
619 4630 982 4703 apostolicas
1012 4628 1233 4684 litteras
1287 4628 1581 4697 misimus,
1616 4635 1678 4684 ut
1705 4630 1901 4702 ipsum
1937 4647 2093 4703 saepe

434 4721 813 4779 nominatum
843 4717 1163 4773 Geraldum
1180 4733 1287 4790 per
1308 4719 1511 4773 omnia
1538 4717 1874 4774 falsidicum
1896 4724 2096 4775 tenen-

436 4817 542 4878 tes,
573 4811 725 4865 inter
755 4808 1071 4881 episcopos
1101 4822 1224 4862 non
1251 4806 1570 4863 haberetis.
1604 4811 1789 4874 Nunc,
1809 4807 1952 4881 quia
1970 4825 2099 4865 ma-

435 4900 645 4969 litiam,
673 4897 1069 4969 iniquitatem,
1098 4901 1277 4967 atque
1308 4896 1570 4963 fraudes,
1603 4913 1638 4952 a
1673 4902 1872 4952 vestra
1898 4897 2096 4954 frater-

436 4988 618 5042 nitate
645 4987 896 5060 pleniter
927 4985 1284 5055 agnovimus
1309 5004 1321 5040 :
1346 4986 1841 5058 volumus,atque
1863 4993 2098 5060 aposto-

436 5073 551 5128 lica
603 5075 951 5129 auctoritate
1003 5071 1391 5132 mandamus,
1434 5078 1515 5139 ut,
1569 5073 1720 5129 sicut
1754 5075 1884 5143 jam
1930 5075 2098 5131 vobis

440 5161 787 5232 scripsimus
814 5181 826 5230 ;
879 5167 936 5217 et
962 5162 1111 5217 sacri
1143 5177 1405 5216 canones
1447 5168 1754 5230 testantur,
1781 5140 1919 5219 eum
1952 5167 2100 5220 inter

440 5249 755 5323 episcopos
777 5266 901 5305 non
929 5248 1200 5305 habeatis
1231 5267 1242 5305 :
1277 5249 1502 5322 quippe
1534 5267 1642 5307 nec
1674 5268 1710 5308 a
1740 5252 1984 5322 clericis,
2008 5253 2101 5308 vel

439 5338 668 5414 populo
699 5337 771 5393 sit
800 5338 1115 5409 expetitus,
1147 5354 1256 5393 nec
1288 5356 1324 5393 a
1353 5340 1524 5395 vobis
1556 5342 1677 5397 suis
1720 5342 2100 5414 comprovin-

442 5427 694 5485 cialibus
732 5443 899 5483 more
946 5426 1120 5482 solito
1165 5427 1497 5483 ordinatus.
1542 5430 1937 5502 Privilegium,
1980 5431 2105 5504 pal-

442 5519 609 5584 lium,
644 5534 822 5573 usum
872 5516 1055 5590 pallii,
1086 5524 1284 5578 vestro
1326 5520 1783 5592 metropolitano
1839 5523 2006 5589 Agio,
2041 5527 2105 5577 ut

442 5611 640 5665 vestra
653 5607 859 5681 petivit
882 5606 1141 5680 dilectio,
1164 5608 1437 5664 misimus
1464 5627 1476 5664 ε
1502 5610 1645 5682 quia
1673 5611 1817 5666 nulli
1844 5610 2105 5667 ecclesiae

2105 2970 2144 3021 C

2120 4323 2164 4375 D

2426 2245 2706 2319 [Dronke,
2739 2241 2884 2299 Cod.
2917 2239 3165 2309 diplom.
3197 2233 3405 2291 Fuld..
3431 2229 3577 2299 308.]

2249 2316 2495 2395 Joannes
2541 2333 2884 2407 episcopus,
2930 2342 3139 2382 servus
3192 2335 3495 2378 servorum
3538 2316 3641 2381 Dei,
3679 2317 3770 2369 ltit-

2181 2444 2343 2483 cuom
2370 2400 2648 2493 religioso
2671 2400 2878 2475 abbati
2898 2410 3260 2471 venerabilis
3288 2403 3610 2465 monasterii
3628 2400 3771 2456 Domi

2180 2515 2242 2571 ni
2274 2490 2595 2571 Salvatoris
2633 2513 2688 2564 et
2717 2522 2825 2580 per
2854 2520 2995 2559 eum
3023 2502 3085 2557 in
3115 2498 3332 2555 eodem
3362 2490 3655 2550 venerabili
3676 2504 3769 2544 mo-

2181 2602 2440 2659 nasterio
2468 2593 3037 2664 successoribusque
3063 2588 3189 2644 suis
3210 2583 3524 2643 abbatibus
3541 2580 3594 2635 in
3618 2589 3771 2650 perpe-

2186 2698 2375 2748 tuum.
3683 2698 3686 2703 λ

2258 2782 2570 2836 Summam
2594 2777 2863 2845 gerentes
2890 2765 3352 2825 sollicitudinem
3372 2760 3619 2818 omnium
3639 2766 3773 2809 vene-

2184 2868 2465 2927 rabilium
2478 2864 3074 2933 locorum,quantum
3091 2872 3165 2912 ex
3182 2854 3390 2909 divino
3410 2845 3777 2920 adjutoriopos-

2186 2957 2432 3013 sibilitas
2460 2955 2658 3016 datur,
2687 2951 2760 3006 de
2793 2964 3005 3005 eorum
3054 2943 3379 3001 stabilitate
3427 2942 3662 3007 satagere
3686 2936 3774 2985 stu-

2186 3046 2422 3101 demus.
2458 3045 2577 3098 Hoc
2606 3052 2870 3109 namque
2903 3034 3099 3090 studio
3129 3035 3188 3087 et
3208 3030 3414 3086 divina
3437 3026 3675 3100 placatur
3696 3017 3777 3073 ele-

2188 3133 2411 3191 mentia
2458 3134 2515 3186 et
2564 3129 2695 3184 laus
2745 3123 3017 3181 Ecclesiae
3057 3119 3271 3179 Christi
3302 3118 3645 3192 procuratur.
3670 3112 3776 3163 Nam

2187 3220 2403 3296 potiori
2434 3225 2492 3275 et
2534 3234 2643 3273 nos
2673 3215 2898 3270 ﬁducia
2943 3228 3052 3284 pro
3098 3205 3478 3280 impetranda
3506 3202 3653 3296 venia
3676 3194 3779 3296 delui-

2191 3287 2424 3367 ctorum
2455 3312 2739 3363 aeternam
2770 3303 3050 3376 pietatem
3080 3298 3380 3354 audemus
3408 3290 3706 3365 implorare.
3733 3287 3777 3337 Et

2190 3399 2328 3455 ideo
2366 3395 2691 3453 reverentia
2740 3397 2844 3448 tua
2886 3387 3212 3463 postulavit
3265 3403 3303 3443 a
3332 3382 3520 3453 nobis,
3548 3381 3780 3463 quatenus

2189 3490 2320 3561 jam
2349 3486 2575 3542 dictum
2624 3456 2960 3538 venerabile
3004 3475 3439 3533 monasterium
3472 3464 3670 3525 Domini
3696 3456 3782 3561 sal-

2194 3554 2416 3633 vatoris
2445 3590 2482 3630 a
2509 3575 2716 3629 sancto
2769 3567 3057 3625 Bonifatio
3103 3562 3548 3635 archiepiscopo
3575 3554 3779 3635 constar

2196 3671 2360 3721 ctum
2394 3663 2453 3718 in
2491 3661 2623 3717 loco
2672 3657 2930 3713 Boconia
2973 3670 3114 3725 erga
3151 3634 3352 3725 ripam
3382 3644 3623 3704 ﬂuminis
3650 3634 3784 3696 Fuldﬂ

2198 3749 2492 3826 privilegii
2521 3747 2679 3804 sedis
2709 3743 3049 3819 apostolicae
3080 3738 3418 3796 munimine
3448 3726 3785 3791 decoretur,ul

2200 3818 2316 3895 sub
2337 3818 3002 3909 jurisdictione’sanctte
3044 3833 3262 3885 nostrae
3308 3826 3403 3881 cui
3455 3827 3563 3878 Deo
3605 3818 3785 3909 auctore

2198 3927 2572 3985 deservimus
2618 3921 2887 3978 Ecclesiae
2934 3918 3328 3975 constitutum
3372 3911 3579 3969 nullius
3607 3902 3787 3963 alterius

2199 4017 2461 4074 ecclesiae
2506 4011 3020 4086 jurisdictionibus
3065 4007 3469 4064 submittatur.
3512 4004 3581 4057 De
3606 4007 3715 4086 qua
3746 4002 3788 4039 re

2199 4107 2313 4180 piis
2351 4084 2659 4161 desideriis
2694 4102 2959 4156 faventes
3005 4098 3121 4154 hac
3166 4100 3379 4151 nostra
3406 4084 3696 4164 apostolica
3718 4090 3787 4131 au-

2202 4174 2469 4251 ctoritate
2500 4191 2561 4247 id
2592 4189 2758 4263 quod
2802 4186 3143 4261 exposcitur
3179 4181 3416 4239 eﬂ‘ectui
3444 4174 3789 4244 mancipamus

2202 4283 2537 4339 secundum
2567 4278 2856 4352 privilegii
2889 4276 3102 4334 seriem
3143 4274 3311 4347 quod
3364 4270 3442 4327 ab
3488 4268 3787 4352 antecessote

2202 4377 2410 4428 nostro
2453 4370 2630 4425 bonae
2681 4366 2986 4423 memorias
3017 4345 3238 4421 Marino
3286 4360 3466 4431 hujus
3495 4355 3648 4412 almae
3673 4345 3788 4401 sedis

2204 4459 2457 4535 praesule
2485 4457 2631 4513 inibi
2662 4453 3082 4530 perpetualiter
3113 4451 3338 4507 factum
3381 4444 3548 4503 nobis
3577 4434 3789 4535 ostende-

2203 4525 2265 4605 re
2292 4545 2576 4617 sategisti.
2612 4525 2682 4600 Et
2705 4525 2842 4599 ideo
2871 4556 3117 4598 omnem
3142 4536 3463 4608 cujuslibet
3490 4525 3791 4617 ecclesiis?

2204 4610 2509 4693 cerdotem
2558 4635 2617 4688 in
2660 4632 2908 4706 praefato
2946 4625 3271 4686 venerabili
3303 4616 3644 4680 monasterio
3668 4610 3791 4665 ditio-

2204 4741 2344 4781 nem
2376 4721 2710 4797 quamlibet
2737 4719 2959 4776 habere
2988 4721 3046 4772 et
3074 4714 3485 4772 auctoritatem
3512 4708 3697 4797 printer
3725 4711 3790 4789 se:

2204 4814 2342 4870 dem
2377 4790 2791 4884 apostolicam,
2821 4812 2879 4864 et
2922 4805 3273 4880 episcopum
3312 4802 3375 4857 in
3424 4798 3584 4869 cujus
3609 4790 3790 4884 dicaces!

2206 4904 2365 4959 idem
2395 4898 2727 4975 venerabile
2748 4895 3180 4954 monasterium
3211 4892 3603 4949 constructum
3618 4892 3720 4935 esse
3735 4872 3793 4925 ίῖίο

2208 4991 2532 5063 gnoscitur,
2566 4988 2662 5044 cui
2688 4987 2990 5043 licentiam
3019 4981 3406 5039 concedimus
3445 4979 3653 5032 tantum
3677 4975 3789 5063 cum

2209 5050 2626 5153 opportunitas
2663 5073 3055 5132 consecrandi
3103 5070 3300 5128 altaris
3351 5065 3537 5122 fuerit.

2212 5140 2345 5223 nius
2376 5168 2457 5222 ita
2486 5170 2569 5226 ut,
2602 5165 2717 5220 nisi
2738 5164 2815 5220 ab
2839 5163 3058 5219 abbate
3084 5155 3427 5216 monasterii
3454 5149 3613 5207 fuerit
3636 5140 3790 5200 invita-

2211 5263 2323 5319 tus,
2355 5270 2462 5310 nec
2485 5255 2809 5309 missarum
2838 5252 3064 5308 ibidem
3092 5246 3521 5305 solemnitatem
3556 5231 3789 5309 quispiam

2209 5350 2539 5419 prtesumat
2593 5342 2844 5398 omnino
2891 5339 3212 5404 celebrare,
3268 5339 3333 5391 ut
3387 5330 3631 5419 profecto
3669 5321 3791 5416 juxta

2212 5417 2273 5489 id
2297 5432 2464 5505 quod
2487 5431 2828 5502 subjectum
2860 5427 3203 5503 apostolicae
3233 5423 3357 5480 sedi
3385 5417 3639 5476 ﬁrmitate

2213 5522 2347 5591 legii
2380 5519 2665 5587 consistit,
2698 5521 3053 5575 inconcusse
3082 5516 3352 5574 dotatum
3390 5504 3703 5582 permaneat
3735 5491 3790 5545 10

2214 5612 2419 5684 cisque
2450 5627 2518 5667 ac
2570 5610 2749 5666 rebus
2780 5616 2901 5665 tam
2950 5606 3034 5662 eis
3086 5620 3240 5679 quas
3276 5598 3555 5657 moderno
3587 5592 3790 5658 tem?"re
