4000 6190
286 208 384 262 801

1554 200 1918 260 EPISTOLA‘I
1958 198 2044 253 ET
2080 196 2498 259 PRIVILEGIA.

3641 221 3747 273 802

284 332 449 385 tenet
472 327 566 383 vel
594 326 857 400 possidet
885 341 1072 399 quam
1113 341 1265 398 quas
1316 324 1532 381 futuris
1580 323 1971 397 temporibus
2008 322 2043 374 Α
2079 321 2353 381 Ecclesize
2382 327 2686 401 episcopo,
2719 333 2777 385 et
2804 333 2987 402 perte
3018 329 3079 385 in
3110 332 3323 389 eadem
3375 336 3633 395 Ecclesia
3684 340 3747 395 in

280 418 347 474 in
368 418 505 488 jure
529 416 716 488 ipsius
737 414 1080 471 monasterii
1110 413 1316 470 divina
1346 414 1538 486 pietas
1569 413 1835 470 voluerit
1866 428 1969 466 au-

282 521 425 577 gere
454 522 528 561 ex
558 503 730 559 donis
758 508 814 559 et
842 501 1247 559 oblationibus
1270 501 1641 575 decimisque
1682 499 1965 556 ﬁdelium

280 594 519 666 absque
544 592 719 647 ullius
738 608 1009 665 persona
1033 590 1502 647 contradictione
1518 590 1809 646 ﬁrmitate
1829 604 1965 660 per-

281 690 471 758 petua
495 682 849 756 perfruatur.
880 684 1172 737 Caeterum
1202 697 1344 737 vero
1393 682 1510 736 hoc
1555 680 1967 737 deliberantes

278 771 663 829 decernimus
693 775 758 826 ut
786 771 1069 840 congruis
1099 769 1471 844 temporibus
1504 776 1724 825 nostrae
1752 766 1966 822 sollici-

279 862 475 919 tudini
497 860 905 917 ecclesiasticaa
927 860 1255 929 intimetur,
1284 858 1543 933 qualiter
1582 857 1800 927 religio
1831 873 1961 913 mo-

277 950 514 1007 nastica
561 947 815 1018 regulari
864 948 1075 1003 habitu
1143 948 1438 1017 dirigatur
1504 945 1961 1017 concordiaque

279 1038 653 1096 convenienti
683 1036 1084 1093 ecclesiastico
1105 1037 1219 1092 ritu
1249 1036 1662 1108 mancipetur;
1682 1051 1765 1090 ne
1791 1034 1958 1106 forte,

277 1128 448 1201 quod
475 1126 646 1187 absit.
698 1126 813 1181 sub
865 1126 1047 1198 hujus
1097 1125 1390 1200 privilegii
1421 1125 1678 1180 obtentu
1709 1124 1958 1179 animus

278 1230 635 1287 gressusque
683 1213 1055 1270 rectitudinis
1103 1219 1308 1270 vestrae
1358 1229 1394 1268 a
1451 1228 1675 1268 norma
1710 1212 1959 1282 justitiae

277 1306 479 1378 aliquo
503 1303 685 1360 modo
729 1308 1164 1376 retorqueatur.
1226 1306 1288 1358 Et
1336 1317 1541 1373 neque
1596 1301 1718 1372 regi
1758 1317 1958 1374 neque

276 1396 561 1467 episcopo
584 1394 829 1450 cuilibet
847 1394 943 1451 vel
970 1393 1169 1450 comiti
1199 1392 1294 1449 vel
1319 1391 1418 1447 alii
1447 1407 1694 1462 magnae
1722 1406 1957 1462 parvae-

274 1500 395 1557 que
416 1500 683 1557 personas
702 1483 931 1539 licitum
964 1484 1039 1539 sit
1066 1481 1397 1556 quamlibet
1420 1479 1552 1536 vim
1580 1481 1801 1536 inferre
1834 1480 1959 1536 sive

277 1572 544 1646 aliquam
573 1573 1046 1629 controversiam
1078 1572 1268 1627 facere
1297 1569 1358 1625 in
1383 1567 1574 1625 rebus
1594 1569 1682 1625 vel
1710 1568 1957 1625 familiis

2079 419 2462 482 perpetuum.

2151 500 2390 570 Oportet
2438 521 2549 561 nos
2601 506 2705 579 qui
2758 507 3140 564 ecclesiastici
3186 511 3487 579 culminis,
3539 515 3746 572 divina

2078 586 2443 660 suffragante
2473 594 2712 665 pietate,
2746 612 2967 652 munus
3000 600 3400 672 suscepimus,
3450 611 3514 658 ut
3563 605 3623 659 in
3658 605 3744 661 di-

2077 675 2378 734 strictione
2406 696 2608 738 rerum
2651 683 3214 757 ecclesiasticarum,
3269 689 3638 749 confratrum
3688 700 3745 750 et

2074 765 2497 839 episcoporum
2522 772 2755 842 injuriis
2782 774 3228 846 compatiendo,
3253 779 3437 834 armis
3466 781 3745 838 eculesia-

2074 854 2231 909 sticae
2260 860 2628 915 auctoritatis
2657 861 3107 932 subveniamus,
3132 870 3188 920 et
3215 866 3277 921 in
3308 871 3738 927 restauratione

2070 941 2341 1000 ﬁdelium
2372 946 2688 1004 devotione
2719 957 2876 1006 certa
2899 968 3078 1024 opem
3131 955 3605 1013 conﬁrmationis
3656 959 3737 1016 fe-

2070 1033 2260 1089 rendo
2291 1038 2693 1117 gaudentibus
2724 1042 3241 1111 congaudeamus.
3281 1046 3441 1102 Unde
3465 1048 3608 1119 quia
3632 1066 3739 1120 po-

2068 1123 2263 1192 poscit
2281 1131 2551 1183 nostram
2582 1130 3003 1200 paternitatem
3032 1132 3238 1189 tiliatio
3285 1140 3388 1192 tua
3418 1142 3482 1192 ut
3515 1138 3743 1210 privile-

2070 1211 2168 1279 gio
2191 1219 2407 1272 nostra;
2437 1219 2801 1274 auctoritatis
2845 1238 2937 1276 res
2988 1228 3044 1278 et
3101 1223 3270 1279 villas
3322 1230 3431 1280 tuae
3464 1228 3739 1285 Ecclesiae

2070 1300 2284 1356 usibus
2309 1304 2649 1377 deputatas,
2677 1308 2946 1365 videlicet
2994 1327 3127 1383 quae
3182 1312 3239 1367 in
3301 1314 3527 1370 honore
3581 1316 3739 1373 beati

2070 1391 2298 1446 Nazarii
2328 1394 2610 1466 martyris
2645 1403 2876 1453 sacrata
2925 1405 3030 1465 est,
3088 1400 3445 1459 conﬁrmare
3499 1405 3740 1461 debere-

2067 1492 2225 1566 mus,
2260 1480 2483 1537 scilicet
2509 1482 2711 1539 villam
2736 1486 3083 1543 Tiliuiacum
3119 1506 3259 1544 cum
3283 1492 3404 1546 suis
3453 1494 3739 1566 appendi-

2069 1564 2184 1631 tiis,
2218 1583 2403 1639 quam
2432 1575 2772 1627 antecessor
2802 1580 2858 1629 et
2902 1576 3241 1632 avunculus
3292 1584 3427 1634 tuus
3486 1564 3605 1638 una
3632 1599 3739 1654 per

274 1661 545 1734 ejusdem
580 1661 885 1735 saepedicti
916 1659 1277 1717 venerabilis
1305 1660 1678 1715 monasterii.
1734 1663 1802 1714 Et
1851 1676 1954 1715 au-
1985 1670 2026 1723 Β
2066 1670 2430 1713 consensum
2483 1663 2540 1714 et
2592 1663 3004 1718 auctoritatem
3057 1666 3335 1723 Richardi
3378 1670 3633 1739 comitis,
3680 1677 3739 1727 et

275 1751 543 1807 ctoritate
582 1754 788 1807 nostra
810 1749 1223 1807 interdicimus
1257 1752 1319 1802 ut
1344 1746 1513 1803 nulla
1543 1748 1772 1804 femina
1803 1748 1948 1805 inibi

270 1840 505 1912 ingredi
532 1857 806 1913 unquam
831 1842 1177 1912 praesumat.
1240 1839 1425 1891 Nemo
1468 1836 1533 1892 in
1573 1837 1787 1893 eodem
1814 1855 1947 1895 mo-

270 1930 535 1986 nasterio
566 1929 893 1986 venerabili
924 1928 1021 1984 vel
1051 1928 1112 1983 in
1142 1926 1362 1983 caeteris
1391 1925 1522 1996 ejus
1564 1927 1711 1982 locis
1760 1927 1945 1999 placi-

274 2025 405 2074 tum
427 2018 665 2074 habeat.
708 2022 892 2074 Nemo
924 2032 1131 2073 servos
1158 2015 1252 2071 vel
1278 2013 1547 2095 ,colonos
1587 2016 1664 2071 ad
1696 2015 1945 2089 aliquod

266 2107 578 2163 servitium
605 2107 974 2176 constringat
1000 2105 1113 2161 illis
1132 2108 1364 2160 tantum
1382 2103 1640 2176 exceptis
1664 2107 1939 2177 personis

266 2196 497 2268 quibus
524 2195 717 2252 abbas
748 2195 827 2251 ad
848 2194 1161 2250 utilitatem
1192 2209 1313 2248 suae
1338 2192 1703 2248 necessitatis
1733 2211 1941 2250 assen-

269 2302 410 2341 sum
463 2284 800 2357 praabuerit.
862 2282 1130 2354 Eligendi
1189 2280 1303 2337 sibi
1343 2280 1648 2349 abbatem,
1693 2283 1940 2355 quando

267 2388 428 2445 opus
457 2372 653 2443 fuerit,
683 2372 894 2428 fratres
922 2372 1073 2427 inter
1109 2387 1169 2426 se
1200 2373 1557 2442 potestatem
1574 2371 1939 2428 omnimodis

268 2461 559 2527 habeant,
595 2459 929 2517 secundum
954 2459 1229 2529 regulam
1258 2457 1446 2513 sancti
1483 2458 1775 2514 Benedicti
1810 2460 1936 2516 sine

271 2550 450 2606 ullius
482 2565 756 2622 personae
786 2547 1276 2605 contradictione.

343 2638 616 2710 Tibique,
639 2638 722 2693 fili
751 2637 961 2693 dilecte
988 2637 1235 2706 Haicho,
1267 2635 1410 2708 quia
1440 2640 1493 2691 te
1541 2636 1695 2693 bene
1738 2639 1935 2693 erudi-

268 2732 399 2784 tum
425 2732 484 2782 et
512 2726 890 2799 eloquentem
917 2725 1114 2782 virum
1139 2740 1272 2781 esse
1330 2724 1632 2794 novimus,
1683 2728 1936 2783 verbum

266 2818 368 2874 Dei
398 2817 726 2890 praedicare
747 2818 1094 2874 auctoritate
1125 2816 1316 2873 sancti
1366 2815 1518 2871 Petri
1570 2822 1623 2871 et
1663 2815 1934 2872 concedi-

267 2923 407 2962 mus
438 2911 497 2961 et
543 2905 939 2978 praecipimus.
992 2906 1174 2975 Igitur
1227 2909 1551 2961 statuentes
1606 2904 1935 2977 apostolica

2063 1743 2324 1800 filiorum
2376 1748 2507 1817 ejus
2562 1764 2772 1804 eorum
2828 1751 3036 1807 usibus
3084 1753 3502 1823 delegaverat;
3554 1758 3737 1814 simul

2061 1837 2118 1887 et
2141 1839 2449 1890 monetam
2478 1840 2593 1891 ture
2633 1837 2905 1908 civitatis,
2960 1856 3148 1912 quam
3207 1860 3314 1915 per
3367 1851 3735 1917 praeceptum

2058 1920 2162 1976 ﬁhi
2192 1923 2379 1978 nostri
2408 1924 2632 1996 Caroli.
2648 1925 3057 1995 gloriosissimi
3112 1932 3272 2000 regis
3329 1932 3516 1988 isdem
3574 1941 3736 1991 ante-

2060 2027 2266 2067 cessor
2296 2016 2434 2067 tuus
2485 2014 2741 2087 adeptus
2794 2016 3005 2087 fuerat,
3057 2024 3117 2074 et
3165 2036 3237 2075 ex
3276 2026 3379 2077 tua
3422 2022 3733 2092 largitione

2056 2101 2326 2157 decimas
2354 2102 2656 2159 redituum
2685 2108 2961 2161 omnium
2994 2108 3393 2166 Ecclesiarum
3428 2116 3540 2166 tuae
3584 2114 3729 2169 dice-

2053 2191 2225 2261 cesis,
2255 2190 2360 2263 qui
2391 2193 2558 2248 tertio
2579 2209 2741 2250 anno
2764 2211 2834 2250 ex
2867 2200 3006 2251 tunc
3035 2202 3161 2253 tam
3192 2214 3263 2254 ex
3316 2200 3406 2255 his
3455 2217 3589 2272 qua:
3624 2203 3731 2259 tibi

2051 2277 2365 2347 debentur,
2397 2296 2582 2352 quam
2619 2281 2799 2337 etiam
2829 2298 2902 2338 ex
2930 2283 3002 2338 iis
3048 2301 3187 2357 quae
3237 2288 3727 2347 ministerialibus

2050 2366 2165 2421 tuis
2188 2366 2841 2435 contingunt;necuon
2873 2375 2929 2427 et
2979 2373 3248 2447 capellas
3296 2379 3414 2432 tres
3470 2395 3481 2432 :
3538 2394 3726 2435 unam

2048 2452 2109 2507 in
2139 2453 2366 2509 honore
2399 2456 2588 2511 sancti
2612 2456 2882 2525 Joannis,
2934 2459 3117 2517 aliam
3164 2462 3225 2518 in
3274 2464 3502 2520 honore
3532 2468 3727 2524 sancti

2055 2542 2420 2611 Leodegarii,
2453 2545 2685 2600 tertiam
2721 2545 2777 2600 in
2807 2547 3036 2603 honore
3076 2551 3265 2606 sancti
3312 2554 3562 2625 Eptadii.
3618 2559 3726 2613 De-

2048 2630 2349 2685 cernimus
2381 2636 2580 2687 autem
2614 2648 2723 2704 per
2763 2634 3056 2706 privilegii
3087 2638 3273 2694 nostri
3308 2641 3724 2699 auctoritatem

2047 2722 2112 2773 ut
2138 2734 2319 2790 supra
2349 2719 2664 2775 nominata
2705 2720 2863 2788 villa,
2925 2739 3067 2779 cum
3118 2727 3476 2797 supradictis
3527 2732 3722 2787 omni-

2048 2805 2185 2877 bus,
2209 2808 2511 2878 perpetuis
2538 2809 2913 2880 temporibus
2938 2810 2999 2866 in
3042 2815 3473 2872 canonicorum
3509 2819 3722 2875 usibus

2047 2894 2174 2950 sine
2205 2894 2596 2963 ambiguitate
2623 2901 2682 2952 et
2713 2897 2837 2953 sine
2888 2902 3266 2958 cunctatione
3321 2912 3677 2976 permaneat
3706 2927 3718 2975 ;

269 3010 423 3051 cura
441 2994 819 3050 decernimus
849 3009 956 3066 per
974 2994 1157 3064 hujus
1178 2992 1396 3049 decreti
1422 2993 1606 3048 nostri
1623 2992 1930 3064 paginam,
1963 3013 2006 3068 ο
2044 3000 2167 3040 non
2224 2984 2419 3040 SOlum
2473 2990 2680 3042 autem
2719 2987 2839 3058 illa,
2886 2989 2991 3044 sed
3034 2991 3215 3047 etiam
3265 3010 3475 3051 omnes
3506 3012 3718 3053 eorum

261 3087 335 3139 ut
354 3082 704 3155 quicunque
733 3082 1051 3153 cujuslibet
1082 3081 1344 3137 ecclesiae
1378 3080 1621 3138 antistes
1665 3081 1756 3137 vel
1781 3097 1931 3154 qua-

262 3186 510 3244 cunque
548 3171 835 3241 dignitate
868 3171 1119 3243 praedita
1148 3186 1410 3243 persona
1454 3170 1612 3226 hanc
1644 3169 1933 3243 privilegii

258 3261 455 3317 nostri
501 3261 910 3317 auctoritatem
961 3276 1148 3333 quam
1198 3262 1592 3332 praerogativa
1649 3259 1932 3333 principis

258 3350 678 3425 apostolorum
730 3349 1065 3413 ﬁrmamus,
1117 3354 1406 3423 temerare
1462 3350 1930 3422 praesumpserit,

258 3440 380 3496 nisi
411 3441 525 3496 cito
553 3439 882 3512 resipiscat,
906 3438 1230 3495 anathema
1260 3438 1369 3503 sit;
1418 3444 1475 3495 et
1520 3439 1673 3495 iram
1715 3438 1818 3494 Dei
1848 3438 1932 3494 in-

260 3546 514 3586 currens
545 3535 760 3585 acoetu
791 3535 1140 3585 sanctorum
1188 3528 1465 3584 omnium
1515 3529 1763 3585 extorris
1805 3528 1929 3583 exi-

228 3622 405 3688 .stat,
437 3622 494 3675 et
522 3617 912 3674 nihilominus
942 3615 1172 3690 prtefati
1204 3617 1555 3673 monasterii
1603 3616 1863 3686 dignitas
1894 3633 1931 3672 a

257 3707 446 3765 nobis
501 3707 734 3763 indulta
785 3706 1207 3780 perpetualiter
1249 3705 1534 3761 inviolata
1582 3711 1933 3777 permaneat

259 3792 595 3870 apostolica
626 3796 975 3853 auctoritate
1005 3795 1308 3852 roborata.
1364 3794 1474 3861 Qui
1501 3799 1702 3851 autem
1729 3799 1929 3851 custos

260 3888 323 3941 et
342 3883 691 3941 observator
713 3884 895 3955 hujus
921 3882 1213 3955 privilegii
1259 3882 1528 3953 extiterit,
1568 3880 1930 3938 benedictio-

256 3988 406 4029 nem
427 3978 482 4029 et
509 3973 764 4045 gratiam
793 3988 829 4029 a
857 3974 978 4027 Deo
1009 3976 1435 4044 consequatur.

337 4061 631 4134 Scriptum
688 4078 797 4135 per
851 4076 1104 4116 manum
1159 4060 1404 4116 Joannis
1461 4059 1926 4134 protoscriniarii

258 4155 484 4207 sanctae
516 4151 674 4207 sedis
706 4150 1053 4224 apostolicae
1086 4150 1147 4206 in
1174 4165 1379 4207 mense
1404 4150 1571 4218 Maio,
1604 4149 1925 4207 indictione

256 4241 487 4313 quinta.
521 4241 674 4297 Bene
697 4240 906 4297 valete.
946 4243 1156 4296 Datum
1188 4257 1289 4296 x1v
1318 4240 1448 4297 Kal.
1484 4243 1615 4296 Iun.
1645 4256 1752 4313 per
1798 4257 1925 4297 ma-

256 4344 410 4421 num
461 4329 744 4401 Stephani
799 4328 1190 4386 secundicerii
1240 4332 1460 4385 sanctae
1501 4328 1658 4421 sedis
1689 4334 1927 4421 aposto-
1957 4366 2003 4421 Β

255 4417 409 4489 lices,
441 4434 601 4476 anno
628 4422 748 4475 Deo
778 4418 1037 4492 propitio
1088 4418 1468 4490 pontiﬁcatus
1507 4417 1717 4474 domni
1742 4419 1921 4475 Joan-

258 4508 358 4563 nis
407 4508 625 4564 summi
667 4507 967 4581 pontiﬁcis
999 4512 1054 4563 et
1085 4506 1439 4564 universalis
1478 4506 1694 4563 decimi
1723 4523 1919 4581 papae,

256 4596 325 4653 in
349 4596 756 4653 sacratissima
785 4597 926 4653 sede
976 4596 1135 4653 beati
1183 4596 1331 4653 Petri
1380 4595 1658 4668 apostoli,
1708 4601 1922 4668 quarto

255 4685 592 4759 imperante
621 4687 848 4743 domno
880 4686 1149 4759 piissimo
1179 4686 1426 4758 patricio
1458 4688 1715 4754 augusto
1743 4688 1921 4742 Bern-

258 4774 429 4845 gario
459 4789 495 4830 a
523 4777 641 4830 Deo
669 4778 957 4831 coronato
988 4790 1213 4844 magno
1234 4774 1593 4847 imperatore
1628 4788 1788 4828 anno
1830 4790 1920 4830 se-

257 4862 464 4919 cundo
491 4866 548 4919 et
574 4864 860 4934 patricius
888 4878 1048 4919 anno
1080 4862 1364 4929 secundo,
1395 4860 1714 4917 indictione
1742 4862 1809 4915 V.

1042 4970 1134 5025 III.

290 5073 518 5115 JOANNIS
546 5074 899 5115 PRIVILEGIUM
925 5074 1029 5115 PRO
1074 5071 1333 5113 ECCLESIA
1372 5074 1879 5114 AUGUSTODUNENSI.

902 5167 1096 5237 (Anno
1132 5166 1279 5236 919).

253 5272 539 5329 Ecclesiae
588 5272 1147 5341 Augustodunensz's
1198 5272 1612 5342 possessiones,
1664 5274 1917 5328 Heriveo

619 5361 888 5430 episcopo
912 5368 1165 5431 petente,
1207 5362 1543 5430 conﬁrinat.

352 5448 537 5536 [02111.
573 5465 795 5522 Christ.
828 5471 972 5522 tom.
1008 5468 1095 5535 IV,
1122 5467 1183 5523 in
1206 5467 1506 5535 instrum.,
1539 5482 1678 5538 pag.
1708 5465 1818 5535 70].

326 5574 571 5627 Jomsss
593 5573 931 5646 episcopus,
964 5589 1172 5630 servus
1217 5589 1528 5631 servorum
1578 5572 1698 5641 Dei,
1754 5588 1915 5628 reve-

251 5658 613 5718 rendissimo
642 5666 700 5718 et
723 5661 1098 5719 sanctissimo
1122 5666 1342 5720 sanctte
1358 5660 1914 5734 Augustodunensis

2044 3091 2160 3143 res,
2194 3074 2462 3130 videlicet
2491 3075 2845 3144 Ruiliacum,
2877 3079 3046 3150 quod
3078 3082 3491 3141 muniﬁcentia
3534 3102 3719 3155 gene-

2044 3163 2203 3220 tricis
2262 3168 2377 3219 tuae
2426 3179 2534 3235 per
2572 3181 2937 3222 consensum
2977 3168 3256 3227 Richardi
3312 3176 3545 3230 comitis
3603 3175 3720 3233 illis

2044 3252 2327 3319 contulit;
2359 3252 2537 3308 simul
2569 3255 2749 3311 etiam
2780 3255 3153 3314 Biliniacum.
3210 3263 3553 3318 Sussiacum
3607 3281 3716 3321 au-

2043 3347 2161 3397 tem
2192 3341 2615 3408 Mariasolium,
2644 3360 2879 3400 necnon
2911 3351 2968 3402 et
3000 3348 3436 3421 Simpiniacum
3466 3357 3521 3408 et
3544 3355 3717 3410 Mari-

2041 3430 2303 3493 niacum,
2336 3445 2476 3485 cum
2506 3432 2676 3488 omni
2706 3434 3036 3501 integritate
3069 3453 3181 3491 sua
3210 3442 3268 3493 et
3288 3439 3574 3495 omnibus
3606 3459 3715 3515 ap-

2040 3516 2319 3590 penditiis
2347 3516 2491 3585 suis,
2510 3517 2749 3575 illorum
2771 3520 2978 3587 usibus
3004 3539 3112 3594 per
3135 3525 3478 3597 apostolicae
3510 3536 3713 3586 aucto-

2039 3602 2225 3659 ritatis
2278 3603 2654 3676 privilegium
2706 3607 3186 3678 conﬁrmamus;
3221 3615 3403 3684 atque
3456 3614 3569 3670 sub
3624 3616 3717 3672 in-

2040 3692 2402 3748 terdictionis
2423 3696 3066 3765 excommunicatione,
3116 3715 3191 3754 ne
3234 3701 3371 3773 quis
3403 3700 3551 3757 illud
3582 3704 3708 3760 vio-
3728 3705 3740 3719 '

2037 3778 2159 3836 lare
2176 3779 2751 3853 audeat,pontiﬁcali
2768 3784 3058 3854 regimine
3082 3802 3185 3842 seu
3207 3788 3405 3844 modis
3422 3790 3708 3851 omnibus

2036 3868 2446 3942 prohibemus.
2480 3870 2537 3926 Si
2564 3872 2702 3944 quis
2727 3878 2929 3929 autem
2954 3881 3359 3951 praesumptor
3385 3881 3706 3937 temerario

2035 3974 2189 4015 ausu
2216 3958 2330 4015 hoc
2362 3958 2529 4031 quod
2565 3964 2676 4017 tuae
2704 3962 3057 4021 humilitatis
3087 3966 3390 4040 petitione,
3437 3971 3496 4024 et
3538 3972 3706 4043 quod

2034 4063 2144 4120 pro
2173 4048 2559 4120 eleemosyna
2605 4066 2817 4121 regum
2848 4056 2905 4109 et
2950 4054 3314 4128 principum,
3362 4072 3598 4115 necnon
3648 4066 3717 4117 er

2036 4140 2252 4194 animae
2310 4141 2703 4197 antecessoris
2753 4143 2837 4199 tui
2878 4149 3084 4201 nostra
3131 4145 3461 4218 apostolica
3492 4148 3705 4206 libera-

2031 4227 2166 4284 litas
2196 4228 2490 4301 privilegii
2514 4231 2863 4288 auctoritate
2918 4233 3222 4291 ﬁrmando
3273 4235 3598 4306 roboravit,
3646 4245 3705 4295 et

2032 4317 2478 4391 promulgando
2536 4320 2936 4390 conﬁrmavit,
2987 4324 3302 4392 contraire,
3357 4325 3698 4397 infringere,

2032 4405 2458 4482 contradicere,
2490 4407 2861 4478 subtrahere,
2886 4417 2989 4467 aut
3016 4412 3076 4466 in
3112 4412 3317 4483 aliquo
3338 4412 3697 4471 imminuere

2029 4495 2259 4552 inuisus
2289 4495 2482 4566 fuerit,
2519 4504 2844 4568 cognoscat
2893 4516 2955 4555 se
3004 4500 3404 4555 anathematis
3457 4501 3696 4558 vinculo

2030 4601 2067 4641 a
2093 4588 2257 4642 Patre
2278 4589 2335 4642 et
2354 4584 2500 4641 Filio
2530 4590 2588 4642 et
2616 4587 2835 4658 Spiritu
2886 4576 3092 4644 sancto
3149 4588 3505 4646 aeternaliter
3543 4589 3695 4647 obli-

2030 4678 2257 4745 gatum,
2284 4674 2387 4730 sed
2418 4679 2474 4730 et
2502 4690 2637 4729 cui..
2679 4674 2837 4730 Juda
2886 4675 3165 4732 traditore
3216 4673 3461 4732 Domini
3508 4679 3696 4735 nostri

2028 4765 2170 4821 Jesu
2195 4764 2406 4820 Christi
2435 4768 2491 4820 et
2516 4764 2642 4819 fure
2669 4764 2977 4835 sacrilego,
3010 4767 3114 4839 qui
3158 4782 3250 4833 ea,
3290 4782 3424 4839 quae
3468 4783 3689 4841 paupe-

2026 4854 2194 4911 ribus
2225 4854 2531 4925 eroganda
2561 4858 2751 4925 erant,
2791 4853 3018 4910 loculos
3062 4856 3296 4912 habens
3355 4857 3688 4927 furabatur,

2027 4943 2182 5014 ignis
2215 4944 2415 4999 aeterni
2435 4942 2713 5000 incendio
2743 4946 3276 5013 concremandum,
3328 4950 3387 5003 et
3414 4946 3477 5003 in
3513 4947 3689 5004 bara-

2027 5038 2184 5090 trum
2213 5049 2352 5089 cum
2383 5032 2763 5089 Daemonibus
2795 5033 3232 5106 deputandum,
3275 5052 3346 5093 ac
3395 5038 3524 5094 sine
3582 5054 3687 5111 spe

2025 5121 2488 5195 recuperationis
2519 5121 3012 5191 demergendum.
3049 5124 3338 5181 Custodes
3383 5131 3584 5183 autem
3631 5132 3688 5183 et

2026 5211 2439 5267 observatores
2470 5210 2649 5280 hujus
2670 5210 2851 5265 nostri
2875 5211 3093 5269 decreti
3121 5213 3460 5272 benedictio
3490 5220 3547 5272 et
3565 5232 3686 5289 pax

2028 5299 2260 5354 Domini
2309 5298 2497 5355 nostri
2544 5300 2682 5353 Jesu
2722 5299 2935 5356 Christi
2990 5318 3348 5361 conservare
3400 5304 3685 5373 dignetur

2024 5403 2131 5460 per
2159 5387 2396 5444 saecula.

2098 5475 2392 5547 Scriptum
2439 5492 2546 5549 per
2589 5493 2805 5534 manus
2841 5480 3086 5537 Adriani
3139 5483 3425 5539 scriniarii
3457 5486 3678 5538 sanctae

2024 5567 2312 5621 Romanae
2338 5563 2631 5635 Ecclesite,
2660 5567 2717 5622 in
2751 5584 2952 5626 mense
2981 5572 3317 5638 Novembri,
3370 5570 3569 5626 indict.
3622 5574 3672 5625 8.

2026 5660 2177 5713 Bene
2208 5656 2415 5713 valete.
