4000 6190
268 257 370 310 803

1055 367 1141 420 IV.

370 462 596 504 JOANNIS
626 461 662 498 Χ
693 452 1044 497 PRIVILEGIUM
1073 452 1184 492 PRO
1216 450 1568 491 MONASTEBIO
1601 449 1649 489 S.
1685 447 1843 486 GALLI

902 526 1096 595 (Anno
1144 529 1295 590 919).

271 626 582 689 Salomoni
611 623 883 690 episcopo
915 619 1352 675 Consiantiensi
1375 624 1429 674 et
1447 618 1654 674 abbati
1679 613 1739 670 S.
1767 614 1933 670 Galli

338 716 725 788 privilegium
756 711 1152 766 immanitatis
1178 724 1248 765 ac
1287 709 1488 764 liberm
1517 704 1817 763 electionis
1857 705 1931 758 ab

340 803 801 876 imperatoribus
827 799 1182 872 regibusque
1213 797 1397 855 eidem
1428 795 1789 852 monasterio
1828 793 1931 847 da-

344 901 491 964 tum,
527 899 706 964 atque
732 906 768 948 a
792 889 998 960 Sergio
1029 884 1126 943 III
1175 888 1299 943 PP.
1343 888 1783 956 conﬁrmatum,
1834 883 1935 937 ile-

343 1000 480 1041 rum
510 981 858 1037 roboratam
886 977 1140 1047 confert.

274 1071 475 1147 [Apud
504 1072 803 1139 Neugart.,
839 1066 982 1121 Cod.
1015 1067 1166 1134 dipl.
1190 1060 1931 1147 Alernanniw,t.ll,p.ll].

345 1163 586 1217 JOANNES
618 1156 955 1230 episcopus,
990 1169 1194 1209 servus
1225 1167 1532 1208 servorum
1583 1148 1703 1218 Dei,
1750 1146 1939 1201 omni-

276 1251 392 1306 bus
425 1250 647 1303 sanctw
682 1244 781 1301 Dei
811 1242 1083 1299 Ecclesiae
1115 1241 1410 1297 ﬁdelibus.

348 1335 728 1407 Religiositati
784 1336 990 1389 vestrae
1048 1334 1261 1387 notum
1308 1345 1435 1385 esse
1484 1326 1767 1383 volumus
1798 1322 1941 1397 quia

277 1425 530 1500 quidam
556 1424 642 1479 vir
667 1420 1026 1479 venerabilis
1068 1419 1312 1475 nomine
1346 1416 1627 1473 Salomon
1658 1432 1731 1470 ex
1758 1412 1937 1486 parti—

278 1513 394 1570 bus
425 1507 1258 1579 Germaniaa,Constantiensis
1292 1505 1565 1561 Ecclesiae
1597 1503 1938 1575 episcopus,

280 1607 335 1660 et
364 1602 557 1659 abbas
582 1597 930 1656 monasterii
959 1597 1015 1651 S.
1043 1595 1210 1666 Galli,
1253 1612 1359 1667 per
1383 1594 1612 1664 legatos
1657 1608 1797 1646 suos
1837 1605 1943 1645 no-

1667 224 1953 292 JOANNIS
1992 233 2187 287 PAPAS
2227 226 2302 285 Χ.

1960 361 2005 413 Α
2038 355 2250 425 abbas,
2281 370 2477 428 neque
2505 369 2724 414 comes,
2758 367 2950 425 neque
2981 350 3100 407 alia
3137 365 3395 423 quaeque
3442 347 3718 419 alicujus

3592 224 3712 278 804

2037 444 2298 501 hominis
2329 459 2587 518 persona
2613 442 2832 499 audeat
2857 441 3207 516 inquietare,
3240 437 3346 495 sed
3376 438 3546 511 quod
3569 451 3721 493 san-

2041 536 2223 591 citum
2249 539 2411 590 estet
2436 534 2826 591 constitutum
2856 530 3183 605 apostolica
3205 529 3583 596 auctoritate,
3610 526 3725 581 tir~

2040 640 2211 680 mum
2240 628 2295 680 et
2324 622 2664 679 inviolabile
2697 623 2921 677 cunctis
2964 618 3335 693 temporibus
3384 618 3449 673 in
3503 630 3722 673 aevum

2040 716 2412 786 permaneat.
2445 708 2499 767 Si
2524 710 2657 783 quis
2686 714 2906 777 autem,
2932 706 3098 782 quod
3119 707 3245 763 ﬁeri
3266 704 3580 775 nolumus,
3605 720 3724 759 ve-

2041 817 2177 856 rum
2205 800 2382 856 etiam
2413 800 2827 872 prohibemus,
2856 802 3059 854 contra
3085 798 3200 853 hoc
3230 800 3456 852 nostra:
3498 796 3728 851 aucto-

2043 890 2228 947 ritatis
2260 889 2631 965 privilegium
2664 903 2839 957 agere
2865 886 3337 960 praesumpserit,
3377 890 3437 941 et
3482 883 3727 940 violare

2046 979 2371 1046 tentaverit,
2433 978 2582 1034 sciat
2628 995 2709 1048 se,
2767 977 2877 1033 nisi
2919 974 3251 1050 resipuerit,
3302 971 3727 1031 anathematis

2045 1067 2296 1125 vinculis
2327 1067 2733 1135 subdendum,
2767 1072 2825 1123 et
2848 1083 2883 1122 a
2910 1081 3097 1136 regno
3146 1065 3247 1121 Dei
3294 1062 3729 1121 alienandum.

2050 1160 2158 1225 Qui
2189 1164 2388 1214 autem
2416 1156 2868 1233 praesumpserit
2888 1160 2943 1213 et
2967 1171 3091 1212 non
3120 1151 3736 1227 resipuerit,anathe-

2048 1265 2149 1303 ma
2182 1248 2272 1316 sit,
2305 1251 2360 1302 et
2390 1263 2423 1302 a
2454 1260 2640 1317 regno
2684 1244 2783 1301 Dei
2830 1245 3120 1301 alienatus
3176 1242 3481 1309 abscedat,
3538 1246 3599 1297 et
3662 1241 3738 1297 in

2048 1336 2346 1393 infernum
2379 1335 2621 1391 diabolo
2654 1335 2779 1390 sine
2811 1334 2928 1390 ﬁne
2948 1348 3275 1390 mansurus
3302 1330 3733 1401 demergatur.

2053 1432 2113 1483 1n
2146 1428 2257 1482 hoc
2288 1426 2465 1482 etiam
2494 1423 2876 1500 petitionibus
2906 1422 3166 1494 religiosi
3214 1422 3483 1496 episcopi
3540 1436 3739 1476 vene-

2050 1516 2338 1572 rabilibus
2392 1515 2600 1585 legatis
2634 1514 2749 1571 hoc
2802 1513 3053 1569 subnixe
3103 1510 3611 1587 supplicantibus,
3671 1516 3743 1563 ut

2052 1609 2258 1660 contra
2302 1603 2801 1659 consuetudinem
2858 1605 3128 1658 nostram
3186 1600 3396 1657 charta
3446 1602 3743 1656 Romana

280 1691 375 1748 bis
426 1689 683 1746 innotuit
730 1703 866 1743 cum
920 1685 1155 1741 licentia
1195 1683 1445 1739 senioris
1480 1682 1570 1737 sui
1602 1677 1942 1735 Chuonradi
1971 1707 2016 1762 Β
2056 1695 2199 1764 (559)
2248 1711 2383 1749 cum
2444 1693 2676 1765 scriptis
2728 1692 2972 1748 notariis
3020 1690 3373 1766 permutatis
3423 1686 3745 1744 conscribi

280 1780 457 1851 regis,
492 1778 701 1834 limina
732 1779 787 1833 S.
818 1775 966 1831 Petri
1010 1790 1197 1830 causa
1246 1772 1549 1838 orationis,
1605 1769 1850 1842 insuper
1891 1773 1948 1823 et

283 1885 394 1943 pro
421 1872 627 1925 nostra
654 1864 987 1921 visitatione
1011 1862 1175 1918 adire
1206 1861 1370 1917 velle.
1399 1860 1502 1915 sed
1534 1864 1777 1932 propter
1799 1857 1945 1913 infe-

285 1958 603 2016 stationem
634 1952 1128 2012 tumultuantium
1160 1949 1544 2024 populorum,
1579 1948 1693 2003 illis
1723 1947 1781 2002 in
1808 1963 1946 2020 par-

285 2048 444 2105 tibus
472 2043 859 2112 saevientium,
886 2041 1088 2097 venire
1118 2056 1240 2095 non
1270 2055 1450 2112 posse
1481 2040 1647 2111 (557).
1694 2036 1950 2092 lnnotuit

286 2138 466 2195 etiam
496 2151 604 2209 per
632 2131 878 2189 eosdem
904 2132 1154 2200 legatos,
1188 2129 1408 2209 ipsum
1455 2129 1584 2199 jam
1624 2126 1738 2183 sub
1784 2131 1949 2181 ante-

289 2242 525 2285 cessore
554 2228 784 2292 nostro,
812 2223 1002 2278 beatae
1029 2220 1333 2277 memoriae.
1375 2217 1578 2288 Sergio
1608 2232 1786 2290 papa,
1839 2219 1950 2271 Ro-

290 2333 457 2375 mam
484 2314 754 2381 venisse;
811 2315 867 2367 et
909 2311 988 2367 ab
1033 2327 1103 2366 eo
1152 2308 1411 2378 benigne
1442 2311 1777 2380 susceptus,
1810 2321 1952 2361 con-

292 2422 462 2463 cessa
493 2403 607 2460 sibi
637 2400 999 2457 auctoritatis
1027 2414 1149 2454 suae
1176 2396 1595 2465 familiaritate,
1646 2395 1798 2451 inter
1839 2393 1956 2450 alia

293 2493 690 2570 apostolicum
717 2489 977 2563 expetiit,
1009 2492 1307 2562 quatenus
1334 2485 1562 2559 praefati
1607 2482 1958 2541 monasterii

295 2583 695 2658 privilegium,
728 2579 895 2652 quod
926 2578 1003 2634 ab
1031 2577 1290 2649 antiquis
1338 2575 1712 2648 temporibus
1767 2589 1957 2645 usque

299 2672 378 2731 ad
406 2676 679 2743 tempora
707 2667 931 2724 Arnolti
962 2666 1117 2736 regis
1151 2665 1290 2721 solis
1310 2665 1553 2736 regibus
1580 2661 1956 2734 subjacebat,

296 2766 363 2817 ut
393 2762 604 2818 fratres
635 2748 781 2814 inibi
812 2755 1193 2813 demorantes
1231 2753 1382 2810 inter
1410 2768 1473 2809 se
1523 2750 1807 2808 abbatem
1856 2749 1957 2806 eli-

298 2866 435 2921 gere
466 2854 520 2906 et
551 2848 907 2905 constituere
934 2848 1286 2918 potestatem
1312 2842 1623 2910 haberent,
1657 2840 1801 2913 quia
1828 2856 1963 2912 pro-

300 2946 431 3015 pter
460 2956 601 2996 eum
630 2937 919 2993 violatum
950 2935 1073 2990 fuit.
1110 2938 1255 2989 Nam
1302 2933 1429 3004 ipse
1474 2931 1620 2987 illud
1659 2934 1960 2985 monaste-

297 3031 455 3086 rium
508 3028 571 3082 in
623 3023 984 3114 beneficium
1044 3019 1359 3114 acquisivit
1427 3018 1962 3114 apud__Arnolfum
2000 3060 2040 3114 Ο

300 3132 527 3185 regem,
560 3130 630 3170 ac
654 3113 845 3168 ﬁlium
876 3112 1005 3182 ejus
1046 3109 1410 3164 Ludovicum
1446 3109 1725 3182 precibus
1773 3109 1963 3181 impe-

302 3205 499 3271 travit,
529 3207 593 3259 ut
621 3202 822 3257 denuo
851 3204 1185 3256 restaurare
1213 3198 1620 3272 praeciperent,
1641 3199 1791 3254 etab
1822 3198 1966 3270 ipsis

305 3293 524 3366 adepta
549 3290 785 3348 licentia
809 3306 880 3346 ex
899 3288 1226 3362 apostolica
1247 3287 1593 3345 auctoritate
1612 3292 1964 3344 renovatum

306 3382 765 3438 conﬁrmaretur
790 3379 959 3450 (558).
992 3380 1108 3432 Hoc
1137 3377 1335 3449 ipsum
1368 3376 1519 3432 sicut
1566 3378 1690 3449 ipse
1737 3377 1966 3451 episco-

306 3487 422 3544 pus
451 3484 718 3545 prmsens
750 3466 915 3541 apud
944 3470 1381 3523 antecessorem
1403 3471 1677 3523 nostrum
1707 3464 1966 3539 expetiit,

306 3559 389 3615 ita
418 3575 523 3633 per
550 3557 781 3627 legatos
809 3570 971 3623 suos,
1006 3553 1147 3611 data
1192 3553 1431 3610 licentia
1484 3568 1520 3611 a
1574 3552 1822 3610 domino
1859 3569 1968 3609 suo

246 3708 251 3713 ,
309 3645 670 3705 Chuonrado
699 3661 859 3717 rege,
893 3642 1056 3718 apud
1082 3659 1193 3699 nos
1223 3642 1579 3716 impetravit.
1641 3645 1757 3698 Nos
1802 3658 1966 3711 vero,

306 3735 690 3793 veneratione
717 3732 1115 3804 religiositatis
1146 3748 1267 3788 suae
1299 3731 1739 3803 aguita,libenti
1765 3731 1970 3788 animo

308 3825 579 3898 petitioni
607 3825 736 3897 ejus
764 3838 1085 3880 assensum
1108 3821 1498 3895 praebuimus,
1531 3825 1587 3878 et
1616 3837 1722 3894 per
1770 3825 1971 3878 aucto-

307 3914 543 3971 ritatem
571 3911 943 3985 apostolatus
963 3909 1149 3967 nostri
1178 3912 1408 3966 certum
1437 3909 1844 3985 conscriptum
1894 3908 1974 3966 fe-

312 4001 526 4069 cimus,
561 4015 669 4073 per
698 3998 864 4072 quod
890 3997 1203 4071 privilegia
1245 4003 1301 4055 et
1352 4002 1593 4068 statuta,
1642 3997 1971 4072 antiquitus

310 4088 596 4164 praedicto
625 4087 988 4144 monasterio
1026 4102 1334 4159 concessa,
1368 4085 1726 4144 solidissime
1768 4087 1971 4145 ﬁrma-

312 4179 532 4245 vimus,
564 4176 646 4235 ita
674 4180 740 4233 ut
767 4191 927 4233 nunc
959 4179 1017 4232 et
1044 4175 1325 4250 deinceps
1364 4176 1663 4249 saepedicti
1716 4176 1975 4234 coenobii

314 4266 523 4323 fratres
550 4280 748 4337 neque
777 4263 1115 4338 episcopus,
1147 4280 1343 4338 neque
1371 4264 1610 4322 alterius
1631 4266 1978 4323 monasterii

2055 1784 2181 1839 haec
2207 1783 2267 1838 in
2298 1796 2687 1856 pergameno,
2722 1781 2887 1853 quod
2931 1797 3135 1836 secum
3182 1779 3540 1847 detulerant,
3586 1791 3746 1831 con-

2056 1873 2374 1941 cessimus,
2407 1876 2463 1925 et
2490 1874 2552 1927 ut,
2581 1886 2704 1926 non
2727 1868 3100 1926 dubitaretur
3128 1869 3201 1926 de
3231 1867 3400 1941 ipsis,
3425 1883 3565 1940 quae
3588 1866 3747 1921 scri-

2058 1965 2161 2032 pta
2193 1963 2350 2028 sunt,
2379 1958 2605 2013 annulo
2634 1962 2840 2013 nostro
2868 1958 3081 2013 subtus
3134 1955 3378 2028 sigillari
3428 1955 3749 2026 jussimus

2058 2049 2227 2119 (560).
2258 2047 2368 2113 Qui
2395 2052 2595 2102 autem
2623 2047 2843 2103 borum
2869 2062 3004 2119 quae
3032 2062 3138 2119 per
3166 2049 3437 2102 nostram
3467 2044 3749 2100 auctori-

2060 2140 2241 2192 tatem
2266 2135 2486 2208 scripta
2518 2138 2673 2200 sunt,
2704 2134 2827 2189 veri
2855 2138 3231 2191 exsecutores
3281 2139 3339 2188 et
3381 2132 3748 2188 observato-

2060 2241 2154 2282 res
2184 2224 2528 2290 exstiterint,
2548 2222 3022 2280 benedictionem
3054 2228 3108 2281 et
3125 2223 3380 2293 gratiam
3412 2239 3445 2278 a
3473 2221 3751 2277 Domino

2059 2316 2180 2370 Deo
2212 2318 2552 2370 mereantur
2577 2317 2867 2368 aeternam
2897 2329 3095 2369 amen.
3128 2316 3279 2368 Bene
3310 2310 3520 2367 valete.

2136 2402 2431 2475 Scriptum
2460 2406 2550 2456 est
2571 2416 2677 2474 per
2708 2416 2929 2457 manus
2960 2400 3273 2476 Epiphanii
3298 2399 3515 2456 notarii
3544 2401 3598 2456 S.
3626 2400 3755 2454 Ro-

2062 2505 2262 2547 manae
2312 2489 2582 2545 Ecclesiae
2639 2488 2699 2543 in
2758 2504 2964 2545 mense
3014 2487 3353 2545 Februario.
3384 2490 3598 2543 Datum
3629 2501 3755 2559 per

2066 2597 2284 2637 manus
2316 2579 2464 2636 Petri
2490 2578 2751 2636 Ortensis
2780 2580 3045 2653 episcopi
3078 2579 3242 2652 (561),
3287 2596 3387 2633 vui
3433 2581 3618 2644 Mart.,
3654 2576 3754 2632 in-

2065 2670 2287 2727 ditione
2318 2673 2350 2725 8
2382 2668 2552 2740 (562),
2584 2672 2873 2738 regnante
2901 2668 3126 2725 domno
3166 2666 3528 2738 Berengario
3573 2682 3753 2722 anno

2073 2761 2099 2813 ι
2128 2757 2297 2829 (563),
2325 2760 2649 2831 postquam
2681 2758 2883 2813 Caesar
2926 2761 3307 2814 consecratus
3357 2759 3449 2811 est
3496 2753 3756 2811 feliciter

2069 2847 2130 2902 in
2162 2846 2260 2901 Dei
2286 2846 2550 2911 nomine,
2582 2860 2780 2902 amen.
2867 2918 2913 2971 γ

2140 3004 2367 3045 JOANNIS
2405 3004 2444 3043 Χ
2482 3003 2844 3045 PIIWLEGIUM
2882 3002 3061 3042 PAULO
3098 3003 3367 3044 BPISCOPO
3406 3000 3678 3043 Διιιιειιει

2736 3075 3074 3117 CONCESSUI.

2639 3129 3171 3203 (Annoﬂ920).

2289 3200 2487 3273 [Apud
2518 3198 2763 3271 Ughelli,
2790 3201 2977 3257 Italia
3008 3198 3204 3267 sacra,
3256 3200 3325 3269 11,
3374 3198 3530 3269 401).

2110 3292 2358 3345 Jomxes
2382 3291 2722 3363 episcopus,
2741 3306 2951 3345 servus
2978 3305 3286 3347 servorum
3307 3288 3433 3355 Dei,
3469 3302 3757 3344 reveren-

2076 3379 2324 3434 dissimo
2337 3379 2526 3434 Ρωιο
2545 3380 2762 3450 (564)8.
2792 3377 3093 3434 Adriensis
3130 3377 3405 3434 Ecclesiae
3434 3377 3755 3452 episcopo.

2150 3467 2299 3533 Quia
2329 3468 2546 3539 petiisti
2562 3483 2597 3523 a
2614 3467 3113 3540 nobis,quatenus
3124 3467 3605 3523 concederemus
3621 3464 3754 3533 tibi,

2078 3561 2135 3613 et
2153 3572 2261 3629 per
2281 3560 2334 3612 te
2351 3557 2479 3628 jam
2507 3556 2674 3612 facta:
2697 3560 2813 3612 tuae
2836 3556 3104 3613 Ecclesme
3144 3564 3377 3612 curtem
3410 3558 3575 3611 Bone
3606 3570 3753 3624 uno,

2078 3662 2212 3718 quae
2236 3649 2484 3701 vocatur
2496 3644 2846 3715 Rhodige,et
2862 3645 3075 3701 silvam
3092 3660 3226 3718 quae
3239 3644 3463 3701 dicitur
3480 3642 3752 3716 Grumpi,

2080 3750 2186 3790 seu
2216 3733 2714 3807 Piscarium,quae
2760 3740 3006 3791 vocatur
3038 3733 3293 3803 Longole
3320 3749 3539 3789 verum
3574 3733 3754 3788 etiam

2080 3828 2308 3880 curtem
2325 3839 2460 3897 qua:
2474 3827 2718 3880 vocatur
2731 3823 3249 3896 Romiliacus,quae
3261 3828 3352 3878 est
3362 3822 3567 3897 posita
3580 3822 3642 3877 in
3654 3821 3753 3876 Ca-

2079 3913 2355 3984 neglada.
2374 3916 2551 3985 atque
2569 3912 2826 3969 fundum
2841 3914 3206 3987 Crispo’cum
3227 3912 3524 3968 omnibus
3544 3927 3752 3968 eorum

2080 4004 2448 4077 pertinentiis
2469 4007 2525 4059 et
2546 4003 2988 4075 adjacentiis,ut
3004 4001 3175 4060 liceat
3194 4002 3299 4058 tibi
3315 4001 3378 4058 in
3392 4002 3559 4058 dicto
3574 4000 3753 4072 longo

2081 4092 2354 4163 Rhodige
2386 4097 2649 4149 castrum
2676 4097 3017 4149 construere
3041 4091 3119 4150 ad
3146 4091 3523 4148 servandum
3560 4106 3754 4165 popu-

2082 4181 2209 4238 lum
2224 4198 2328 4237 san
2339 4186 2444 4237 ciae
2457 4185 2573 4238 tua:
2585 4181 2880 4250 Ecclesiae,
2894 4186 3002 4238 etc.
3018 4184 3084 4237 Et
3098 4180 3343 4254 insuper
3359 4179 3756 4236 concedimus

2085 4271 2439 4342 suffragium
2459 4271 2670 4344 populi
2693 4270 3096 4345 permanentis
3127 4286 3162 4326 a
3191 4268 3451 4326 termino
3486 4267 3753 4338 Rhodige

388 4394 533 4468 (⁵⁵⁷)
571 4396 775 4475 "eqlie
796 4392 928 4473 lem
960 4391 1075 4475 52b
1107 4391 1250 4475 seni
1280 4394 1383 4475 9!?
1409 4392 1647 4475 Eritium
1688 4394 1978 4475 .Burcardi
2011 4413 2055 4470 D
2086 4414 2221 4475 rem
2253 4397 2333 4454 ad
2354 4413 2415 4475 ρ,
2446 4401 2570 4466 916»
2603 4397 2729 4475 qui.
2761 4400 3044 4475 οτιρηαρι
3068 4395 3388 4475 euertere
3416 4394 3757 4475 Aprptiic'r

316 4462 878 4548 Alemannite—ducis
904 4480 973 4521 ac
1000 4462 1297 4547 Rudolphi
1324 4463 1368 4520 ΙΙ
1420 4465 1776 4592 Burgundiae
1820 4466 1977 4537 regis
2011 4462 2049 4470 ’
2085 4468 2327 4526 vitatem
2351 4462 2413 4525 in
2443 4462 2765 4550 ora'maris
2804 4467 3083 4551 Adriatici
3108 4466 3416 4551 intellexit,
3464 4462 3757 4523 refutatus

317 4541 729 4592 contentiones
760 4550 906 4592 agro
938 4533 1233 4592 Helvetico
1260 4534 1507 4592 funestae
1563 4540 1797 4592 uerunt.
1828 4540 1976 4592 Prae-
2089 4556 2125 4592 ει
2149 4543 2313 4592 Justo
2340 4542 2669 4592 Fontanan
2698 4555 2758 4592 in
2785 4538 3261 4592 Antmmtanbus
3309 4539 3532 4592 Hortae
3586 4538 3755 4592 Colo-

317 4538 729 4595 contentiones
760 4550 906 4606 agro
938 4533 1233 4606 Helvetico
1260 4534 1507 4592 funestae
1536 4533 1797 4593 fuerunt.
1828 4533 1976 4592 Priae-

317 4609 379 4665 lii
406 4610 559 4665 inter
586 4605 909 4680 utrumque
931 4605 1258 4680 exercitum
1287 4607 1597 4664 commissi
1618 4607 1785 4680 apud
1830 4608 1982 4664 Vito-

318 4680 541 4737 durum
594 4678 998 4750 meminerunt
1056 4679 1441 4750 Hepidannus
1488 4681 1545 4734 et
1602 4678 1977 4735 Hérmannus

322 4754 616 4809 Contr-act.
653 4749 730 4806 ad
760 4749 820 4806 h.
856 4765 893 4806 a

391 4822 534 4894 (558)
575 4819 879 4894 Brevitatis
926 4833 1140 4894 quam_
1169 4817 1608 4894 perspicuitatis
1662 4818 1983 4894 studiosior

323 4888 449 4949 erat
472 4888 739 4950 notarius
762 4891 825 4947 in
855 4888 1096 4946 summa
1124 4888 1300 4947 bullae
1311 4888 1626 4958 ‘Sergianae
1647 4888 1979 4947 referenda.

393 4965 542 5041 (559)
557 4964 789 5041 Chartae
803 4965 1090 5041 Romanae
1104 4963 1347 5041 nomine
1360 4975 1660 5041 papyrum
1680 4961 1986 5041 @gyptia-

324 5031 461 5090 cam
484 5034 730 5104 intelligi
754 5033 1048 5104 existimo,
1102 5033 1208 5104 vel,
1240 5031 1662 5104 quodjﬂomae
1691 5031 1983 5090 fabricata

327 5104 618 5178 fuerit,vel
638 5102 805 5178 quod
825 5103 943 5178 adh
950 5121 1033 5178 uc_
1040 5120 1150 5178 saec
1154 5102 1309 5178 nlo—it
1320 5102 1502 5178 bullae
1511 5104 1827 5178 pontificiis
1839 5104 1902 5160 in
1913 5121 1986 5162 ea

328 5173 863 5232 conscriberentur.
889 5176 992 5231 CF.
1016 5173 1228 5231 Mabill.
1249 5173 1322 5229 de
1347 5189 1411 5230 re
1436 5173 1707 5243 dii—itam”
1724 5174 1764 5231 l.
1787 5191 1826 5243 ι,
1856 5192 1906 5231 c.
1927 5180 1982 5232 8.

398 5246 545 5318 (560)
584 5244 711 5318 Vid.
746 5245 983 5318 Heinec.
1029 5244 1103 5302 de
1150 5244 1386 5318 sigillis,
1440 5261 1500 5318 p.
1562 5249 1649 5301 48.
1695 5246 1983 5303 Nouveau

330 5314 511 5375 traité
529 5314 609 5373 de
634 5317 904 5385 diplom.,
935 5320 977 5373 t.
1006 5318 1095 5383 ιν,
1120 5332 1183 5385 p.
1208 5314 1339 5371 ‘311.

401 5332 510 5375 aue
537 5332 609 5373 ae
634 5332 904 5385 aquom,
935 5332 977 5373 ι.
1006 5332 1095 5383 ιν,
1170 5359 1183 5371 .
1217 5332 1339 5371 an.

401 5389 552 5468 (561)
591 5390 794 5468 Petrus
826 5386 1088 5468 Orteusis
1117 5332 1348 5468 ﬁgatus
1370 5388 1613 5468 Joannis
1654 5390 1696 5444 Χ
1749 5388 1987 5468 praefuit

331 5459 581 5517 concilio
604 5456 984 5516 Altheimensi
1031 5456 1093 5512 in
1140 5456 1363 5514 Rhaetia
1414 5460 1661 5516 Suevica
1686 5456 1984 5517 celebrato

330 5548 414 5588 xu
444 5532 570 5588 Kal.
604 5527 810 5601 Octob.
838 5544 980 5584 ann.
1014 5531 1138 5599 916,
1171 5531 1340 5601 cujus
1380 5531 1650 5588 meminit
1698 5533 1985 5588 Herman-

330 5618 446 5660 nus
468 5606 673 5677 Contr.
709 5597 787 5656 ad
813 5615 953 5677 era.
990 5597 1259 5677 Estvero
1279 5601 1423 5677 er_a
1469 5619 1574 5659 seu
1619 5604 1981 5677 Hortarium,

330 5676 480 5759 astri
506 5674 697 5759 sedes,
743 5672 1036 5759 oppidum
1081 5672 1143 5759 in
1192 5672 1771 5759 [imbri‘aenconfinli‘is
1788 5672 1985 5759 prope

330 5746 607 5817 Tiberim,
638 5745 810 5803 secus
837 5749 1016 5817 atque
1040 5745 1271 5816 putavit
1293 5748 1426 5801 Ant.
1449 5745 1840 5815 Pagius,Crit.
1865 5745 1986 5802 Ba-

2089 4556 2125 4596 a
2149 4543 2313 4596 Justo
2340 4539 2669 4595 Fontanino
2690 4539 2758 4611 in
2785 4538 3288 4611 Antiquitatibus,
3309 4539 3532 4611 Hortata
3586 4538 3755 4611 Colo-

2088 4613 2208 4668 nia
2240 4611 2653 4679 Etruscorum,
2684 4610 2723 4666 1.
2754 4625 2814 4678 ιι,
2843 4625 2918 4680 c.,
2946 4607 3011 4666 ὴ.
3041 4615 3124 4667 13.
3179 4607 3757 4683 Sedesepiscopalis

2092 4683 2357 4739 Oricum
2385 4698 2492 4745 seu
2520 4683 2830 4739 Homnsis
2852 4696 2908 4738 a.
2936 4685 3070 4738 1437
3102 4680 3269 4738 unita
3290 4681 3406 4737 fuit
3430 4680 3755 4753 cpiscopu-

2092 4754 2176 4809 tui
2203 4754 2408 4810 civitas
2433 4753 2817 4824 Castellanaa.
2849 4755 2929 4809 De
2983 4753 3410 4810 Ortomibus
3456 4750 3759 4824 episcopis

2091 4825 2153 4880 in
2175 4824 2432 4898 Aprutio
2462 4824 2587 4898 vid1
2620 4823 3015 4898 U3h_e_ll._ltal.
3042 4825 3178 4882 Sac.
3212 4828 3253 4879 t.
3284 4825 3373 4892 V1,
3424 4823 3505 4897 p.’
3535 4826 3755 4879 966-76.

2185 4894 2310 4962 562)
2348 4894 2632 4951 Ponenda
2660 4894 2904 4950 indictio
2936 4900 2987 4950 7.

2188 4968 2312 5038 563)
2351 4972 2557 5022 Annus
2582 4983 2641 5021 1v
2680 4965 3039 5039 Berengariii
3068 4964 3451 5039 imperatoris
3477 4963 3759 5039 currebat

2094 5034 2303 5109 adhuc
2345 5044 2481 5095 ante
2539 5041 2609 5094 24
2664 5034 2897 5106 Martii,
2964 5052 3087 5109 quo
3148 5034 3244 5093 die
3296 5052 3441 5093 cum
3485 5034 3759 5093 Paschali

2095 5107 2466 5165 solemnitate
2521 5109 2844 5179 conjuncto
2894 5107 3151 5164 Joannes
3204 5111 3243 5164 X
3292 5123 3471 5179 anno,
3504 5112 3615 5164 916
3669 5122 3759 5162 co-

2094 5195 2308 5236 ronam
2358 5179 2593 5251 imperii
2644 5178 2875 5251 Romae
2950 5178 3147 5235 eidem
3211 5178 3556 5251 imposuit,
3620 5182 3758 5251 teste

2093 5248 2681 5327 posteanohmez
2747 5249 2855 5327 qui
2922 5255 3066 5327 ante.
3096 5326 3099 5327 ,
3128 5248 3403 5327 erodit!!!
3450 5248 3668 5327 seculi
3722 5264 3757 5327 ξ

2096 5268 2300 5332 poeta
2323 5268 2632 5378 διιοηῆωο
2664 5291 2678 5317 ,
2747 5268 2853 5327 qm
2922 5268 3060 5309 ante
3131 5268 3403 5308 memum
3456 5268 3668 5308 saeculi
3722 5268 3757 5303 x

2096 5325 2347 5394 scripsn,
2380 5338 2458 5394 ap
2538 5320 2771 5394 .Vales.
2824 5320 3002 5379 Paris.
3050 5322 3203 5379 1663.
3261 5321 3546 5394 Leibnitz,
3601 5320 3759 5394 Scri-

2087 5391 2251 5519 pltlif.
2285 5409 2386 5449 rer
2413 5391 2750 5449 Brunswic.
2787 5396 2825 5448 t.
2859 5396 2923 5460 1.,
2951 5397 3010 5448 et
3034 5397 3306 5450 Murator.
3335 5393 3573 5463 Script.
3614 5391 3753 5449 Ital.

2122 5505 2135 5518 .
2198 5506 2211 5519 .
2243 5481 2303 5519 n.
2340 5481 2399 5519 ιι.

2122 5505 2135 5518 .
2170 5468 2211 5532 I,
2243 5481 2303 5532 p.
2340 5481 2399 5521 ιι.

2167 5481 2316 5607 ἰέϐῐξ)
2340 5481 2459 5591 1iiic
2489 5535 2585 5607 ille
2610 5538 2699 5607 est
2727 5534 2832 5607 qui
2856 5535 3151 5607 oppidum
3181 5534 3564 5607 Rhodigium_
3582 5530 3757 5607 aediﬁ-

2097 5606 2251 5689 cavit
2278 5604 2480 5689 ibique
2520 5604 2917 5689 domicilium'
2940 5604 3093 5689 linit,
3132 5604 3444 5689 cum‘jani
3478 5604 3661 5689 adria
3682 5618 3756 5689 ex

2096 5671 2404 5759 insalubri‘
2414 5692 2548 5735 aere
2571 5676 2842 5759 cmloque
2865 5671 3098 5759 incolas
3124 5671 3471 5759 expulisset.
3491 5676 3636 5759 12am
3662 5671 3757 5755 de»

2096 5748 2517 5819 migrationem
2552 5745 2906 5807 ratam—facit
2933 5745 3259 5807 Joannes'x
3281 5749 3394 5805 hoc
3420 5745 3752 5820 privilegio.
