3950 6178
172 206 263 259 eos
888 185 893 189 ’
1409 204 1768 264 EPlSTOLE
1805 206 1890 261 ar
1928 204 2342 265 eammeam.

3477 222 3580 281 806

168 339 347 399 usque
359 324 791 382 adAdriensem
804 326 1808 388 civitateminrestaurationemtua
1850 336 1894 385 Α
1924 330 2145 399 uendo,
2174 349 2280 389 seu
2303 335 2621 405 judicandi
2650 341 3008 409 potestatem
3036 337 3307 397 habeatis
3336 342 3398 398 in
3446 360 3582 417 per-

167 414 408 488 dirupta
439 412 727 481 Ecclesiae,
760 419 818 471 et
864 415 1137 472 funditus
1184 418 1520 489 destructa,
1553 423 1814 475 statuen-

172 509 264 567 tes,
295 506 357 557 ut
395 499 540 557 nulli
568 500 742 559 liceat
772 518 808 560 a
836 505 1129 562 territorio
1160 506 1427 579 Rhodige
1459 523 1669 580 usque,
1698 511 1807 563 etc-

937 596 1023 652 Vl.

165 695 379 735 JOANNIS
407 696 446 735 Ι
477 696 832 738 Ρκινιιείίιυκ
862 696 1110 740 BONESTO
1140 702 1572 743 ARCHIEPISCOPO
1598 702 1814 742 “AV/EN-

723 787 852 828 NATI
897 788 1235 831 CONCESSL'M.

787 862 985 931 (Anno
1030 864 1183 935 921.)

228 948 423 1020 [Apud
445 948 750 1017 Mittarelli,
774 950 1001 1007 Annal.
1026 951 1374 1009 Camatdul.
1402 956 1443 1021 l,
1469 969 1609 1026 app.
1627 954 1739 1025 34.]

228 1037 291 1093 In
338 1038 584 1094 nomine
634 1041 841 1101 Patris,
887 1045 944 1096 et
995 1041 1137 1105 Filii,
1194 1047 1250 1098 et
1300 1042 1549 1116 Spiritus
1599 1042 1807 1105 sancti,

163 1131 359 1185 Amen.
390 1126 648 1184 Domino
694 1134 900 1185 nostro
945 1133 1177 1195 tonse,
1210 1148 1452 1188 summo
1508 1130 1810 1205 pontiﬁce,

161 1222 212 1274 et
254 1216 579 1274 universali
623 1234 785 1292 papa
830 1219 891 1274 in
934 1220 1298 1293 apostolatu,
1325 1236 1487 1277 anno
1533 1221 1808 1294 septimo,

158 1306 483 1379 imperante
526 1306 774 1363 domino
809 1309 1166 1366 Bmsxcamo
1213 1311 1593 1366 serenissimo
1619 1310 1809 1383 impe-

160 1399 367 1457 ratore,
400 1410 561 1451 anno
589 1396 823 1469 imperii
855 1398 1100 1468 ejus,....
1129 1403 1190 1455 to
1233 1399 1470 1456 decimo
1497 1400 1557 1455 in
1600 1414 1811 1455 mense

158 1483 373 1552 Martio,
405 1483 728 1540 indictione
759 1500 921 1541 nona
953 1488 1153 1541 Roma
1186 1487 1583 1543 Lateranensi.

224 1571 373 1636 Quia
398 1572 573 1627 nobis
595 1573 844 1629 domino
882 1574 1096 1630 Joanni
1129 1592 1372 1632 summo
1404 1580 1461 1632 et
1490 1576 1810 1632 universali

1922 424 2173 490 petuum
2215 439 2356 479 cum
2385 426 2501 480 tuis
2549 426 2999 482 successoribus
3051 427 3132 483 ad
3179 429 3317 499 jura
3364 439 3581 490 sancta

1924 509 2282 565 Ravennatis
2314 512 2586 568 Ecclesia
2617 513 2776 569 beati
2804 514 3182 587 Apollinaris,
3212 519 3401 591 quod,
3431 521 3586 579 sicut

1923 612 2105 670 supra
2125 598 2410 672 diximus,
2432 617 2583 675 pure
2613 606 2671 658 et
2696 603 2987 672 absolute,
3012 609 3072 660 et
3101 605 3226 662 sine
3252 609 3421 664 omni
3443 624 3584 667 con-

1920 685 2142 743 ditione
2190 689 2361 746 vobis
2411 691 2745 764 vestrisque
2794 694 3245 750 successoribus
3278 696 3341 752 in
3370 711 3583 772 perpe-

1920 778 2092 831 tuum
2121 778 2486 850 remisimus,
2512 785 2692 854 atque
2730 782 3208 854 emancipamus.
3242 785 3301 842 Si
3343 788 3480 859 quis
3507 788 3583 845 de

1920 865 2086 921 omni
2116 867 2294 935 clero,
2327 868 2449 925 sive
2481 869 2685 942 aliqua
2732 886 3014 943 persona,
3064 871 3269 945 aliqua
3296 875 3584 945 dignitate

1918 954 2258 1026 decoratus,
2293 957 2412 1013 sive
2443 959 2677 1030 privata
2706 975 2989 1032 persona,
3018 966 3227 1019 contra
3261 963 3423 1020 hunc
3452 966 3584 1021 titu-

1919 1042 2045 1099 lum
2089 1046 2275 1101 nostri
2326 1047 2619 1118 privilegii
2671 1053 2727 1103 et
2777 1049 3272 1122 emancipationis
3314 1052 3583 1125 aliquam

1919 1131 2080 1188 litem
2112 1134 2431 1206 impulerit,
2486 1137 2559 1192 sit
2594 1138 3041 1209 compositurus
3070 1145 3125 1195 et
3172 1140 3422 1197 daturus
3450 1142 3582 1198 auri

1919 1221 2129 1292 optimi
2151 1222 2332 1278 libras
2357 1228 2621 1287 centum,
2652 1225 3035 1282 medietatem
3071 1230 3331 1283 Cameren
3360 1235 3579 1286 nostra

1920 1312 2323 1377 Lateranensi,
2350 1318 2408 1368 et
2454 1314 2835 1371 medietatem
2864 1320 3082 1372 sancta
3122 1317 3450 1375 Ravennati
3482 1321 3584 1375 Ec-

1919 1399 2114 1455 clesia
2145 1401 2302 1457 beati
2333 1402 2711 1474 Apollinaris,
2744 1408 2801 1459 et
2838 1405 2912 1460 sit
2956 1408 3512 1463 excommunicatus
3540 1424 3581 1464 a

1918 1493 2123 1544 nostra
2153 1488 2532 1562 amplissima
2559 1491 2701 1547 sede
2737 1493 3087 1565 apostolica,
3110 1498 3169 1549 et
3196 1495 3309 1550 sub
3330 1496 3579 1552 anathe-

1920 1582 2080 1632 mate
2107 1582 2167 1633 et
2406 1579 2567 1634 timis
2591 1584 2649 1635 et
2675 1584 3019 1636 sanctorum
3050 1582 3441 1638 conciliorum
3486 1585 3579 1639 Ni-

156 1674 326 1731 papa
355 1660 431 1715 de
456 1661 786 1733 apostolica
835 1663 1240 1721 sacratissima
1294 1666 1451 1721 beati
1490 1666 1638 1720 Petri
1671 1665 1809 1721 sede
1847 1687 1892 1739 Β
1920 1667 2091 1737 cani,
2117 1668 2513 1724 Constanti....
2558 1668 2619 1723 ni
2670 1669 2905 1724 eﬁ'es....
2949 1675 3004 1725 et
3042 1685 3288 1743 quas....
3327 1682 3580 1729 onore!)

156 1748 378 1820 petistis
450 1749 623 1805 vobis
682 1752 964 1817 Ronesto,
1022 1753 1226 1808 divina
1293 1753 1530 1810 favente
1597 1754 1807 1824 gratia,

155 1836 605 1910 archiepiscopo
632 1843 853 1896 sancta
875 1845 1090 1896 nostra
1136 1842 1494 1898 Ravennatis
1541 1842 1811 1898 Ecclesia

152 1926 305 1981 beati
328 1926 699 1999 Apolenaris,
732 1934 797 1985 ut
826 1930 1317 1999 concederemus,
1350 1936 1406 1987 et
1443 1932 1647 1986 vestris
1678 1947 1811 1987 suc-

153 2015 491 2071 cessoribus
561 2016 621 2071 in
694 2022 1053 2091 perpetuum
1116 2019 1573 2092 possidendum.
1646 2020 1811 2076 Unde

151 2104 491 2176 apostolatu
521 2111 725 2162 nostro
784 2107 943 2165 beati
972 2109 1120 2165 Petri
1165 2107 1439 2182 apostoli,
1492 2110 1672 2165 Patris
1701 2124 1809 2182 pa-

149 2196 276 2247 tron
286 2209 387 2248 um
415 2198 666 2250 tantum.
678 2241 689 2251 .
702 2236 737 2252 ..
750 2195 1113 2270 impetrandi
1132 2198 1229 2253 via
1250 2203 1359 2263 est,
1374 2198 1606 2272 quoties
1636 2198 1813 2254 bene—

145 2281 279 2337 ﬁcia
322 2298 359 2338 a
385 2288 595 2339 sancta
622 2289 829 2341 nostra
868 2289 1138 2343 Romana
1188 2287 1443 2342 Ecclesia
1500 2287 1630 2357 ejus
1672 2288 1810 2359 jura

144 2386 268 2426 non
326 2377 539 2428 noceat
580 2372 933 2447 postulasti;
966 2376 1070 2430 sed
1123 2377 1311 2431 Roma
1359 2376 1551 2446 magis
1610 2392 1808 2431 accre-

141 2477 313 2515 scere
344 2462 535 2533 possit
577 2479 765 2535 quam
813 2464 1022 2520 minui.
1051 2464 1190 2521 ideo
1217 2466 1456 2521 sicut....
1508 2481 1544 2521 a
1575 2470 1812 2538 aposto-

143 2548 270 2603 latu
326 2548 508 2620 hujus
561 2556 1055 2608 sancta-nostra
1111 2554 1465 2610 universalis
1516 2554 1807 2622 Ecclesia,

144 2637 296 2693 sicut
323 2637 576 2706 dignum
605 2641 907 2711 etjustum
930 2643 1508 2712 recognoscimus...
1524 2643 1541 2698 i
1560 2648 1807 2715 patr.....

151 2726 453 2797 suscipere
483 2726 1056 2786 benedictionem....
1080 2731 1280 2786 dimus
1307 2736 1363 2787 et
1382 2732 1601 2787 damus
1632 2736 1810 2804 atque

145 2813 437 2869 tradimus
470 2831 577 2871 seu
620 2832 807 2873 em....
842 2834 1077 2875 amu....
1102 2819 1288 2891 hujus
1342 2824 1563 2876 sancta
1594 2827 1808 2877 nostra

150 2904 433 2958 Romana
468 2903 736 2960 Ecclesiae
782 2906 885 2961 tibi
934 2906 1195 2963 Honesto
1242 2912 1464 2963 sancta
1496 2913 1805 2966 nostra...

146 3009 219 3064 po
251 2993 469 3050 dilecto
518 2995 797 3051 confratri
822 3002 1027 3052 nostro
1058 3002 1115 3053 et
1141 3012 1249 3068 per
1300 3013 1608 3053 manus...
1661 3014 1808 3070 pra-
1847 3027 1889 3080 ο

145 3080 300 3137 dicta
331 3087 543 3139 sancta
569 3084 743 3140 Ra....
770 3089 919 3140 at....
942 3086 1198 3143 Ecclesia
1224 3085 1350 3143 ﬁlia
1376 3087 1557 3158 hujus
1589 3092 1807 3143 sancta

146 3176 361 3227 nostra
401 3175 680 3228 Romanae
704 3172 978 3230 Ecclesia
1009 3190 1223 3231 una....
1252 3174 1463 3231 vestris
1508 3191 1809 3232 successo-

146 3259 309 3315 ribus
345 3260 405 3315 in
436 3267 795 3334 perpetuum
822 3263 1265 3335 possidendum
1294 3280 1405 3320 suo
1430 3265 1583 3335 jure.
1628 3265 1691 3320 Id
1722 3270 1811 3321 est

147 3347 555 3418 concedimus,
590 3356 646 3407 et
693 3368 729 3407 a
778 3352 953 3408 nobis
982 3352 1334 3421 alienamus,
1364 3359 1420 3409 et
1443 3355 1657 3411 vestris
1682 3371 1808 3412 ma-

144 3438 317 3494 nibus
354 3438 651 3495 tradimus
694 3446 873 3514 atque
930 3442 1384 3516 emancipamus
1432 3444 1626 3515 vobis,
1659 3445 1810 3501 sicut

144 3530 195 3581 et
223 3527 320 3583 alii
369 3528 562 3584 sancti
610 3530 808 3586 Patres
853 3531 1041 3586 nostri
1070 3531 1445 3587 tradiderunt
1466 3537 1523 3588 et
1550 3534 1809 3588 emanci-

144 3620 441 3685 paverunt
475 3633 487 3671 :
521 3618 601 3673 ita
655 3621 712 3673 et
756 3634 867 3674 nos
921 3635 1029 3691 per
1070 3619 1253 3691 hujus
1302 3621 1489 3675 nostri
1528 3622 1812 3692 praecepti

142 3705 432 3775 paginam
463 3706 960 3779 emancipationis
1008 3708 1279 3763 similiter
1309 3708 1364 3764 et
1402 3706 1810 3764 conﬁrmatio-

142 3792 226 3847 nis
255 3794 722 3867 emancipamus
770 3800 959 3852 totam
1026 3813 1317 3867 massam,
1374 3813 1511 3870 qua
1563 3800 1811 3853 vocatur

144 3884 448 3956 campilio,
507 3900 631 3942 una
681 3902 821 3941 cum
881 3885 1165 3942 omnibus
1228 3885 1501 3942 fundoris
1557 3886 1700 3955 suis,
1756 3890 1813 3941 et

145 3986 277 4027 cum
311 3973 605 4030 omnibus
632 3974 784 4045 juris
811 3975 1179 4048 pertinentiis
1201 3975 1348 4041 suis,
1377 3975 1812 4048 piscationibus

140 4074 381 4135 quoque
416 4067 472 4119 et
499 4064 985 4121 venerationibus
1003 4064 1125 4120 suis
1143 4068 1199 4121 et
1218 4064 1505 4120 omnibus
1537 4064 1651 4120 sibi
1676 4063 1812 4120 sub-

133 4146 477 4216 jacentibus
515 4151 611 4207 vel
654 4152 1111 4224 pertinentibus,
1144 4152 1465 4209 constituta
1522 4151 1810 4209 territorio

139 4236 488 4295 Gavellense
518 4239 669 4296 inter
707 4241 935 4297 ﬂumen
978 4241 1223 4297 Adicem
1269 4245 1325 4297 et
1366 4240 1594 4297 ﬂumen
1624 4240 1804 4297 Pado.

141 4325 427 4384 Similiter
454 4327 745 4400 largimur
771 4336 827 4386 et
854 4330 1287 4387 conﬁrmamus
1340 4347 1446 4387 seu
1491 4331 1804 4397 tradimus,

139 4417 315 4487 atque
342 4418 414 4473 in
458 4423 817 4492 perpetuum
839 4420 1266 4494 mancipamus
1296 4419 1372 4475 de
1395 4420 1529 4491 jure
1582 4422 1802 4475 sancta

140 4508 354 4562 nostra
378 4506 665 4565 Romana
684 4512 741 4566 et
764 4510 1116 4566 universalis
1138 4508 1412 4566 Ecclesia
1432 4509 1493 4565 in
1520 4508 1810 4582 pradicta

139 4599 346 4653 sancta
392 4598 753 4655 Ravennata
800 4598 1075 4667 Ecclesia,
1117 4599 1178 4654 id
1222 4601 1311 4654 est
1352 4602 1541 4655 totam
1586 4602 1642 4654 et
1667 4598 1811 4654 inte-

141 4695 311 4751 gram
338 4700 618 4743 massam
656 4702 791 4760 qua
821 4693 1072 4744 vocatus
1100 4687 1332 4743 ﬁscalia
1358 4703 1497 4742 cum
1527 4685 1810 4743 omnibus

141 4772 413 4831 similiter
459 4775 733 4833 fundoris
779 4793 887 4832 seu
930 4781 987 4833 et
1034 4793 1171 4832 cum
1211 4776 1495 4831 omnibus
1538 4775 1688 4847 juris
1719 4776 1811 4831 sui

140 4861 606 4933 pertinentibus,
638 4882 747 4921 nec
777 4881 899 4922 non
930 4882 1069 4921 cum
1099 4864 1381 4921 omnibus
1428 4864 1582 4920 villis
1612 4868 1667 4921 et
1691 4863 1812 4937 ple-

142 4948 317 5008 bibus
349 4954 417 5010 in
445 4955 583 5028 ipsa
609 4972 811 5013 massa
839 4956 1192 5023 constitutis,
1213 4954 1643 5029 piscationibus
1663 4970 1810 5028 quo-

142 5055 257 5113 que
284 5048 347 5101 et
373 5045 798 5103 venationibus
839 5046 988 5112 suis,
1020 5045 1286 5102 similiter
1331 5061 1472 5102 cum
1516 5045 1682 5102 omni
1712 5044 1809 5101 tri-

140 5127 305 5199 buto,
324 5149 518 5189 censu
539 5138 811 5206 atque....
835 5134 993 5192 tione
1013 5133 1329 5208 temporali
1355 5138 1412 5190 et
1430 5134 1680 5191 annuali
1706 5150 1812 5190 seu

142 5216 414 5279 districto
444 5226 501 5279 et
531 5240 670 5279 cum
700 5224 1007 5293 omnibus,
1032 5241 1169 5298 qua
1194 5224 1269 5281 de
1290 5224 1576 5297 pradicta
1607 5241 1813 5281 massa

143 5308 220 5365 ad
248 5315 530 5369 sanctam
554 5315 886 5371 Romanam
913 5314 1238 5371 Ecclesium
1260 5313 1578 5386 pertinent,
1602 5313 1814 5369 consti.

142 5399 266 5455 tuta
296 5400 596 5458 territorio
630 5403 1017 5460 Ferrariense.
1050 5403 1175 5459 Hoc
1202 5401 1451 5475 quidem
1480 5400 1666 5457 modo
1697 5405 1810 5457 tra-

142 5485 364 5551 dimus,
394 5495 451 5546 et
476 5492 936 5565 emancipamus
965 5510 1002 5549 a
1030 5492 1207 5549 nobis
1236 5491 1451 5549 ambas
1490 5505 1724 5548 massas
1749 5490 1811 5545 in

142 5578 217 5644 te,
252 5580 517 5636 Honesto
549 5581 1026 5655 archiepiscopo,
1048 5585 1106 5637 et
1132 5582 1190 5637 in
1215 5581 1331 5637 tuis
1362 5578 1812 5636 successoribus

142 5663 202 5720 in
220 5672 590 5741 perpetuum
610 5670 916 5743 habendo,
936 5670 1215 5739 tenendo,
1233 5669 1593 5739 ordinando,
1610 5669 1812 5741 dispo-

1921 1756 2145 1812 habere
2171 1756 2400 1812 videtur
2425 1772 2497 1814 ex
2526 1771 2601 1813 eo
2626 1758 2809 1830 pri....
2842 1757 2860 1812 i
2887 1758 3270 1814 censuim.....

2696 1850 2805 1901 VII.

1920 1949 2185 1990 EPISTOLA
2231 1952 2453 1991 JOANNIS
2504 1954 2534 1991 Χ
2582 1954 2654 1991 AD
2706 1953 3061 1991 HERIMANNUM
3105 1953 3577 1995 ARCHIEPISOOPUM

2547 2039 2943 2079 COLONIENSEM.

2563 2113 2753 2181 (Anno
2782 2112 2882 2166 92l
2898 2114 2938 2176 .)

1918 2199 2093 2254 Juba!
2120 2203 2185 2253 ut
2196 2201 2440 2255 Romam
2465 2201 2660 2255 veniat
2682 2214 2807 2254 una
2823 2214 2958 2255 cum
2974 2200 3272 2255 Hilduino
3288 2206 3345 2256 et
3367 2202 3583 2259 Richa-

1991 2288 2102 2355 rz'o,
2119 2288 2225 2356 qui
2246 2287 2319 2341 de
2338 2289 2672 2357 Tungrensi
2692 2288 3033 2356 episcopatu
3052 2289 3506 2345 contendebant.

2220 2375 2419 2447 {Apud
2450 2376 2653 2445 Mansi,
2688 2376 2866 2431 Conc.
2898 2381 3044 2430 tom.
3078 2378 3287 2447 XVIII.]

1990 2466 2232 2518 tonsas
2248 2464 2591 2536 episcOpus,
2609 2479 2819 2519 servus
2848 2480 3157 2520 servorum
3175 2466 3295 2533 Dei,
3310 2483 3580 2524 reveren-

1918 2551 2167 2606 dissimo
2192 2557 2249 2607 et
2269 2552 2678 2608 sanctisssimo
2707 2552 2988 2608 confratri
3008 2558 3215 2609 nostro
3244 2555 3576 2613 Hanmnno

1921 2645 2143 2696 sancta
2170 2640 2538 2697 Coloniensis
2572 2641 2841 2696 Ecclesia
2871 2642 3345 2717 archiepiscopo.

1991 2732 2140 2786 Cum
2191 2730 2383 2785 simus
2435 2730 2755 2785 Dominica
2805 2730 2995 2803 plebis
3051 2746 3312 2805 superna
3340 2734 3579 2791 misera-

1917 2818 2076 2874 tione
2105 2823 2385 2887 rectores,
2415 2819 2739 2875 studiosius
2784 2835 2895 2875 nos
2943 2822 3219 2877 convenit
3250 2823 3348 2878 Dei
3380 2824 3579 2896 prasi-

1917 2907 2085 2962 dium
2137 2923 2247 2980 pro
2298 2908 2679 2964 subditorum
2736 2924 2891 2981 saepe
2942 2910 3205 2979 cogitare
3259 2912 3467 2979 salute,
3502 2928 3577 2968 ne

1918 2996 2230 3052 frustratis.
2276 2998 2441 3069 quod
2496 2998 2671 3063 absit,
2723 2998 3043 3053 animabus
3110 3000 3340 3073 antiqui
3390 3002 3578 3058 hostis

1918 3085 2167 3153 insidiis,
2203 3091 2340 3142 ante
2371 3086 2645 3142 omnium
2674 3090 2985 3159 pastorem
3028 3087 3363 3145 districtam
3399 3105 3578 3160 coga-

1917 3189 2055 3229 mur
2082 3174 2310 3231 solvere
2338 3176 2631 3231 rationem
2665 3192 2676 3229 :
2710 3175 2857 3247 quia
2882 3175 3018 3231 ideo
3047 3174 3241 3232 ﬁdelis
3280 3192 3490 3233 servus
3519 3184 3577 3235 et

1917 3262 2181 3335 prudens
2238 3263 2463 3318 domini
2523 3278 2704 3336 super
2760 3263 2991 3319 familia
3050 3265 3403 3321 constitutus
3444 3282 3576 3323 esse

1916 3351 2306 3421 dignoscitur,
2340 3357 2403 3407 ut
2421 3368 2691 3422 congruo
2723 3356 2989 3424 tempore
3014 3352 3115 3407 det
3150 3352 3264 3408 illis
3290 3353 3573 3411 fructum.

1916 3441 2193 3510 Congruo
2246 3445 2514 3512 tempore
2545 3440 2883 3495 sacerdotes
2931 3440 3225 3511 propOsiti
3270 3442 3391 3497 Deo
3421 3443 3578 3498 fruc-

1917 3532 2045 3583 tum
2074 3529 2242 3593 dant,
2271 3544 2409 3583 cum
2455 3543 2566 3600 pro
2617 3527 2805 3582 salute
2852 3527 3128 3582 omnium
3169 3528 3281 3583 sibi
3313 3528 3578 3585 subdito-

1918 3635 2073 3686 rum,
2122 3617 2288 3689 quod
2332 3620 2742 3690 opportunum
2790 3621 2879 3672 est
2908 3616 3183 3672 offerunt.
3214 3618 3281 3672 Et
3308 3619 3452 3690 quia
3482 3635 3579 3674 ve-

1920 3711 2039 3761 stra
2102 3705 2439 3761 fraternitas
2508 3704 2863 3761 sententiam
2918 3705 3182 3777 Apostoli
3236 3707 3582 3779 reprobavit

1919 3794 2229 3868 operando
2260 3796 2318 3865 (Ι
2349 3795 2494 3851 Tim.
2528 3795 2588 3866 v)
2619 3794 2724 3867 qui
2754 3798 2982 3862 monet,
3004 3793 3171 3850 nullo
3195 3795 3381 3851 modo
3402 3796 3578 3852 alicui

1917 3883 2121 3940 leviter
2150 3900 2370 3940 manus
2420 3883 2749 3957 imponere,
2776 3898 2916 3940 cum
2959 3883 3367 3956 Hilduvinum,
3401 3900 3579 3941 cano-

1918 3973 2068 4029 nicis
2099 3973 2213 4029 sibi
2245 3972 2630 4029 obviantibus
2682 3972 2922 4044 regulis,
2956 3972 3186 4046 absque
3227 3973 3580 4030 clericorum

1919 4062 2225 4133 electione,
2280 4066 2336 4119 et
2409 4060 2700 4119 laicorum
2766 4060 3216 4119 acclamatione.
3275 4061 3583 4119 Gisleberti

1918 4155 2103 4219 metu,
2128 4150 2454 4223 episcopali
2504 4150 2700 4207 insula
2754 4150 3038 4207 decorare
3066 4166 3190 4207 non
3217 4150 3578 4222 denegastis,

1920 4256 2060 4295 cum
2111 4240 2309 4313 prisca
2363 4239 2737 4296 consuetudo
2793 4240 3011 4310 vigeat,
3066 4241 3320 4313 qualiter
3380 4240 3581 4297 nullus

1918 4329 2097 4386 alicui
2142 4328 2354 4385 clerico
2400 4330 2835 4401 episcopatum.
2862 4329 3129 4389 conferre
3187 4329 3423 4396 debeat,
3462 4328 3581 4384 nisi

1918 4434 2023 4473 rex
2061 4418 2155 4473 cui
2202 4417 2485 4474 divinitus
2517 4422 2752 4490 sceptra
2792 4417 3007 4474 collata
3054 4422 3211 4473 sunt.
3257 4419 3386 4483 Quo
3437 4431 3580 4472 vero

1917 4506 2127 4564 ordine
2166 4506 2524 4564 Gislebertus
2572 4506 2688 4563 hoc
2730 4505 2897 4578 quod
2934 4504 3016 4560 illi
3058 4520 3413 4562 concessum
3454 4519 3580 4558 non

1918 4601 2007 4652 est
2035 4612 2212 4667 agere
2231 4611 2356 4652 non
2385 4594 2615 4659 metuit,
2646 4598 2713 4650 ut
2736 4594 3012 4657 arbitror,
3039 4593 3186 4666 quia
3207 4591 3402 4647 illicita
3424 4607 3580 4664 pra-

1919 4686 2192 4756 sumpsit,
2222 4683 2651 4742 rationabiliter
2695 4682 2991 4740 imbecille
3038 4680 3436 4754 permanebit.
3476 4683 3581 4737 Ta-

1918 4790 2060 4832 men
2095 4775 2240 4847 quia
2292 4774 2593 4840 Richerus,
2629 4776 2695 4829 ut
2740 4770 2935 4827 Caroli
2967 4770 3124 4841 regis
3172 4769 3580 4827 testimonium

1918 4864 2211 4936 perhibet,
2261 4867 2441 4935 atque
2494 4861 2683 4918 nostri
2711 4859 2908 4916 dilecti
2936 4859 3041 4915 ﬁlii
3092 4858 3429 4930 Berengarii
3458 4858 3581 4929 glo-

1919 4951 2226 5008 riosissimi
2247 4949 2621 5023 imperatoris
2651 4949 2854 5006 littera
2885 4952 3196 5019 testantur,
3236 4947 3515 5021 primitus
3543 4963 3582 5005 a

1920 5041 2076 5098 clero
2095 5039 2337 5108 electus,
2368 5044 2425 5097 et
2452 5056 2489 5096 a
2513 5038 2738 5113 p0pulo
2763 5037 3053 5110 expetitus
3074 5040 3189 5093 est:
3216 5053 3323 5094 cur
3348 5036 3581 5094 donum

1919 5130 2107 5188 sancti
2135 5128 2405 5203 Spiritus,
2444 5127 2623 5201 quasi
2666 5125 2993 5199 temporale
3037 5126 3451 5197 commodum,
3484 5124 3582 5183 cui

1920 5235 2044 5278 non
2052 5219 2217 5277 licuit
2229 5219 2541 5292 imponere
2556 5231 2682 5273 non
2694 5214 2968 5273 distulisti
2978 5256 2992 5283 ,
3003 5216 3255 5272 omnino
3265 5215 3577 5282 miramur,

1921 5324 2060 5366 cum
2086 5308 2373 5379 scriptum
2423 5305 2497 5361 sit
2528 5322 2540 5359 ε
2572 5304 2922 5374 Intelligens
2949 5304 3366 5374 gubemacuta
3389 5304 3579 5374 possi-

1921 5399 2080 5456 debit
2111 5397 2313 5467 (Prov.
2349 5396 2409 5465 ι).
2444 5394 2510 5449 In
2554 5393 2739 5451 veteri
2763 5393 2943 5453 etiam
2971 5396 3348 5452 Testamento
3376 5392 3583 5448 divina

1921 5488 2051 5557 lege
2072 5483 2366 5541 sancitum
2382 5486 2490 5553 est,
2506 5486 2570 5538 ut
2586 5481 2925 5539 sacerdotes
2943 5481 3020 5539 de
3037 5482 3329 5539 sacriﬁcio
3345 5476 3581 5536 Domini

1922 5573 2337 5651 pectusculum
2354 5577 2613 5630 sumant
2642 5574 2851 5643 (Lavit.
2882 5574 3006 5643 vn).
3039 5576 3166 5629 Non
3191 5568 3472 5643 equidem
3498 5566 3579 5629 ob

1923 5666 2105 5724 aliud.
2139 5663 2258 5721 nisi
2286 5664 2351 5719 ut
2375 5661 2668 5719 sacriﬁcio
2690 5661 2945 5729 discant,
2967 5660 3118 5733 quid
3142 5659 3221 5717 de
3247 5654 3579 5729 semetipsis
