3950 6178
364 143 469 198 807

1779 125 2066 186 JOANNIS
2104 126 2298 181 ΡΑΡΑΞ
2336 128 2398 182 Χ.

3701 141 3807 193 808

362 263 480 336 ipsi
514 278 624 318 suo
652 259 950 319 Conditori
980 259 1239 314 debeant
1265 254 1599 311 immolare.
1630 256 1696 310 Et
1723 269 1863 309 cum
1892 266 2028 306 nos-
2066 250 2113 303 A
2144 254 2348 304 nostro
2379 249 2602 306 litteras
2626 267 2702 307 ex
2733 252 2981 309 Richero
3006 268 3043 308 a
3068 251 3243 308 vobis
3271 252 3460 311 electo
3481 254 3544 323 in
3580 257 3802 316 Leodio

365 352 653 423 metipsos
708 354 824 405 Deo
853 347 1063 403 offerre
1118 346 1326 402 sedulo
1359 346 1712 415 debeamus,
1745 359 1850 398 cur
1879 342 2028 397 alios

365 445 629 495 errantes
687 437 851 508 sequi
885 452 1007 491 non
1040 435 1482 491 contemnimus
1512 435 1539 490 ?
1569 450 1705 488 cum
1741 433 2023 505 scriptum

367 528 484 582 sit:
526 527 592 581 Si
646 525 1020 594 separaveris
1077 525 1403 593 pretiosum
1458 539 1494 578 a
1554 524 1681 590 vili,
1738 522 1914 593 quasi
1966 535 2026 574 os

362 631 553 671 meum
602 615 718 670 eris
773 614 917 683 (Jer.
948 616 1057 679 xv).
1098 613 1276 681 Igitur
1331 612 1475 684 quia
1520 611 1713 681 magis
1766 609 2027 665 hominis

361 718 550 774 quam
580 701 683 757 Dei
714 700 1032 757 formidine
1062 700 1376 765 metuistis,
1399 698 1565 771 quod
1593 698 1872 754 inutiliter
1901 712 2028 767 ges-

363 797 492 846 tum
544 795 650 854 est,
699 795 906 845 nostra
978 789 1187 843 imbuti
1245 787 1673 853 admonitione,
1736 790 1799 842 ut
1855 786 2024 841 citius

362 878 685 934 emendare
735 877 1113 933 delectemini
1168 876 1416 932 omnino
1465 892 1803 931 monemus.
1846 874 2025 930 Valde

364 983 629 1039 namque
707 966 992 1022 admirari
1064 982 1187 1021 non
1239 965 1602 1023 distulimus.
1655 981 1761 1019 cur
1819 967 2025 1018 contra

363 1056 658 1111 rationem
685 1055 917 1126 absque
945 1055 1099 1124 regis
1120 1054 1390 1123 jussione
1414 1069 1589 1124 agere
1618 1052 2018 1124 pertentastis:

363 1161 501 1200 cum
530 1144 704 1199 vobis
754 1143 1277 1198 reminiscentibus
1330 1144 1443 1199 hoc
1473 1141 1638 1198 nullo
1667 1141 1849 1196 modo
1888 1156 2022 1195 esse

361 1232 607 1301 debeat;
640 1237 704 1288 ut
732 1232 967 1305 absque
1013 1233 1197 1302 regali
1225 1231 1620 1304 praeceptione
1667 1230 1730 1286 in
1756 1230 2024 1302 qualibet

359 1321 648 1393 parochia
692 1322 1012 1394 episcopus
1070 1322 1142 1376 sit
1199 1326 1597 1376 consecratus.
1631 1323 1852 1376 Tamen
1905 1335 2023 1375 me-

358 1411 561 1467 diante
611 1411 887 1467 Octobrio
923 1410 1003 1467 ad
1040 1411 1249 1467 limina
1302 1410 1711 1482 apostolorum
1744 1427 1881 1466 cum
1910 1409 2023 1464 Hil-

359 1499 586 1555 duvino
636 1505 691 1554 et
748 1500 995 1555 Richero
1025 1502 1168 1570 (565)
1220 1500 1421 1554 venire
1470 1499 1737 1569 satagite,
1770 1504 1835 1554 ut
1884 1502 2020 1554 ante

2139 340 2318 409 atque
2349 353 2385 393 a
2416 344 2631 395 cuncto
2654 340 2810 399 clero
2837 346 2894 398 et
2915 340 3164 414 populo,
3190 343 3545 400 transmisit:
3572 352 3632 402 et
3659 364 3808 420 qua-

2137 423 2266 480 liter
2321 426 2680 484 Gislebertus
2710 435 2903 486 vester
2956 429 3214 485 inﬁdelis
3266 431 3660 490 Hilduvinum
3690 435 3803 493 illic

2137 528 2486 571 consecrare
2516 518 2922 592 praecipiendo
2948 534 3071 575 non
3101 519 3461 579 formidavit.
3488 524 3608 578 Nos
3640 540 3798 587 vero,

2135 617 2311 674 prece
2335 604 2528 661 dilecti
2551 606 2653 662 ﬁlii
2675 607 2862 663 nostri
2887 607 3051 675 moti,
3081 607 3441 667 [ierim/anno
3471 612 3800 687 archiepis-

2135 708 2289 765 copo
2318 695 2500 750 nostri
2555 697 2952 769 apostolanus
2998 697 3200 770 apices
3250 701 3658 757 transmittere
3683 709 3801 759 stu-

2134 782 2396 847 duimus,
2451 790 2751 857 quatenus
2802 786 3106 843 mediante
3164 787 3442 844 Octobrio
3495 806 3643 846 cum
3686 791 3797 847 illis

2135 871 2352 942 pariter
2366 872 2614 943 junctus
2636 873 2715 929 ad
2740 873 2949 931 limina
2973 875 3386 947 apostolorum
3406 892 3536 933 non
3564 878 3801 936 differat

2130 960 2331 1015 venire
2366 978 2378 1014 :
2412 966 2477 1016 ut
2522 965 2665 1017 tunc
2710 963 3125 1036 probabilibus
3183 950 3566 1022 documentis
3614 984 3794 1025 cano-

2132 1048 2282 1110 nice,
2315 1049 2420 1121 qui
2448 1050 2669 1121 dignus
2699 1056 2807 1119 est,
2841 1053 3236 1126 approbatur;
3264 1050 3369 1127 qui
3400 1071 3547 1113 vero
3575 1057 3798 1127 dignus

2131 1154 2266 1193 esse
2332 1140 2788 1213 contemplatur,
2848 1147 2988 1198 tunc
3047 1143 3405 1216 reprobatus
3475 1153 3791 1219 appareat.

2134 1229 2328 1298 Usque
2359 1228 2436 1282 ad
2460 1227 2610 1284 illud
2648 1246 2785 1285 vero
2806 1234 3068 1303 tempus,
3101 1236 3166 1287 ut
3213 1231 3567 1289 Hilduvinus
3598 1235 3663 1290 in
3695 1253 3792 1291 su-

2128 1316 2400 1388 pradicta
2428 1318 2697 1390 ecclesia,
2728 1336 2864 1393 quae
2888 1321 3071 1391 Legia
3100 1320 3333 1388 dicitur,
3361 1322 3611 1396 aliquod
3645 1326 3793 1397 regi-

2131 1421 2269 1459 men
2292 1404 2553 1462 detinere
2577 1413 2634 1462 et
2655 1408 3021 1465 sacerdotale
3050 1408 3316 1466 ofﬁcium
3354 1411 3639 1469 exhibere
3668 1430 3792 1470 non

2130 1494 2369 1565 audeat,
2397 1497 2841 1554 commonendo
2891 1498 3294 1572 praecipimus.
3343 1500 3595 1574 Tamen,
3649 1505 3794 1575 quia

358 1588 740 1659 praesentiam
802 1588 991 1643 nostri
1060 1594 1522 1661 nostrorumque
1596 1589 2016 1661 episcoporum
2056 1593 2100 1646 Β
2131 1581 2369 1638 dilectio
2400 1585 2587 1640 nostri
2626 1585 2729 1641 ﬁlii
2773 1586 2834 1642 in
2884 1586 3058 1643 vobis
3090 1588 3469 1646 abundanter
3520 1598 3792 1659 emanat,

361 1675 705 1743 coadunati,
731 1676 881 1748 quid
908 1693 979 1731 ex
1010 1678 1123 1732 hoc
1145 1678 1437 1734 canonica
1459 1677 1671 1748 jubeat
1698 1678 2018 1733 auctoritas

360 1765 660 1837 explicare
693 1781 816 1821 non
838 1766 1187 1837 denegetur.
1224 1769 1287 1821 Et
1317 1765 1365 1820 si
1393 1766 1665 1822 forsitam
1694 1783 1805 1839 pro
1836 1782 2019 1838 paga-

358 1870 579 1909 norum
612 1858 775 1909 metu
800 1858 940 1909 tunc
972 1854 1167 1910 venire
1194 1870 1317 1909 non
1368 1854 1595 1917 valetis,
1627 1856 1685 1910 in
1741 1854 2018 1911 Kalendis

357 1942 592 2013 Aprilis,
627 1942 793 1998 omni
823 1943 1138 1999 occasione
1190 1944 1540 2016 postposita,
1572 1944 1651 1999 ad
1690 1960 1802 1999 nos
1832 1960 2020 2017 quan-

359 2029 570 2094 tocius,
604 2030 755 2086 sicut
784 2032 1061 2102 superius
1117 2036 1406 2088 statutum
1458 2037 1565 2103 est,
1596 2032 1917 2104 pervenite.
1952 2035 2020 2087 Et

357 2120 499 2173 tunc
524 2118 690 2174 omni
723 2134 919 2174 errore
948 2119 1231 2175 radicitus
1279 2119 1621 2192 exstirpata,
1645 2120 1749 2192 qui
1799 2121 2017 2193 dignus

355 2209 633 2264 inventus
690 2208 861 2264 fuerit
919 2225 1027 2281 per
1078 2209 1298 2265 ostium
1352 2209 1722 2281 ingrediatur
1763 2210 1825 2266 in
1864 2209 2016 2266 ovile

357 2298 584 2369 ovium,
616 2303 673 2354 et
695 2315 818 2354 non
847 2299 1110 2362 aliunde,
1136 2316 1209 2355 ne
1240 2300 1334 2354 fur
1356 2299 1696 2355 aestimetur.
1732 2300 1882 2366 Quia
1907 2317 2017 2356 nos

357 2387 549 2445 Caroli
602 2387 756 2457 regis
801 2388 985 2443 decus
1023 2388 1189 2443 nullo
1238 2389 1423 2444 modo
1453 2390 1684 2445 auferre
1715 2390 2013 2455 volumus,

356 2476 463 2532 sed
491 2492 602 2548 pro
652 2478 856 2545 vigore
887 2481 1064 2549 atque
1096 2477 1431 2543 dilectione,
1466 2477 1556 2531 vel
1590 2479 2014 2547 consanguini-

358 2568 475 2620 tate
500 2565 685 2620 nostri
717 2564 911 2621 dilecti
936 2564 1038 2620 .tilii
1075 2565 1407 2635 Berengarii
1461 2565 1872 2633 gloriosissimi
1908 2567 2014 2622 im-

354 2653 667 2725 peratoris,
701 2658 764 2708 ut
807 2653 970 2725 prior
1013 2659 1463 2710 antecessorum
1512 2670 1760 2710 suorum
1803 2671 2013 2725 regum

353 2758 488 2798 mos
534 2741 663 2806 fuit,
695 2758 832 2798 eum
886 2742 966 2798 ita
1018 2742 1304 2799 illibatam
1359 2747 1537 2815 atque
1592 2744 2009 2801 inconcussam

353 2830 829 2887 dominationem
861 2832 1128 2887 obtinere
1158 2831 1563 2887 delectamur:
1598 2838 1653 2888 et
1684 2833 1836 2890 sicut
1861 2834 2014 2905 prio-

2127 1669 2381 1739 dignum
2407 1677 2495 1728 est
2520 1673 2839 1747 sinceritas
2859 1679 3039 1748 atque
3064 1677 3555 1747 consanguinitas
3586 1685 3795 1735 vestra

2133 1764 2194 1815 ut
2219 1759 2280 1815 in
2312 1760 2412 1816 illo
2432 1763 2770 1835 promptius
2802 1769 3124 1837 appareat;
3155 1771 3212 1822 et
3247 1765 3329 1832 ita
3355 1766 3695 1825 ﬁdissimus
3724 1786 3792 1824 ex

2127 1858 2323 1904 vestra
2380 1849 2694 1907 dilectione
2752 1858 3121 1925 permaneat,
3168 1860 3465 1927 quatenus
3516 1872 3587 1912 ex
3634 1857 3792 1913 illius

2127 1936 2490 1995 adminiculo
2519 1939 2581 1995 in
2626 1941 2900 2014 praesenti
2959 1943 3355 2014 cognoscatis.
3388 1946 3468 2000 De
3496 1945 3617 2000 hoc
3650 1961 3795 2001 vero

2126 2025 2293 2097 quod
2344 2026 2701 2083 Gislebertus
2750 2033 2959 2086 contra
3005 2035 3199 2086 vestra
3243 2036 3476 2104 sceptra
3505 2032 3797 2089 inutiliter

2127 2114 2323 2186 gessit,
2358 2115 2531 2172 valde
2557 2116 2862 2173 doluimus
2894 2136 2907 2173 :
2940 2134 3011 2175 eo
3037 2119 3204 2193 quod
3229 2120 3424 2193 prisca
3470 2128 3796 2177 consuetu-

2125 2203 2226 2269 do,
2260 2209 2317 2261 et
2344 2204 2511 2274 regni
2539 2205 2820 2262 nobilitas
2843 2207 3090 2276 censuit,
3115 2213 3181 2264 ut
3202 2208 3401 2265 nullus
3429 2211 3793 2283 episcopum

2124 2291 2403 2349 ordinare
2438 2293 2747 2351 debuisset
2767 2295 2997 2369 absque
3027 2297 3184 2366 regis
3202 2297 3497 2369 jussione.
3530 2302 3619 2368 Et,
3648 2302 3793 2372 quia

2124 2382 2519 2439 Herimannus
2549 2385 3058 2458 archiepiscopus,
3085 2387 3281 2457 magis
3304 2387 3565 2445 hominis
3598 2407 3788 2463 quam

2125 2470 2226 2525 Dei
2264 2470 2647 2528 formidinem
2676 2479 2968 2542 metuens,
2999 2473 3305 2537 Gisleberti
3343 2476 3630 2547 jussione
3685 2479 3793 2535 Hii

2120 2559 2415 2616 duvinum
2448 2577 2797 2619 consecrare
2827 2579 2951 2620 non
2977 2563 3227 2634 distulit,
3258 2565 3372 2622 hac
3401 2582 3512 2639 pro
3550 2568 3793 2624 ratione

2122 2649 2478 2705 sententiam
2532 2651 2862 2708 vocationis
2914 2651 2998 2707 illi
3058 2654 3519 2724 transmisimus,
3551 2660 3623 2712 ut
3671 2674 3795 2713 me-

2119 2736 2320 2793 diante
2344 2737 2644 2808 Octobrio,
2668 2744 2725 2795 et
2746 2739 2794 2794 si
2818 2754 2930 2812 pro
2968 2744 3132 2797 metu
3158 2757 3539 2814 paganorum
3579 2745 3793 2802 venire

2120 2829 2260 2881 tunc
2290 2832 2615 2899 nequeunt,
2650 2830 2711 2882 in
2761 2828 3038 2884 Kalendis
3068 2829 3305 2903 Aprilis,
3332 2831 3501 2887 omni
3547 2841 3796 2891 remota

351 2937 446 2976 res
504 2937 645 2976 suos
698 2926 1122 2987 antecessores,
1164 2926 1507 2977 nostrorum
1563 2927 2010 2980 antecessorum
2050 2936 2091 2990 c
2119 2917 2457 2984 οϐϐἃείοῑιθ,
2487 2921 2627 2973 ιιιηο
2672 2917 2839 2974 1111110
2870 2919 3053 2975 ωοάο
3085 2936 3224 2976 cum
3255 2920 3565 2978 HildUViDO
3587 2928 3653 2979 et
3704 2925 3796 2980 Ri-

352 3009 719 3078 auctoritate,
750 3009 1104 3082 episcopum
1157 3026 1263 3081 per
1306 3026 1804 3083 unamquamque
1832 3028 2010 3084 paro-

351 3097 550 3152 chiam
604 3097 992 3170 probabiliter
1035 3102 1323 3153 statutum
1367 3102 1474 3165 est,
1524 3099 1605 3154 ita
1645 3103 1708 3155 ut
1763 3099 2010 3155 Carolus

349 3200 453 3240 rex
478 3184 657 3241 faciat
688 3186 1105 3241 conﬁrmando
1130 3186 1434 3256 jubemus.
1454 3190 1679 3243 Tamen
1713 3204 1902 3260 usque
1931 3188 2009 3245 ad

348 3269 494 3325 illud
524 3269 830 3341 temporis,
863 3269 1013 3326 sicut
1043 3271 1318 3342 superius
1350 3276 1635 3326 statu-tum
1666 3277 1772 3339 est,
1799 3274 2007 3344 Leogis

348 3359 729 3431 episcopatus
784 3358 848 3413 in
890 3362 1087 3414 vestra
1139 3365 1385 3415 maneat
1441 3365 1730 3433 potestate
1764 3378 1776 3415 :
1808 3361 1890 3417 ita
1945 3367 2010 3417 ut

347 3442 699 3498 Hilduvinus
744 3442 861 3499 illic
918 3442 1162 3515 aliquod
1196 3444 1563 3501 sacerdotale
1614 3444 2006 3501 ministerium

348 3530 515 3587 nullo
537 3531 722 3587 modo
753 3532 973 3589 audeat
991 3532 1293 3588 exhibere.

1101 3621 1271 3677 VIII;

494 3726 760 3765 EPISTOLA
796 3726 1024 3766 JOANNIS
1065 3728 1096 3765 Χ
1135 3729 1206 3765 ΑΙ)
1246 3728 1506 3767 CAROLUM
1547 3729 1606 3768 111
1648 3729 1848 3769 REGEM.

983 3798 1178 3869 (Anno
1215 3801 1365 3870 921.)

340 3884 656 3956 Signiﬁcat
693 3900 754 3940 se
801 3886 882 3940 ad
909 3887 1349 3942 Herimannum
1405 3888 1730 3956 scripsisse,
1759 3896 1823 3944 ut
1869 3906 2001 3946 cum

411 3955 745 4011 Hilduvino
790 3962 845 4011 et
872 3956 1156 4013 Hic/tario
1196 3959 1441 4014 Romam
1484 3955 1679 4014 veniat
1715 3977 1728 4014 :
1763 3960 2000 4017 Haber-

412 4031 538 4080 tum
569 4027 747 4081 etiam
777 4027 848 4108 ob
878 4028 1159 4085 Ecclesiae
1186 4030 1469 4085 Romana?
1498 4029 1999 4099 deprwdationem

411 4111 971 4154 excommumcasse.

871 4186 1071 4258 [Apud
1090 4187 1277 4243 Mansi
1297 4187 1466 4258 ibid.]

2118 3006 2296 3062 chero
2327 3006 2527 3063 venire
2555 3006 2810 3064 differat.
2837 3008 2989 3074 Quia
3018 3012 3159 3065 tunc
3186 3009 3336 3066 inibi
3356 3011 3695 3082 conjuncti,
3718 3030 3791 3070 ex

2118 3094 2333 3150 decore
2352 3094 2529 3150 vestri
2550 3095 2714 3166 regni
2742 3096 3033 3153 subtiliter
3060 3097 3487 3171 colloquentes,
3516 3100 3604 3156 ita
3627 3102 3793 3158 radi-

2116 3183 2269 3239 citus
2326 3184 2440 3240 hoc
2469 3184 2632 3257 quod
2677 3186 2846 3242 vobis
2876 3202 2984 3258 per
3038 3187 3433 3244 Gislebertum
3488 3192 3790 3261 contingit

2115 3273 2442 3345 exstirpare
2491 3289 2612 3329 non
2661 3273 3118 3344 denegabimus,
3152 3281 3218 3332 ut
3250 3277 3641 3350 postmodum
3678 3296 3790 3337 nec

2113 3361 2261 3433 ipse,
2293 3362 2396 3434 qui
2440 3366 2646 3419 auctor
2690 3363 3014 3436 iniquitatis
3060 3370 3267 3422 contra
3309 3372 3507 3423 vestra
3535 3376 3789 3442 sceptra

2115 3451 2298 3521 gessit
2325 3468 2435 3508 nec
2478 3452 2630 3508 alius
2674 3452 2891 3525 aliquis
2920 3454 3141 3510 audeat
3167 3455 3432 3529 aliquam
3462 3456 3786 3516 laesionem

2113 3544 2310 3596 vestro
2340 3540 2400 3596 in
2422 3556 2608 3612 regno
2633 3541 2864 3597 inferre.
2891 3541 3039 3597 lllud
3061 3543 3241 3600 etiam
3268 3550 3473 3600 vestrae
3501 3545 3790 3605 ﬁliationi

2112 3629 2559 3697 innotescimus,
2592 3630 2848 3703 qualiter
2874 3647 2987 3688 nos
3007 3632 3200 3703 juncti
3247 3650 3387 3690 cum
3416 3636 3789 3706 Berengario

2113 3718 2546 3789 gloriosissimo
2590 3719 2949 3793 imperatore
2995 3720 3210 3778 dilecto
3260 3722 3384 3780 ﬁlio
3428 3728 3665 3795 nostro,
3692 3727 3781 3783 ad

2110 3807 2459 3880 Hubertum,
2494 3813 2559 3866 ut
2586 3808 3062 3881 depraedationes
3093 3815 3274 3884 atque
3303 3812 3601 3878 incendia,
3636 3830 3785 3887 qua:

2108 3897 2169 3952 in
2192 3902 2399 3953 sancta
2430 3900 2697 3953 Romana
2722 3896 2983 3953 Ecclesia
3012 3899 3382 3957 committere
3418 3916 3539 3957 non
3569 3901 3790 3960 formi-

2108 3983 2292 4054 davit,
2326 3984 2647 4041 emendare
2679 3985 3023 4061 studuisset,
3046 3986 3430 4044 admonendo
3451 3987 3784 4047 misimus:

2107 4071 2212 4145 qui
2229 4072 2507 4140 renitens,
2535 4077 2714 4146 atque
2738 4073 3000 4145 superba
3020 4091 3168 4131 voce
3191 4075 3306 4132 hoc
3332 4077 3783 4147 contradicens,

2106 4160 2428 4217 emendare
2485 4161 2694 4218 noluit.
2752 4164 2867 4218 Nos
2925 4166 3149 4231 autem,
3199 4164 3527 4222 secundum
3580 4170 3785 4226 nostri

407 4276 650 4331 JOANNES
676 4274 1014 4348 episcopus,
1044 4291 1251 4331 servus
1272 4291 1583 4334 servorum
1635 4281 1753 4347 Dei,
1786 4280 1998 4338 dilecto
2030 4286 2073 4341 D
2104 4252 2415 4348 minister"
2442 4249 2742 4316 eﬁectum’
2975 4250 3091 4348 “ib
3144 4259 3785 4348 91:00umng

335 4362 458 4420 ﬁlio
493 4366 720 4421 CAROLO
750 4363 1012 4434 glorioso
1040 4366 1186 4435 regi.

406 4453 555 4508 Cum
606 4453 837 4510 sincera
875 4454 937 4510 in
987 4454 1157 4511 vobis
1205 4455 1483 4524 Charitas,
1530 4462 1709 4530 atque
1737 4459 1998 4532 perfecta

334 4542 736 4599 mansuetudo
776 4543 1082 4609 clarescat,
1122 4543 1268 4617 quia
1308 4545 1515 4602 divina
1552 4547 1996 4621 dispensatione

332 4631 447 4688 hoc
470 4631 685 4703 agitur,
709 4632 1001 4688 conditori
1028 4637 1233 4689 nostro
1272 4636 1389 4689 Deo
1419 4634 1748 4692 immensas
1776 4638 1996 4706 gratia-

330 4738 467 4777 rum
516 4720 781 4776 actiones
827 4720 1158 4777 referimus.
1194 4722 1359 4778 Unde
1399 4723 1705 4780 hortantes
1733 4731 1995 4783 vestram

330 4808 679 4866 ﬁliationem
703 4824 1043 4877 monemus,
1077 4814 1140 4866 ut
1184 4826 1420 4883 semper
1468 4811 1698 4869 solliciti
1746 4830 1994 4871 manen-

330 4902 442 4968 tes,
471 4899 743 4955 subditos
764 4915 1008 4972 quoque
1030 4899 1203 4978 vobis
1228 4900 1586 4957 commissos
1607 4918 1714 4974 per
1735 4903 1995 4978 abrupta

331 4986 555 5042 diutius
587 4988 670 5043 ire
703 5004 822 5045 non
847 4989 1217 5061 permittatis.
1258 4989 1409 5055 Quia
1437 4989 1499 5045 in
1537 4990 1651 5047 hoc
1700 4994 1877 5049 vestri
1907 5010 1993 5051 re-

331 5070 431 5141 gni
463 5077 700 5144 sceptra
747 5072 1027 5129 sublimia
1052 5078 1319 5141 manent,
1352 5090 1490 5130 cum
1520 5074 1769 5148 Spiritus
1799 5079 1991 5135 sancti

329 5159 774 5231 dispensatiowe
805 5163 972 5233 quod
999 5161 1281 5219 inutiliter
1302 5167 1536 5234 gestum
1558 5169 1650 5220 est
1668 5167 1988 5224 emendare

327 5262 452 5305 non
480 5248 795 5318 negligitis.
826 5254 1030 5307 Noster
1077 5268 1341 5326 namque
1398 5253 1647 5310 dilectus
1678 5256 1836 5313 ﬁlius
1878 5260 1987 5314 Be-

325 5332 639 5403 rengarius
709 5333 1171 5404 gloriosissimus
1231 5337 1559 5411 imperator
1625 5342 1987 5414 apostolatui

398 5440 543 5512 (565)
578 5439 825 5495 Richero
848 5441 1040 5497 abbas
1061 5449 1188 5500 erat
1210 5446 1570 5504 Prumiensis
1600 5451 1980 5507 monasterii:

326 5510 662 5585 Gisebertus
702 5527 865 5580 vero,
897 5527 1081 5585 quem
1134 5515 1547 5573 Lotharienses
1602 5518 1817 5577 ducem
1867 5521 1980 5579 sibi

324 5582 674 5653 asciverant,
703 5582 938 5641 comes‘
955 5584 1029 5641 de
1072 5585 1482 5658 Capraemonte
1508 5588 1725 5647 dicitur
1771 5609 1808 5650 a
1835 5609 1983 5651 non-

2105 4336 2400 4405 misimus,
2419 4353 2679 4411 eumque
2698 4338 3099 4396 anathematis
3128 4340 3367 4397 vinculo
3384 4340 3787 4412 alligavimus

2105 4443 2244 4482 cum
2275 4426 2559 4482 omnibus
2584 4428 2707 4482 suis
2736 4428 3119 4501 sequacibus.
3148 4429 3311 4487 Unde
3339 4435 3545 4487 vestrm
3610 4435 3787 4492 celsi—

2104 4514 2298 4571 tudini
2324 4516 2439 4572 hoc
2463 4516 2878 4589 patefecimus,
2893 4522 2958 4574 ut
2981 4518 3183 4574 nullus
3204 4520 3566 4589 vestriregni
3600 4522 3787 4581 illum

2092 4607 2408 4678 \sequatur,
2441 4604 2535 4661 vel
2563 4605 2617 4660 ei
2664 4604 3034 4676 adjutorium
3081 4607 3409 4681 impendat,
3441 4609 3596 4682 quia
3654 4628 3787 4670 non

2103 4694 2493 4751 solummodo
2523 4694 2627 4768 qui
2656 4711 2796 4751 eum
2846 4702 3180 4769 sequuntur
3226 4697 3643 4770 alligavimus,
3673 4704 3787 4760 sed

2102 4784 2282 4840 etiam
2302 4783 2406 4856 qui
2432 4784 2485 4840 ei
2513 4783 2612 4855 adj
2623 4785 2881 4841 utorium
2908 4785 3255 4859 impendere
3283 4788 3693 4848 delectantur.

2797 4895 2861 4950 1x
2899 4894 3073 4965 (566.)

2097 5015 2363 5055 EPISTOLA
2401 5015 2630 5056 JOANNIS
2666 5016 2706 5056 Χ
2747 5017 2818 5056 AD
2854 5016 3103 5057 JOANNEM
3145 5018 3639 5063 ARCHIEPISCOPUI
3680 5025 3782 5065 SA-

2195 5086 2506 5127 LONITATUM
2538 5073 2927 5142 (srourrmun)
2956 5089 3021 5128 ετ
3049 5090 3178 5132 EJUS
3211 5090 3683 5136 surrucnsos.

2695 5171 2888 5241 (Anno
2918 5173 3160 5244 914-28.)

2091 5276 2386 5348 Joannem
2408 5279 2466 5348 et
2486 5276 3051 5348 ejusisuﬂ‘raganeos
3077 5280 3149 5334 de
3168 5281 3439 5337 Romana
3459 5282 3605 5340 sede
3638 5293 3777 5341 τακ-

2162 5346 2268 5402 diu
2280 5361 2389 5418 neg
2398 5347 2551 5404 lecta
2565 5346 2870 5419 objurgai,
2883 5363 3095 5422 eosque
3107 5349 3398 5409 Methodii
3414 5351 3773 5413 doctrinam

2091 5452 2291 5509 nullis.
2320 5454 2446 5510 Jac.
2475 5453 2647 5510 Sirm.

2161 5524 2316 5603 (St-56)
2336 5524 2526 5603 Hujus
2555 5525 2817 5603 epistolae
2834 5531 2899 5603 et
2910 5527 3172 5603 duarym
3194 5531 3578 5603 sequentium
3599 5549 3771 5593 sum.

2088 5594 2282 5652 maria
2294 5594 2533 5656 tantum
2553 5594 2772 5655 d'amus
2787 5614 2859 5655 ex
2873 5598 3040 5668 Jaﬁ‘e,
3053 5594 3307 5671 Regosta
3327 5602 3539 5674 pontii.
3554 5606 3770 5701 ιῖοιιι.ς
