3950 6178
183 173 279 224 809

1403 167 1757 223 EPISTOLxE
1799 166 1881 220 ET
1919 165 2342 224 PRIVILEGIA.

3483 185 3586 235 810

243 293 406 368 sequi
423 291 601 368 dolet.
637 293 955 368 Hortatur,
994 298 1058 346 ut
1080 292 1338 368 consilio
1358 292 1606 348 Joannis
1635 292 1823 368 A_nco_-
1852 292 1895 342 Α
1931 304 2053 354 ros,
2084 291 2498 350 manifestasse
2525 293 2718 360 nobis,
2769 294 3020 367 qualiter
3071 311 3182 368 pro
3238 299 3336 354 Dei
3383 315 3586 358 amore

244 363 439 418 nitani
466 369 521 418 et
549 363 758 418 Leonis
794 365 1157 420 Praenestini
1175 379 1580 432 episcoporum
1596 363 1708 431 usi,
1742 362 1823 416 vi-

247 437 328 489 tia
361 435 688 504 corrigunt,
730 435 1086 505 videantque
1098 437 1496 504 potissimum,
1529 440 1594 488 ut
1623 449 1826 488 secun-

243 506 380 559 dum
404 521 593 560 mores
617 506 899 561 Romanae
919 507 1200 562 Ecclesia?
1225 507 1618 561 ministerium
1641 505 1827 560 sacri-

240 577 364 642 ﬁcii
383 582 735 644 peragatur,
784 578 847 632 in
895 579 1112 633 Latina
1154 579 1375 633 scilicet
1415 578 1645 646 lingua,
1706 591 1824 630 non

245 653 440 703 autem
468 649 528 702 in
564 653 875 704 extranea.

563 753 872 822 [Farlatus,
908 754 1084 823 Illgr.
1119 756 1435 824 sacr.,93.]

245 861 390 914 (‘um
424 858 650 926 religio,
685 865 793 914 etc.

976 987 1031 1038 .\'.

175 1125 430 1165 EPISTOLA
469 1125 693 1164 JOANNIS
724 1125 760 1162 Χ
812 1126 883 1162 AD
908 1124 1229 1163 TAMISLAl'M
1255 1124 1437 1164 REGE!
1466 1124 1826 1178 CROATORL'I,

471 1196 781 1234 MICHAELEM
816 1196 990 1235 nt'cuu
1019 1195 1383 1248 curmonuu,
1417 1185 1527 1236 etc.

758 1291 954 1354 (Anno
983 1287 1233 1356 914-28.)

180 1415 564 1476 Tamislaum,
595 1428 788 1483 regem
816 1413 1196 1477 Croatorum,
1218 1413 1594 1482 Michaelem,
1619 1413 1827 1470 ducem

242 1487 656 1552 Chulmorum,
685 1485 976 1540 Joannem
1003 1490 1057 1539 et
1079 1487 1206 1553 ejus
1239 1485 1671 1555 sulfraganeos,
1713 1501 1830 1540 om-

241 1573 344 1614 nes
364 1558 670 1625 Zupanos,
699 1561 942 1611 cunctos
970 1556 1323 1624 sacerdotes,
1356 1556 1697 1612 universum
1720 1571 1828 1625 po-

1933 381 2302 452 susceperint
2330 384 2662 440 monachos
2695 385 2880 440 sancti
2904 387 3260 443 Launomari
3287 389 3588 448 confesso-

1931 467 2010 521 ris
2037 468 2245 524 Christi
2275 487 2412 526 cum
2437 487 2687 545 corpore
2709 472 2897 544 ipsius
2922 475 3129 538 sancti,
3176 477 3588 548 persecutione

1933 555 2164 614 diutina
2184 574 2562 630 paganorum
2606 579 2641 617 a
2673 577 2782 617 suo
2809 561 2942 618 loco
2972 563 3247 632 fugatos;
3302 567 3588 641 quodque

1933 644 2016 700 eis
2038 645 2116 701 ad
2143 649 2440 718 refugium
2480 650 2594 722 ipsi
2625 650 2978 706 donaverint
3026 652 3253 725 aliquid
3306 654 3380 709 de
3410 656 3590 712 rebus

1933 734 2058 790 suis
2093 735 2152 791 in
2182 739 2482 808 presenti.
2514 745 2589 806 et,
2622 739 2669 794 si
2701 741 3118 813 opportunitas
3163 758 3225 797 se
3279 743 3392 798 illis
3448 762 3594 818 prae.

1934 823 2148 891 buerit,
2182 825 2466 900 deinceps
2489 828 2665 902 plura
2692 829 2940 884 daturos
2969 846 3104 902 quae
3139 835 3278 888 sunt
3301 837 3362 888 in
3407 835 3591 907 parti-

1893 919 1898 923 '
1934 912 2051 968 bus
2082 915 2435 979 Arvernicis,
2467 917 2528 972 id
2561 923 2648 972 est
2698 917 2899 974 villam
2958 920 3401 987 Magenciacum
3453 939 3592 980 cum

1935 1001 2184 1058 ecclesia
2216 1005 2405 1060 sancti
2436 1006 2582 1061 Petri
2605 1006 2847 1062 nomine
2866 1012 3248 1075 consecrata;
3277 1014 3334 1065 et
3352 1010 3591 1068 vineam

1935 1091 2425 1150 indominicatam
2449 1095 2721 1165 ejusdem
2744 1095 2917 1163 villae,
2941 1101 2997 1151 et
3018 1096 3197 1152 aliam
3212 1098 3414 1155 villam
3422 1101 3596 1170 juxta

1936 1182 2399 1250 Magenciacum,
2456 1189 2512 1240 et
2557 1185 2729 1254 juxta
2785 1185 2916 1241 illas
2971 1185 3172 1242 villam
3215 1204 3351 1259 qute
3381 1190 3595 1246 dicitur

1936 1269 2346 1339 Blavignacus,
2381 1277 2737 1346 partemque
2761 1274 2820 1328 in
2849 1273 2990 1330 villa
3011 1291 3146 1346 quae
3165 1281 3414 1333 vocatur
3438 1279 3595 1351 Espi-

1935 1358 2151 1414 dincus
2183 1363 2504 1433 (Espezin),
2533 1379 2783 1419 mansos
2841 1364 3030 1426 duos;
3093 1370 3149 1420 et
3196 1366 3254 1421 in
3288 1366 3426 1423 villa
3455 1370 3597 1438 Reg-

1935 1447 2111 1504 niaco
2143 1450 2419 1523 (chnac‘,
2452 1452 2690 1508 vineam
2723 1452 3216 1510 indominicatam
3239 1474 3251 1510 :
3277 1460 3335 1511 et
3358 1456 3419 1510 in
3451 1455 3591 1512 villa

1939 1537 2279 1594 Malamorte
2305 1555 2550 1596 omnem
2579 1540 2985 1597 haereditatem
3017 1543 3338 1613 cujusdam
3363 1545 3593 1614 Asterii,

235 1629 454 1710 pulum
467 1627 803 1682 Sctavoniae
818 1632 874 1682 et
896 1627 1218 1710 Dalmatia
1238 1627 1620 1710 hortatur._ut
1641 1633 1827 1683 tener-
1857 1642 1901 1694 Β
1937 1643 2124 1700 quam
2151 1627 2225 1683 de
2257 1629 2509 1686 Geraldo
2540 1635 2597 1686 et
2623 1631 2697 1686 de
2731 1630 2992 1686 Lucretia
3017 1633 3146 1701 ejus
3175 1649 3360 1689 uxore
3389 1634 3595 1706 acqui-

242 1697 423 1755 rimos
445 1713 665 1767 pueros
695 1713 733 1753 a
781 1697 1096 1753 cunabulis
1139 1698 1201 1752 in
1245 1698 1440 1753 studio
1487 1699 1826 1754 litteran

241 1772 360 1826 Deo
403 1770 680 1838 offerant,
735 1784 879 1824 neve
927 1770 987 1823 in.
1039 1769 1319 1830 barbara,
1375 1785 1476 1825 seu
1505 1769 1828 1825 Stavonica

242 1843 454 1912 lingua
484 1841 604 1896 Deo
633 1840 993 1908 sacriﬁcium
1020 1841 1232 1910 o/ferri
1261 1841 1484 1896 sinant.
1517 1841 1828 1896 Saxonum

237 1912 521 1982 proponit
539 1912 899 1980 exemplum,
928 1912 1033 1982 qui
1060 1926 1096 1966 a
1121 1912 1405 1982 Gregorio
1422 1926 1587 1980 papa
1612 1912 1829 1967 doctri-

239 1999 379 2039 nam
411 1983 643 2050 pariter
670 1988 727 2038 et
758 1981 1098 2038 litterarum
1127 1981 1328 2038 studia
1353 1983 1416 2037 in
1475 1997 1543 2038 ea
1603 1983 1815 2052 lingua

237 2055 634 2123 perceperint.
668 2055 730 2108 in
753 2069 871 2125 qua
901 2054 1231 2122 apostolica
1262 2054 1509 2110 ecclesia
1557 2053 1827 2123 infulata

240 2126 538 2181 manebat.
599 2125 796 2180 Monet
829 2131 892 2179 ut
918 2125 1171 2180 Joannis
1202 2125 1572 2181 Anconitani
1599 2130 1652 2180 et
1689 2127 1826 2180 Leo-

239 2198 332 2251 nis
352 2197 714 2252 Praenestini
727 2197 1137 2265 episcoporum
1151 2202 1454 2266 praecepta
1466 2202 1825 2266 sequantur.

744 2300 1063 2372 [γει-ιδίας,
1097 2301 1263 2372 ibi‘d.]

247 2409 480 2479 Divina,
507 2414 617 2465 etc.

951 2534 1048 2588 XI.

364 2671 435 2708 AD
469 2671 714 2710 JOANNEI
756 2671 1233 2711 ARCHIEPISCOPUM
1273 2671 1641 2711 διἈιοΑτικιτΜ.

766 2763 960 2832 (Anno
991 2763 1245 2832 914-28.)

171 2883 466 2937 Joannem
473 2881 646 2950 jubet
665 2895 786 2936 una
811 2896 945 2936 cum
971 2881 1276 2951 Gregorio,
1301 2881 1569 2950 episcopo
1594 2881 1832 2938 Nonen-

1940 1718 2203 1774 siverunt
2230 1736 2242 1773 :
2285 1724 2340 1776 et
2365 1719 2426 1776 in
2457 1720 2737 1791 Baregnis
2768 1721 3004 1777 vineam
3025 1721 3520 1779 indominicatam
3542 1729 3597 1779 et

1938 1805 1997 1862 in
2028 1806 2160 1879 ipso
2201 1809 2486 1865 comitatu
2517 1809 2719 1866 villam
2769 1811 3088 1866 Bornicum
3138 1811 3348 1884 (Bort),
3409 1829 3595 1886 quam

1937 1897 2102 1952 de....
2135 1897 2584 1970 acquisiverunt
2611 1918 2622 1966 ;
2651 1905 2708 1956 et
2735 1915 2914 1972 super
2939 1901 3188 1956 ﬂuvium
3218 1904 3366 1957 Dore
3419 1902 3478 1958 in
3505 1919 3600 1959 c0-

1936 1990 2148 2045 mitatu
2173 1991 2645 2047 Claromontensi
2671 1991 2842 2048 villas
2871 1992 3220 2048 Piscatorias
3249 2011 3388 2050 cum
3412 1995 3598 2052 servis

1936 2082 1994 2134 et
2018 2078 2265 2145 ancillis,
2307 2079 2513 2153 pratis,
2543 2081 2714 2136 terris
2773 2081 2944 2137 cultis
2975 2088 3032 2137 et
3060 2083 3317 2151 incultis,
3343 2083 3521 2151 silvis,
3544 2089 3601 2138 et

1938 2184 2178 2237 manso,
2224 2185 2360 2241 quas
2417 2169 2493 2224 de
2545 2169 2851 2226 Fulcherio
2925 2176 3482 2239 commutaverunt;
3543 2178 3602 2229 et

1940 2255 2207 2311 similiter
2233 2256 2656 2312 Prisciniacum
2686 2258 3064 2329 (Precignac)
3095 2275 3234 2314 cum
3262 2259 3428 2314 omni
3450 2260 3598 2316 inte-

1941 2344 2170 2414 gritate,
2202 2349 2258 2400 et
2287 2351 2401 2401 tres
2426 2345 2576 2401 alios
2601 2361 2851 2401 mansos
2875 2347 3049 2417 juxta
3072 2348 3322 2420 positos,
3384 2349 3602 2406 scilicet

1941 2432 2299 2501 Vallecinga,
2329 2433 2663 2490 Floriacum
2696 2436 3205 2505 Montjocundum.
3238 2439 3426 2510 Super
3475 2455 3600 2511 qua

1943 2536 2005 2576 re
2081 2527 2505 2591 suggesserunt
2557 2523 2871 2592 vigilanter
2945 2525 3303 2597 apostolatui
3373 2533 3597 2595 nostro,

1941 2627 2126 2683 quem
2147 2611 2272 2667 vice
2292 2611 2451 2667 beati
2484 2611 2630 2667 Petri
2657 2617 2952 2683 tenemus,
2985 2630 3091 2686 per
3146 2614 3492 2686 religiosum
3545 2623 3600 2673 et

1943 2699 2343 2756 venerabilem
2373 2700 2729 2774 episcopum
2756 2702 3159 2771 Adalelmum,
3192 2709 3249 2760 et
3279 2721 3462 2778 supra
3493 2722 3598 2762 no-

1942 2787 2202 2844 minatos
2231 2789 2546 2845 chertum
2578 2795 2634 2846 et
2668 2790 2945 2847 Calseum
2987 2792 3220 2848 nobiles
3271 2794 3452 2862 viros,
3509 2812 3600 2851 se-

1941 2876 2081 2932 dem
2112 2880 2444 2934 Romanam
2475 2878 2549 2934 de
2581 2895 2746 2935 more
2769 2879 2989 2937 scilicet
3022 2881 3235 2937 devote
3289 2883 3598 2951 adeuntes,

241 2953 315 3017 si,
351 2951 435 3046 ag
460 2967 521 3008 se
538 2953 751 3046 pertire
779 2952 1223 3046 Acomponendze
1253 2951 1374 3008 litis
1427 2967 1632 3020 causa,
1682 2969 1826 3022 pne-

2062 2982 2228 3038 psam
2253 2983 2464 3022 eorum
2485 2966 2873 3025 donationem
2903 2970 3238 3028 secundum
3275 2979 3599 3030 consuetu-

240 3023 510 3080 sentibus
533 3023 745 3094 legatis
773 3023 896 3078 suis
918 3029 1083 3080 ortas.

747 3129 1058 3201 [γει-ἰδίας,
1094 3130 1220 3186 ibid
1225 3131 1261 3200 .]

242 3257 400 3324 Quia
428 3257 489 3314 in
520 3256 714 3327 vobis,
745 3261 856 3314 etc.

955 3385 1064 3438 Xll.

207 3523 438 3564 murus
470 3525 504 3562 κ
536 3523 711 3564 auus
742 3506 904 3578 (ὅθεν)
952 3523 1055 3562 rno
1083 3523 1362 3563 SIONAFJIIS
1389 3526 1438 3563 s.
1483 3525 1800 3563 LAUNOMARI

771 3594 913 3634 APUD
942 3594 1251 3635 ARVERNOS.

813 3685 1008 3754 (Anno
1059 3685 1209 3755 928.)

180 3811 496 3870 Monachis
551 3813 616 3868 S.
669 3813 1058 3881 Launomari,
1112 3828 1222 3882 per
1271 3828 1540 3884 paganos
1587 3814 1838 3882 fugatis,

235 3884 635 3954 possessiones
663 3884 1015 3940 aWillelmo
1041 3884 1250 3940 comite
1279 3884 1647 3941 Arvernensi
1664 3885 1844 3940 dona-

250 3961 343 4012 tas
373 3956 713 4022 conﬁrmat.

180 4061 378 4135 [Apud
399 4060 612 4118 ﬂabill.
645 4062 799 4118 Acta
831 4061 939 4118 SS.
999 4063 1137 4197 ogd;
1165 4063 1424 4187 1Beneut.,
1458 4079 1599 4119 saec.
1655 4063 1749 4120 IV.
1779 4077 1840 4135 p.

854 4158 910 4197 η.
939 4157 1000 4197 n.
1069 4147 1099 4197 5
1144 4184 1180 4197 ,Α

854 4158 910 4204 η,
939 4157 1000 4214 p.
1033 4147 1180 4214 254.]

1941 3053 2145 3110 dinem
2196 3055 2709 3128 praedecessorum
2767 3063 3114 3115 nostrorum
3171 3066 3388 3116 sanctae
3442 3063 3599 3118 sedis

1943 3144 2285 3216 apostolicae
2339 3145 2650 3218 privilegio
2704 3148 3109 3216 ﬁrmaremus,
3159 3155 3408 3224 propter
3455 3167 3600 3224 quo-

1942 3233 2222 3290 rumlibet
2248 3234 2309 3291 in
2337 3240 2638 3307 posterum
2672 3243 2896 3295 certam
2948 3239 3334 3312 cupiditatem
3364 3241 3454 3296 vel
3511 3242 3600 3298 in-

1944 3323 2356 3395 quietudinem
2387 3341 2404 3381 :
2433 3331 2732 3397 quatenus
2775 3327 2941 3383 omni
2992 3328 3276 3402 deinceps
3333 3335 3602 3404 tempore

1945 3413 2176 3484 absque
2205 3429 2708 3488 quorumcunque
2737 3416 3083 3473 crudelitate
3103 3418 3197 3472 vel
3219 3419 3602 3491 subreptione

1948 3502 2229 3557 monachi
2284 3519 2423 3557 cum
2479 3503 2614 3575 ipso
2658 3503 2897 3571 abbate,
2949 3505 3062 3577 ipsi
3118 3511 3176 3560 et
3231 3522 3603 3563 successores

1948 3605 2177 3652 eorum,
2206 3590 2437 3661 possint
2463 3591 2686 3647 ibidem
2719 3593 3063 3660 consistere,
3098 3601 3155 3649 et
3175 3594 3266 3648 sui
3316 3594 3604 3666 propositi

1948 3693 2228 3733 normam
2257 3679 2482 3750 optime
2514 3695 2774 3735 servare.
2805 3682 3072 3744 Quorum
3103 3681 3216 3753 piis
3267 3683 3414 3738 actis
3469 3697 3605 3737 con-

1950 3766 2300 3836 gaudentes,
2331 3771 2388 3822 et
2414 3767 2591 3838 justis
2643 3767 3028 3840 petitionibus
3087 3774 3442 3841 annuentes,
3501 3771 3604 3826 de-

1950 3855 2252 3911 cernimus
2285 3871 2390 3929 per
2418 3857 2532 3912 hoc
2563 3856 2905 3930 apostolicae
2947 3858 3314 3915 auctoritatis
3367 3859 3604 3933 privile-

1951 3944 2139 4016 gium,
2172 3961 2398 4018 perque
2445 3945 2608 4002 illam
2637 3950 2997 4018 potestatem
3051 3964 3238 4020 quam
3295 3965 3330 4005 a
3382 3951 3502 4006 Deo
3547 3949 3609 4005 in

1950 4033 2128 4089 beato
2158 4034 2329 4089 Petro
2359 4033 2632 4106 apostolo
2657 4035 3020 4108 accepimus,
3057 4041 3120 4092 ut
3149 4040 3274 4094 tam
3314 4037 3460 4110 ipsae
3515 4054 3610 4094 res

1955 4137 2138 4194 supra
2164 4122 2511 4194 nominatae,
2539 4139 2727 4195 quam
2757 4122 2910 4193 alite,
2955 4140 3109 4196 quas
3165 4125 3260 4180 vel
3310 4125 3437 4198 ipse
3494 4129 3612 4182 Deo

1955 4209 2234 4266 amabilis
2292 4226 2516 4283 praeses
2569 4216 2626 4267 et
2672 4211 2802 4282 ejus
2869 4228 3018 4267 uxor
3094 4211 3462 4284 lngelberga,
3521 4214 3616 4270 vel

247 4305 498 4358 Joannes
517 4301 860 4374 episcopus,
894 4318 1101 4358 servus
1129 4318 1437 4359 servorum
1465 4302 1585 4370 Dei,
1647 4302 1844 4359 omni-
1878 4341 1918 4393 Β
1959 4297 2059 4354 alii
2084 4298 2231 4354 forte
2263 4298 2363 4354 Dei
2390 4304 2689 4356 amatores
2709 4299 2995 4373 deinceps
3027 4301 3257 4357 eisdem
3304 4302 3616 4358 monachis

180 4390 295 4447 bus
353 4390 658 4464 episcopis
712 4394 771 4446 et
822 4389 1162 4447 senioribus
1222 4390 1443 4461 Galliae,
1493 4391 1844 4463 caeterisque

185 4483 412 4536 sanctae
443 4478 542 4535 Dei
572 4477 844 4534 Ecclesiae
873 4477 1178 4549 ﬁdelibus,
1210 4479 1491 4536 salutem.

255 4567 560 4634 Quoniam
585 4583 660 4622 ex
688 4582 1106 4624 successorum
1159 4568 1574 4640 apostolorum
1631 4569 1850 4642 pietate

188 4657 270 4713 sic
322 4655 740 4713 universaliter
788 4655 1084 4712 debemus
1143 4657 1452 4714 consulere
1504 4658 1752 4725 cunctis,
1791 4663 1856 4713 ut

190 4745 571 4817 singulorum
598 4761 844 4819 quoque
875 4761 1090 4802 causas
1114 4745 1239 4802 sine
1270 4745 1506 4803 fastidio
1522 4746 1855 4804 debeamus

191 4851 592 4906 cognoscam:
622 4835 989 4892 studendum
1015 4840 1104 4891 est
1134 4835 1310 4892 nobis
1336 4852 1459 4892 non
1481 4836 1682 4894 minus
1709 4836 1856 4892 velle

190 4924 700 4998 prodesse,quam
712 4940 990 4996 praeesse.
1015 4924 1300 4981 Noveritis
1322 4924 1524 4998 itaque
1571 4925 1858 4981 illustrem

193 5013 494 5086 nobisque
510 5012 930 5070 charissimam
947 5016 1350 5072 Arvernorum
1371 5014 1690 5088 praesidem
1720 5014 1857 5070 Wil-

193 5100 468 5168 lelmum,
502 5106 560 5158 et
589 5117 837 5158 uxorem
867 5102 998 5173 ejus
1031 5101 1444 5172 lngelbergam
1497 5120 1603 5176 per
1652 5103 1860 5160 ﬁdeles

196 5187 310 5244 sibi
341 5188 592 5258 legatos,
624 5188 1001 5246 Adalelmum
1032 5189 1252 5246 scilicet
1298 5191 1862 5247 reverendissimum

195 5279 578 5352 episcopum,
605 5277 926 5335 chertum
947 5285 1004 5335 et
1039 5280 1313 5337 Calseum
1367 5279 1731 5336 clarissimos
1783 5283 1863 5336 vi-

203 5547 418 5622 Operis
447 5549 610 5606 enim
638 5548 718 5606 ab
740 5548 838 5606 illo
864 5549 1021 5606 citati
1035 5550 1231 5621 (Itlyr.
1249 5553 1432 5622 sacr.)
1455 5550 1692 5610 nonnisi
1716 5549 1872 5607 duos

204 5618 440 5694 priores
474 5625 669 5677 tomos
718 5624 874 5690 (sne.
901 5618 1105 5692 ιγ’-νη.)
1136 5618 1202 5678 in
1243 5618 1620 5679 bibliothecis
1652 5623 1870 5680 nostris

606 5713 850 5766 ΡΑτιοι.
894 5709 1179 5768 CXXXII.

1960 4387 2055 4444 vel
2109 4388 2558 4444 successoribus
2630 4406 2838 4445 eorum
2907 4389 3286 4459 donaverint,
3365 4390 3616 4445 Domino

1961 4475 2251 4533 Salvatori
2307 4483 2510 4533 nostro
2577 4482 2903 4550 sanctoque
2958 4481 3120 4533 Petro
3177 4483 3356 4549 atque
3438 4477 3618 4533 beato

1963 4569 2342 4623 Launomaro
2375 4566 2712 4622 deserviant
2739 4567 2800 4621 in
2831 4566 3038 4621 usibus
3097 4567 3534 4622 monachorum
3565 4570 3622 4620 et

1962 4656 2212 4713 diversis
2246 4655 2616 4721 utilitatibus,
2647 4655 3004 4711 adveniente
3036 4670 3308 4728 unquam
3340 4655 3620 4711 Christia-

1964 4756 2275 4804 no’rum....
2307 4744 2576 4818 qualibet
2605 4744 2942 4808 occasione,
2991 4745 3257 4817 aliquam
3295 4744 3625 4800 sustineant

1967 4836 2374 4901 calumniam;
2436 4834 2539 4890 sed
2598 4834 2770 4890 liceat
2827 4834 3011 4890 servis
3061 4833 3159 4889 Dei
3206 4834 3483 4903 ejusdem
3512 4833 3624 4890 loci

1969 4923 2317 4989 cultoribus,
2341 4939 2479 4979 cum
2511 4922 2763 4978 consilio
2792 4927 2850 4978 et
2905 4923 3206 4978 voluntate
3264 4922 3500 4978 abbatis
3537 4924 3626 4979 sui

1971 5033 2044 5072 ea
2073 5014 2266 5070 stabili
2301 5013 2600 5083 ﬁrmitate,
2629 5013 2781 5068 sicut
2808 5012 2892 5068 eis
2945 5012 3288 5085 expedierit,
3345 5016 3544 5068 tenere
3574 5018 3631 5068 et

1973 5103 2328 5175 gubernare.
2388 5101 2445 5159 Si
2518 5101 2654 5173 quis
2705 5105 2906 5157 autem
2957 5101 3278 5174 cupiditate
3356 5100 3446 5157 vel
3531 5101 3632 5158 ali-

1973 5208 2097 5265 qua
2174 5189 2541 5255 malignitate
2625 5187 2840 5244 ductus
2916 5205 3124 5244 eorum
3209 5193 3632 5246 testamentum

1975 5287 2032 5336 et
2062 5281 2172 5335 hoc
2201 5284 2419 5334 nostra:
2436 5277 2799 5333 auctoritatis
2856 5277 3238 5348 privilegium
3293 5279 3494 5350 aliqua
3542 5297 3638 5335 oc-

1988 5547 2251 5605 invenire
2279 5551 2386 5602 est.
2417 5548 2565 5602 Eun.

2062 5624 2077 5690 ζ
2087 5623 2233 5686 566‘)
2259 5617 2427 5674 Bulla
2448 5619 2574 5674 haec
2595 5618 2808 5675 Joanni
2842 5620 2954 5675 Vlll
2999 5635 3313 5693 perperam
3352 5617 3643 5674 tribuitur.

3188 5711 3256 5761 26
