4000 6190
217 179 326 234 825

219 302 2366 332 Μ

797 165 1151 236 HUCBALDI
1189 179 1344 235 opp.
1385 181 1564 237 PARS
1602 179 1646 236 ι.
1686 210 1754 218 -
1796 177 2130 235 HAGIOGR.
2172 209 2238 216 —
2284 179 2606 236 HYMNUS
2649 184 2738 239 DE
2777 187 2830 242 s.
2870 188 3118 246 THEOD.

3566 201 3668 254 826

2383 301 3648 348 ἢ

983 499 1921 623 HUGBALDI
2013 501 2889 625 MONACHE

376 761 974 884 OPERUM
1087 764 1458 885 PARS
1573 767 2079 886 PRIMA.
2151 839 2192 852 -
2254 767 3472 891 HAGlOGRAPHltI.~t

928 1173 1444 1259 EPISTOLA
1522 1176 1654 1261 DE
1715 1173 2121 1260 SANCTO
2179 1173 2925 1262 THEOllERICt).

1151 1396 1347 1470 (Apud
1379 1397 1616 1464 Mabill.,
1646 1397 1864 1453 Annal.
1901 1397 2141 1467 Bened.,
2176 1402 2318 1453 tom.
2347 1399 2435 1470 Ill,
2463 1415 2524 1471 p.
2553 1400 2703 1468 691.)

282 1748 518 1814 Dilectis
564 1760 626 1814 in
671 1759 899 1816 Christo
930 1761 1198 1833 patribus
1229 1767 1285 1818 et
1314 1762 1598 1818 fratribus
1624 1777 1873 1831 congre-
1913 1767 1960 1817 A
1986 1761 2170 1832 hujus
2201 1763 2258 1817 in
2292 1779 2387 1817 me
2411 1755 2890 1818 benevolentiam
2924 1761 3181 1834 exempli
3211 1777 3318 1817 vos
3364 1778 3470 1833 per
3518 1777 3649 1816 suc-

203 1848 468 1916 gationis
501 1847 647 1904 almi
677 1850 1031 1906 confessoris
1084 1850 1299 1906 Christi
1328 1851 1673 1907 Theoderici
1729 1851 1876 1906 Huc-

198 1937 428 1993 baldus
445 1937 712 2009 humilis,
735 1937 868 1994 licet
890 1938 1174 2009 indignus
1214 1938 1412 1996 ofﬁcio
1444 1941 1750 2008 sacerdos,
1774 1941 1876 1996 ha-

201 2025 336 2081 bitu
369 2027 734 2092 monachus,
762 2042 1006 2083 omnem
1034 2027 1222 2084 felicis
1256 2029 1389 2084 vitae
1416 2029 1873 2100 jocunditatem.

279 2115 380 2169 Pia
415 2119 614 2170 vestra
643 2115 852 2183 religio
883 2121 1060 2189 atque
1110 2117 1534 2174 ardentissima
1577 2118 1636 2173 in
1691 2121 1876 2173 Deum

199 2209 261 2258 et
312 2207 600 2258 sanctum
633 2204 762 2273 ejus
811 2204 1240 2262 Theodericum
1267 2206 1527 2275 devotio,
1578 2205 1878 2278 studiique

203 2291 391 2348 simul
422 2292 568 2347 boni
615 2292 860 2349 intentio
891 2298 1159 2350 nostram
1209 2294 1355 2352 adiit
1384 2295 1876 2365 mediocritatem,

201 2380 606 2453 expostulans
651 2385 736 2451 ut,
769 2381 845 2438 ad
892 2386 1236 2438 nostrorum
1265 2382 1658 2440 imitationem
1689 2384 1878 2454 majo-

202 2485 348 2525 rum
399 2469 507 2542 qui
533 2469 597 2525 in
626 2468 869 2525 laudem
898 2470 1000 2526 Dei
1029 2475 1086 2527 et
1115 2477 1456 2528 sanctorum
1511 2473 1640 2542 ejus
1680 2477 1878 2528 mente

200 2557 665 2632 promptissima
723 2558 974 2629 singulis
1034 2564 1178 2632 apta
1221 2560 1596 2633 temporibus
1641 2577 1878 2617 canona

202 2662 610 2720 composuere
657 2647 1092 2715 modulamina,
1126 2665 1237 2705 nos
1266 2664 1511 2722 quoque
1538 2649 1708 2705 vobis
1740 2666 1877 2705 noc-

202 2736 470 2793 turnalia
498 2735 575 2792 de
605 2736 1102 2794 memorabilibus
1133 2738 1365 2811 prmfati
1418 2739 1660 2794 cultoris
1693 2740 1789 2794 Dei
1821 2743 1878 2794 et

202 2825 491 2898 specialis
551 2828 788 2898 patroni
840 2827 1023 2883 vestri
1071 2827 1240 2884 domi
1293 2828 1636 2884 Theoderici
1696 2828 1875 2898 gestis

202 2915 523 2970 cantilena
581 2913 877 2986 melodiis,
940 2915 1252 2972 dulcorata
1317 2933 1456 2972 cum
1530 2917 1874 2989 antiphonis

201 3009 634 3076 coaptaremus
662 3005 1070 3077 responsoria,
1101 3005 1161 3061 in
1187 3006 1318 3077 ejus
1345 3020 1518 3062 sacra
1564 3006 1874 3063 festivitate

1987 1851 2291 1906 cessiones
2322 1857 2686 1924 temporum,
2717 1851 2898 1906 veluti
2927 1868 3036 1923 pro
3069 1851 3245 1907 bonae
3273 1850 3650 1906 consuetudi-

1986 1937 2080 1992 nis
2119 1937 2250 2007 lege
2279 1936 2589 1994 relicturos
2619 1943 2996 2011 posterorum
3038 1937 3358 1993 dilectioni.
3393 1937 3647 1993 Promis-

1988 2027 2178 2083 sionis
2211 2043 2354 2099 ergo
2400 2027 2552 2084 inter
2577 2044 2690 2084 nos
2716 2028 2887 2083 istius
2917 2027 3166 2084 ﬁrmitas
3192 2029 3542 2083 intemerata
3574 2027 3648 2082 sit

1984 2115 2128 2173 ﬁdei
2154 2122 2362 2174 vestra}
2393 2117 2611 2174 veritas
2638 2133 2840 2173 coram
2880 2120 2995 2172 Deo
3025 2132 3262 2190 semper
3282 2121 3508 2188 aperta,
3541 2115 3646 2187 qui

1986 2219 2128 2259 eum
2158 2205 2447 2276 promittit
2475 2204 2884 2261 habitaturum
2913 2205 2974 2259 in
3004 2202 3388 2260 tabernaculo
3429 2217 3559 2272 suo,
3589 2207 3646 2257 et

1985 2293 2256 2366 requiem
2323 2293 2671 2350 habiturum
2726 2293 2785 2348 in
2843 2299 3042 2349 monte
3095 2297 3299 2348 sancto
3351 2307 3480 2357 suo,
3539 2291 3645 2362 qui

1983 2380 2248 2453 loquitur
2273 2382 2577 2438 veritatem
2621 2381 2682 2436 in
2731 2381 2912 2437 corde
2960 2398 3089 2449 suo,
3123 2386 3180 2437 et
3231 2380 3332 2453 qui
3372 2395 3496 2435 non
3525 2379 3645 2448 egit

1952 2469 2194 2540 ﬁdolum
2221 2470 2278 2526 in
2309 2470 2518 2541 lingua
2540 2487 2670 2527 sua.
2707 2474 2772 2526 Et
2802 2487 2877 2526 ne
2907 2470 3074 2526 vobis
3102 2469 3307 2526 videar
3355 2484 3463 2542 pro
3511 2484 3652 2541 parm

1983 2561 2075 2616 vis
2107 2577 2430 2634 exposcere
2452 2577 2697 2632 magna,
2733 2562 2881 2618 sciat
2904 2561 3139 2617 dilectio
3169 2565 3364 2617 vestra
3385 2576 3447 2615 se
3478 2557 3644 2632 apud

1983 2649 2150 2705 illum
2182 2655 2566 2723 recepturum
2597 2651 2886 2723 impensae
2915 2651 2974 2706 in
3009 2667 3102 2706 me
3155 2649 3461 2706 charitatis
3498 2664 3646 2722 prae-

1984 2738 2126 2804 mia,
2161 2739 2263 2810 qui
2309 2755 2420 2810 pro
2452 2739 2715 2795 minimis
2758 2739 3009 2795 ﬁdeliter
3050 2738 3196 2795 actis
3241 2737 3390 2794 solet
3431 2750 3642 2808 repen-

1983 2827 2124 2882 dere
2173 2827 2461 2884 maxima.
2516 2829 2694 2898 Igitur
2747 2828 3017 2898 gratiﬁca
3072 2833 3280 2883 vestrae
3310 2824 3646 2881 dulcedinis

1985 2915 2230 2988 sponsio
2261 2919 2317 2970 et
2332 2915 2602 2986 jussione
2625 2921 2893 2989 accepta,
2919 2921 2982 2972 ut
3010 2917 3066 2971 in
3092 2917 3206 2971 hoc
3231 2928 3642 2987 perseverans,

1983 3005 2103 3060 Deo
2156 3003 2506 3076 miserante,
2539 3011 2783 3061 maneat
2810 3003 2975 3077 apud
3005 3021 3114 3059 vos
3141 3003 3328 3059 nostri
3359 2999 3648 3058 memoria

201 3093 504 3160 canenda,
539 3094 704 3166 quod
735 3093 1191 3166 exsequendum
1224 3097 1388 3150 tanta
1441 3100 1641 3151 noster
1675 3112 1876 3166 agres-
1911 3115 1957 3167 Β
1983 3093 2111 3148 haec
2142 3092 2448 3165 praedicta,
2479 3093 2629 3149 sicut
2659 3099 2716 3150 et
2745 3110 2881 3166 quae
2914 3097 3245 3166 sequuntur
3292 3089 3556 3164 capitula
3586 3090 3647 3144 in

109 3185 113 3187 ”
201 3199 312 3238 sus
363 3188 451 3237 est
503 3182 743 3238 animus
795 3181 1119 3254 alacritate,
1149 3188 1376 3255 quanta
1435 3189 1629 3239 vestra
1657 3183 1717 3238 id
1748 3184 1874 3241 ﬁeri

202 3271 499 3342 poscebat
525 3270 786 3326 devotio.
824 3274 887 3325 Et
918 3287 1074 3338 ecce,
1126 3271 1332 3328 divina
1379 3272 1614 3329 favente
1661 3273 1870 3343 gratia,

199 3359 375 3433 quod
406 3365 598 3416 vestra
643 3358 944 3428 suggessit
987 3360 1270 3424 charitas,
1301 3367 1519 3417 nostrae
1567 3362 1874 3434 parvitatis

202 3447 557 3504 obedienter
581 3447 841 3520 explevit
867 3447 1196 3504 humilitas.
1225 3450 1337 3505 Sed
1368 3449 1530 3522 quia.
1559 3455 1873 3506 attestante

203 3555 356 3594 voce
381 3537 748 3608 evangelica,
775 3539 994 3608 dignus
1019 3544 1103 3594 est
1133 3542 1445 3608 operarius
1467 3541 1735 3596 mercede
1765 3556 1874 3597 sua

205 3630 378 3697 (Luc.
413 3629 511 3699 vn)
535 3646 547 3695 ;
571 3644 670 3684 me
701 3626 1005 3683 humiliter
1025 3632 1357 3701 expetente,
1389 3633 1446 3684 et
1476 3634 1674 3684 vestra
1699 3629 1871 3684 boni-

204 3722 328 3772 tate
385 3716 790 3772 favorabiliter
848 3722 1170 3786 annuente,
1228 3716 1287 3772 in
1343 3718 1472 3789 ejus
1531 3718 1872 3789 parvissimi

203 3805 771 3876 recompensatione
821 3804 1094 3860 servitioli
1123 3805 1528 3878 spopondistis
1560 3805 1703 3860 mihi
1733 3823 1870 3862 cum

199 3899 418 3948 vestra:
471 3893 871 3966 promissione
915 3892 1054 3949 fidei
1113 3899 1352 3949 acturos
1412 3910 1516 3948 vos
1571 3909 1632 3948 1n
1687 3895 1873 3949 sacris

195 3980 580 4036 orationibus
610 3981 821 4036 vestris
853 3981 1208 4037 memoriam
1254 3982 1371 4036 mei
1419 3981 1667 4049 singulis
1698 3982 1873 4037 annis

193 4070 443 4142 expleto
475 4071 588 4126 hoc
628 4071 763 4142 ipso
816 4070 1014 4126 oﬁicio
1065 4071 1442 4126 nocturnali:
1477 4086 1586 4126 nec
1637 4076 1872 4127 tantum

191 4159 352 4214 dum
393 4158 454 4213 in
503 4159 617 4214 hoc
657 4175 842 4214 cursu
888 4159 1162 4215 instantis
1205 4159 1315 4214 aevi
1367 4159 1574 4214 videor
1600 4159 1713 4214 frui
1745 4159 1870 4215 sole

192 4245 476 4318 volubili,
508 4247 612 4302 sed
665 4247 856 4303 multo
907 4248 1102 4318 magis
1160 4264 1297 4303 cum
1357 4251 1474 4303 Deo
1513 4247 1868 4320 disponente

190 4335 519 4402 contigerit
554 4334 832 4406 praesenti
860 4350 957 4390 me
986 4335 1105 4390 vita
1153 4334 1396 4401 defungi
1424 4354 1436 4400 ;
1468 4340 1523 4390 et
1555 4335 1867 4392 addidistis

928 4685 1369 4786 HYNNUS

1983 3183 2098 3238 hac
2123 3183 2412 3238 adnotata
2442 3189 2579 3238 sunt
2608 3184 2852 3255 pagina,
2881 3198 2990 3254 pro
3041 3182 3172 3238 vivo
3222 3180 3533 3253 psalmum
3563 3180 3650 3234 De

1979 3271 2328 3340 profundis,
2387 3272 2574 3327 Pater
2621 3277 2840 3334 noster,
2894 3269 3185 3343 Capitula,
3245 3269 3496 3325 Salvum
3546 3269 3648 3338 fac

1982 3375 2219 3415 servum
2276 3367 2486 3428 tuum;
2540 3362 2920 3428 Convertere,
2973 3361 3239 3425 Domine,
3301 3372 3644 3430 usquequo;

1980 3449 2153 3503 Mitte
2177 3451 2248 3514 ei,
2278 3451 2545 3515 Domine,
2578 3451 2876 3504 ana-ilium
2909 3450 2982 3504 de
3009 3454 3215 3503 sancto
3242 3465 3254 3513 ;
3288 3447 3462 3504 Nihil
3510 3462 3649 3516 pro-

1978 3538 2146 3605 ﬁciat
2177 3538 2451 3591 inimicus
2479 3539 2540 3592 in
2568 3553 2632 3593 eo
2655 3551 2677 3607 ;
2705 3538 2848 3592 Esto
2874 3539 2946 3602 ei,
2981 3536 3250 3603 Domine,
3286 3537 3474 3590 turris
3519 3537 3647 3603 for-

1983 3625 2258 3679 titudinis
2279 3638 2300 3693 ;
2326 3627 2596 3693 Domine,
2629 3625 2854 3680 exaudi
2880 3625 3212 3679 orationem
3241 3637 3454 3679 meam.
3490 3625 3647 3678 Deus

1982 3714 2088 3784 qui
2089 3713 2394 3781 justiﬁcas
2412 3713 2682 3780 impium,
2697 3718 2752 3768 et
2769 3728 2888 3767 non
2911 3713 2998 3767 vis
3020 3717 3263 3766 mortem
3288 3711 3641 3778 peccatoris.

2054 3803 2161 3855 Pro
2190 3799 2491 3861 defuncto,
2518 3799 2817 3871 psalmum
2851 3803 2935 3855 De
2963 3797 3307 3868 profundis.
3333 3800 3520 3853 Pater
3545 3813 3644 3852 no-

1981 3894 2119 3944 ster.
2152 3888 2432 3959 Requiem
2464 3893 2750 3964 aeternam
2779 3888 2938 3944 dona
2988 3888 3060 3953 ei,
3091 3887 3362 3941 Domine.
3393 3887 3486 3942 Ne
3516 3892 3642 3941 tra-

1981 3975 2089 4032 das
2134 3975 2329 4032 bestiis
2359 3975 2622 4032 animam
2673 3976 3049 4043 conﬁtentem.
3096 3973 3219 4028 tibi.
3267 3974 3488 4028 Anima
3516 3975 3644 4042 ejus

1980 4067 2042 4120 in
2068 4066 2231 4121 bonis
2261 4065 2618 4121 demoretur.
2651 4066 2699 4119 A
2733 4071 2910 4134 porta
2952 4064 3153 4134 inferi.
3188 4064 3407 4118 Annae
3454 4063 3643 4128 nobis,

1981 4156 2248 4223 Domine,
2277 4156 2485 4210 anima
2512 4155 2740 4223 famuli
2783 4157 2873 4210 tui
2901 4153 3210 4210 Hucbatdi
3239 4154 3645 4208 remissionem

1979 4261 2157 4316 quam
2189 4260 2420 4313 semper
2457 4247 2705 4313 optavit,
2752 4250 3056 4300 mereatur
3084 4245 3396 4312 percipere
3437 4257 3643 4311 pecca-

1981 4341 2198 4390 torum.
2230 4335 2351 4390 Per
2379 4334 2722 4400 Dominum,
2755 4339 2866 4389 etc.

1472 4689 1603 4772 UE
1701 4693 1820 4773 Si
1840 4687 2104 4772 NtlTU
2211 4684 2728 4772 THEOIlElt
2753 4683 2920 4766 lCU

563 5053 789 5108 Festiva
815 5053 1045 5108 Christo
1076 5053 1306 5108 cantica

494 5144 657 5197 Nunc
679 5144 880 5197 turma
910 5140 1161 5198 fratrum
1185 5141 1482 5206 concinat,

488 5229 599 5295 Qui
629 5245 869 5302 semper
895 5230 957 5285 in
982 5230 1202 5286 sanctis
1233 5229 1355 5286 suis

491 5319 792 5377 Mirandus
822 5323 878 5374 et
907 5319 1228 5376 laudabilis

558 5408 990 5466 Theodericum
1022 5415 1232 5478 terrea,

493 5501 559 5554 Et
583 5498 780 5555 carnis
806 5497 1230 5568 oblectamina,

496 5587 604 5654 Qui
628 5586 807 5643 corde
832 5587 967 5642 fecit
993 5601 1271 5659 spernere

499 5680 559 5732 In
588 5691 770 5748 seque
801 5679 1062 5732 mentem
1093 5676 1294 5744 figere.

2344 5054 2396 5104 Is
2428 5063 2572 5118 ergo
2602 5061 2891 5119 spernens
2918 5043 3225 5109 saeculum,

2245 5137 2617 5209 .Christoque
2641 5150 2928 5208 sponsam
2951 5133 3282 5197 conferens,

2277 5226 2540 5283 leestis
2565 5224 2718 5282 aulw
2744 5225 3036 5296 prmvium

2269 5316 2390 5372 Sibi
2414 5320 2558 5387 petit
2586 5313 2938 5382 Remigium.

2336 5411 2383 5458 A
2408 5418 2531 5476 quo
2557 5401 2775 5458 celebri
2803 5401 3086 5471 dogmate

2265 5495 2415 5548 Cum
2444 5492 2656 5548 doctus
2685 5495 2840 5546 esset
2864 5491 3110 5564 optime,

2269 5584 2447 5637 Datur
2470 5585 2637 5654 pater
2662 5579 2961 5650 coenobio,

2271 5670 2498 5728 Fundat
2525 5669 2648 5743 poli
2678 5669 2845 5743 quod
2877 5671 3109 5727 nuntio.
