3950 6178
145 165 240 220 829
915 194 920 198 -
1382 169 1538 224 VlTA
1579 167 1867 224 SANCTE
1903 169 2296 228 BICTRUDIS.

3435 192 3542 247 830

144 285 666 376 lipllugoabbates
691 306 712 376 ςῖ
733 304 808 376 ex
831 287 1074 376 feminis
1105 289 1499 376 Rietrudis,
1523 291 1772 376 ejusque
1813 294 1862 346 Α.
1887 308 2023 376 mus
2058 294 2112 349 S.
2146 297 2518 376 litaurontum
2551 303 2608 376 et
2634 300 2689 356 S.
2721 300 3060 373 Eusebium,
3081 305 3185 376 qui
3213 319 3287 362 eo
3313 307 3374 363 in
3405 309 3538 369 loco

143 357 249 412 tilia
278 373 346 412 ac
377 363 511 430 post
535 374 670 414 eam
694 358 1000 416 abbatissa
1029 363 1084 418 S.
1115 361 1462 430 Clotsendis,
1487 357 1774 418 'ut'mitta-

158 511 235 523 ..Δ--
253 513 602 526 ..-αισι-*⁵ου

624 515 996 530 Aur-9M

1562 519 1661 531 ⁸111.-

1669 521 1906 532 ...α-.-

1885 361 2238 435 aliquandiu
2270 369 2602 425 conversati
2633 377 2788 427 sunt.

1907 519 2050 532 “-

2056 519 2250 534 ...η-...ιη

2255 521 2424 536 ..ε’-Α-

1239 639 1820 729 PROLOGUS
1897 642 2436 733 AUCTOBIS

821 825 940 892 AD
1018 825 1562 896 STEPHANUM
1644 826 2211 900 LEODIENSEM
2295 833 2826 905 EPISCOPUM.

1605 973 2025 990 ...ψ’-...αι

191 1066 249 1120 In
280 1064 489 1122 Christi
519 1063 930 1121 membrorum
961 1083 1256 1140 compage
1304 1069 1456 1125 sicut
1484 1063 1771 1125 excellen-

126 1153 263 1224 tiori,
295 1153 380 1209 sic
408 1153 620 1210 merito
647 1154 1074 1212 honorabiliori
1093 1155 1342 1213 domino
1368 1157 1607 1231 praesuli
1644 1159 1771 1214 STE-

125 1259 292 1298 raaso
321 1243 656 1299 secundum
678 1259 902 1300 nomen
931 1261 1110 1301 suum
1141 1245 1482 1319 apostolicae
1505 1262 1770 1302 reveren-

124 1331 202 1386 tiae
225 1331 396 1399 signo
425 1331 504 1386 ab
535 1331 880 1387 hominibus
909 1333 1157 1405 quidem
1187 1339 1492 1402 coronato,
1528 1331 1635 1391 sed
1663 1329 1766 1390 de-

122 1436 274 1475 mum
303 1420 383 1476 ob
411 1421 761 1478 meritorum
808 1422 1070 1492 insignia
1099 1440 1239 1479 cum
1279 1425 1361 1480 eis
1392 1442 1654 1498 quorum
1682 1423 1766 1480 vi-

122 1527 207 1565 ces
218 1511 739 1583 exsequitural)eo
761 1513 1129 1584 coronando,
1147 1516 1473 1570 Hl'CBALDl'S
1495 1515 1767 1570 omnium

121 1600 364 1669 exiguus
412 1599 793 1656 sacerdotum
851 1617 921 1656 ac
975 1602 1412 1658 monachorum
1469 1603 1764 1674 ejusdem,

118 1689 617 1746 immarcescibilis
684 1691 1108 1764 vernantisque
1169 1691 1418 1747 ﬂoribus
1480 1693 1766 1748 virtdtum

119 1782 270 1848 optat
302 1794 537 1834 coronae
569 1778 880 1849 gaudium.

181 1866 411 1923 Clericis
459 1872 514 1924 et
553 1869 1115 1926 sanctimonialibus
1154 1871 1635 1940 congregationis
1669 1872 1766 1926 Dei

116 1955 330 2012 dilectu;
353 1957 592 2014 famulze
619 1957 806 2014 beatae
825 1959 1118 2014 Rictrudis
1143 1960 1430 2029 rogitatus
1461 1977 1763 2034 apponere

115 2057 328 2098 novum
351 2043 428 2099 ad
455 2041 955 2100 conscribendum
971 2048 1137 2114 gesta
1159 2045 1346 2118 ipsius
1363 2051 1762 2118 natorumque

113 2129 231 2199 ejus
253 2129 687 2201 calamum,diu
710 2130 1085 2204 multumque
1103 2132 1336 2188 renisus
1355 2134 1606 2204 sum,vel
1622 2135 1762 2207 quia

114 2234 300 2274 meam
331 2220 929 2293 quantulumcunque
962 2217 1330 2276 scientiolam
1355 2225 1535 2276 tantze
1569 2219 1758 2295 impa-

110 2322 226 2362 rem
280 2308 539 2364 materize
587 2325 892 2374 noveram,
925 2308 1015 2364 vel
1056 2310 1200 2381 quia
1248 2313 1410 2365 tanto
1463 2315 1760 2366 transacto

110 2399 371 2467 tempore
404 2395 565 2451 nulla
597 2399 769 2452 certa:
795 2393 1098 2452 relationis
1125 2393 1198 2452 de
1229 2397 1319 2452 his
1352 2399 1572 2471 scripta
1605 2398 1761 2454 vide-

105 2499 232 2539 ram
266 2479 358 2538 vel
389 2481 719 2546 audieram,
754 2484 974 2540 veritus
1005 2496 1078 2540 ne
1115 2481 1262 2540 forte
1293 2485 1479 2542 dubia
1510 2499 1618 2558 pro
1643 2501 1762 2542 cer-

109 2571 172 2625 tis
199 2569 293 2626 vel
321 2565 471 2626 l‘alsa
501 2587 611 2644 pro
643 2571 791 2626 veris
813 2585 1160 2628 assererem.
1189 2575 1457 2646 Cumque
1491 2573 1760 2630 renitenti

109 2655 242 2714 mihi
276 2659 560 2731 quaedam
591 2657 974 2716 historiarum
1006 2659 1371 2734 exemplaria
1413 2663 1537 2718 suis
1569 2665 1758 2719 osten-

110 2745 303 2804 derent
335 2745 762 2806 concordantia
790 2749 981 2816 dictis,
1011 2749 1084 2805 de
1115 2755 1326 2806 caetero
1358 2750 1469 2807 illis
1499 2767 1758 2825 quorum
1792 2739 1828 2789 (ἶ

113 2852 221 2891 non
252 2833 706 2892 contemnenda:
737 2835 1096 2893 videbantur
1121 2851 1390 2911 personae
1409 2840 1552 2894 mihi
1577 2839 1758 2896 ﬁdem

113 2922 474 2992 facientibus,
495 2924 661 2998 quod
679 2925 808 2980 haec
829 2939 964 2998 quae
992 2923 1346 2991 referebant,
1381 2927 1592 2984 eadem
1615 2927 1756 2984 olim

114 3009 314 3068 tradita
341 3011 546 3068 litteris
578 3011 834 3080 fuerunt,
855 3013 958 3068 sed
981 3014 1365 3070 insectatione
1389 3013 1758 3072 Nortmanni—

113 3117 186 3156 rae
212 3097 694 3174 depopulationis
740 3101 1146 3175 deperierant;
1179 3103 1482 3176 postremo
1521 3105 1757 3176 adjura-

114 3193 194 3244 tus
224 3191 534 3247 tremendo
579 3187 798 3247 Divinas
841 3192 1171 3264 majestatis
1213 3194 1456 3249 nomine
1511 3195 1754 3251 tandem

112 3279 407 3351 acquievi:
461 3283 517 3336 et
554 3279 600 3335 si
638 3293 758 3336 non
791 3285 856 3336 ut
884 3279 1085 3350 debui,
1119 3281 1296 3339 institi
1327 3287 1528 3339 tamen
1561 3287 1624 3340 ut
1656 3298 1757 3357 po-

114 3367 200 3434 tui,
231 3384 349 3424 non
381 3369 642 3443 phaleris
669 3365 965 3426 deservire
995 3370 1342 3440 verborum,
1375 3372 1479 3428 sed
1502 3371 1754 3430 aediﬁca-

115 3455 240 3513 tioni
264 3457 576 3514 consulere
601 3457 924 3542 legentium
957 3459 1204 3534 cupiens
1239 3461 1326 3517 vel
1358 3461 1750 3518 audientium.

117 3545 401 3618 Explicato
433 3565 573 3604 vero
603 3549 726 3618 iam
757 3549 1052 3623 opusculo
1079 3563 1216 3606 cum
1249 3551 1325 3605 ad
1359 3549 1751 3620 recitandum,

117 3633 189 3688 vel
232 3639 433 3709 potius
476 3642 681 3694 vestra!
730 3635 1203 3694 examinandum
1254 3638 1612 3694 excellentius
1645 3645 1756 3696 tra-

115 3719 351 3797 deretur,
390 3725 582 3782 visum
627 3731 714 3782 est
760 3728 1092 3800 prudentiae
1142 3734 1354 3783 vestrae
1399 3743 1469 3783 ex
1518 3727 1588 3782 iis
1618 3742 1754 3801 quae

116 3814 180 3869 ad
208 3815 716 3875 eorroborandam
762 3815 1234 3892 uniuscujusque
1277 3813 1407 3874 libri
1440 3819 1752 3875 auctorita-

117 3909 215 3959 tem
245 3907 436 3962 soleut
469 3924 505 3962 a
536 3905 903 3964 scholasticis
933 3907 1172 3981 requiri,
1208 3905 1488 3980 qmrdam
1522 3909 1751 3977 deesse,

114 4008 356 4064 persona
402 3997 674 4054 videlicet
702 4004 758 4054 et
795 3998 964 4054 locus
1009 4015 1147 4054 cum
1197 4004 1478 4072 tempore.
1511 3995 1639 4054 Mihi
1672 4001 1753 4056 ta-

116 4097 234 4138 men
282 4086 428 4141 satis
477 4103 774 4158 superque
822 4086 1130 4142 videbatur
1169 4087 1496 4152 suffecisse,
1538 4089 1584 4142 si
1631 4091 1751 4144 tam
1782 4084 1824 4136 Ι)

114 4171 386 4241 praeclara
437 4177 734 4230 tantorum
781 4175 1044 4231 virorum
1093 4175 1340 4232 nomina
1388 4177 1440 4230 ct
1489 4173 1644 4232 facta
1699 4177 1754 4232 et

114 4259 227 4317 loca
303 4261 692 4336 loquentibus
766 4263 996 4338 scriptis
1061 4267 1528 4339 supprimeretur
1587 4266 1752 4321 locus

114 4353 160 4402 et
219 4369 476 4424 persona
540 4350 865 4427 scriptoris,
921 4371 997 4410 ne
1070 4373 1177 4428 per
1237 4373 1366 4412 eam
1421 4353 1594 4410 veluti
1651 4369 1756 4428 per

114 4445 285 4497 atram
337 4441 566 4499 nubem
611 4441 951 4499 obnubilari
1005 4443 1346 4500 viderentur
1393 4449 1554 4501 astra
1609 4445 1754 4500 tanti

115 4525 453 4598 splendoris.
515 4532 732 4588 Verum
799 4530 948 4588 sicut
1014 4531 1234 4606 placuit
1302 4534 1592 4589 sanctitati
1662 4549 1754 4588 ve—

117 4619 251 4684 strae,
286 4619 524 4677 famosa
551 4621 722 4678 vestri
751 4621 1011 4678 nominis
1037 4621 1319 4695 lampade
1345 4621 1750 4693 prtefulgente,

176 4761 314 4834 (572)
357 4761 564 4819 Surius
607 4763 686 4818 ita
735 4764 1030 4819 reddidit:
1073 4767 1346 4834 Dumque
1383 4764 1753 4832 Stephanum

118 4829 396 4905 inclytum
424 4836 749 4891 antistitem
782 4837 975 4892 libelli
1009 4836 1191 4904 huius
1223 4829 1500 4905 loquetur
1528 4835 1751 4903 prae/a-

119 4899 206 4966 tio,
233 4899 381 4960 voce
410 4907 748 4977 Legiensem
781 4899 1112 4979 expuucta';
1154 4922 1225 4962 uc
1258 4899 1626 4978 Stephanum
1652 4899 1751 4960 cui

1879 1068 2062 1160 nostri
2093 1087 2333 1160 quoque
2372 1067 2504 1130 licet
2533 1075 2690 1131 tetras
2723 1069 3224 1136 illuminabuntur
3253 1081 3536 1160 tenebrae,

1877 1163 1934 1216 et
1962 1159 2106 1215 dum
2142 1159 2508 1234 Stephanum
2541 1163 2880 1234 Legiensem
2907 1169 3046 1240 (572)
3070 1169 3363 1242 inclytum
3387 1159 3538 1246 prae;

1881 1248 2073 1304 sulem
2096 1247 2274 1320 hujus
2300 1247 2478 1307 libelli
2510 1249 2788 1326 loquetur
2813 1253 3103 1328 praefatio,
3129 1264 3335 1316 nostra
3356 1262 3535 1318 etiam

1879 1337 2107 1407 exiguae
2139 1335 2238 1421 fiet
2266 1353 2536 1411 personae
2563 1340 2810 1398 mentio.
2843 1345 3022 1400 Porro
3043 1344 3210 1402 locus
3233 1347 3536 1421 (utnostis)

1877 1436 2000 1475 non
2029 1425 2115 1476 est
2147 1420 2289 1477 mihi
2321 1425 2640 1494 cujuslibet
2671 1443 2829 1482 nunc
2873 1433 2933 1484 ut
2964 1426 3106 1484 olim
3137 1420 3535 1488 celeberrimae

1877 1507 2061 1574 urbis,
2093 1525 2230 1564 cum
2265 1512 2460 1582 potius
2487 1511 2736 1568 libenter
2762 1532 2856 1570 me
2883 1515 3160 1573 intimum
3182 1536 3309 1574 esse
3327 1517 3538 1590 gloria-

1876 1612 1970 1650 rer
1999 1593 2362 1654 ctenobitam
2391 1599 2732 1656 monasterii
2763 1603 2816 1657 S.
2845 1604 3103 1660 Amandi
3124 1607 3343 1675 egregii
3372 1605 3534 1664 Chri-

1877 1681 1948 1739 sti
1977 1681 2358 1754 confessoris,
2392 1688 2568 1743 vestri
2595 1706 2838 1761 quoque
2868 1687 3101 1748 (ludum
3134 1690 3534 1765 praedecesso-
3631 1730 3646 1750 κ

1874 1773 1974 1839 ris,
2011 1769 2124 1829 nisi
2162 1771 2310 1831 meis
2341 1775 2716 1844 exigentibus
2767 1778 3046 1850 peccatis,
3076 1777 3214 1836 inde
3269 1785 3386 1838 tam
3417 1797 3538 1839 cre-

1875 1862 1984 1916 bro
2029 1861 2268 1933 fugarer
2318 1867 2478 1919 metu
2530 1861 2856 1921 barbaricae
2901 1868 3322 1926 insectationis.
3381 1869 3535 1938 Quid

1875 1949 2074 2006 autem
2106 1949 2304 2008 dicam
2337 1953 2409 2008 de
2441 1959 2707 2026 tempore
2733 1957 3000 2012 secundo
3030 1955 3195 2030 quod
3227 1957 3316 2029 (ut
3343 1959 3424 2016 ita
3449 1959 3535 2016 di-

1875 2045 2034 2094 ctum
2087 2041 2179 2101 sit)
2227 2043 2556 2113 pessimum
2603 2041 2836 2099 videtur
2891 2039 3039 2101 forte
3094 2045 3316 2118 [esse]?
3373 2047 3536 2106 Libet

1873 2129 2166 2184 duntaxat
2223 2147 2362 2185 eum
2407 2128 2716 2186 Psalmista
2755 2131 2834 2187 ad
2879 2129 3068 2189 Deum
3116 2133 3528 2206 proclamare:

1874 2239 1898 2263 ‹‹
1929 2215 2127 2272 Laetati
2159 2231 2368 2271 sumus
2399 2231 2508 2290 pro
2547 2217 2762 2273 diebus
2795 2219 3016 2291 quibus
3043 2236 3152 2276 nos
3185 2219 3530 2291 humiliasti,

1874 2305 2048 2360 annis
2096 2303 2320 2377 quibus
2363 2305 2620 2362 vidimus
2657 2303 2839 2363 mala.
2873 2305 3136 2381 Respice,
3173 2307 3437 2378 Domine,
3471 2312 3530 2368 in

1874 2407 2078 2445 servos
2111 2397 2242 2447 tuos
2276 2395 2332 2448 et
2361 2389 2417 2448 in
2451 2407 2636 2466 Opera
2677 2397 2778 2452 tua
2807 2395 2990 2468 (Psal.
3015 2399 3270 2471 LXXXIX).
3292 2424 3318 2449 »
3367 2399 3534 2471 Cogi-

1875 2493 2008 2534 mur
2037 2477 2297 2553 denique
2330 2481 2682 2555 Apostolum
2718 2491 3063 2542 monentem
3095 2487 3330 2545 audire:
3370 2515 3396 2538 «ι
3423 2489 3530 2546 Re-

1871 2563 2167 2625 dimentes
2199 2571 2435 2642 tempus
2471 2569 2762 2645 quoniam
2791 2569 2920 2629 dies
2950 2571 3092 2631 mali
3123 2581 3262 2632 sunt
3287 2577 3528 2648 (Ep/tes.

1876 2661 1947 2723 v).
1977 2683 2003 2707 ››
2064 2662 2142 2714 Ne
2200 2663 2399 2715 tamen
2447 2657 2822 2734 praetergredi
2865 2659 3071 2720 videar
3119 2663 3532 2724 auctoritatem

1873 2752 2079 2802 vestrae
2139 2745 2458 2819 jussionis,
2515 2753 2848 2808 nostratum
2915 2771 3125 2826 regum
3181 2753 3530 2813 nominibus

1869 2833 2128 2908 omissis,
2158 2835 2491 2896 innotescat
2517 2847 2752 2914 tempus
2783 2839 3100 2900 nativitatis
3132 2841 3340 2902 Christi
3373 2863 3534 2902 sum-

1869 2929 1948 2982 mi
1976 2928 2151 2997 regis.
2173 2929 2343 2999 cujus
2374 2930 2665 2998 agebatur
2696 2946 2892 2986 annus
2925 2933 3416 3002 nongentesimus
3446 2952 3532 2991 se-

1868 3017 2122 3090 ptimus,
2181 3017 2447 3073 revoluto
2513 3015 2721 3074 ordine
2780 3019 2840 3075 in
2907 3017 3142 3077 decimo
3191 3019 3530 3080 indictionis

1867 3121 2029 3162 anno
2103 3107 2285 3177 hujus
2362 3107 2534 3162 editae
2613 3105 2970 3182 scriptionis.
3038 3107 3127 3166 Ad
3194 3110 3528 3183 profectum

1869 3193 2144 3252 Ecclesiae
2199 3193 2504 3252 catholicae
2583 3197 2725 3270 opto
2795 3214 2897 3253 vos
2961 3195 3204 3255 feliciter
3261 3199 3339 3256 ad
3388 3204 3530 3258 vota

1868 3285 2217 3341 communia
2266 3285 2482 3340 valere.

1937 3375 2141 3429 Vestra
2172 3389 2358 3442 sagax
2389 3374 2541 3428 votis
2568 3369 2767 3431 faveat
2795 3373 3115 3448 prudentia
3144 3377 3384 3446 nostris,

1938 3463 2079 3527 Quae
2105 3461 2332 3533 passim
2366 3479 2615 3518 suavem
2647 3463 2824 3518 fama:
2855 3459 3135 3519 diffundit
3163 3461 3411 3520 odorem
3440 3485 3452 3520 :

1938 3551 2104 3615 Quod
2133 3551 2341 3605 cultrix
2369 3552 2486 3605 veri
2515 3554 2738 3618 retegat
2763 3562 3006 3624 quoque
3034 3552 3241 3608 nubila
3268 3553 3418 3621 falsi,

1942 3643 2052 3694 Nec
2086 3645 2355 3693 nostrum
2386 3635 2624 3710 placido
2657 3635 2936 3707 dignetur
2964 3637 3156 3694 visere
3187 3641 3350 3695 vultu

1942 3729 2057 3784 Hoc
2088 3743 2262 3801 opus,
2291 3732 2345 3782 et
2365 3729 2528 3797 justo
2559 3739 2820 3799 pensans
2847 3728 3122 3784 examine
3151 3725 3366 3784 libram

1941 3814 2227 3872 Emendet
2247 3814 2520 3884 mendas,
2555 3813 2605 3871 si
2633 3829 2786 3888 quas
2811 3814 3006 3870 malus
3030 3813 3224 3872 intulit
3249 3829 3430 3874 error.

1941 3903 2110 3972 Quod
2144 3905 2188 3961 si
2216 3901 2357 3960 laux
2390 3903 2555 3960 nullo
2584 3906 3003 3978 praeponderat
3034 3909 3164 3961 acta
3187 3909 3404 3970 rotatu,

1939 3994 2275 4068 imparibus
2301 4007 2497 4067 neque
2530 4009 2622 4049 me
2655 3993 2861 4048 miscet
2887 3993 3051 4050 fraus
3074 3993 3347 4068 partibus
3360 3994 3523 4064 ullis;

1939 4083 2326 4152 Congaudere
2354 4082 2453 4156 pio
2476 4079 2728 4154 justum,
2756 4085 2944 4156 pater,
2978 4097 3110 4140 esse
3137 4083 3331 4140 labori

1939 4171 2158 4245 Inclyte
2189 4173 2326 4242 scis,
2357 4171 2573 4243 dignas
2607 4171 2858 4229 Domino
2887 4171 3224 4246 persolvere
3257 4179 3455 4244 grates

1938 4261 2107 4329 Quod
2133 4277 2342 4318 sumus
2365 4267 2421 4319 et
2442 4262 2731 4335 sapimus,
2747 4261 2988 4335 vitaque
3010 4265 3288 4318 movetur
3308 4261 3366 4318 in
3384 4261 3524 4319 ista:

1939 4353 2086 4406 Cum
2120 4349 2315 4424 potius
2356 4365 2507 4407 verte
2537 4357 2879 4424 spectamus
2904 4351 2970 4421 [Γ.
3006 4351 3345 4423 speramus]
3378 4363 3525 4420 gau-

3147 4437 3271 4507 fdia
3301 4435 3453 4498 vitae.

1937 4531 2078 4596 Quae
2109 4529 2283 4586 nobis
2309 4527 2526 4602 pariter
2559 4526 2844 4584 Dominus
2865 4524 2964 4583 det
2995 4539 3231 4582 sumere
3261 4523 3524 4582 Christus

1936 4623 2285 4674 Sanctorum
2317 4619 2620 4691 precibus,
2643 4629 2902 4690 quorum
2936 4613 3310 4684 signavimus
3333 4619 3522 4671 actus.

1863 4763 1992 4818 haec
2032 4763 2156 4835 _Vi_ta
2200 4764 2548 4835 nuncupata
2585 4763 2692 4822 est.
2726 4759 3078 4831 episcopum
3132 4760 3522 4835 Cameracen-

1865 4849 1988 4889 sem
2021 4833 2206 4888 fuisse
2227 4831 2506 4904 opinatus
2531 4837 2636 4886 est.
3267 4837 3271 4842 ‘

1466 5189 1840 5280 xNGIPl'l‘
1900 5189 2176 5280 VITA.

1603 5341 2018 5360 ——-————

657 5460 884 5515 CAPUT
922 5461 1204 5516 PRIMUM.

228 5539 453 5600 Franci
475 5543 556 5601 ad
578 5543 754 5615 ﬁdem
773 5562 887 5616 per
915 5547 978 5600 ις’.
1011 5545 1338 5617 Βρτηίρίωη
1373 5543 1638 5602 addurli.

184 5632 326 5686 ltum
351 5636 710 5692 Francorum
736 5641 972 5706 gentem
1004 5636 1064 5691 in
1085 5636 1208 5692 suis
1231 5637 1373 5692 olim
1395 5633 1757 5709 primoribus

1861 5455 1937 5510 de
1960 5453 2191 5509 minore
2212 5465 2593 5524 progressam
2618 5450 2872 5522 Phrygia
2893 5455 3070 5517 atque
3091 5467 3163 5506 ex
3182 5449 3368 5520 regali
3387 5451 3518 5504 Tro-

1860 5545 2144 5616 janorum
2177 5545 2574 5614 prepogatam
2600 5540 2900 5614 prosapia,
2925 5537 3149 5614 diuque
3172 5534 3428 5596 fanatica
3449 5537 3519 5591 si-

1865 5633 2274 5690 mulacrorum
2290 5630 2563 5688 delusam
2573 5631 2980 5704 dementia,ad
2999 5627 3140 5700 agni
3147 5627 3365 5685 tionem
3377 5626 3518 5682 veri-
