4000 6190
403 191 502 246 831
1017 195 1372 251 HUCBALDI
1411 198 1577 253 NON.
1622 199 1680 254 S.
1720 197 1984 254 AMANDI
2025 193 2176 248 OPP.
2219 191 2394 246 PARS
2435 195 2475 246 Ι.
2512 222 2579 230 -—
2620 189 3221 246 HAGIOGRAPHICA.

3734 192 3850 245 832

402 315 535 372 tatis
584 315 785 372 divina
839 317 1124 373 Valuisset
1163 319 1361 374 venire
1416 307 1642 391 gratia;
1703 320 1868 394 quod
1918 323 2056 375 ante
2086 316 2135 369 Α
2173 315 2439 371 instituta
2468 315 2762 371 moribus.
2799 315 2923 370 Fuit
2942 330 3082 370 vero
3113 312 3489 386 temporibus
3519 313 3853 369 Chlotharii

400 407 674 475 tempora
722 404 1247 476 praedestinaverat
1291 408 1618 476 saecularia,
1654 425 1805 482 pene
1848 409 1906 464 in
1938 408 2056 463 fine

399 495 740 563 temporum
773 491 971 547 seaculi
1001 509 1140 549 cum
1171 495 1500 552 industrius
1530 513 1635 554 rex
1681 497 2056 554 Chlodoveus

402 579 674 650 ejusdem
706 581 898 650 gentis
927 588 1158 652 regeret
1195 590 1449 658 sceptra,
1481 587 1810 643 beatissimi
1839 603 2061 660 praesu-

401 669 472 723 lis
502 668 748 737 Remigii
799 669 1014 726 devota
1061 673 1266 744 perﬁci
1317 675 1578 732 decrevit
1614 675 1914 732 instantia.
1948 675 2060 741 Qui

401 754 839 812 sacratissimus
868 758 1159 831 pontifex,
1187 765 1244 817 et
1282 767 1490 820 sancta
1532 779 1772 820 morum
1801 763 2062 836 probita-

402 849 475 907 te,
511 849 570 900 et
589 844 942 903 admirabile
984 850 1294 918 signorum
1325 851 1558 923 pollens
1586 853 1820 922 virtute,
1848 851 2058 926 praefa-

401 936 530 987 tum
555 948 780 1004 regem,
809 950 1042 992 necnon
1087 943 1143 994 et
1180 940 1512 998 maximam
1549 942 1736 1014 ipsius
1771 941 2062 998 exercitus

401 1025 659 1092 partem,
690 1022 832 1079 ﬁdei
854 1024 1126 1082 doctrina
1157 1029 1482 1097 catholicae,
1513 1034 1692 1103 atque
1733 1033 1816 1102 (ut
1843 1031 2060 1102 ferunt)

405 1115 649 1183 sumpto
679 1112 909 1169 ecelitus
938 1115 1283 1188 chrismate,
1317 1135 1439 1176 una
1463 1119 1558 1176 die
1589 1121 1666 1176 ad
1697 1121 1808 1177 tria
1836 1120 2062 1176 circiter

403 1197 587 1255 millia
618 1200 831 1257 Christi
875 1202 1253 1276 baptismatis
1301 1208 1517 1264 imbuit
1567 1209 1944 1266 charismate.
1975 1211 2060 1264 Ex

401 1286 503 1343 illo
532 1287 815 1362 deinceps
856 1295 1123 1366 tempore
1168 1296 1360 1366 magis
1409 1298 1742 1370 magisque,
1774 1303 1830 1354 et
1855 1303 2062 1354 sancta

399 1376 552 1431 inter
583 1381 839 1434 Francos
869 1380 1096 1452 religio,
1129 1389 1194 1439 ut
1223 1401 1403 1457 super
1431 1401 1618 1456 regna
1667 1387 1776 1442 sibi
1819 1386 2061 1442 collimi-

399 1469 600 1536 tanea,
632 1483 737 1522 seu
780 1469 960 1525 etiam
1009 1472 1292 1544 quaedam
1337 1475 1546 1546 procul
1591 1477 1804 1548 posita,
1857 1491 1892 1531 a
1937 1475 2061 1532 suis

399 1555 620 1627 partim
649 1558 984 1628 majoribus
1028 1560 1334 1619 elaborata
1379 1565 1682 1621 convaluit
1711 1581 1919 1621 eorum
1951 1565 2059 1620 do-

403 1644 685 1701 minatio:
719 1663 908 1718 quam
946 1665 1068 1705 non
1121 1668 1371 1708 suorum
1402 1654 1626 1711 feritate
1655 1671 1892 1711 morum
1923 1659 2061 1711 sunt

404 1730 624 1803 adepti,
657 1749 692 1787 a
722 1750 846 1805 qua
891 1737 1096 1792 Franci
1135 1745 1420 1810 putantur
1445 1759 1481 1797 a
1511 1742 1881 1814 quibusdam
1913 1759 2061 1798 nun-

403 1819 626 1891 cupati,
653 1837 724 1877 eo
753 1825 922 1894 quod
953 1826 1028 1882 sit
1054 1826 1113 1882 in
1144 1827 1256 1884 illis
1277 1830 1435 1886 velut
1461 1832 1748 1887 naturalis
1777 1832 2060 1905 quaedam

403 1909 676 1966 ferocitas
706 1913 912 1982 animi,
939 1919 994 1970 et
1023 1932 1221 1972 mores
1253 1917 1310 1973 in
1345 1919 1428 1974 eis
1460 1920 1575 1977 sint
1595 1921 1882 1978 inconditi
1911 1939 1923 1988 ;
1955 1922 2059 1978 sed

400 2000 692 2071 quoniam
724 2003 976 2071 geminis
999 2007 1358 2080 magnisque
1389 2015 1558 2065 erant
1585 2011 1880 2066 columnis
1912 2011 2058 2076 fulti,

401 2087 625 2158 quibus
652 2093 811 2144 totus
841 2092 1020 2148 totius
1064 2095 1334 2150 Ecclesiae
1375 2101 1560 2153 status
1607 2099 1840 2155 videtur
1867 2099 2057 2167 inniti,

402 2177 750 2234 auctoritate
777 2179 1048 2237 videlicet
1075 2188 1418 2240 sanctorum
1465 2187 1837 2258 pontiﬁcum,
1869 2188 2058 2244 hono-

401 2280 466 2321 re
495 2266 626 2336 ejus
654 2268 827 2338 cujus
857 2269 982 2326 vice
1031 2269 1363 2342 funguntur
1409 2276 1789 2347 praecellenti,
1821 2283 1879 2334 et
1908 2294 2060 2350 prae-

401 2356 736 2426 potentium
771 2359 982 2416 virtute
1012 2376 1223 2431 regum
1249 2362 1308 2418 in
1341 2364 1832 2422 administrandis
1863 2368 2060 2440 reipu-

401 2442 570 2499 blicae
594 2447 844 2515 negotiis
886 2449 943 2504 in
975 2451 1258 2506 omnibus
1303 2455 1544 2523 sagaci;
1592 2455 1815 2512 idcirco
1856 2457 2062 2513 divina

402 2547 505 2587 eos
534 2535 933 2605 praeveniente
965 2539 1155 2607 gratia
1185 2556 1255 2596 ac
1287 2541 1689 2615 subsequente
1720 2544 1794 2600 ad
1829 2546 2062 2617 potiora

401 2621 628 2693 passim
655 2622 888 2694 fastigia
917 2633 1055 2682 sunt
1083 2630 1365 2700 provecti.
1394 2632 1657 2704 Denique
1689 2658 1713 2680 ‹‹
1742 2633 1843 2689 ubi
1865 2649 2058 2706 quon-

401 2708 543 2765 dam
572 2718 928 2782 peccantum
951 2714 1392 2786 abundaverat,
1416 2719 1714 2776 intantum'
1747 2722 1840 2777 Dei
1871 2722 2059 2786 gratia

401 2799 913 2870 superabundavit
941 2805 1126 2871 (Rom.
1157 2822 1208 2874 ν,
1241 2807 1353 2876 20),
1377 2830 1403 2856 »
1449 2812 1508 2864 ut
1539 2809 1689 2864 sicut
1717 2809 1934 2864 coelum
1961 2826 2059 2865 va-

399 2885 488 2942 ria
533 2887 835 2943 stellarum
885 2889 1202 2947 decoratur
1251 2893 1712 2965 pulchritudine,
1747 2897 1830 2951 sic
1874 2901 1930 2952 et
1973 2914 2059 2954 aa

2172 404 2327 473 regis
2357 403 2583 473 magni,
2615 403 2719 476 qui
2750 420 2786 458 a
2818 402 3157 460 Chlodoveo
3189 417 3263 458 ex
3288 403 3657 458 Francorum
3688 403 3851 472 regi-

2170 491 2284 548 bus
2315 498 2402 563 (ut
2425 492 2742 565 praefatum
2771 495 2879 562 est)
2903 493 3097 564 primo
3127 491 3206 547 ad
3237 491 3420 546 ﬁdem
3453 491 3671 547 Christi
3699 507 3850 546 con-

2169 598 2341 638 verso
2372 588 2621 654 quartus
2643 581 2879 645 exstitit,
2901 597 3004 636 seu
3025 581 3207 637 etiam
3235 579 3336 635 ﬁlii
3359 580 3491 650 ejus
3520 579 3851 650 Dagoberti

2169 671 2326 741 regis
2355 671 2579 743 inclyti,
2608 671 2712 743 qui
2739 685 2776 726 a
2803 670 3150 725 beatissimo
3179 668 3429 724 Arnulfo
3461 668 3851 724 Mettensium

2168 759 2454 832 episcopo
2480 758 2773 814 enutritus
2798 763 2863 813 ut
2888 758 3043 830 patri
3071 761 3469 827 conregnaret
3500 763 3691 828 atque
3721 773 3853 811 suc»

2171 848 2422 915 cederet,
2456 847 2610 902 sicut
2638 847 2713 902 de
2761 862 2832 902 eo
2865 846 3153 918 scriptum
3184 851 3291 912 est,
3320 850 3378 901 et
3425 845 3738 900 industria
3770 845 3851 900 di-

2170 953 2324 1007 gnus
2354 941 2410 992 et
2439 936 2666 992 viribus
2712 935 2840 991 fuit.
2876 935 2976 991 Hic
3003 939 3141 1008 post
3167 933 3628 991 defunctionem
3663 934 3851 1006 patris

2171 1027 2264 1082 sui
2292 1025 2614 1083 Chlotharii
2643 1023 2871 1094 regalia
2921 1029 3155 1097 sceptra
3183 1023 3448 1094 regenda
3480 1023 3849 1096 suspiciens,

2170 1115 2333 1171 fratri
2357 1131 2466 1170 suo
2500 1113 2809 1169 Hariberto
2834 1129 2956 1168 non
2983 1112 3097 1168 sibi
3126 1111 3357 1168 uterino
3385 1111 3464 1168 ad
3499 1111 3849 1180 regendum

2171 1203 2533 1259 concessisse
2564 1201 2786 1273 placuit
2814 1217 3005 1273 pagos
3039 1205 3096 1256 et
3120 1201 3387 1256 civitates
3413 1201 3567 1257 citra
3592 1200 3852 1270 Ligerim

2171 1297 2227 1349 et
2254 1292 2503 1348 limitem
2527 1307 2652 1364 quo
2679 1289 2936 1346 tenditur
2965 1289 3236 1363 partibus
3267 1289 3630 1345 Wasconjae
3661 1305 3772 1346 seu
3801 1296 3854 1344 et

2171 1383 2486 1452 Pyrenaeos
2523 1383 2778 1445 montes,
2812 1377 3065 1450 sapienti
3097 1395 3241 1432 usus
3285 1378 3566 1445 consilio,
3597 1394 3677 1433 ea

2172 1475 2260 1527 cet
2286 1469 2580 1542 pactionis
2611 1468 2768 1524 facta
2794 1467 3092 1533 ﬁrmitate,
3123 1483 3200 1523 ne
3231 1483 3508 1541 unquam
3543 1467 3849 1523 adversus

2172 1559 2371 1631 ipsum
2397 1557 2576 1614 frater
2605 1558 2733 1628 ejus
2765 1556 3027 1628 amplius
3060 1556 3206 1628 quid
3229 1556 3302 1612 de
3332 1572 3527 1624 regno
3555 1563 3853 1629 repeteret

2172 1654 2442 1721 paterno.
2475 1645 2820 1702 Haribertus
2874 1648 3053 1716 igitur
3099 1644 3302 1700 sedem
3358 1652 3580 1701 tenens
3614 1645 3852 1701 Tolosa-

2173 1749 2334 1799 nam,
2369 1750 2506 1788 cum
2538 1739 2594 1789 et
2622 1734 2682 1788 in
2706 1734 2976 1806 partibus
2999 1734 3319 1805 provincias
3349 1739 3649 1803 regnaret
3678 1734 3853 1806 Aqui-

2173 1821 2365 1887 taniae,
2400 1837 2518 1876 non
2553 1827 2686 1893 post
2715 1821 2972 1877 multum
3002 1821 3284 1894 temporis
3314 1822 3500 1877 etiam
3529 1827 3733 1877 totam
3763 1838 3851 1876 su-

2173 1910 2334 1978 begit
2354 1910 2731 1966 Wasconiam
2759 1910 2964 1966 ditioni
2998 1928 3141 1966 suae.

2830 2019 3052 2074 CAPUT
3092 2019 3161 2074 ΙΙΙ

2279 2110 2324 2163 Α
2359 2109 2422 2163 S.
2452 2108 2728 2163 Amando
2749 2110 3030 2164 exsulare
3050 2111 3220 2178 jusso
3243 2109 3474 2164 eruditi
3505 2110 3574 2163 in
3601 2109 3746 2174 ,«de.

2244 2197 2523 2251 Praefatus
2553 2201 2752 2252 autem
2797 2213 2900 2252 rex
2933 2197 3305 2267 Dagobertus
3355 2213 3504 2254 cum
3547 2198 3618 2252 in
3649 2196 3848 2252 multis

2170 2284 2392 2356 optime
2440 2284 2666 2354 regalia
2713 2285 2853 2355 jura
2901 2285 3280 2355 gubernaret,
3324 2286 3599 2341 nimium
3651 2291 3848 2340 tamen

2170 2373 2405 2428 deditus
2435 2373 2625 2430 amori
2653 2373 2993 2443 mulierum,
3021 2390 3157 2430 eam
3178 2390 3367 2447 quam
3390 2375 3456 2430 in
3484 2375 3850 2445 conjugium

2172 2464 2410 2518 sortitus
2437 2463 2648 2532 fuerat,
2667 2479 2738 2519 eo
2767 2464 2935 2536 quod
2969 2464 3181 2521 sterilis
3210 2481 3338 2520 esse
3369 2464 3692 2520 videretur
3723 2465 3847 2519 reli-

2169 2552 2316 2623 quit,
2349 2551 2718 2624 alteramque
2749 2552 2808 2606 in
2842 2553 3294 2608 matrimonium
3325 2553 3670 2624 accipiens.
3707 2554 3848 2621 regi-

2170 2657 2314 2697 nam
2357 2659 2491 2696 esse
2553 2642 2752 2696 voluit.
2801 2643 3071 2714 Cumque
3124 2658 3303 2716 super
3356 2643 3476 2698 hoc
3530 2642 3767 2698 scelere
3814 2658 3848 2696 a

2169 2732 2573 2804 pontiﬁcibus,
2629 2733 3013 2803 maximeque
3070 2749 3106 2787 a
3164 2731 3554 2788 sanctissimo
3611 2733 3744 2787 viro
3795 2741 3849 2787 et

2169 2819 2533 2875 mirabilium
2575 2825 2874 2892 patratore
2916 2836 3169 2892 operum
3211 2819 3472 2892 praesule
3520 2819 3846 2888 redargue-

2168 2915 2329 2965 retur
2359 2909 2654 2978 Amando,
2687 2909 2780 2964 ille
2808 2909 3217 2979 indignatione
3247 2915 3304 2965 et
3333 2909 3497 2964 fastu
3530 2917 3848 2982 permotus

399 2977 567 3032 Patre
592 2975 892 3072 luminum
919 2995 1104 3072 aquo
1124 2981 1434 3072 descendit
1457 3000 1636 3041 omne
1665 2986 1872 3042 datum
1904 2988 2056 3059 opti-
2087 3015 2130 3072 ο
2167 2999 2349 3068 regio,
2383 2975 2664 3053 eumdem
2719 2975 3117 3058 venerabilem
3177 2975 3552 3070 pontiﬁcem-
3580 3015 3711 3054 non
3742 2998 3844 3053 ab.

400 3078 572 3118 mum
615 3069 672 3120 et
723 3081 902 3121 omne
950 3067 1181 3124 donum
1236 3071 1560 3142 perfectum
1612 3074 1760 3143 (Jac.
1806 3092 1844 3141 ι,
1900 3077 2057 3147 17).»

401 3151 768 3206 Francorum
815 3158 964 3210 terra
1010 3156 1320 3229 multiplici
1377 3160 1773 3232 perfectorum
1821 3169 2056 3219 sancto-

399 3253 532 3294 rum
567 3245 686 3296 tam
717 3242 1140 3312 indigenarum
1170 3263 1353 3318 quam
1400 3253 1457 3303 et
1500 3249 1578 3305 ab
1623 3253 1836 3306 exteris
1865 3253 2056 3322 regio-

399 3326 579 3382 nibus
609 3329 1056 3388 advenientium
1107 3336 1409 3410 utriusque
1443 3356 1621 3394 sexus
1651 3346 1708 3395 et
1737 3343 1935 3398 omnis
1967 3359 2057 3398 or-

399 3414 555 3471 dinis
582 3417 973 3477 illustraretur
1005 3421 1290 3480 claritate.

1059 3531 1286 3587 CAPUT
1325 3534 1391 3589 ΙΙ.

780 3618 1086 3674 Rictrudis
1111 3629 1392 3689 parentes
1427 3624 1670 3680 nobiles.

466 3704 546 3759 De
588 3720 850 3777 quorum
895 3713 1276 3765 sacrosancto
1326 3711 1552 3768 refulsit
1607 3714 1856 3785 collegio
1898 3714 2059 3771 velut

395 3793 706 3864 quoddam
739 3794 905 3850 sidus
934 3795 1248 3868 splendore
1277 3801 1610 3857 admodum
1646 3808 1898 3860 venusto
1929 3803 2056 3858 Ric-

395 3880 584 3936 trudis
611 3881 830 3938 devota
857 3883 1071 3940 Christi
1104 3885 1351 3956 famula,
1382 3889 1498 3962 ipsi
1529 3907 1639 3946 suo
1670 3892 2055 3963 acceptabilis

399 3971 517 4023 Deo
550 3973 729 4040 atque
754 3971 929 4026 bonis
961 3973 1306 4031 hominibus
1336 3978 1634 4045 amabilis,
1667 3996 1737 4035 ac
1777 3980 2054 4036 laudabi-

395 4055 469 4111 lis
491 4057 731 4127 justitiae
763 4065 941 4132 atque
973 4064 1298 4120 sanctitatis
1332 4067 1561 4123 merito.
1596 4068 1730 4123 Haec
1771 4068 1932 4125 claro
1963 4085 2055 4125 sa-

398 4145 470 4200 tis
496 4147 716 4202 exstitit
743 4149 1000 4206 oriunda
1037 4153 1326 4224 germine,
1356 4155 1614 4211 Ernoldo
1658 4157 1842 4213 nobili
1873 4157 2053 4218 edita.

397 4234 682 4304 genitore,
717 4242 772 4292 et
824 4238 1017 4294 Liehia
1067 4241 1345 4308 genitrice
1383 4260 1456 4298 ex
1500 4244 1640 4313 agili
1669 4247 2053 4319 pugnacique

398 4322 796 4420 Wasconum“
821 4333 1012 4420 gente.
1048 4330 1231 4398 Hujus
1266 4337 1483 4420 autem
1523 4336 1716 4403 gentis
1757 4335 2052 4407 antiquio-
2084 4367 2124 4420 υ

394 4428 488 4468 res
519 4413 714 4486 primo
739 4415 881 4471 dicti
907 4422 1045 4473 sunt
1073 4419 1277 4475 Vaccei
1302 4422 1449 4492 (573)
1472 4439 1509 4478 a
1535 4425 1805 4495 quodam
1828 4424 2053 4497 oppido

389 4502 565 4573 juxta
613 4505 960 4574 Pyrenaeum
1013 4507 1123 4562 sito
1181 4508 1261 4564 sic
1317 4512 1745 4579 cognominati.
1798 4513 1904 4568 sed
1953 4529 2056 4584 po-

395 4595 523 4646 stea
553 4593 872 4648 Wascones
927 4595 1103 4666 quasi
1150 4599 1448 4652 Vaceones
1493 4598 1804 4656 demutata
1850 4617 1882 4656 c
1924 4601 1984 4656 in
2028 4617 2054 4656 ε

394 4678 651 4736 litteram
710 4683 1075 4754 nuncupati:
1131 4689 1188 4740 et
1234 4685 1508 4758 ipsorum
1555 4689 1720 4758 regio
1769 4705 1904 4760 quae
1953 4705 2055 4745 an-

396 4773 492 4824 tea
547 4767 857 4825 dicebatur
904 4772 1170 4843 Vacceia,
1220 4773 1524 4845 appellata
1570 4782 1658 4831 est
1705 4775 2051 4833 Wasconia.

395 4857 577 4927 Cujus
607 4857 840 4924 incolae,
870 4859 1005 4915 licet
1049 4860 1150 4916 illo
1195 4866 1461 4935 tempore
1494 4877 1644 4932 pene
1686 4879 1899 4919 omnes
1937 4865 2052 4920 das-

399 4946 650 5001 monieis
677 4953 874 5004 essent
901 4948 1082 5005 dediti
1115 4949 1391 5012 cultibus.
1425 4966 1462 5006 a
1496 4953 1612 5007 Deo
1640 4957 1837 5008 tamen
1870 4969 2055 5026 praee-

396 5033 878 5090 lectaRictrudis
929 5036 1010 5090 sic
1041 5053 1113 5092 ex
1143 5037 1366 5092 eisdem
1412 5037 1608 5110 impiis
1657 5044 1713 5094 et
1760 5040 1885 5097 sine
1935 5044 2054 5097 Deo

399 5119 618 5190 prodiit
665 5121 1033 5189 hominibus,
1084 5123 1240 5179 velut
1300 5124 1448 5180 solet
1514 5141 1650 5182 rosa
1725 5127 1800 5183 de
1858 5129 2055 5201 spino-

401 5207 482 5261 sis
531 5208 798 5267 eﬂlorere
849 5212 1152 5267 sentibus:
1199 5229 1333 5285 quae
1374 5215 1453 5270 ab
1504 5214 1646 5286 ipsis
1676 5215 2055 5274 incunabulis

401 5311 539 5352 cum
568 5299 754 5354 aetatis
777 5305 991 5356 tenera:
1021 5300 1421 5372 provectibus,
1452 5302 1716 5359 honestis
1745 5312 1835 5362 est
1861 5307 1981 5363 alta
2002 5315 2058 5364 et

472 5511 619 5584 (573)
661 5512 815 5584 Lege
853 5511 1116 5584 quaead
1144 5513 1338 5570 Vitam
1386 5517 1440 5573 S.
1475 5518 1734 5574 Amandi
1762 5536 1922 5575 anno
1953 5521 2056 5575 679

401 5580 515 5638 hac
543 5580 619 5636 de
649 5598 711 5637 re
743 5580 1181 5642 adnotavimus.

473 5655 620 5724 (574)
652 5657 872 5727 Nempe
914 5657 1374 5726 Ragnetrudem,
1406 5659 1482 5714 de
1518 5674 1644 5731 qua
1674 5660 2058 5730 Fredegarius

2168 3103 2315 3159 sque
2346 3086 2564 3157 injuria
2594 3086 2672 3142 ab
2705 3088 2873 3142 omni
2903 3103 3014 3142 suo
3053 3086 3280 3159 depulit
3317 3103 3533 3156 regno.
3572 3089 3688 3152 Qui
3721 3103 3846 3160 per-

2166 3177 2530 3232 secutionem
2582 3192 2690 3248 pro
2735 3179 2977 3233 veritate
3021 3193 3152 3249 quae
3185 3176 3453 3233 Christus
3484 3182 3581 3231 est
3611 3177 3843 3248 patien-

2170 3266 2392 3321 tissime
2427 3265 2680 3321 tolerans
2720 3265 2832 3321 sibi
2878 3265 3125 3330 illatam,
3158 3270 3214 3321 et
3244 3265 3546 3338 quoniam
3585 3265 3844 3321 libentis-

2167 3356 2315 3410 sime
2346 3371 2454 3427 pro
2493 3356 2624 3426 ipso
2667 3356 2918 3426 optabat
2958 3357 3268 3428 prOprium
3298 3354 3562 3410 fundere
3597 3356 3840 3424 sangui-

2166 3461 2327 3514 nem,
2360 3460 2464 3516 per
2492 3444 2732 3499 diversa
2754 3445 3007 3500 serendo
3034 3444 3166 3500 loca
3195 3443 3384 3498 divini
3401 3444 3579 3499 verbi
3611 3460 3838 3500 semen.

2167 3533 2410 3589 tandem
2463 3533 2613 3588 inter
2662 3539 2876 3590 caetera
2919 3533 3248 3602 genuinum
3294 3533 3493 3588 beata),
3545 3533 3839 3588 Rietrudis

2166 3638 2485 3692 aggressus
2513 3622 2793 3694 patriam,
2827 3623 3047 3678 scilicet
3078 3622 3498 3690 Wasconiam,
3538 3628 3606 3678 ut
3641 3622 3758 3678 illic
3788 3631 3839 3676 et

2165 3711 2366 3785 plures
2400 3716 2457 3768 et
2503 3711 2658 3767 hanc
2699 3711 3016 3783 pulchram
3063 3711 3171 3767 snbi
3210 3711 3448 3766 caelitus
3479 3711 3691 3766 infuso
3720 3727 3837 3783 quo

2165 3800 2416 3855 ardebat
2446 3800 2754 3855 irradiaret
2794 3799 3020 3856 lumine
3051 3799 3302 3867 stellam,
3336 3804 3636 3870 reputans
3662 3801 3834 3854 etiam

2164 3890 2244 3946 ob
2289 3889 2444 3944 illius
2489 3889 2680 3957 gentis
2730 3889 3017 3945 saevitiam
3071 3889 3321 3960 adipisci
3368 3905 3432 3943 se
3477 3905 3666 3961 posse
3697 3889 3832 3944 inibi

2164 3977 2431 4049 martyrii
2464 3976 2752 4050 palmam.

2817 4066 3043 4121 CAPUT
3082 4066 3166 4119 IV.

2163 4154 2476 4210 Amandus
2502 4170 2538 4209 (ι
2571 4155 2904 4224 Dagoberto
2934 4155 3251 4209 mulieroso
3283 4161 3637 4208 revocatur.
3679 4154 3837 4221 Begu”

2368 4245 2546 4311 pueri
2573 4259 2780 4298 curam
2808 4243 3095 4299 detrectat
3124 4262 3136 4308 ;
3170 4258 3300 4298 eum
3338 4243 3634 4312 baptizat.

2241 4337 2462 4388 Interea
2483 4333 2613 4401 jam
2643 4332 2836 4386 dictus
2867 4332 3147 4404 princeps
3174 4335 3356 4404 atque
3388 4347 3493 4387 rex
3532 4333 3829 4402 Dagober-

2168 4429 2260 4477 tus
2311 4437 2450 4475 cum
2517 4436 2636 4476 non
2712 4421 2955 4476 haberet
3014 4419 3203 4475 ﬁlium
3264 4436 3450 4492 quem
3509 4420 3627 4475 sibi
3691 4436 3829 4489 gau-

2163 4511 2328 4565 deret
2385 4509 2506 4564 ﬁeri
2561 4525 2987 4577 successorem,
3051 4512 3298 4564 mmstus
3359 4524 3548 4580 super
3602 4509 3718 4564 hac
3772 4524 3828 4562 re

2162 4599 2438 4665 nimium,
2501 4598 2853 4670 tertiamque
2936 4614 3044 4653 suo
3111 4597 3323 4652 ascivit
3397 4597 3553 4653 lecto
3631 4598 3829 4667 00an

2163 4703 2299 4756 gem
2358 4688 2525 4758 (574).
2581 4687 2735 4740 Tum
2788 4685 3034 4742 demum
3104 4701 3432 4740 conversus
3493 4685 3572 4742 ad
3640 4687 3829 4741 Domi-

2163 4793 2339 4843 num,
2399 4793 2468 4832 ac
2525 4775 2921 4848 plurimorum
2993 4780 3276 4848 expetens
3336 4775 3631 4846 suffragia
3685 4776 3829 4830 viro-

2162 4882 2318 4928 rum,
2373 4881 2446 4920 ex
2507 4864 2720 4920 eadem
2775 4863 2987 4920 eodem
3046 4863 3257 4919 habuit
3312 4879 3478 4920 anno
3536 4863 3825 4932 largiente

2163 4957 2282 5009 Deo
2311 4952 2520 5020 ﬁlium,
2559 4953 2757 5009 multis
2787 4953 3068 5025 precibus
3092 4957 3272 5024 atque
3297 4953 3823 5025 eleemosynarum

2162 5040 2576 5111 largitionibus
2630 5041 3009 5113 aequisitum.
3061 5039 3354 5096 Sollicitus
3413 5040 3682 5113 denique
3735 5042 3824 5095 cui

2163 5129 2542 5201 potissimum
2574 5129 2830 5185 traderet
2868 5145 3007 5184 eum
3048 5145 3219 5185 sacro
3263 5129 3427 5186 fonte
3470 5129 3822 5185 diluendum

2163 5219 2487 5291 divinaque
2536 5220 2663 5289 lege
2715 5219 3134 5285 imbuendum,
3177 5224 3241 5275 ut
3293 5220 3446 5275 sicut
3502 5220 3634 5292 ipse
3689 5221 3820 5275 bea-

2167 5314 2291 5364 tum
2315 5309 2627 5364 Arnulfum
2661 5309 2951 5365 habuerat
2981 5308 3410 5381 paedagogum,
3441 5310 3528 5365 sic
3559 5319 3619 5365 et
3650 5325 3820 5367 suum

2165 5520 2564 5576 Scholasticus
2608 5521 2666 5575 in
2714 5521 2932 5592 Chron.
2965 5536 3097 5592 cap.
3130 5525 3221 5588 59,
3250 5519 3421 5592 quod
3466 5536 3632 5576 anno
3661 5520 3816 5590 regni

2169 5592 2484 5659 Dagoberti
2530 5598 2762 5659 octavo,
2793 5591 2854 5646 id
2886 5596 2974 5646 est
3003 5589 3214 5647 Christi
3241 5589 3345 5646 630
3373 5589 3599 5648 factum
3633 5589 3815 5646 refert.
