4000 6190
193 179 289 232 833
1436 160 1599 217 VITA
1643 157 1937 215 SANCTE
1975 161 2361 220 RICTRUDIS.

3512 181 3618 238 834

193 317 225 356 a
250 296 512 372 quolibet
557 291 819 350 maximo
851 293 953 348 Dei
984 308 1293 348 servorum
1322 275 1496 361 juxta
1540 283 1843 376 religionis
1871 287 1919 339 Α
1958 282 2173 376 indolis
2218 287 2348 358 jam
2393 287 2550 346 facta
2593 290 2814 346 nubilis
2867 292 3114 364 videtur,
3147 297 3410 369 diligitur
3438 308 3617 376 atque

193 385 529 446 Christianae
555 381 898 439 exercitium
925 382 1167 439 educari
1193 382 1411 437 faceret
1430 391 1688 451 puerum
1715 393 1728 441 ;
1762 375 1846 430 fa-

192 477 380 548 ctique
411 473 621 546 prioris
659 470 1049 527 reminiscens
1100 477 1157 526 et
1199 469 1495 543 paenitens
1525 464 1690 538 quod
1725 469 1847 520 tan-

195 571 314 622 tum
336 564 397 619 in
424 567 602 618 tanta:
625 561 1007 617 commiserat
1032 558 1358 622 sanctitatis
1379 556 1505 612 viro
1528 553 1843 623 ﬂagitium,

194 672 226 711 a
267 652 547 709 ministris
594 651 1064 721 circumquaque
1094 647 1525 704 studiosissime
1555 643 1845 716 perquisi-

194 748 336 808 tum,
367 745 421 796 et
449 739 548 794 vix
578 743 876 811 repertum
911 738 989 792 ad
1041 753 1102 792 se
1144 732 1710 792 reverendissimum
1739 748 1843 804 pe-

194 830 272 887 tiit
320 827 585 884 revocari
632 825 976 899 pontiﬁcem
1025 824 1391 880 Amandum.
1427 821 1581 887 Quid
1622 821 1844 891 plura?

192 916 484 973 reducitur
515 914 593 970 ab
624 913 830 970 exsilio
862 929 1036 968 verus
1080 913 1434 986 priedicator
1477 915 1534 965 et
1567 913 1845 981 operator

193 1003 485 1073 Evangelii
537 1001 914 1057 venerandus
970 1001 1235 1068 antistes,
1281 999 1464 1054 veluti
1519 1013 1713 1052 novus
1769 995 1843 1050 de

194 1094 430 1151 Pathmo
461 1091 700 1148 rediens
734 1090 1112 1159 Evangelista
1139 1093 1415 1145 Joannes.
1463 1088 1543 1144 Fit
1571 1102 1841 1142 commu-

191 1197 261 1238 ne
292 1186 411 1238 tam
435 1180 562 1250 regi
591 1183 778 1252 quam
805 1179 1195 1251 optimatibus
1223 1178 1534 1248 gaudium,
1557 1175 1844 1246 omnique

189 1270 411 1344 populo
458 1269 725 1326 solemne
785 1269 860 1324 de
915 1269 1045 1338 ejus
1101 1267 1442 1323 reversione
1494 1264 1840 1338 tripudium.

194 1363 518 1416 Prostratus
563 1359 767 1430 itaque
799 1358 930 1428 ejus
963 1357 1220 1430 pedibus
1252 1373 1352 1412 rex
1384 1356 1622 1411 veniam
1650 1358 1842 1423 rogat,

187 1448 454 1504 facillime
494 1447 812 1520 impetrat:
869 1446 1066 1502 fundit
1113 1461 1352 1518 precem
1385 1461 1494 1516 pro
1522 1443 1685 1510 ﬁlio;
1738 1443 1842 1499 sed

191 1537 320 1607 ejus
361 1535 677 1591 frustratur
705 1533 931 1607 petitio.
967 1533 1290 1605 Respondit
1333 1533 1492 1586 enim
1523 1531 1603 1587 illi
1634 1531 1728 1586 ille
1760 1535 1846 1586 ter

1956 371 2188 462 eligitur
2218 390 2256 431 a
2279 376 2553 448 quodam
2587 379 2952 451 Francigena
2980 385 3318 444 Adalbaldo
3349 371 3615 462 nomine,

1952 460 2254 552 natalibus
2305 469 2437 520 orto
2479 467 2783 538 praaclaris
2824 475 2882 525 et
2910 471 3106 540 justis.
3141 477 3316 532 Mater
3357 460 3619 552 denique

1951 549 2082 619 ejus
2109 550 2390 609 Gerberta
2419 553 2611 610 fuerat
2640 555 2765 612 ﬁlia
2795 564 3016 615 sanctae
3057 564 3357 620 Gertrudis
3385 565 3446 621 in
3486 549 3618 624 mo-

1951 639 2213 695 nasterio
2238 655 2402 696 nunc
2435 642 2837 701 Hamaticensi
2867 663 2904 702 a
2952 665 3014 703 se
3063 651 3358 710 aediﬁcato
3387 658 3619 729 requie-

1953 727 2189 784 scentis.
2223 729 2354 801 Ipse
2384 730 2565 787 etiam
2609 750 2646 789 a
2675 751 2865 807 puero
2908 738 3148 809 optimis
3194 727 3496 801 institutus
3527 745 3619 801 di-

1954 815 2240 908 sciplinis,
2268 818 2529 908 copiosis
2565 822 2828 893 pollebat
2857 826 3056 881 fundis
3087 833 3142 884 et
3170 831 3410 903 divitiis,
3438 840 3620 908 atque

1950 901 2013 957 in
2064 903 2206 961 aula
2261 907 2413 975 regis
2463 908 2682 966 charus
2735 912 2911 968 valde
2954 921 3080 971 erat
3131 922 3188 973 et
3229 901 3619 990 honorabilis,

1952 990 2176 1080 dignus
2244 993 2420 1066 plane
2486 997 2573 1052 vir
2623 1000 2729 1071 qui
2781 1003 3030 1058 maritus
3089 1005 3365 1064 existeret
3424 1011 3622 1080 dignae

1953 1079 2268 1138 Rictrudis.
2320 1085 2367 1137 A
2414 1101 2538 1157 quo
2577 1088 2750 1159 juxta
2804 1108 3036 1148 morem
3068 1079 3625 1168 desponsatur,ido-

1954 1171 2133 1237 tatur,
2193 1175 2373 1243 atque
2428 1173 2490 1229 in
2556 1178 3021 1236 contubernium
3090 1187 3420 1242 matronale
3486 1188 3625 1245 licet

1954 1257 2327 1328 quibusdam
2354 1262 2694 1322 nolentibus
2721 1269 2936 1340 puellae
2966 1275 3427 1344 consanguineis
3455 1293 3626 1332 assu-

1955 1347 2157 1402 mitur.
2199 1351 2390 1406 Causa
2443 1369 2580 1408 vero
2622 1357 2826 1412 uxoris
2872 1358 3164 1416 ducendm
3215 1379 3336 1420 non
3385 1366 3493 1422 fuit
3536 1367 3622 1423 in-

1955 1435 2351 1505 continentiae,
2388 1440 2492 1495 sed
2537 1443 2733 1500 chara:
2787 1447 3012 1503 sobolis
3056 1450 3369 1508 habendae.
3405 1456 3521 1511 Sed
3551 1472 3622 1512 ea

1954 1525 2317 1582 conveniunt
2373 1529 2435 1583 in
2489 1530 2756 1604 utrisque
2814 1552 2952 1607 quae
3009 1541 3260 1609 spectari
3311 1543 3505 1599 solent
3558 1545 3622 1600 in

197 1625 400 1680 beatus
432 1640 575 1680 voce
607 1623 773 1679 Pauli
823 1628 1029 1678 noster
1074 1621 1308 1688 Paulus,
1341 1620 1696 1676 militantem
1728 1624 1844 1676 Deo
1876 1633 1915 1686 Β
1954 1613 2230 1681 eligendo
2274 1617 2489 1673 marito
2541 1620 2635 1675 vel
2694 1639 2898 1680 uxore.
2935 1629 2995 1680 In
3047 1627 3168 1681 viro
3216 1629 3377 1684 enim
3411 1632 3619 1704 virtus,

191 1729 308 1768 non
356 1718 628 1785 oportere
677 1712 928 1782 negotiis
969 1710 1265 1783 implicari
1305 1709 1714 1766 saecularibus.
1749 1710 1844 1766 His

191 1800 356 1858 dictis
387 1817 419 1857 e
443 1804 772 1874 conspectu
800 1799 957 1870 regis
987 1799 1144 1855 illico
1175 1799 1445 1854 abscedit
1473 1817 1486 1867 ;
1538 1799 1640 1854 sed
1674 1815 1842 1869 rega-

189 1890 257 1946 lis
288 1891 483 1945 fervor
511 1888 807 1945 desiderio
837 1889 1084 1945 minime
1113 1887 1354 1943 recedit.
1396 1887 1657 1958 Denique
1678 1886 1843 1958 quod

191 1995 291 2052 per
342 1997 403 2034 se
451 1979 678 2051 nequit,
712 1977 1013 2034 bonorum
1057 1975 1548 2046 suggestionibus
1582 1977 1844 2031 virorum

189 2071 466 2140 perﬁcere
512 2068 704 2138 gestit.
740 2068 1099 2123 Audoenum
1150 2066 1446 2139 siquidem
1493 2071 1549 2121 et
1596 2065 1846 2134 Eligium

189 2158 520 2231 praecipuos
577 2158 637 2213 in
689 2157 998 2214 sanctitate
1044 2161 1099 2213 et
1127 2156 1448 2230 prudentia
1477 2156 1656 2225 viros,
1688 2156 1847 2211 ideo-

190 2261 302 2318 que
362 2246 636 2302 Amaudo
702 2246 922 2302 harum
975 2245 1230 2301 amatori
1281 2245 1568 2300 virtutum
1634 2244 1846 2300 merito

189 2336 633 2391 amantissimos
662 2351 732 2391 ac
758 2335 1258 2391 familiarissimos
1298 2350 1399 2389 rex
1427 2338 1562 2405 post
1590 2349 1728 2389 eum
1759 2333 1846 2388 di-

187 2423 320 2494 rigit
346 2423 691 2496 probabiles
725 2423 817 2479 sui
848 2424 968 2480 voti
987 2429 1388 2479 exsecutores.
1417 2425 1683 2487 Quorum
1712 2438 1846 2477 san-

189 2518 288 2568 ctae
318 2512 604 2585 petitioni,
637 2512 741 2585 qui
767 2512 857 2568 fas
887 2527 1010 2568 non
1051 2516 1177 2568 erat
1207 2511 1449 2567 obviare
1477 2516 1704 2575 sancto,
1739 2527 1844 2566 an-

189 2601 313 2656 nuit
337 2601 474 2657 licet
503 2605 746 2657 coactus
774 2599 930 2670 regis
957 2599 1396 2673 placito.Igitur
1426 2599 1622 2669 regius
1649 2598 1846 2654 infans

187 2690 466 2759 defertur,
498 2690 601 2762 qui
654 2705 778 2747 non
821 2689 1082 2762 amplius
1107 2707 1143 2745 a
1169 2688 1472 2744 nativitate
1501 2705 1688 2761 quam
1719 2689 1845 2744 dies

189 2779 419 2835 circiter
446 2777 850 2850 quadraginta
869 2777 1093 2834 habere
1120 2777 1442 2846 ferebatur,
1465 2792 1572 2848 per
1601 2777 1843 2834 beatum

191 2867 560 2923 sacerdotem
625 2872 897 2924 sanctam
961 2866 1392 2922 benedictionis
1458 2872 1845 2938 suscepturus

189 2957 463 3026 gratiam,
521 2955 624 3011 sed
677 2957 806 3027 jam
863 2955 1148 3011 naturalis
1197 2955 1528 3012 amissurus
1580 2956 1844 3012 nominis
1875 2983 1916 3039 ρ

188 3044 636 3118 etymologiam.
670 3048 940 3116 Namque
968 3044 1116 3100 dum
1157 3044 1236 3100 ab
1280 3059 1352 3100 eo
1381 3044 1846 3101 catechumenus

185 3134 367 3200 ﬁeret,
417 3135 705 3208 ﬁnitaque
762 3135 1028 3192 oratione
1080 3151 1260 3192 nemo
1316 3152 1386 3192 ex
1443 3135 1618 3191 ullius
1666 3140 1845 3192 tanta:

1954 1716 2168 1771 genus,
2202 1705 2606 1775 pulchritudo,
2648 1716 2706 1765 et
2757 1712 3073 1784 sapientia,
3106 1730 3242 1786 qua:
3286 1734 3358 1773 ex
3407 1719 3498 1774 his
3543 1722 3623 1778 ad

1957 1793 2181 1848 amoris
2214 1793 2496 1851 affectum
2522 1797 2720 1869 potior
2743 1807 2854 1871 est,
2881 1803 3090 1859 inerat.
3129 1808 3186 1858 In
3211 1822 3392 1863 uxore
3419 1814 3622 1867 autem

1961 1880 2364 1952 pulchritudo,
2421 1900 2632 1955 genus,
2681 1888 2928 1959 divitias,
2978 1898 3035 1948 et
3077 1909 3294 1968 mores,
3341 1898 3445 1969 qui
3490 1915 3622 1958 ma-

1955 1969 2045 2039 gis
2093 1986 2280 2042 quam
2311 1979 2523 2031 caetera
2562 1980 2880 2048 quasrendi
2925 1987 3080 2044 sunt,
3125 1983 3520 2045 habebantur.
3553 1993 3623 2048 Et

1953 2073 2028 2113 ne
2059 2060 2261 2116 multis
2289 2061 2704 2133 immoremur,
2742 2071 3080 2127 secundum
3113 2075 3464 2144 Apostolum
3493 2085 3622 2136 erat

1951 2146 2067 2202 illis
2097 2148 2448 2206 honorabile
2487 2155 2891 2226 connubium,
2919 2165 2976 2214 et
3003 2165 3165 2215 torus
3198 2161 3618 2223 immaculatus

1954 2237 2156 2327 (Hebr.
2189 2239 2290 2309 Ill).
2325 2242 2451 2295 Non
2498 2241 2660 2297 enim
2711 2247 2900 2303 surda
2951 2248 3264 2306 audierant
3295 2268 3437 2309 aure
3467 2256 3622 2327 ejus-

1952 2323 2092 2380 dem
2116 2327 2382 2398 Apostoli
2411 2329 2592 2385 verba
2617 2347 2630 2385 :
2663 2334 2767 2389 Αη
2797 2338 3036 2393 nescitis
3058 2343 3339 2410 quoniam
3353 2323 3620 2404 membra

1955 2422 2151 2471 vestra
2182 2418 2466 2486 templum
2497 2425 2635 2474 sunt
2663 2423 2937 2490 Spiritus
2967 2430 3163 2484 sancti
3188 2447 3356 2502 quem
3390 2433 3618 2494 habetis

1951 2517 2000 2595 a_
2018 2505 2160 2575 Deo,
2185 2511 2239 2560 et
2279 2521 2400 2561 non
2429 2509 2565 2562 estis
2606 2515 2798 2568 vestri
2819 2518 2848 2569 ?
2877 2517 3085 2586 Empti
3108 2521 3264 2577 enim
3295 2525 3429 2580 estis
3485 2541 3597 2595 pre

1953 2593 2034 2647 tio
2063 2607 2301 2684 magno,
2327 2595 2667 2664 gloriﬁcate
2712 2607 2770 2656 et
2797 2610 3038 2671 portate
3067 2609 3247 2665 Deum
3277 2612 3341 2667 in
3368 2593 3622 2684 corpore

1953 2687 2144 2736 vestro
2173 2683 2229 2752 (Ι
2257 2682 2394 2738 Cor.
2429 2685 2522 2753 γι).
2577 2687 2764 2756 Igitur
2805 2708 3102 2766 compage
3143 2696 3283 2755 ﬁdei
3331 2707 3388 2758 et
3429 2682 3620 2761 chari-

1953 2769 2086 2825 tatis
2115 2771 2196 2826 sic
2251 2771 2628 2830 adhaerentes
2663 2777 2780 2834 sibi
2823 2787 2885 2836 ut
2922 2791 3120 2843 essent
3164 2789 3287 2846 duo
3325 2790 3382 2846 in
3437 2809 3618 2851 carne

1955 2874 2097 2929 una,
2128 2865 2186 2914 et
2213 2875 2333 2915 non
2377 2861 2507 2931 jam
2556 2863 2703 2933 duo,
2735 2869 2882 2940 quia
2924 2887 3042 2929 una
3087 2891 3256 2946 caro;
3299 2881 3617 2939 unanimes

1955 2962 2077 3002 uno
2131 2963 2230 3003 ore
2286 2953 2342 3003 et
2393 2951 2677 3007 concordi
2735 2959 3084 3027 operatione
3135 2963 3620 3027 honoriﬁcabant

1953 3039 2144 3092 Deum
2168 3040 2226 3093 et
2249 3040 2482 3094 Patrem
2507 3040 2749 3098 Domini
2777 3048 2964 3104 nostri
2992 3052 3129 3107 Jesu
3157 3054 3387 3123 Christi,
3420 3059 3616 3115 omni-

1953 3124 2068 3181 bus
2095 3125 2308 3182 diebus
2341 3128 2466 3184 suis
2499 3130 2824 3190 servientes
2859 3137 3112 3195 Domino
3137 3140 3200 3196 in
3229 3145 3535 3202 sanctitate
3562 3151 3620 3204 et

185 3223 583 3281 multitudinis
612 3224 872 3281 exercitu
902 3225 1092 3282 Amen
1117 3225 1526 3298 responderet,
1559 3225 1846 3280 Dominus
1946 3214 2176 3286 iustitia
2219 3231 2426 3273 ϐοΐδια]
2476 3217 2630 3290 ipso:
2663 3222 2770 3286 qui
2811 3225 3081 3284 habitare
3119 3228 3619 3292 facit-unanimes

182 3314 285 3385 qui
313 3314 510 3386 aperit
539 3330 607 3370 os
635 3318 894 3382 mutum,
925 3318 982 3370 et
1023 3314 1262 3384 linguas
1312 3313 1631 3370 infantium
1661 3314 1846 3371 diser-

185 3406 270 3458 tas
313 3403 480 3471 facit,
506 3418 575 3458 os
622 3404 711 3474 (ut
750 3404 832 3458 ita
878 3402 1105 3459 dictum
1137 3403 1227 3473 sit)
1277 3418 1399 3458 non
1444 3403 1573 3473 jam
1603 3403 1848 3459 infantis

184 3493 284 3549 sed
312 3492 492 3568 pueri
521 3493 773 3566 aperuit,
805 3497 862 3548 et
889 3493 1116 3550 cunctis
1145 3493 1528 3549 audientibus
1557 3492 1720 3550 clara
1750 3509 1848 3549 vo-

184 3599 246 3638 ce
271 3590 469 3640 Amen
499 3583 824 3656 respondit.
854 3586 965 3638 Res
1009 3583 1150 3639 satis
1181 3582 1478 3655 stupenda
1506 3587 1564 3638 et
1591 3583 1845 3638 circum-

183 3678 412 3730 stantes
440 3678 648 3729 contra
676 3689 907 3729 morem
941 3672 1194 3735 siluisse,
1228 3678 1284 3729 et
1315 3673 1476 3728 hunc
1506 3677 1714 3728 contra
1743 3689 1848 3728 na-

189 3768 388 3819 turam
437 3762 703 3818 locutum
756 3762 956 3818 fuisse.
1022 3763 1326 3834 Satimque
1380 3761 1549 3816 illum
1605 3765 1847 3818 sanctus

182 3851 456 3924 pontifex
506 3851 744 3907 vivifico
800 3851 1162 3924 baptismate
1216 3849 1608 3920 regeneravit,
1667 3855 1847 3922 atque

187 3941 563 4010 Sigebertum
607 3940 906 3996 nominari
954 3939 1202 3995 instituit
1255 3939 1424 4010 (575),
1457 3954 1642 4011 quem
1690 3938 1849 3995 Hari-

181 4029 393 4086 bertus
418 4045 539 4098 rex,
571 4029 726 4099 regis
773 4027 972 4095 frater,
1005 4028 1080 4084 de
1120 4043 1291 4084 sacro
1319 4027 1558 4082 lavacro
1596 4027 1845 4098 excepit.

183 4119 406 4190 Sicque
455 4115 741 4172 Dominus
780 4116 928 4172 dum
959 4120 1236 4172 sanctum
1280 4133 1458 4171 suum
1490 4113 1844 4181 miriﬁcavit,

179 4211 235 4263 et
291 4208 468 4280 ipsos
512 4210 568 4262 et
618 4211 937 4278 utrumque
991 4205 1315 4261 exercitum
1358 4219 1582 4274 magno
1627 4203 1847 4273 gaudio

179 4300 369 4370 atque
422 4294 817 4351 admiratione
859 4295 920 4350 in
961 4293 1310 4362 huiusmodi
1355 4294 1526 4363 signo
1579 4292 1844 4365 replevit.

181 4384 474 4458 Sequenti
501 4389 641 4457 post
666 4385 780 4440 hoc
811 4400 972 4440 anno
1013 4383 1355 4440 Haribertus
1383 4399 1506 4450 rex,
1539 4399 1648 4438 nec
1678 4399 1845 4439 mora

177 4479 324 4546 post
353 4473 556 4545 ipsum
579 4473 736 4529 ﬁlius
761 4473 890 4544 ejus
921 4472 1210 4546 parvulus
1239 4472 1405 4543 obiit,
1438 4487 1737 4545 omneque
1765 4487 1852 4527 re-

180 4577 381 4632 gnum
424 4561 579 4617 illius
629 4579 769 4618 cum
801 4561 1114 4620 Wasconia
1165 4561 1537 4633 Dagobertus
1580 4578 1682 4617 rex
1727 4578 1850 4616 suae

180 4651 466 4724 potestati
535 4650 781 4722 redegit.
846 4654 962 4707 Hoc
1025 4655 1213 4706 totum
1283 4656 1340 4706 et
1395 4655 1637 4722 propter
1687 4666 1847 4722 quae-

180 4741 333 4797 dam
387 4740 788 4812 precedentia.
848 4741 1230 4813 maximeque
1277 4755 1388 4812 pro
1430 4739 1522 4794 his
1577 4755 1712 4812 quae
1763 4755 1852 4795 se-

180 4834 460 4903 quuntur
515 4829 863 4903 interposui,
897 4834 962 4886 ut
990 4831 1253 4900 legentes
1300 4834 1356 4885 et
1392 4828 1701 4885 audientes
1749 4845 1850 4885 no-

181 4918 403 4985 verint,
438 4935 572 4991 quae
602 4918 794 4974 beata:
838 4918 1126 4975 Rictrudis
1157 4917 1329 4973 fuerit
1372 4934 1558 4973 causa
1585 4917 1646 4973 in
1677 4919 1852 4974 Fran-

182 5007 350 5064 ciam
376 5007 673 5064 veniendi.

859 5099 1082 5154 CAPUT
1123 5099 1181 5151 V.

576 5187 921 5243 Adalbaldo
952 5187 1117 5241 nubit
1148 5186 1474 5241 .Itictrudis.

258 5275 658 5350 Temporibus
705 5291 848 5346 ergo
889 5272 1148 5347 praefatis
1195 5291 1334 5330 cum
1372 5273 1580 5330 crebro
1614 5274 1850 5329 Francis

181 5365 508 5422 Wasconia
533 5366 700 5420 fieret
726 5364 1126 5440 permeabilis,
1142 5363 1436 5420 Rictrudis
1456 5363 1657 5438 puella
1677 5363 1852 5417 bona!

261 5563 417 5644 (575‘)
461 5559 1137 5644 Cbaribertusuinquit‘
1166 5559 1547 5644 Fredegarius
1585 5573 1716 5644 cap.
1758 5560 1846 5624 62;

186 5633 546 5688 Aurelianis
593 5634 850 5703 veniens,
881 5631 1240 5702 Sigibertum
1270 5632 1344 5687 de
1371 5637 1574 5688 sancto
1607 5631 1849 5686 lavacro

1886 4339 1933 4392 D

1953 3303 2016 3358 in
2051 3303 2256 3361 domo.

2596 3419 2840 3478 CAPUT
2887 3425 2971 3479 VI.

2542 3542 2786 3599 Liberos
2813 3547 3029 3616 gignit.

2026 3661 2155 3718 Nati
2210 3678 2454 3735 quoque
2511 3671 2650 3721 sunt
2695 3667 2779 3722 eis
2837 3669 2940 3725 ﬁlii
2994 3675 3328 3732 secundum
3371 3677 3615 3735 benedi-

1955 3748 2213 3804 ctionem
2296 3750 2529 3806 Domini
2607 3768 2794 3824 quam
2859 3756 3056 3828 primo
3121 3759 3285 3818 dedit
3361 3765 3611 3839 homini,

1957 3839 2238 3928 t.'1fescite,
2269 3839 2567 3928 inquiens,
2599 3848 2655 3898 et
2691 3845 3184 3914 multiplicamini
3214 3853 3377 3922 (Gen.
3411 3870 3449 3924 1,
3480 3856 3568 3928 28)
3599 3874 3610 3911 :

1956 3924 2184 4016 fuitque
2233 3927 2316 3984 eis
2363 3927 2796 4001 primogenitus
2835 3936 3078 3992 nomine
3109 3941 3471 4012 Maurontus,
3503 3924 3613 4016 po-

1957 4018 2081 4071 stea
2126 4015 2319 4074 abbas
2367 4021 2424 4072 et
2475 4017 2654 4075 levita
2711 4027 2991 4095 sanctus,
3037 4030 3096 4082 et
3147 4026 3284 4085 ﬁliae
3342 4034 3457 4087 tres
3505 4015 3612 4090 isa-

1956 4120 2070 4160 crae
2115 4105 2392 4176 virgines,
2425 4105 2755 4165 Clotsendis
2798 4116 2936 4183 post
2981 4113 3212 4174 obitum
3250 4120 3459 4176 matris
3486 4122 3618 4194 ejus

1957 4195 2306 4252 monasterii
2359 4197 2593 4268 rectrix,
2627 4199 2882 4258 Eusebia
2917 4202 3083 4261 bona
3132 4207 3232 4263 Dei
3282 4209 3493 4266 cultrix
3532 4229 3619 4268 se-

1958 4284 2227 4341 cundum
2280 4285 2828 4359 interpretationem
2872 4293 2963 4348 sui
3005 4296 3287 4367 nominis;
3340 4305 3478 4372 post
3505 4303 3616 4358 has

1957 4390 2202 4447 quoque
2265 4375 2642 4433 Adalsendis.
2703 4382 2861 4444 Quos
2927 4397 3066 4438 cum
3143 4391 3342 4442 essent
3407 4403 3616 4459 paren-

1959 4468 2047 4519 tes
2095 4480 2304 4520 eorum
2356 4465 2529 4536 justi,
2581 4471 2639 4524 et
2703 4484 2809 4540 per
2863 4470 3121 4542 seipsos,
3177 4479 3236 4529 et
3283 4491 3391 4546 per
3445 4477 3615 4533 fami-

1955 4551 2132 4608 liares
2175 4552 2288 4610 sibi
2335 4569 2539 4610 servos
2582 4556 2683 4610 Dei
2730 4556 3139 4615 educaverunt
3179 4565 3235 4618 et
3273 4563 3616 4622 erudierunt

1957 4640 2020 4697 in
2075 4643 2282 4699 timore
2342 4643 2595 4712 Domini,
2656 4649 2865 4702 auctos
2933 4647 3011 4704 ab
3065 4648 3314 4708 infantia
3370 4652 3614 4711 benedi-

1959 4731 2153 4788 ctione
2202 4732 2444 4789 ccelesti.
2502 4735 2808 4790 Mauronto
2885 4734 3182 4808 siquidem
3251 4742 3612 4801 venerabilis

1957 4821 2200 4895 Deoque
2273 4822 2494 4892 dignus
2561 4822 2839 4880 sacerdos
2914 4825 3218 4884 Richarius
3271 4835 3439 4903 pater
3495 4834 3614 4906 spi-

1958 4910 2184 4967 ritualis
2245 4911 2488 4981 exstitit,
2545 4927 2804 4985 eumque
2859 4929 2964 4985 per
3021 4932 3260 4974 sacrum
3315 4919 3616 4993 baptisma

1960 5002 2079 5055 Deo
2135 5000 2501 5070 regeneravit
2549 5017 2562 5054 :
2638 4998 3013 5059 Clotsendem
3088 5007 3362 5077 egregius
3426 5011 3617 5084 ponti-

1958 5087 2056 5144 fex
2100 5086 2410 5145 Amandus
2478 5087 2623 5160 quia
2695 5089 2880 5146 sacris
2948 5091 3265 5165 dignisque
3329 5098 3615 5156 manibus

1960 5191 1991 5229 e
2045 5176 2204 5229 fonte
2253 5174 2496 5230 salutari
2545 5175 2809 5246 excepit,
2867 5178 2929 5233 in
2986 5181 3271 5237 omnibus
3349 5187 3467 5241 Deo
3531 5187 3615 5244 di-

1962 5279 2145 5334 gnam
2175 5263 2468 5319 reddidit:
2520 5263 2838 5323 Eusebiam
2877 5283 3019 5324 vero
3056 5285 3128 5326 ex
3177 5289 3349 5330 sacro
3377 5274 3615 5334 lavacro

1962 5351 2290 5409 Nanthildis
2339 5353 2544 5423 regina
2595 5369 2746 5409 uxor
2797 5359 3106 5430 Dagoberti
3163 5366 3440 5440 suscepit.
3472 5369 3613 5423 Vere

1963 5555 2212 5682 ggepit.
2269 5556 2418 5626 Lege
2473 5556 2660 5616 Vitam
2712 5563 2900 5620 sancti
2948 5564 3203 5622 Amandi
3251 5564 3328 5621 ad
3382 5579 3609 5622 annum
