3950 6178
359 202 462 257 8Βὸ

968 192 1315 250 HUCBALDI
1353 193 1516 249 MON.
1558 192 1613 245 S.
1660 184 1932 244 AMANDI
1974 184 2122 241 ΟΡΡ.
2167 184 2349 244 PARS
2391 188 2429 242 Ι.
2465 221 2533 229 --
2573 184 3173 245 HAGIOGRAPHICA.

3684 186 3784 237 836

363 324 541 380 beata
584 324 641 377 et
684 320 803 375 Deo
845 315 1218 387 beneplacita
1258 314 1599 388 progenies.
1641 315 1722 367 De
1770 313 1884 366 hac
1920 309 2014 364 de-
2045 312 2092 361 A
2121 325 2250 366 ram
2298 313 2512 367 mentis
2565 310 2880 367 Adalbaldi
2938 309 3162 368 relicta.
3194 307 3299 363 sed
3346 305 3449 363 Dei
3498 302 3779 361 dilectrix.

363 414 545 485 nique
570 410 784 465 dicitur
811 411 965 462 recte
992 422 1004 459 :
1040 406 1088 460 0
1116 418 1295 476 quam
1321 405 1585 474 pulchra
1606 410 1687 459 est
1718 406 1886 457 vasta
1916 415 2012 470 ge-

364 503 596 559 neratio
623 514 753 553 cum
797 496 1077 551 claritate
1110 495 1276 565 (Sap.
1310 494 1425 563 iv)!
1462 496 1602 549 Vere
1629 491 1844 547 etenim
1877 504 2014 545 cum

364 588 539 645 donis
590 583 996 657 spiritualibus
1046 583 1128 638 sic
1186 582 1539 655 plerumque
1587 580 1851 637 ditantur
1873 577 2015 649 justi

364 678 539 733 etiam
566 673 743 731 bonis
773 672 1224 744 temporalibus,
1259 672 1410 727 sicut
1454 671 1612 727 canit
1638 668 2015 735 Psalmogra-

362 765 556 838 phus:
610 765 788 819 Beati
827 776 1024 817 omnes
1069 763 1175 833 qui
1212 763 1418 817 timent
1466 761 1781 816 Dominum
1826 757 2014 829 (Psal.

364 868 575 920 cxxvu,
609 853 679 923 i),
711 855 823 907 etc.
857 852 919 904 ln
948 850 1169 922 quibus
1198 849 1417 915 verbis,
1447 848 1580 904 licet
1606 846 1926 919 spiritualis
1949 844 2020 899 sit

364 942 714 1011 intellectus,
740 945 939 996 tamen
972 940 1303 994 secundum
1336 939 1463 993 hinc
1489 937 1666 992 datur
1694 932 2020 1007 aliquando

363 1030 543 1104 justis
570 1035 627 1086 et
654 1028 1000 1101 temporalis
1031 1028 1351 1100 profectus.

1000 1120 1223 1171 CAPUT
1266 1117 1385 1171 VII.

796 1208 1082 1263 Maritum
1121 1208 1375 1261 occisam
1412 1208 1592 1274 luget.

440 1298 703 1353 Posthaec
746 1297 922 1351 bona;
967 1301 1024 1350 et
1050 1294 1368 1351 laudabilis
1410 1293 1716 1349 memoriae
1748 1289 2023 1347 Adalbal-

368 1386 483 1441 dus
530 1384 759 1440 devotae
810 1383 1017 1440 Christi
1070 1383 1308 1438 famulte
1356 1381 1644 1437 Rictrudis
1687 1379 1932 1435 maritus
1990 1394 2026 1433 a

367 1489 527 1548 pago
598 1472 1059 1533 Austrebatinse,
1130 1471 1273 1541 (576)
1334 1471 1437 1525 ubi
1502 1471 1677 1525 etiam
1751 1465 2025 1541 pluribus

368 1562 844 1635 locupletabatur
886 1560 1391 1633 possessionibus,
1439 1559 1620 1614 eundi
1651 1556 2024 1612 Wasconiam

2124 404 2181 455 et
2227 417 2263 456 a
2312 403 2432 457 Deo
2480 402 2695 457 dilecta
2738 400 3052 468 Riotrudis,
3084 398 3250 454 omni
3296 396 3643 470 postposita
3694 410 3785 449 an-

2125 490 2316 561 cipitis
2408 507 2577 546 mora
2633 489 3092 553 deliberationis,
3150 487 3277 558 ejus
3323 485 3679 543 salubribus
3730 500 3782 537 se

2126 579 2535 650 acquieturam
2580 579 2892 651 pollicetur
2933 577 3193 633 monitis.
3232 577 3347 633 Sed
3377 591 3519 630 ecce
3548 579 3608 628 et
3638 572 3781 627 salu-

2125 666 2216 723 bri
2242 668 2511 739 praesulis
2536 666 2828 733 consulto,
2862 671 2918 721 et
2941 666 3041 738 pio
3076 670 3297 721 sancite
3326 669 3630 719 matronae
3658 668 3783 715 voto

2127 757 2351 812 invidia
2381 756 2604 812 diaboli
2635 756 2839 811 nititur
2881 755 3123 811 obviare
3154 754 3487 826 subreptio.
3525 756 3644 807 Nec
3676 766 3783 805 mo-

2128 852 2223 903 vet
2266 846 2326 902 in
2378 847 2469 901 his
2517 846 2911 919 pertubandis
2950 846 3192 900 intimos
3235 858 3489 917 quoque
3530 841 3635 896 vel
3684 856 3785 895 me

2128 934 2378 1003 diocres,
2413 936 2515 991 sed
2566 952 2840 991 summos
2871 934 3067 991 saeculi
3113 935 3431 1009 primores.
3466 935 3583 986 Per
3604 931 3789 1002 ipsum

2129 1026 2387 1096 denique
2419 1042 2622 1095 regem
2661 1026 2791 1095 ejus
2840 1029 3026 1081 tentat
3071 1024 3326 1080 suadere
3360 1023 3599 1085 animo,
3632 1021 3715 1075 uti
3740 1037 3791 1075 se

2131 1130 2378 1169 suorum
2406 1114 2645 1169 cuidam
2679 1113 3038 1186 optimatum
3067 1113 3332 1168 secundo
3380 1111 3636 1183 copulet
3663 1124 3794 1166 oon-

2130 1203 2336 1258 nubio.
2371 1202 2541 1268 Quod
2591 1220 2730 1258 cum
2770 1202 2869 1259 illa
2916 1218 3162 1275 prorsus
3195 1207 3659 1273 aspernaretur,
3684 1200 3799 1272 plu-

2134 1292 2282 1347 rima
2314 1292 2867 1347 blandimentorum
2909 1293 3288 1346 hortamenta
3338 1290 3451 1345 sed
3496 1290 3795 1345 incassum

2134 1380 2596 1453 profunduntur.
2612 1382 2882 1452 Cumque
2907 1380 2984 1435 ad
3012 1379 3139 1434 htec
3155 1380 3395 1451 penitus
3430 1379 3495 1433 in
3514 1379 3797 1433 Deotixns

2135 1469 2288 1523 illius
2337 1473 2522 1523 status
2572 1483 2694 1523 non
2744 1473 3100 1533 moveretur,
3135 1465 3432 1535 regalium
3478 1471 3679 1520 terror
3711 1464 3800 1518 mi

2136 1573 2351 1612 narum
2401 1556 2535 1612 licet
2586 1557 2802 1613 frustra
2843 1557 2925 1612 illi
2974 1557 3349 1628 proponitur.
3403 1559 3481 1609 At
3525 1553 3634 1608 illa
3684 1554 3799 1624 pari

370 1651 624 1707 nimium
655 1651 811 1705 triste
843 1650 965 1703 suis
999 1649 1105 1704 iter
1131 1649 1397 1719 arripuit.
1442 1652 1628 1714 Quem
1664 1645 1878 1702 nobilis
1904 1662 2026 1700 ma-
2058 1661 2099 1713 Β
2137 1646 2320 1702 modo
2364 1647 2710 1702 saevientem
2740 1645 3122 1719 parvipendit
3162 1650 3227 1700 ut
3267 1643 3718 1699 blandientem.
3748 1642 3803 1695 Et

373 1745 546 1796 trona
595 1738 885 1793 Rictrudis
952 1736 1392 1808 aliquantulum
1463 1735 1873 1808 prosequitur,
1920 1733 2026 1788 sed

372 1826 735 1900 quamcitius
773 1825 1024 1880 domum
1063 1830 1240 1896 prout
1286 1824 1338 1878 ci
1374 1826 1611 1893 jussum
1651 1822 1844 1877 fuerat
1886 1836 2029 1876 mce-

373 1931 512 1972 rens
562 1916 884 1970 revertitur.
931 1916 1088 1968 Mens
1134 1913 1295 1968 enim
1337 1912 1517 1968 futuri
1570 1909 2028 1984 quodammodo

374 2018 649 2076 praesaga
706 2001 929 2057 doloris
974 2002 1103 2071 jam
1163 2000 1560 2072 portendebat
1614 1999 1779 2071 quod
1830 2000 2029 2053 adhuc

374 2092 712 2162 ignorabat,
744 2094 800 2146 et
828 2090 994 2161 quod
1024 2089 1298 2144 nondum
1335 2089 1669 2161 patiebatur
1689 2089 1819 2158 jam
1852 2087 2031 2143 veluti

372 2179 832 2237 lamentabatur.
878 2178 1031 2241 Quid
1064 2178 1290 2233 multa?
1335 2177 1755 2233 lntereundum
1803 2175 2031 2231 insidiis

376 2269 803 2340 malignorum,
831 2272 889 2323 et
916 2268 1001 2339 (ut
1026 2268 1230 2339 fertur)
1268 2283 1478 2323 eorum
1505 2266 1727 2339 quibus
1757 2271 2031 2322 sanctum

377 2359 763 2432 displicuerat
808 2357 1282 2424 matrimonium,
1336 2357 1420 2412 vir
1464 2357 1660 2427 justus
1712 2356 2029 2428 appetitur,

379 2448 750 2516 vulneratur,
778 2446 1107 2520 perimitur.
1154 2446 1489 2503 Honoriﬁco
1528 2446 1745 2502 deinde
1775 2449 1839 2501 ut
1867 2444 2035 2501 dece-

379 2538 484 2594 bat
530 2535 862 2593 tumulatus
907 2535 1222 2607 obsequio,
1253 2534 1570 2591 defunctus
1619 2533 1860 2599 saeculo,
1894 2533 2035 2588 vivit

381 2630 522 2682 Deo.
570 2625 721 2680 Vivit
774 2625 1044 2697 inquam,
1102 2624 1240 2680 vivit
1293 2623 1424 2695 ejus
1482 2622 1618 2680 felix
1671 2623 1896 2693 anima,
1954 2620 2036 2676 illi

382 2716 691 2772 cohaerens
744 2728 882 2786 quae
934 2727 1074 2768 vera
1129 2718 1218 2768 est
1264 2714 1421 2768 vita:
1467 2712 1635 2784 quod
1686 2715 2037 2767 attestantur

386 2804 558 2875 signa
592 2819 731 2876 quin
773 2802 854 2858 ob
902 2802 1060 2858 illius
1109 2801 1474 2857 declaranda
1524 2802 1752 2865 merita,
1787 2801 1864 2856 ad
1907 2804 2038 2870 ejus

383 2896 621 2949 mortua
639 2892 979 2963 frequenter
1002 2891 1401 2946 ostenduntur
1420 2906 1578 2946 ossa.
1610 2893 1808 2962 Neque
1837 2888 2036 2945 multae

383 2982 538 3037 ﬁunt
592 2996 777 3036 morae
828 2980 888 3035 in
940 2980 1033 3035 his
1084 2970 1432 3035 nuntiandis
1495 2978 1751 3067 Rictrudi
1805 2978 1901 3033 Dei
1956 2977 2037 3033 fa-
2068 3015 2109 3067 Ο

385 3069 613 3126 malm:
666 3068 809 3140 quia
856 3073 977 3124 tam
1030 3067 1175 3122 tristi
1220 3080 1510 3139 percussa
1561 3066 1865 3135 relatione,
1915 3082 2037 3121 non

388 3157 628 3215 modico
670 3155 926 3213 adicitur
968 3155 1155 3212 animi
1185 3170 1460 3211 maerore.
1492 3156 1766 3225 Augescit
1792 3171 2039 3211 sensum

388 3248 561 3304 dolor
609 3246 816 3303 dolore
867 3245 1196 3300 dolentium
1239 3245 1535 3312 sobolum,
1590 3244 1798 3299 crescit
1844 3243 2039 3300 luctus

387 3337 550 3393 luctu
590 3335 922 3407 lugentium
969 3334 1371 3390 familiarium.
1427 3337 1749 3389 Transacto
1794 3334 2040 3389 tandem

390 3425 718 3498 aliquando
766 3423 1131 3480 tantiﬂetus
1186 3427 1475 3495 tempore,
1508 3422 1614 3478 init
1665 3439 1802 3478 cum
1855 3422 2044 3495 philo-

390 3514 623 3572 christis
653 3514 763 3570 sibi
790 3512 1209 3584 familiaribus,
1243 3512 1625 3585 maximeque
1657 3529 1795 3568 cum
1825 3517 2043 3568 Aman-

391 3605 471 3661 do
502 3603 882 3660 sanctissimo
930 3601 1031 3657 Dei
1081 3600 1385 3674 pentiﬁce,
1417 3605 1475 3657 et
1519 3601 1697 3674 coepit
1725 3601 2043 3657 consilium

392 3694 651 3752 salubre.
694 3692 975 3766 Proponit
1004 3690 1265 3764 denique
1312 3691 1365 3746 ei
1411 3690 1504 3747 ille
1533 3706 1712 3747 verus
1743 3690 2046 3748 consultor

391 3785 734 3842 animarum
757 3782 905 3837 illud
930 3781 1097 3837 Pauli
1117 3780 1371 3852 apostoli
1396 3799 1408 3836 ε
1437 3781 1661 3837 Mulier
1683 3781 1942 3851 alligata
1963 3787 2045 3837 est

392 3875 543 3943 viro,
568 3877 795 3942 quanto
822 3875 1083 3939 tempore
1109 3870 1207 3925 vir
1233 3871 1363 3938 ejus
1404 3870 1581 3925 vivit:
1616 3870 1776 3939 quod
1824 3869 1877 3924 si
1913 3870 2047 3925 dor-

391 3961 589 4016 mierit
612 3961 707 4015 vir
732 3961 862 4028 ejus
895 3959 1150 4014 liberata
1170 3963 1273 4019 est,
1309 3958 1409 4013 cui
1435 3958 1568 4012 vult
1592 3957 1784 4012 nubat
1816 3962 2048 4013 tantum

393 4050 458 4104 in
484 4049 756 4103 Domino.
789 4047 1035 4103 Beatior
1061 4052 1259 4103 autem
1306 4047 1421 4102 erit
1458 4047 1513 4101 si
1538 4045 1623 4101 sic
1650 4050 2050 4115 permanserit

393 4137 719 4196 secundum
762 4151 958 4192 meum
1007 4138 1318 4192 consilium
1358 4137 1419 4206 (Ι
1438 4136 1574 4192 Cor.
1605 4136 1730 4208 vn).
1762 4135 1853 4191 Ad
1882 4136 2050 4209 quod

394 4226 497 4283 illo
543 4225 713 4293 erigit
757 4239 987 4294 aurem,
1018 4225 1189 4294 erigit
1234 4227 1291 4280 et
1337 4228 1618 4280 mentem.
1648 4224 1827 4281 Audit
1870 4225 2049 4282 etiam

396 4315 476 4373 ab
506 4329 600 4384 eo,
629 4314 753 4370 imo
780 4313 1023 4369 exaudit
1051 4316 1109 4368 et
1147 4311 1310 4368 illam
1338 4312 1574 4369 dulcem
1606 4316 1665 4369 et
1692 4314 2052 4388 amplecten-

395 4405 540 4462 dam
571 4401 928 4460 Christicolis
951 4400 1360 4473 evangelieam
1389 4416 1639 4458 vocem:
1671 4404 1742 4459 Si
1768 4404 1899 4474 quis
1920 4405 2050 4460 vult

395 4500 528 4567 post
555 4509 649 4551 me
671 4494 892 4561 venire,
923 4494 1175 4564 abneget
1197 4492 1593 4562 semetipsum,
1626 4497 1682 4549 et
1710 4492 1888 4549 tollat
1917 4508 2051 4549 cru-

396 4600 517 4642 cem
556 4597 748 4650 suam,
796 4586 851 4638 et
901 4586 1191 4653 sequatur
1228 4596 1320 4636 me
1372 4580 1613 4647 (Matth.
1648 4596 1763 4646 κη,
1798 4583 1913 4650 24).
1962 4584 2048 4651 Et,

400 4676 516 4743 Qui
540 4689 661 4730 non
687 4672 1124 4729 renuntiath
1153 4670 1425 4727 omnibus
1467 4684 1599 4741 quae
1621 4671 1898 4740 possidet,
1931 4686 2050 4727 non

397 4769 587 4835 potest
611 4777 774 4819 meus
804 4775 924 4818 esse
948 4761 1280 4830 discipulus
1307 4762 1471 4826 (Luc.
1500 4774 1620 4829 xtv,
1653 4760 1762 4829 33.)

1022 4865 1257 4924 CAPUT
1294 4868 1453 4922 Vill.-

400 4960 641 5029 Nuptiis
670 4958 945 5016 secundis
971 4958 1249 5012 nuntium
1267 4944 1547 5025 remittit.
1578 4956 1777 5012 Velum
1806 4958 2050 5012 assumit

1032 5042 1233 5084 coram
1265 5043 1421 5097 rege.

475 5118 537 5173 In
568 5118 660 5174 his
704 5119 889 5176 sacris
937 5133 1007 5175 ac
1044 5116 1325 5174 vitalibus
1350 5115 1551 5172 verbis
1594 5117 1789 5188 ﬁgens
1836 5118 2056 5174 ancho-

450 5297 622 5377 .(57.6)
658 5296 1158 5377 dust‘rebatepsis.
1182 5302 1398 5377 paguS,
1432 5294 1879 5377 Ostrewanttin
1927 5293 2056 5377 Del-

405 5366 525 5449 gio,
544 5365 975 5449 includebatur
994 5365 1466 5449 tluviis'§e_arpo,
1492 5369 1738 5449 Sensetp
1758 5370 1816 5422 et
1838 5365 2053 5449 Scaldi,

407 5437 740 5518 sic'dictus,
773 5440 838 5491 ut
890 5444 1042 5493 recte
1091 5437 1433 5559 conﬁciunt,
1473 5439 1639 5512 quod
1683 5438 1853 5493 limes
1885 5437 2059 5493 fuerit

405 5514 741 5576 Austrasue,
784 5509 944 5578 Bant
989 5508 1148 5562 enim
1179 5576 1210 5578 η
1243 5509 1387 5578 elgis
1431 5509 1679 5578 limitem
1731 5513 1921 5565 sonat.
1978 5511 2057 5563 De

407 5597 591 5640 causa
640 5573 1020 5654 prefectionis
1048 5573 1361 5634 Adalbaldi
1405 5585 1462 5637 et
1498 5573 1659 5638 loco”
1687 5579 1867 5637 caedis
1911 5579 2058 5637 varii

2137 1736 2280 1809 quia
2309 1750 2380 1790 ex
2426 1736 2614 1790 tribus
2660 1735 3055 1808 philosophia:
3104 1734 3376 1808 partibus
3418 1732 3598 1788 illam
3628 1746 3803 1803 quam

2140 1825 2399 1879 maxime
2444 1839 2578 1895 quae
2610 1829 2698 1879 est
2744 1824 2805 1879 in
2860 1824 3090 1880 actione
3135 1828 3191 1878 et
3246 1836 3438 1878 causa
3488 1826 3655 1877 recte
3682 1834 3805 1874 con-

2143 1913 2413 1969 versandi
2438 1911 2937 1984 apprehenderat,
2969 1927 3106 1984 quae
3136 1912 3331 1966 Greece
3352 1910 3582 1969 ethice.
3621 1908 3804 1963 Latine

2140 2001 2385 2056 moralis
2418 2001 2653 2068 dicitur,
2684 2006 2742 2057 et
2769 2001 2923 2057 bene
2964 2000 3204 2055 vivendi
3258 2000 3561 2069 magistra
3593 2012 3805 2065 cogno-

2140 2089 2341 2160 scitur,
2381 2106 2515 2161 quae
2545 2089 2727 2145 etiam
2762 2089 2825 2145 in
2859 2093 3119 2161 quatuor
3146 2087 3519 2161 principales
3548 2087 3803 2143 virtutes.

2140 2179 2522 2244 prudentiam
2572 2177 2810 2245 scilicet,
2843 2181 3025 2250 atque
3048 2174 3361 2248 justitiam,
3390 2175 3807 2231 fortitudinem

2143 2272 2200 2325 et
2229 2266 2685 2341 temperantiam
2718 2267 3033 2333 dividitur;
3069 2267 3161 2322 his
3210 2265 3471 2335 singulis
3522 2280 3645 2319 sua
3692 2262 3809 2318 red-

2143 2358 2314 2427 dens,
2356 2357 2507 2413 sicut
2550 2372 2657 2428 per
2698 2356 2989 2427 justitiam
3046 2356 3165 2411 Deo
3208 2354 3406 2425 magis
3467 2369 3670 2427 quam
3712 2353 3806 2407 hoc

2144 2446 2408 2503 minibus
2436 2444 2680 2502 obedire
2714 2445 3117 2518 disposuerat,
3147 2448 3205 2499 et
3250 2458 3359 2516 per
3394 2442 3806 2498 fortitudinem

2144 2552 2256 2592 nec
2300 2534 2595 2590 illecebris
2644 2532 2916 2603 emolliri,
2951 2549 3059 2589 nec
3107 2532 3376 2589 adversis
3406 2531 3620 2600 frangi
3663 2534 3810 2603 pote-

2146 2629 2272 2691 rat;
2306 2625 2388 2680 sic
2416 2640 2524 2697 per
2552 2625 2936 2698 prudentiam
2968 2629 3138 2682 caute
3168 2623 3665 2693 indignationem
3693 2637 3729 2677 a
3755 2637 3809 2675 se

2146 2714 2373 2783 regiam
2417 2714 2794 2782 submovere,
2828 2718 2885 2770 et
2931 2730 3038 2787 per
3067 2711 3535 2786 temperantiam
3590 2710 3815 2766 humili-

2149 2804 2282 2859 tatis
2306 2803 2578 2873 regulam
2622 2804 2997 2877 modumque
3019 2803 3156 2859 vitae
3197 2801 3260 2858 in
3312 2800 3489 2857 omni
3518 2799 3707 2857 verbo
3732 2799 3813 2854 vel

2149 2907 2327 2964 opere
2359 2908 2593 2948 servare
2637 2892 2964 2962 satagebat.
3000 2895 3117 2948 Usa
3144 2890 3409 2963 denique
3441 2889 3703 2946 consilio
3730 2889 3813 2943 sui

2150 2987 2522 3054 symmystae,
2553 2981 2760 3039 deiferi
2790 2981 3008 3039 scilicet
3035 2981 3313 3052 Amendi,
3346 2984 3537 3053 atque
3570 2979 3652 3035 ad
3680 2985 3814 3034 tem-

2152 3086 2263 3144 pus
2294 3071 2681 3127 dissimulans
2709 3070 3019 3127 immobile
3042 3073 3104 3127 in
3134 3070 3237 3127 Dei
3264 3070 3513 3126 servitio
3554 3069 3653 3124 sui
3693 3082 3813 3143 pro-

2149 3161 2411 3234 positum
2438 3160 2579 3227 voti,
2612 3166 2882 3216 acturam
2924 3176 2985 3216 se
3035 3176 3106 3215 ex
3135 3160 3253 3216 hoc
3278 3175 3421 3216 cum
3460 3159 3601 3233 ejus
3632 3157 3814 3214 consi-

2150 3245 2229 3301 lio
2251 3245 2345 3301 vel
2372 3244 2767 3318 permissione
2802 3245 3061 3318 spondet
3085 3245 3208 3316 regi
3239 3244 3407 3316 quod
3442 3243 3657 3299 utilius
3676 3242 3816 3314 judi-

2151 3338 2386 3389 caretur
2413 3334 2538 3390 fore
2568 3334 2702 3390 sibi.
2740 3338 2804 3390 Et
2847 3334 2995 3408 quid
3042 3332 3243 3391 multis
3292 3333 3645 3388 immorer?
3689 3348 3816 3389 eum

2150 3422 2231 3479 ita
2259 3436 2463 3493 regem
2492 3428 2839 3496 suspectum
2862 3424 3222 3480 reddidisset
3238 3422 3420 3478 veluti
3448 3423 3593 3493 ejus
3617 3421 3819 3477 volu-

2154 3513 2253 3568 tati
2283 3524 2495 3586 parere
2523 3512 2717 3583 vellet,
2751 3513 2808 3568 in
2854 3513 3081 3587 praedio
3129 3528 3261 3580 suo,
3293 3513 3410 3568 hoc
3459 3517 3550 3567 est
3595 3511 3659 3567 in
3690 3510 3819 3565 villa

2156 3600 2377 3657 Baireio
2394 3601 2624 3672 (Boiry,
2642 3616 2834 3671 prope
2851 3602 3057 3659 urbem
3085 3603 3474 3671 Atrebatum)
3501 3601 3819 3673 opiparum

2154 3695 2211 3746 et
2239 3690 2417 3761 regiae
2447 3691 2817 3761 condignum
2849 3691 3308 3761 magniﬁcentiae
3339 3690 3589 3746 instruit
3617 3689 3821 3744 convi-

2156 3778 2341 3834 vium.
2405 3778 2615 3834 Invitat
2665 3792 2805 3834 cum
2854 3778 3243 3851 optimatibus
3290 3793 3525 3848 regem,
3570 3781 3626 3832 et
3668 3777 3822 3833 inter

2156 3867 2580 3940 prandendum
2611 3867 2733 3924 sale
2759 3869 3138 3925 conditorum
3159 3883 3373 3926 omnes
3398 3867 3666 3924 laetiﬁca
3680 3881 3820 3923 sua-

2155 3956 2334 4012 vitate
2376 3972 2745 4013 sermonum.
2795 3960 3120 4029 Postquam
3168 3961 3453 4031 exempta
3506 3956 3720 4020 fames,
3766 3960 3824 4011 et

2159 4061 2330 4102 amor
2358 4061 2744 4120 compressus
2772 4047 3009 4115 edendi,
3039 4052 3165 4103 tum
3190 4046 3380 4103 multo
3408 4046 3579 4103 clara
3608 4045 3823 4104 exhila-

2156 4151 2294 4192 rens
2337 4135 2615 4192 convivia
2660 4135 2911 4203 baccho,
2946 4136 3134 4207 surgit
3161 4140 3219 4192 et
3262 4151 3387 4192 non
3443 4136 3680 4209 trepide
3719 4134 3822 4190 sed

2160 4229 2520 4294 constanter,
2552 4239 2675 4281 non
2705 4224 2902 4298 tepide
2933 4226 3039 4281 sed
3068 4226 3379 4295 ferventer,
3411 4240 3540 4282 non
3566 4226 3823 4297 segniter

2160 4314 2270 4371 sed
2312 4315 2621 4385 sagaciter,
2651 4330 2772 4371 non
2804 4314 3172 4371 muliebriter
3212 4315 3319 4371 sed
3366 4314 3631 4379 viriliter,
3657 4316 3825 4388 quod

2160 4407 2515 4477 conceperat
2541 4408 2759 4472 mente,
2793 4404 3025 4478 perlicit
3065 4419 3279 4478 opere:
3322 4404 3649 4478 primoque
3674 4405 3823 4459 seis-

2160 4495 2374 4551 citetur
2414 4510 2451 4550 a
2498 4509 2659 4564 rege,
2710 4494 2757 4549 si
2804 4494 3159 4550 concederet
3208 4493 3322 4550 sibi
3353 4494 3417 4550 in
3474 4496 3663 4551 domo
3710 4509 3827 4550 sua

2158 4582 2326 4656 quod
2352 4581 2529 4638 vellet
2569 4597 2745 4653 agere
2789 4582 2976 4638 libera
3021 4596 3225 4638 coram
3265 4597 3339 4638 eo
3380 4582 3461 4638 uti
3505 4584 3824 4656 potestate.

2163 4671 2263 4728 Hic
2293 4675 2495 4726 autem
2526 4674 2737 4727 annuit
2763 4687 3035 4744 propere,
3069 4675 3356 4744 reputans
3380 4671 3547 4744 quod
3579 4676 3829 4744 sumpto

2159 4758 2399 4833 poculo,
2432 4763 2497 4814 ut
2541 4759 2726 4814 moris
2752 4763 2841 4816 est
2881 4758 3178 4832 pluribus,
3210 4760 3270 4815 in
3308 4758 3588 4831 cogendo
3620 4758 3830 4815 bibere

2162 4864 2224 4903 se
2262 4846 2356 4903 vel
2404 4846 2689 4903 convivas
2750 4863 2896 4904 suos
2951 4847 3169 4904 debere
3214 4847 3536 4904 lteliﬁcare.
3593 4850 3667 4904 At
3694 4847 3827 4912 illa,

2163 4936 2496 4992 secundum
2523 4936 2764 4993 salubre
2798 4937 2888 4992 sui
2917 4935 3310 4993 consiliator-is
3332 4937 3593 4994 Amandi
3618 4936 3831 5009 inclyti

2162 5026 2429 5099 praesulis
2473 5026 2808 5094 consilium,
2840 5043 2912 5082 ex
2961 5042 3073 5082 suo
3112 5026 3247 5082 sinu
3296 5026 3622 5098 prolatum,
3652 5026 3831 5083 invo-

2163 5119 2295 5171 cato
2338 5115 2611 5172 terribilis
2660 5115 2761 5172 Dei
2806 5115 3051 5173 nomine
3098 5120 3154 5172 et
3201 5116 3446 5190 auxilio,
3478 5117 3659 5190 capiti
3690 5134 3833 5191 sup-

2164 5294 2331 5375 varie
2356 5294 2634 5378 sentiunt.
2667 5295 3094 5378 Sepultusnest.
3126 5294 3611 5378 inﬁmonasterio

2166 5366 2356 5439 nensi,
2383 5366 2663 5439 quaedam
2712 5366 2842 5439 ejus
2888 5366 3149 5438 reliquiae
3189 5368 3458 5439 Duaeum
3491 5383 3664 5424 anno
3694 5370 3825 5423 int

2167 5407 2482 5493 translatis;
2545 5407 2766 5493 Colituii
2821 5456 2877 5493 1v
2934 5407 3131 5495 Noinas
3204 5407 3829 5495 Februm'ituzonusiu-e

2167 5508 2544 5565 Bollandum.
3640 5512 3651 5525 ‘
