4000 6190
176 154 275 207 83'.

1450 147 1607 204 VITA
1647 147 1778 204 ΒΑΝ
1787 147 1938 205 CTIE
1975 153 2361 215 RlC’l‘RUDIS.

3515 179 3619 235 838

172 275 343 351 ponit
372 273 510 351 ipso
540 287 683 342 ri-ge
716 275 774 327 et
796 272 1058 347 ,cunctis
1090 274 1489 348 stupentibus,
1515 274 1643 374 jam
1669 274 1851 332 bene—
1894 277 1943 328 A
1974 276 2078 347 qui
2106 278 2300 336 eidem
2326 287 2453 338 erat
2500 300 2537 340 a
2564 289 2823 360 secretis,
2853 291 3030 363 elegit
3055 295 3229 353 valde
3265 312 3621 374 congruum,

172 368 404 423 dictum
437 364 519 420 ab
574 361 793 418 eodem
819 364 1107 435 pontifice
1132 365 1354 422 velum.
1388 368 1516 432 Quo
1568 364 1723 422 facto
1752 381 1853 423 rex

174 458 261 514 ira
291 456 611 529 permotus
636 451 909 523 ingratas
931 454 1356 527 derelinquens
1384 455 1593 528 epulas
1623 455 1858 512 absces-

175 546 247 603 sit
276 561 308 600 e
344 542 633 600 convivio
663 559 675 610 ;
709 540 814 597 illa
861 556 1011 598 vero
1047 543 1287 614 jactans
1317 544 1645 615 cogitatum
1677 561 1856 600 suum

174 639 233 692 in
281 634 568 705 Domino,
603 635 793 689 totam
839 647 903 687 se
944 646 1213 705 suosque
1267 634 1396 704 ejus
1433 635 1732 691 commisit
1760 650 1854 691 ar-

174 725 375 793 bitrio,
411 726 479 778 ut
508 722 590 778 ab
619 737 692 778 eo
749 720 1159 777 enutrirentur
1209 726 1265 777 et
1312 724 1650 779 solarentur
1675 725 1853 780 mise-

173 812 392 871 ricordi
427 827 674 885 semper
703 811 938 867 solatio.
973 815 1059 866 Ac
1098 811 1366 883 primum
1396 812 1776 869 facultatibus
1800 818 1858 869 et

174 901 668 978 possessionibus
720 900 836 955 sibi
892 899 1116 955 relictis
1170 900 1547 958 ordinatione
1578 903 1856 977 prudenti

172 991 535 1062 distributis,
568 994 625 1045 et
656 989 918 1062 spinosis
969 988 1156 1059 hujus
1190 990 1390 1045 saeculi
1420 991 1579 1046 curis
1610 1007 1646 1047 a
1698 995 1854 1047 terra

173 1080 375 1137 cordis
425 1079 521 1135 sui
546 1079 785 1151 penitus
824 1077 1162 1150 exstipatis,
1206 1094 1342 1150 quae
1391 1085 1570 1135 antea
1615 1080 1677 1135 in
1709 1095 1854 1135 con-

170 1169 367 1243 jugali
399 1167 522 1225 vita
546 1167 776 1223 ferebat
802 1166 1210 1236 trigesimum,
1241 1168 1633 1238 postmodum
1664 1167 1855 1240 dupli-

174 1266 311 1316 cato
364 1256 636 1329 germine
692 1259 952 1312 fructum
1010 1255 1197 1328 coepit
1251 1256 1310 1311 in
1371 1258 1660 1313 viduitate
1704 1258 1855 1313 ferre

175 1347 630 1417 sexagesimum
662 1364 675 1402 :
706 1350 762 1402 et
780 1361 913 1418 quae
942 1345 1113 1419 prius
1146 1345 1294 1399 dum
1326 1345 1390 1400 in
1412 1346 1704 1402 membris
1732 1346 1856 1401 suis

178 1436 414 1493 Christo
452 1435 791 1491 ministrare
839 1437 1137 1504 satageret
1194 1431 1392 1488 fuerat
1441 1436 1683 1501 Martha,
1725 1434 1857 1505 jam

179 1542 356 1583 secus
382 1525 569 1598 pedes
602 1525 729 1595 ejus
747 1523 1016 1579 residens
1046 1521 1358 1578 audiendo
1381 1529 1441 1579 et
1459 1523 1856 1579 custodiendo

177 1616 437 1671 verbum
491 1614 646 1669 illius
694 1613 849 1669 facta
897 1616 987 1669 est
1022 1613 1221 1669 Maria.
1257 1614 1325 1666 Et
1371 1614 1665 1686 quoniam
1722 1613 1855 1686 ipso

180 1709 499 1762 attestante
531 1726 559 1753 ‹‹
587 1703 880 1777 optimam
927 1706 1164 1776 partem
1196 1716 1329 1773 quae
1362 1702 1443 1758 ab
1492 1718 1563 1758 ea
1590 1718 1717 1758 non
1748 1718 1853 1759 au-

182 1794 407 1850 feretur
454 1792 631 1863 elegit
672 1792 838 1863 (Luc.
889 1809 941 1862 x,
982 1792 1093 1862 42),
1155 1813 1173 1841 ι
1227 1791 1530 1863 optimum
1577 1792 1854 1863 ejusdem

179 1884 372 1957 partis
421 1881 649 1938 dilectas
698 1884 754 1937 et
798 1881 1000 1937 electae
1026 1879 1347 1953 praemium
1402 1881 1463 1936 in
1504 1897 1854 1954 recompen-

184 1972 419 2029 s‘atione
447 1971 755 2045 percipere
780 1970 1018 2027 meruit.

848 2133 1074 2187 CAPUT
1100 2130 1198 2184 IX.

343 2278 416 2334 Ut
443 2246 715 2333 habitum
745 2277 986 2349 mentis,
1013 2277 1099 2333 sic
1118 2281 1312 2332 mutat
1341 2283 1394 2333 et
1423 2279 1709 2346 corporis.

265 2420 423 2476 Sane
452 2423 515 2474 ut
542 2418 711 2492 quod
738 2418 923 2475 homo
954 2418 1201 2487 gerebat
1227 2418 1487 2486 interior,
1515 2421 1856 2478 ostenderet

191 2522 440 2582 quoque
491 2508 783 2575 exterior;
818 2507 971 2563 sicut
1026 2510 1360 2563 mutaverat
1386 2507 1660 2564 habitum
1691 2526 1855 2566 men-

189 2597 285 2664 tis,
323 2598 407 2653 sic
427 2601 620 2654 mutat
650 2602 707 2654 et
730 2596 1018 2670 corporis.
1048 2599 1375 2669 Pomposas
1400 2597 1637 2671 projicit
1665 2604 1853 2656 vestes

186 2685 414 2759 quibus
459 2686 790 2742 ornabatur
837 2691 1048 2758 nupta,
1082 2685 1354 2755 cogitans
1402 2686 1729 2762 aliquando
1783 2705 1854 2746 ea

187 2790 323 2848 quae
372 2780 511 2831 sunt
556 2774 771 2831 mundi
822 2774 1132 2849 quomodo
1162 2774 1423 2847 placeret
1468 2777 1617 2848 viro,
1649 2782 1707 2834 et
1731 2795 1855 2837 una

189 2880 331 2920 cum
364 2863 448 2920 eis
479 2865 715 2920 exuitur
743 2864 912 2920 omni
939 2863 1141 2921 saeculi
1189 2863 1370 2935 hujus
1398 2865 1850 2939 impedimento,

1972 370 2402 461 monasterium
2435 374 2657 432 scilicet
2673 382 2731 432 et
2772 381 3097 438 Marcianas
3125 392 3423 459 vocatum,
3456 370 3625 461 quod

1968 452 2045 507 ab
2089 456 2303 515 eodem
2345 463 2627 533 pontiﬁce
2676 480 2856 538 super
2902 470 3154 527 ﬂuvium
3196 476 3382 532 Scarb
3410 452 3626 534 iuerat

1965 549 2396 604 constructum.
2423 551 2529 605 Cui
2575 552 2942 624 perﬁciendo
2985 564 3040 615 et
3088 562 3423 621 ordinando
3461 567 3624 623 idem

1964 635 2185 703 priapo]
2247 636 2611 712 discipulam
2686 658 2866 701 suum
2935 650 3281 719 praefecerat
3339 655 3624 712 abbatem

1964 726 2237 812 sanctum
2265 728 2546 783 Jonatum
2568 732 2971 790 venerabilem
2999 737 3213 809 virum,
3230 743 3402 812 cujus
3424 744 3626 799 adhuc

1964 806 2024 862 in
2054 811 2266 867 eodem
2296 818 2663 874 monasterio
2711 837 2950 879 sacrum
2999 806 3219 899 corpus
3257 806 3512 887 habetur
3539 848 3627 888 re-

1963 898 2273 956 conditum
2311 919 2323 955 :
2356 903 2417 958 in
2464 920 2590 978 quo
2617 912 2674 964 et
2702 898 3142 971 monachorum
3180 918 3456 975 ordinem
3485 921 3628 977 bea-

1963 987 2058 1040 tus
2082 990 2395 1046 Amandus
2425 993 2633 1051 haberi
2664 998 2869 1069 voluit,
2906 1002 3012 1057 sed
3033 1004 3162 1074 jam
3189 1006 3383 1062 dictus
3433 1008 3629 1064 abbas

1964 1077 2453 1167 sanctimoniales
2487 1082 2683 1155 (prout
2714 1087 2826 1144 sibi
2854 1090 3052 1147 visum
3093 1093 3305 1165 fuerat)
3333 1110 3629 1167 aggrega-

1961 1162 2064 1253 vit,
2115 1168 2280 1222 Hunc
2323 1184 2467 1239 ergo
2506 1171 2706 1230 locum
2762 1179 2908 1233 satis
2961 1162 3297 1253 opportune
3325 1162 3630 1243 remotum

1967 1252 2066 1306 Dei
2110 1254 2337 1312 famula
2374 1259 2677 1335 'Rictrmlis
2734 1268 2997 1338 expetiit,
3028 1252 3208 1343 atque
3263 1274 3320 1328 Β.
3350 1264 3627 1331 Amando

1964 1345 2368 1401 consentiente
2398 1352 2456 1402 et
2506 1349 2657 1406 inter
2705 1368 2908 1424 regem
2960 1363 3016 1414 et
3062 1360 3253 1432 ipsam
3280 1363 3628 1420 reconcilia-

1966 1430 2144 1485 tionis
2183 1432 2465 1523 _oﬂicium
2519 1438 2826 1510 fungente,
2882 1462 3019 1503 cum
3086 1430 3394 1521 privilegio
3450 1453 3626 1523 regiae

1966 1520 2334 1612 auctoritatis
2391 1527 2638 1599 accepit,
2689 1537 2989 1602 quatenus
3039 1520 3121 1592 ibi
3150 1538 3285 1594 licet
3308 1520 3389 1595 fin
3433 1520 3630 1612 fragili

1893 1627 1938 1679 Β
1965 1607 2162 1679 posita
2188 1626 2457 1685 corpore,
2488 1631 2811 1689 corporeas
2850 1623 3083 1680 fortitur
3111 1607 3631 1700 concupiscentias

190 2958 255 3009 ut
277 2953 562 3025 quamvis
600 2952 900 3009 videretur
946 2952 1150 3023 vidua,
1173 2952 1236 3008 id
1266 2957 1354 3009 est
1402 2954 1596 3012 divisa
1639 2974 1676 3013 a
1702 2957 1850 3028 viro,
1890 2981 1933 3036 ο

183 3043 314 3114 jam
347 3058 472 3099 non
516 3046 669 3099 esset
693 3042 889 3099 divisa
922 3042 1147 3111 animo,
1180 3042 1284 3099 sed
1336 3043 1583 3102 sollicita
1614 3063 1854 3121 semper

189 3147 326 3205 quas
356 3134 589 3189 Domini
618 3136 776 3201 sunt,
806 3131 1193 3188 solummodo
1232 3134 1543 3205 quomodo
1572 3136 1849 3208 placeret.

192 3221 464 3277 Induitur
493 3221 796 3277 viduitatis
826 3221 1113 3289 vestibus,
1150 3237 1283 3293 quae
1336 3224 1467 3296 ipsa
1517 3228 1605 3281 sui
1657 3226 1852 3300 specie

189 3314 606 3367 monstrarunt
635 3316 1049 3384 contemptum
1081 3310 1294 3366 mundi
1313 3310 1501 3369 istius.
1526 3318 1673 3371 Nam
1703 3315 1854 3371 sicut

189 3400 364 3456 albas
385 3404 576 3456 vestes
605 3398 949 3457 exaltationi
979 3403 1035 3454 et
1059 3399 1309 3456 solemni
1341 3410 1681 3474 congruunt
1707 3405 1852 3461 lasti-

190 3488 307 3556 tiae,
338 3488 423 3545 ita
466 3488 648 3560 nigrm
691 3487 1091 3545 humiliationi
1120 3494 1176 3545 et
1223 3488 1460 3561 lugubri
1494 3494 1854 3551 conveniunt

189 3576 457 3632 tristitiae.
501 3576 665 3632 Unde
692 3582 748 3633 et
768 3579 951 3649 caput
978 3577 1145 3648 quod
1170 3583 1258 3634 est
1286 3578 1611 3652 principale
1644 3597 1852 3655 corpo-

187 3666 290 3735 ris,
325 3669 476 3721 tetro
504 3666 737 3722 velatur
776 3666 1021 3736 amictu,
1049 3671 1115 3722 ut
1164 3667 1492 3741 principale
1522 3670 1758 3743 animae,
1789 3671 1854 3728 id

190 3760 283 3811 est
311 3770 489 3810 mens
519 3753 775 3811 velanda
804 3753 1072 3825 signetur
1099 3756 1375 3812 maeroris
1406 3763 1463 3814 et
1490 3760 1852 3831 poenitentiae

190 3845 380 3901 luctu.
433 3843 543 3909 Qui
588 3859 725 3899 cum
780 3843 982 3899 brevis
1012 3844 1104 3913 sit,
1138 3850 1213 3917 et,
1246 3850 1312 3902 ut
1336 3846 1416 3904 ita
1467 3846 1686 3913 dicam,
1721 3864 1851 3905 mo-

189 3938 574 4002 mentaneus,
608 3949 744 3990 eam
779 3938 1062 4007 operatur
1108 3935 1578 3993 consolationem
1628 3939 1702 3993 de
1731 3956 1854 4012 qua

190 4024 275 4080 ait
300 4023 368 4079 in
399 4023 720 4092 Evangelio
752 4023 1044 4078 Dominus
1075 4041 1087 4078 :
1121 4025 1299 4081 Beati
1323 4027 1428 4097 qui
1456 4027 1682 4098 lugent,
1714 4044 1854 4100 quo-

190 4114 364 4170 niam
394 4113 511 4181 ipsi
555 4112 1029 4168 consolabuntur
1059 4112 1294 4184 (Matth.
1325 4114 1407 4186 v.)
1456 4117 1521 4170 Et
1572 4120 1637 4172 ut
1665 4133 1854 4191 quon-

188 4201 345 4257 dam
412 4204 685 4272 expertas
751 4199 1018 4272 corporis
1072 4201 1411 4275 voluptates
1466 4208 1523 4259 et
1571 4203 1855 4262 molestas

189 4290 496 4348 evinceret
560 4289 911 4346 daemonum
969 4291 1398 4362 suggestiones,
1450 4309 1589 4349 cum
1655 4293 1856 4351 nimiis

190 4378 417 4452 vigiliis
470 4382 528 4435 et
576 4378 948 4435 orationibus
999 4379 1295 4437 continuis
1360 4380 1570 4439 crebra
1629 4382 1856 4440 ducens

185 4466 449 4542 jejunia,
481 4467 777 4541 elephoris
809 4467 1086 4524 amicitur
1110 4468 1362 4538 cilicino,
1396 4471 1569 4542 cujus
1599 4472 1857 4529 assiduis

190 4556 630 4633 punctionibus
663 4555 972 4614 edomaret
999 4554 1264 4613 libidinis
1309 4559 1683 4631 punctiones,
1712 4565 1768 4619 et
1799 4566 1861 4618 ut

193 4647 433 4704 dictum
478 4650 565 4703 est
604 4662 641 4703 a
689 4651 886 4720 poeta,
922 4646 1048 4701 sine
1092 4650 1297 4703 Cerere
1345 4652 1402 4703 et
1430 4646 1636 4705 Libero
1666 4652 1861 4707 Venus

194 4736 395 4808 friget,
447 4739 626 4808 atque
678 4735 966 4792 veraciter
1011 4751 1151 4791 cum
1204 4736 1522 4793 Psalmista
1577 4743 1856 4795 caneret:

195 4829 326 4900 Ego
360 4831 555 4882 autem
581 4841 715 4881 cum
744 4824 895 4886 mihi
922 4826 1157 4882 molesti
1180 4831 1369 4882 essent
1406 4826 1701 4884 induebar
1729 4830 1859 4885 citi-

197 4919 316 4988 σέο,
348 4920 403 4971 et
451 4915 839 4971 humiliabam
872 4917 933 4970 in
972 4916 1209 4985 jejunio
1262 4917 1525 4971 animam
1564 4932 1774 4987 meam,
1806 4925 1861 4975 et

197 5004 400 5061 oratio
423 5018 557 5061 mea
583 5005 647 5061 in
676 5006 814 5060 sinu
844 5020 969 5061 meo
1016 5012 1398 5062 convertetur
1425 5006 1612 5073 (Psal.
1644 5010 1862 5081 xxxiv.)

879 5150 1100 5206 CAPUT
1128 5148 1202 5205 Χ.

201 5289 560 5347 Marcianas
598 5291 1025 5346 monasterium
1073 5290 1260 5361 eligit,
1303 5291 1408 5346 ubi
1444 5292 1864 5361 spiritualibus

146 5366 149 5371 ’
740 5384 980 5435 vacaret
1009 5381 1329 5437 exercitiis.

286 5526 508 5579 Locum
531 5498 673 5580 vero
697 5524 796 5580 ubi
822 5524 1228 5598 spiritualibus
1248 5524 1417 5582 daret
1438 5541 1687 5598 operam
1707 5541 1869 5583 exer-

203 5611 385 5682 citiis,
418 5628 557 5670 cum
601 5612 849 5669 consilio
888 5616 945 5669 et
978 5612 1200 5669 auxilio
1242 5614 1543 5687 saepedicti
1569 5615 1863 5689 pusulis,

1894 4336 1939 4391 D

1966 1707 2295 1769 superaret.
2329 1705 2393 1758 Et
2445 1720 2566 1760 non
2622 1706 2739 1763 hoc
2788 1712 3195 1781 solummodo,
3234 1720 3631 1776 verumetiam

1964 1787 2257 1844 adversus
2287 1795 2545 1848 rectores
2565 1798 2781 1853 mundi
2813 1802 3199 1859 tenebrarum
3227 1804 3464 1878 harum,
3486 1824 3632 1867 con-

1964 1879 2057 1929 tra
2088 1876 2415 1970 spiritualia
2452 1883 2735 1954 nequitiae
2761 1887 3198 1957 in_coelcstibus
3230 1876 3629 1970 colluctando,

1965 1968 2022 2019 et
2049 1979 2120 2019 ea
2151 1966 2372 2038 pariter
2410 1985 2548 2025 cum
2575 1974 2813 2032 mundo
2844 1975 3224 2048 divincendo,
3260 1966 3629 2059 triumphum

1962 2052 2222 2109 victoriae
2245 2059 2302 2110 et
2326 2057 2629 2128 condigna
2655 2065 3003 2122 certaminis
3025 2070 3271 2139 praemia
3301 2088 3338 2128 a
3367 2052 3628 2146 superno

1963 2147 2297 2213 spectatore
2324 2151 2699 2218 exspectaret
2721 2167 2795 2208 ac
2826 2154 3175 2228 perciperet.

2616 2270 2855 2329 CAPUT
2892 2277 2979 2332 ΧΙ.

2404 2371 2599 2429 Filias
2627 2390 2775 2433 suas
2806 2381 2928 2437 Deo
2959 2390 3183 2441 sacrat.

2038 2494 2335 2592 Utautem
2367 2496 2446 2550 ad
2475 2497 2604 2554 haec
2625 2500 2888 2592 feliciter
2914 2511 3257 2580 peragenda
3307 2516 3628 2592 sufﬁceret,

1964 2580 2373 2675 omnibusque
2401 2587 2665 2659 exempli
2699 2594 2895 2661 gratia
2923 2610 2959 2652 a
2995 2606 3223 2670 quanta
3268 2580 3628 2675 perfectione
3732 2664 3737 2671 κ

1965 2670 2480 2767 conversationem
2503 2691 2683 2733 suam
2708 2683 3009 2755 cmpisset,
3028 2687 3232 2760 palam
3252 2670 3434 2763 fieret,
3452 2696 3629 2767 juxta

1962 2757 2111 2812 illud
2133 2759 2549 2829 evangelicum
2581 2781 2594 2818 :
2627 2768 2859 2827 Lueeat
2891 2775 3001 2831 tua;
3031 2757 3253 2837 'vestra
3281 2757 3486 2841 eorum
3523 2786 3625 2843 Ιιο-

1962 2846 2238 2915 minibus,
2272 2854 2338 2902 ut
2380 2850 2622 2907 videant
2680 2866 2882 2917 vestra
2912 2863 3064 2920 bona
3111 2881 3292 2936 opera
3315 2876 3372 2927 et
3395 2874 3626 2944 glortﬁé

1963 2940 2094 3035 cent
2113 2942 2350 3035 patrem
2396 2947 2661 2998 vestrum
2694 2950 2804 3017 qui
2842 2951 2906 3004 in
2936 2955 3099 3009 certis
3128 2963 3215 3012 est
3245 2940 3485 3029 (Matth.
3519 2940 3625 3035 v);

1963 3027 2101 3095 post
2128 3024 2395 3095 adjectae
2423 3044 2461 3083 a
2486 3044 2553 3085 se
2577 3046 2871 3093 onerosas
2900 3024 3264 3111 praediorum
3315 3051 3373 3104 et
3397 3024 3629 3108 divitia,-

1961 3129 2099 3169 rum
2129 3115 2420 3184 sarcinas,
2452 3125 2592 3191 post
2620 3125 2955 3194 professam
2990 3133 3109 3187 Deo
3150 3133 3453 3194 viduitatis
3483 3156 3628 3199 con-

1961 3202 2295 3274 tinentiam,
2316 3210 2529 3279 etpost
2558 3220 2872 3285 sumptum
2895 3225 3170 3278 sanctum
3201 3226 3628 3288 sanctimonia-

1961 3290 2034 3347 lis
2081 3292 2326 3349 habitus
2378 3295 2826 3372 indumentum,
2883 3308 3147 3380 scipsam
3204 3316 3627 3377 tantummodo

1962 3380 2245 3437 exhibere
2273 3382 2641 3443 oblationem
2672 3391 2890 3461 vivam,
2919 3402 3211 3467 sanctam,
3240 3403 3481 3476 Deoque
3500 3408 3626 3479 pla-

1962 3474 2196 3526 centem
2233 3486 2357 3527 non
2409 3480 2691 3533 contenta
2720 3480 2899 3537 etiam
2930 3487 3117 3552 terrai,
3147 3486 3263 3542 hoc
3292 3474 3626 3553 estrvent'ris

1963 3557 2055 3612 sui
2086 3573 2290 3615 sacras
2322 3575 2393 3616 ac
2422 3564 2759 3636 praecipuas
2801 3576 3021 3627 sanctae
3051 3577 3109 3629 et
3157 3575 3481 3635 individua;
3509 3584 3626 3639 'l‘ri-

1962 3645 2131 3701 nitati
2150 3645 2324 3703 offert
2350 3649 2662 3720 primitias,
2694 3655 2978 3727 prmfatas
3002 3659 3278 3719 videlicet
3323 3670 3441 3721 tres
3468 3668 3622 3726 tilias

1962 3734 2253 3791 candidas
2283 3735 2465 3791 veluti
2485 3738 2801 3799 columbas
2827 3746 3199 3814 gratissimas
3223 3750 3305 3806 illi
3329 3752 3457 3809 ﬁeri
3484 3755 3622 3813 hos-

1962 3823 2072 3879 tias
2101 3841 2113 3879 :
2146 3825 2420 3918 utcorde
2441 3831 2497 3882 et
2522 3843 2774 3903 corpore
2792 3831 3210 3894 immaculatas
3240 3845 3298 3897 et
3323 3846 3389 3898 ut
3412 3859 3621 3918 perpe-

1962 3917 2134 4006 tuam
2179 3914 2576 4006 virginitatem
2631 3928 2954 3992 servantes,
2987 3943 3019 3978 ‹
3067 3928 3329 4000 Agnum,
3372 3914 3620 4006 virginis

1962 4003 2171 4059 matris
2215 4003 2430 4069 ﬁlium,
2461 4020 2831 4083 quocunque
2873 4012 3003 4069 ierit
3047 4023 3378 4090 sequantur
3406 4003 3616 4093 (Apoc.

1965 4109 2076 4161 xiv,
2107 4094 2183 4165 4),
2218 4117 2248 4143 ››
2288 4094 2626 4153 sinceritate
2682 4101 2902 4171 cordis,
2948 4107 3009 4163 et
3058 4108 3254 4165 carnis
3304 4117 3622 4170 vernantes

1964 4179 2113 4237 ﬂore
2153 4181 2397 4240 illibatae
2451 4185 2805 4256 virginitatis
2848 4191 2912 4247 in
2953 4208 3223 4267 corpore,
3270 4212 3340 4255 ac
3368 4201 3622 4259 nitentes

1968 4270 2224 4343 puritate
2277 4272 2577 4331 inviolata
2606 4276 2870 4335 veritatis
2907 4282 2970 4337 in
2995 4284 3195 4353 corde,
3224 4290 3290 4342 ut
3318 4288 3439 4345 sint
3467 4305 3623 4347 sem-

1970 4374 2078 4432 per
2100 4360 2229 4417 sine
2273 4362 2516 4419 macula
2548 4369 2686 4421 ante
2730 4369 2832 4423 Dei
2880 4369 3182 4440 thronum,
3211 4380 3522 4434 cantantes
3572 4379 3627 4435 ei

1969 4449 2270 4507 canticum
2298 4464 2550 4522 novum,
2581 4452 2697 4509 hoc
2742 4458 2832 4510 est
2883 4457 3213 4525 gaudentes
3239 4475 3380 4517 cum
3427 4479 3499 4521 eo
3548 4465 3634 4523 de

1969 4538 2169 4594 carnis
2188 4539 2634 4614 incorruptione
2653 4542 2714 4599 in
2735 4548 3111 4617 perpetuum.
3132 4549 3306 4613 Quod
3325 4554 3626 4610 canticum

1967 4626 2343 4701 licetpossint
2363 4631 2590 4699 audire,
2606 4647 2785 4689 nemo
2801 4638 3003 4690 tamen
3016 4638 3231 4707 poterit
3239 4638 3436 4698 dicere
3458 4657 3628 4698 sanc-

1969 4720 2188 4786 torum,
2221 4719 2334 4775 nisi
2374 4718 2475 4775 illa
2503 4720 2764 4777 candida
2790 4722 2963 4780 turba
2992 4720 3624 4787 incontaminatorum.

1973 4809 2108 4863 Hinc
2131 4823 2271 4863 cum
2298 4809 2616 4864 verissime
2638 4809 2722 4866 ita
2745 4815 2901 4879 sunt,
2936 4813 3135 4870 audite
3169 4815 3419 4875 obsecro
3444 4824 3502 4876 et
3525 4835 3629 4876 au-

1971 4895 2138 4953 ribus
2164 4897 2449 4970 percipite
2477 4912 2690 4967 omnes
2717 4899 2821 4971 qui
2850 4900 3083 4958 habetis
3113 4903 3397 4964 audiendi
3427 4924 3623 4979 aures,

1973 4985 2196 5057 quibus
2226 4986 2426 5043 adhuc
2455 4988 2547 5045 fas
2576 4992 2664 5044 est
2682 4988 2761 5044 ad
2791 4990 3075 5061 angelicae
3100 4994 3404 5067 privilegia
3428 5001 3629 5057 castis-

1972 5074 2110 5131 tatis
2132 5090 2472 5148 assurgere,
2487 5082 2545 5133 et
2558 5081 2682 5132 tam
2697 5077 2968 5149 praeclari
2990 5082 3365 5142 contubernii
3384 5087 3627 5147 societa-

1973 5168 2094 5220 tem
2119 5165 2448 5237 acquirere,
2464 5169 2641 5237 atque
2661 5181 2797 5221 cum
2819 5167 2904 5222 eis
2926 5172 3051 5225 tam
3076 5169 3314 5230 dulcem
3334 5177 3476 5232 novi
3495 5192 3628 5235 can-

1974 5254 2073 5309 tici
2100 5254 2425 5311 melodiam
2454 5269 2797 5326 personare.
2826 5257 3169 5332 Properate,
3199 5264 3434 5335 currite,
3467 5266 3626 5324 festi-

1975 5348 2132 5412 nate,
2148 5361 2218 5400 ac
2232 5360 2533 5401 memores
2542 5345 2745 5402 uxoris
2762 5347 2929 5417 Loth,
2944 5354 3101 5407 retro
3115 5354 3409 5426 respicere
3423 5354 3623 5411 nolite.

1973 5432 2250 5490 Putidam
2270 5434 2569 5491 luxuriam
2590 5434 2793 5507 fugite,
2812 5439 3084 5496 carnales
3114 5444 3628 5516 concupiscentias

1977 5523 2220 5581 calcate.
2251 5526 2457 5581 Omnis
2501 5542 2643 5584 caro
2693 5527 2919 5598 fenum,
2952 5536 3010 5587 et
3052 5534 3251 5589 omnis
3286 5532 3474 5604 gloria
3499 5534 3627 5605 ejus

1975 5617 2269 5687 tanquam
2301 5615 2414 5673 ﬂos
2442 5614 2582 5672 feni.
2615 5617 2747 5673 Haec
2795 5620 3197 5679 exhortatoria
3234 5621 3428 5679 cordis
3454 5625 3628 5679 vestri
