3950 6178
360 118 465 171 839

967 113 1310 167 HUCBALDI
1351 111 1516 166 MON.
1560 109 1618 163 S.
1660 107 1926 163 AMANDI
1970 106 2119 160 OPP.
2162 107 2337 162 PARS
2378 107 2420 161 l.
2464 139 2530 146 —
2575 103 3168 164 HAGIOGRAPHICA.

3682 109 3782 161 840

359 241 672 311 penetrent
702 235 887 300 imita,
914 250 1048 305 quae
1093 248 1212 287 non
1262 249 1332 286 ex
1380 232 1529 288 meis
1559 231 1736 296 edita,
1791 229 1897 286 sed
1945 244 2018 284 ex
2053 232 2100 283 Α
2129 229 2480 286 muliebrem
2527 229 2829 304 superavit
2876 229 3177 296 affectum,
3209 243 3318 283 nec
3349 244 3536 300 passa
3562 233 3655 284 est
3677 229 3784 286 sibi

361 327 550 400 patris
598 321 905 393 Augustini
953 321 1212 376 doctoris
1259 321 1478 391 egregii
1534 319 1752 387 verbis,
1792 317 2016 392 quibus

359 415 615 482 virgines
666 412 951 470 hortatur,
1002 414 1143 464 sunt
1195 415 1466 465 mutuata
1520 407 1895 479 (Αυρυετ.ἶάε
1949 407 2012 462 S.

373 504 527 570 Virg.
581 514 712 569 cap.
760 499 868 565 '27).
926 520 951 544 ‹‹
1017 497 1260 566 Pergite,
1321 497 1618 570 inquiens,
1679 495 1867 551 sancti
1917 494 2015 549 Dei

359 588 525 662 pueri
545 593 599 642 et
624 586 858 658 puellae,
878 603 1076 642 mares
1101 586 1357 654 feminae,
1379 586 1619 642 caelibes
1649 591 1706 641 et
1725 585 2012 657 innuptae,

356 677 580 750 pergite
602 681 1061 749 perseveranter
1103 677 1162 732 in
1201 678 1406 746 tinem,
1425 675 1667 732 laudate
1697 673 2012 730 Dominum

353 766 589 822 dulcius
637 782 824 839 quam
871 766 1144 835 cogitatis
1195 767 1480 831 uberius;
1525 770 1758 839 sperate
1785 764 2014 820 felicius

355 857 450 912 cui
473 856 704 912 servitis
735 855 1084 922 instantius;
1117 863 1314 912 amate
1341 855 1645 912 ardentius
1699 853 1793 910 cui
1821 853 2016 926 place-

359 945 430 1001 tis
461 944 776 1009 attentius;
809 944 1029 1000 lumbis
1059 945 1338 1000 accinctis
1383 949 1440 1000 et
1468 943 1725 999 lucernis
1759 942 2016 998 ardenti-

357 1035 471 1091 bus
502 1037 836 1106 exspectate
879 1033 1197 1088 Dominum
1252 1033 1500 1104 quando
1534 1031 1731 1086 veniat
1783 1031 1860 1087 ad
1908 1047 2014 1086 nu-

357 1123 530 1196 ptias.
561 1125 673 1175 Vos
702 1120 958 1176 afferetis
999 1121 1074 1176 ad
1129 1121 1370 1193 nuptias
1398 1121 1544 1191 Agni
1571 1120 1872 1176 canticum
1902 1135 2011 1175 no-

356 1228 499 1266 vum
525 1210 689 1282 quod
720 1209 1034 1265 cantabitis
1055 1210 1114 1264 in
1147 1209 1384 1266 citharis
1408 1208 1617 1264 vestris
1663 1208 1867 1281 utique
1898 1207 2011 1263 tale

357 1299 538 1373 quale
579 1314 760 1354 nemo
806 1300 1017 1371 poterit
1063 1299 1257 1356 dicere
1286 1298 1401 1354 nisi
1442 1314 1573 1354 vos.
1604 1320 1632 1346 »
1656 1299 1726 1354 Et
1748 1296 2014 1370 sequitur

356 1394 488 1462 post
519 1404 715 1461 pauca
747 1405 758 1442 :
796 1411 822 1436 ‹‹
851 1388 1180 1460 Sequimini
1223 1403 1384 1457 eum,
1413 1387 1557 1460 quia
1600 1390 1659 1442 et
1690 1386 1840 1455 Agni
1871 1403 2011 1442 caro

357 1477 560 1549 utique
586 1476 755 1545 virgo
785 1481 890 1531 est.
929 1475 1256 1548 Sequimini
1285 1492 1423 1531 eum
1450 1474 1783 1544 virginitate
1815 1473 2011 1529 cordis

2128 319 2426 376 dominari
2456 321 2685 378 luctum
2713 319 2922 376 mortis
2966 318 3122 385 ﬁliae,
3175 317 3267 374 vel
3305 334 3433 374 esse
3461 317 3548 373 ibi
3586 317 3782 374 locum

2128 407 2393 479 tristitiae,
2436 410 2537 466 ubi
2568 409 2781 469 natalis
2814 409 3147 466 celebratur
3173 408 3322 464 vitae.
3368 411 3453 472 Et,
3484 411 3551 463 ut
3579 409 3782 481 paucis

2126 496 2435 554 absolvam
2457 499 2642 569 digna
2672 497 2997 567 memorias,
3015 497 3282 553 debitum
3311 496 3650 570 sepeliendi
3669 497 3784 552 otii-

2125 585 2285 641 cium
2306 587 2638 660 completur
2653 587 2920 644 ﬁdelium
2941 602 3127 654 more,
3147 591 3376 642 remota
3400 587 3630 642 charos
3653 602 3781 642 suos

2122 674 2368 745 lugendi
2406 676 2857 732 consuetudine.
2894 677 2986 733 Sic
3014 680 3261 732 exactus
3291 680 3384 732 est
3413 675 3681 748 primus,
3711 676 3778 729 sic

2125 765 2444 828 secundus,
2479 766 2563 821 sic
2588 766 2791 822 tertius
2823 765 3202 838 sequentium
3239 781 3300 820 se
3331 763 3777 820 solemnitatum

2121 853 2273 908 dies.
2309 856 2530 919 Quarto
2570 854 2831 927 denique
2879 853 3234 910 succedente
3276 853 3372 910 die
3418 870 3548 926 quo
3582 860 3783 909 sancta

2122 942 2327 999 recolit
2379 943 2637 1000 Ecclesia
2682 943 3154 1000 victimationem
3217 943 3628 1015 parvulorum
3687 959 3782 1016 pro

2121 1031 2348 1088 Christo
2371 1032 2447 1088 ab
2475 1033 2700 1090 Herode
2718 1033 3151 1104 jugulatorum,
3167 1037 3224 1088 et
3239 1031 3660 1088 miserabilem
3677 1048 3784 1088 ma-

2123 1125 2278 1176 trum
2311 1122 2634 1189 tristitiam;
2662 1122 2926 1195 prudens
2949 1120 3240 1177 Rictrudis
3267 1121 3464 1176 sciens
3491 1121 3652 1193 quid
3672 1122 3784 1176 cui-

2119 1226 2239 1282 que
2268 1211 2510 1267 deberet
2539 1210 2864 1284 inpendere
2897 1209 3169 1283 tempori,
3202 1215 3259 1265 et
3286 1209 3433 1282 quia
3466 1216 3717 1282 tempus
3739 1217 3787 1266 et

2121 1303 2394 1372 tempora
2426 1299 2542 1355 sint
2565 1299 2732 1354 omni
2762 1299 2844 1354 rei
2893 1298 3008 1353 sub
3059 1297 3228 1367 caalo,
3258 1299 3521 1371 ideoque
3583 1298 3785 1354 distin-

2121 1403 2310 1458 guens
2337 1392 2573 1459 tempus
2593 1386 2899 1458 gaudendi
2919 1392 2976 1442 et
3001 1391 3239 1458 tempus
3269 1386 3477 1454 ﬂendi,
3507 1393 3655 1460 post
3704 1403 3787 1442 εει.

2120 1493 2360 1532 crorum
2406 1476 2769 1550 expletiones
2817 1476 3260 1548 mysteriorum,
3293 1475 3526 1548 quibus
3585 1476 3670 1532 ad
3703 1478 3787 1532 Dei

355 1570 413 1621 et
440 1564 636 1621 carnis
682 1580 1047 1636 quocunque
1090 1564 1237 1620 ierit.
1289 1565 1441 1629 Quid
1491 1568 1579 1619 est
1629 1563 1790 1618 enim
1837 1562 2008 1634 sequi
2050 1583 2089 1635 Β
2119 1565 2361 1621 laudem
2385 1566 2611 1622 eisdem
2632 1565 2853 1622 sanctis
2869 1565 3236 1636 martyribus
3259 1565 3788 1622 honorexhibetnr

355 1653 467 1709 nisi
515 1653 782 1709 imitari?
827 1653 975 1725 quia
997 1653 1264 1710 Christus
1297 1670 1407 1726 pro
1451 1653 1618 1709 vobis
1646 1668 1862 1726 passus
1899 1654 2008 1720 est,

353 1743 697 1815 relinquens
726 1743 903 1798 vobis
935 1742 1280 1816 exemplum
1315 1749 1376 1798 ut
1405 1741 1738 1814 sequamini
1766 1740 2012 1808 vestigia

354 1831 484 1902 ejus
518 1832 568 1901 (Ι
595 1831 758 1886 Petr.
794 1847 852 1899 ιι,
881 1831 993 1901 2t).
1019 1853 1046 1878 »

989 1921 1211 1976 CAPUT
1251 1919 1375 1974 XII.

814 2009 1146 2064 Marcianis
1176 2023 1236 2064 se
1264 2008 1542 2064 recludit.

427 2096 716 2153 Rictrudis
739 2096 915 2165 igitur
942 2083 1042 2150 Dei
1069 2095 1260 2151 ﬁdelis
1290 2096 1514 2151 femina
1538 2112 1672 2168 quae
1725 2111 1789 2151 se
1821 2101 2006 2152 totam

354 2186 435 2242 illi
484 2185 545 2241 in
585 2190 794 2241 sancta
833 2185 1152 2240 devoverat
1182 2185 1565 2253 continentia,
1598 2189 1713 2240 tres
1767 2200 2010 2257 quoque

355 2273 508 2329 tilias
533 2273 636 2328 uni
663 2273 1048 2345 despondeas
1080 2272 1204 2327 viro
1250 2273 1478 2328 Christo
1503 2273 1562 2328 in
1602 2278 1771 2328 aetate
1811 2273 2010 2328 adhuc

356 2367 578 2434 tenera,
630 2367 692 2417 ut
745 2362 894 2431 Agni
946 2378 1181 2435 semper
1233 2367 1622 2435 sequerentur
1661 2361 1925 2433 vestigia,
1957 2367 2014 2417 et

355 2453 654 2509 canticum
688 2452 852 2524 quod
883 2451 984 2507 illa
1013 2453 1302 2524 nequibat
1321 2453 1450 2522 jam
1479 2469 1585 2525 per
1631 2469 1713 2518 se,
1745 2469 1852 2525 per
1878 2468 2012 2508 sua-

355 2558 492 2596 rum
517 2540 774 2596 citharas
800 2540 1061 2596 ﬁliarum
1091 2540 1144 2596 ei
1170 2541 1387 2597 faceret
1420 2557 1783 2614 personare;
1814 2541 2009 2596 omni—

355 2629 470 2686 bus
522 2633 644 2685 tam
710 2629 1007 2701 sapienter
1073 2629 1378 2702 dispositis
1427 2635 1485 2685 et
1551 2629 1779 2685 cunctis
1832 2634 2012 2688 exuta

355 2718 552 2775 saeculi
577 2719 754 2787 curis,
774 2719 1159 2790 gymnasium
1182 2719 1600 2776 monasteriale
1623 2720 1727 2775 ubi
1748 2719 2010 2776 stadium

355 2809 485 2864 vitae
538 2807 845 2881 praesentis
890 2809 1266 2878 agonizando
1297 2814 1687 2880 percurreret,
1717 2814 1774 2864 et
1803 2814 2011 2864 contra

353 2897 664 2954 diabolum
684 2896 969 2954 luctando
994 2897 1339 2965 decertaret,
1359 2897 1828 2971 palaestricorum
1844 2914 2010 2954 more

356 2988 437 3042 sic
467 2987 632 3042 nuda
657 3003 731 3042 ne
750 2987 813 3042 in
835 2986 1037 3059 aliquo
1065 2987 1144 3042 ab
1166 2986 1510 3042 adversario
1535 2987 1802 3058 maligno
1829 2988 2012 3044 teneri

354 3078 577 3148 posset,
609 3080 666 3132 et
694 3074 827 3131 oleo
864 3079 1154 3148 peruncta
1212 3072 1414 3144 gratia:
1458 3074 1716 3130 cmlestis
1756 3074 2008 3146 ingredi-

353 3169 467 3228 tur,
501 3168 559 3221 et
580 3164 752 3234 juxta
781 3164 948 3236 quod
978 3163 1059 3218 ait
1086 3163 1425 3236 Apostolus,
1457 3164 1518 3219 in
1549 3179 1743 3234 agone
1773 3168 2011 3220 conten-

351 3253 502 3309 dens
542 3251 621 3308 ab
664 3251 950 3308 omnibus
1003 3267 1064 3306 se
1120 3251 1396 3318 abstinet,
1448 3268 1677 3325 suoque
1733 3253 2010 3326 exemplo

353 3341 509 3398 ﬁlias
557 3341 754 3397 vivere
804 3341 1030 3397 edocet.
1083 3343 1390 3398 Mauronto
1449 3341 1848 3414 primogenito
1900 3359 2010 3399 suo

355 3430 555 3487 adhuc
583 3429 645 3485 in
675 3429 872 3487 laicali
912 3428 1124 3486 habitu
1142 3429 1444 3500 regalibus
1473 3430 1777 3503 obsequiis
1805 3447 1877 3488 ac
1903 3447 2010 3488 ne-

351 3518 524 3590 gotiis
549 3518 906 3576 militaribus
936 3535 1184 3593 corpore
1204 3518 1404 3592 potius
1446 3536 1635 3593 quam
1674 3525 1872 3577 mente
1912 3521 2012 3577 de-

348 3608 618 3675 tento,de
647 3607 848 3681 quoin
872 3609 1262 3680 sequentibus
1289 3613 1667 3680 opportunus
1697 3609 1807 3665 erit
1831 3609 2006 3666 vobis

352 3714 573 3754 sermo.

984 3787 1211 3843 CAPUT
1249 3787 1383 3844 XIII.

473 3875 808 3931 Adalsinde
833 3877 978 3944 ﬁlias
1007 3882 1254 3933 mortem
1282 3877 1408 3945 fert
1445 3877 1878 3947 aequanimiter.

423 3960 540 4016 Illis
561 3961 740 4032 igitur
767 3961 982 4018 diebus
1016 3963 1268 4020 moritur
1290 3962 1646 4019 Adalsendis
1680 3963 2008 4021 novissima

351 4048 612 4106 ﬁliarum
642 4051 797 4120 ejus,
822 4055 880 4106 et
906 4067 1042 4123 quae
1071 4055 1379 4124 postrema
1409 4051 1599 4108 fuerat
1631 4050 1902 4123 ingressa
1922 4053 2009 4124 ja-

350 4150 538 4194 nuam
591 4137 724 4193 vitae
772 4138 1100 4210 praesentis,
1133 4139 1330 4211 prima
1381 4139 1712 4209 ingreditur
1752 4141 2005 4211 januam

349 4226 578 4283 mortis.
595 4229 662 4282 Et
675 4241 861 4298 quare
883 4225 1140 4282 dicimus
1155 4227 1426 4295 moritur,
1440 4245 1581 4285 cum
1596 4229 2005 4288 anniversaria

351 4314 554 4371 circuli
579 4314 950 4372 revolutione
977 4314 1114 4388 ipsa
1144 4321 1530 4375 sacrosancta
1548 4319 1869 4376 Dominicae
1896 4323 2004 4376 Na-

349 4404 591 4461 tivitatis
622 4403 1033 4476 solemnitatis,
1055 4403 1304 4476 quando
1325 4405 1465 4463 huic
1488 4407 1719 4464 mundo
1744 4409 2003 4482 peccatis

347 4497 585 4549 mortuo
611 4492 854 4548 advenit
867 4492 1203 4549 remedium
1219 4509 1340 4566 quo
1364 4510 1528 4550 mors
1549 4512 1688 4552 cum
1711 4513 1819 4553 suo
1841 4497 2007 4568 fuga-

348 4585 445 4638 tur
473 4581 761 4655 principe,
796 4582 924 4638 haec
954 4597 1079 4639 non
1105 4587 1360 4653 mortua,
1395 4583 1503 4640 sed
1544 4585 1744 4657 potius
1775 4585 1894 4642 luci
1918 4588 2004 4644 vi-

347 4674 543 4744 ttaque
577 4670 650 4727 sit
677 4669 837 4727 edita
864 4675 1168 4744 perpetuae
1200 4672 1344 4743 (577)
1366 4674 1394 4729 ‘2
1413 4676 1483 4728 At
1511 4671 1674 4730 bona
1712 4674 2003 4731 Rictrudis

349 4758 502 4815 inter
523 4759 778 4815 adversa
803 4758 970 4816 fortis
995 4764 1052 4816 et
1078 4759 1443 4831 longanimis
1468 4761 1616 4834 quid
1645 4765 1786 4819 tunc
1807 4770 2008 4835 ageret

346 4847 587 4904 duabus
612 4847 725 4904 sibi
745 4848 1194 4905 occurrentibus
1207 4849 1622 4906 affectionibus
1634 4851 1820 4909 animi
1833 4853 2004 4911 valde

347 4936 679 5004 contrariis,
715 4937 922 5008 gaudii
975 4937 1196 4995 scilicet
1225 4955 1294 4996 ac
1333 4940 1641 5009 maeroris;
1675 4942 1823 4998 dum
1866 4943 2005 5000 hinc

350 5021 724 5082 intonantem
753 5029 876 5083 toto
892 5026 1022 5083 orbi
1053 5027 1286 5085 audiret
1313 5028 1596 5097 angelum
1621 5047 1633 5084 :
1663 5031 1814 5088 Ecce
1830 5047 2005 5089 evan-

348 5113 536 5181 gelizo
561 5116 721 5170 vobis
749 5117 1040 5185 gaudium
1067 5133 1352 5187 magnum
1381 5119 1540 5188 quod
1564 5126 1691 5175 erat
1719 5123 1883 5177 omni
1904 5139 2004 5192 po-

345 5200 494 5269 pulo
521 5200 690 5269 (Luc.
709 5203 771 5272 ιι)
791 5221 803 5269 ;
825 5203 965 5260 hinc
983 5203 1171 5263 ﬁliam
1194 5221 1370 5262 suam
1395 5221 1517 5279 prce
1547 5208 1738 5264 oculis
1759 5209 2008 5268 haberet

347 5291 832 5362 mortam,quam
847 5308 976 5348 esse
1005 5293 1333 5352 dolendam
1349 5295 1480 5368 ipsa
1510 5302 1739 5353 naturte
1770 5307 2008 5369 cogeret

348 5376 643 5436 conditio!
672 5377 860 5435 Virilis
892 5385 1090 5439 tamen
1115 5384 1282 5455 quod
1308 5385 1360 5440 ei
1391 5385 1578 5442 inerat
1608 5387 1790 5444 animi
1822 5391 2007 5457 robur

2121 1671 2244 1710 non
2287 1655 2480 1724 dolor,
2529 1659 2788 1727 votaque
2837 1655 3059 1711 dantur
3111 1655 3625 1712 caeremoniarum
3677 1672 3785 1712 non

2119 1744 2565 1816 lacrymarum;
2599 1761 2739 1800 cum
2797 1743 2910 1800 sibi
2937 1743 3282 1816 ceterisque
3315 1745 3787 1800 sanctimoniali-

2119 1830 2233 1886 bus
2252 1831 2384 1902 jam
2411 1835 2624 1903 parata
2652 1835 2814 1886 esset
2840 1829 3078 1886 refectio
3107 1846 3456 1902 corporum,
3507 1830 3620 1886 illa
3653 1848 3785 1888 con-

2119 1919 2340 1975 vocatis
2369 1919 2678 1989 omnibus,
2702 1919 2813 1975 ait:
2845 1922 3009 1975 Nunc
3035 1923 3233 1974 vestra
3257 1919 3523 1984 socialis,
3551 1936 3594 1975 o
3617 1920 3784 1976 dilec-

2121 2013 2192 2063 tae
2222 2023 2476 2078 sorores,
2505 2007 2762 2064 charitas
2789 2011 2894 2077 est,
2942 2011 3000 2062 et
3022 2006 3098 2062 de
3123 2006 3296 2062 donis
3340 2007 3443 2062 Dei
3484 2024 3638 2063 cum
3667 2024 3788 2078 gra—

2120 2096 2337 2152 tiarum
2386 2095 2650 2151 actiones
2694 2094 3060 2167 participans
3104 2095 3399 2164 gaudeat;
3430 2113 3534 2151 me
3587 2103 3783 2153 autem

2119 2184 2395 2257 exemplo
2447 2183 2832 2240 dominarum
2887 2199 3183 2250 mearum,
3239 2188 3508 2240 matrum
3569 2185 3786 2241 scilicet

2120 2272 2636 2328 sanctissimorum
2678 2288 3004 2345 puerorum
3054 2273 3491 2341 innocentium,
3525 2289 3785 2346 quarum

2120 2362 2411 2418 hodierna
2441 2361 2536 2416 die
2565 2360 2834 2442 ploratus
2860 2365 2916 2417 et
2947 2360 3209 2416 ululatus
3239 2361 3488 2417 auditus
3515 2367 3617 2418 est
3647 2362 3786 2418 mul-

2121 2457 2235 2518 tus,
2267 2467 2467 2506 meam
2499 2466 2743 2522 quoque
2794 2449 3242 2506 innocentulam
3292 2450 3578 2522 quodam
3611 2452 3786 2508 modo

2121 2540 2296 2596 simili
2326 2541 2441 2596 hoc
2471 2544 2559 2596 est
2612 2539 2938 2595 immatura
2971 2543 3162 2596 morte
3186 2545 3562 2612 praereptam
3590 2540 3787 2611 lugere

2118 2630 2439 2704 permittat.
2472 2629 2566 2684 His
2593 2628 2765 2685 dictis
2790 2629 3052 2684 amicum
3084 2630 3327 2685 mcerori
3354 2628 3569 2686 locum
3609 2646 3788 2686 secre-

2118 2724 2248 2776 tum
2274 2717 2458 2790 petiit,
2489 2721 2668 2790 atque
2699 2721 2764 2772 ut
2791 2721 3022 2772 naturae
3049 2716 3434 2789 competebat
3471 2717 3672 2775 dolori
3703 2735 3790 2774 sa-

2120 2807 2352 2863 tisfecit.
2369 2806 2792 2863 Olaudabilem
2804 2807 3296 2864 etimitabilemin
3307 2807 3793 2880 prudentia,lon-

2120 2893 2467 2963 ganimitate
2496 2900 2553 2951 et
2583 2895 2867 2967 patientia
2887 2897 3194 2964 feminam,
3222 2913 3412 2969 quam
3442 2896 3705 2954 laudant
3726 2898 3788 2954 in

2119 2984 2306 3055 portis
2334 3000 2518 3058 opera
2547 2985 2597 3056 ej
2609 2985 2710 3040 us!
2744 3001 2780 3040 ο
2812 2986 3122 3042 mulierem
3148 2985 3548 3059 fortemque
3571 2986 3634 3043 in
3660 3003 3786 3044 cas-

2118 3072 2278 3130 titate
2309 3074 2568 3130 accinxit
2601 3073 2944 3132 fortitudine
2985 3074 3229 3131 lumbos
3263 3091 3433 3145 suos,
3461 3082 3522 3132 et
3553 3077 3620 3132 in
3646 3075 3787 3132 boni

2117 3162 2557 3234 perseverantia
2606 3163 2805 3236 operis
2857 3164 3162 3220 roboravit
3208 3163 3534 3221 brachium
3588 3182 3784 3232 suum,

2117 3250 2374 3325 ideoque
2404 3268 2526 3308 non
2563 3257 2653 3308 est
2695 3253 2988 3310 exstincta
3036 3253 3096 3310 in
3127 3260 3301 3313 nocte
3332 3253 3591 3312 lucerna
3619 3256 3782 3327 ejus!

2740 3344 2969 3399 CAPUT
3007 3342 3145 3399 XIV.

2542 3432 2856 3488 Mauronti
2881 3435 3009 3502 ejus
3036 3432 3154 3501 ﬁlii
3187 3438 3377 3502 gesta.

2190 3512 2749 3592 Verum—quoniam
2805 3521 2867 3576 in
2915 3520 3395 3594 praecedentibus
3463 3521 3629 3579 beati
3680 3523 3780 3578 viri

2117 3609 2404 3665 Mauronti
2434 3609 2589 3665 facta
2618 3615 2708 3665 est
2735 3609 2980 3682 mentio,
3011 3625 3136 3666 non
3167 3610 3246 3666 ab
3274 3627 3338 3666 re
3381 3611 3629 3668 videtur
3655 3613 3784 3668 bre-

2120 3699 2264 3753 viter
2311 3697 2459 3771 quid
2515 3698 2886 3755 narrandum
2935 3698 3009 3754 de
3041 3715 3132 3755 eo.
3179 3699 3286 3754 Hic
3339 3699 3527 3770 igitur
3563 3699 3781 3772 egregii

2119 3787 2443 3844 sacerdotis
2467 3787 2678 3845 Christi
2698 3788 2953 3846 Richarii
2973 3788 3037 3844 in
3061 3788 3430 3863 baptismate
3459 3790 3780 3864 spiritualis

2116 3877 2333 3933 exstitit
2357 3876 2533 3933 ﬁlius.
2568 3876 2794 3934 Accidit
2822 3895 2965 3935 vero
2995 3878 3347 3952 aliquando,
3377 3883 3448 3934 ut
3493 3879 3661 3936 idem
3689 3896 3783 3936 vc-

2116 3965 2400 4022 nerabilis
2432 3967 2713 4041 sacerdos
2743 3971 2867 4023 tam
2894 3984 3005 4041 pro
3035 3967 3347 4025 sanctitate
3375 3984 3579 4041 quam
3607 3970 3783 4026 etiam

2115 4071 2226 4128 pro
2279 4033 2695 4124 familiaritate,
2741 4033 2981 4112 beatam
3037 4072 3194 4129 equo
3240 4033 3453 4113 vectus
3507 4057 3785 4115 inviseret

2116 4144 2474 4200 Rictrudem.
2515 4145 2786 4218 Cumque
2830 4150 2966 4218 post
3011 4161 3182 4202 sacra
3213 4145 3523 4219 colloquia
3563 4148 3786 4221 quibus

2116 4234 2336 4306 pariter
2362 4233 2568 4290 dulces
2594 4235 2728 4290 vitae
2750 4234 3002 4292 caelestis
3025 4240 3414 4308 sumpserunt
3439 4237 3679 4310 epulas,
3700 4237 3790 4293 vir

2117 4323 2218 4379 Dei
2232 4338 2566 4380 conscenso
2589 4340 2744 4398 equo
2763 4323 2956 4381 redire
2971 4323 3148 4382 vellet
3169 4323 3248 4381 ad
3264 4326 3550 4399 propria;
3574 4327 3789 4384 eadem

2114 4427 2357 4485 quoque
2387 4411 2485 4468 Dei
2527 4412 2756 4469 famula
2796 4410 3130 4470 dilectionis
3156 4429 3397 4471 causaa
3424 4414 3620 4472 domo
3640 4431 3792 4489 pan-

2113 4499 2304 4557 Iulum
2336 4516 2656 4574 progressa
2679 4506 2786 4572 est,
2811 4507 3051 4574 gestans
3069 4504 3132 4558 in
3152 4502 3309 4558 ulnis
3331 4519 3517 4561 suum
3536 4505 3794 4578 quidem

2113 4589 2372 4646 naturali
2403 4591 2804 4660 generatione,
2836 4591 2994 4647 illius
3023 4596 3226 4648 autem
3275 4592 3577 4665 spirituali
3606 4610 3794 4666 gene—

2111 4679 2344 4735 ratione
2366 4678 2637 4746 ﬁliolum,
2663 4679 2793 4751 ejus
2817 4684 3024 4737 secuta
3051 4679 3303 4751 vestigia
3328 4685 3638 4754 quatenus
3654 4683 3793 4756 ipse

2111 4767 2400 4842 parvulus
2418 4766 2834 4824 benedictione
2859 4770 3189 4826 muniretur
3204 4773 3477 4843 paterna.
3503 4770 3624 4828 Sed
3643 4787 3796 4828 cum

2107 4857 2237 4929 jam
2269 4857 2355 4914 vir
2371 4858 2472 4914 Dei
2487 4874 2645 4932 equo
2669 4858 2883 4915 sedens
2899 4859 3181 4916 eumdem
3207 4858 3268 4914 in
3295 4860 3587 4916 manibus
3618 4877 3796 4918 acce-

2113 4947 2297 5023 pisset
2319 4947 2608 5004 infantem
2629 4949 2752 5005 sive
2769 4949 2849 5006 ad
2865 4948 3347 5006 benedicendum
3368 4949 3497 5007 sive
3511 4950 3595 5008 ad
3614 4950 3802 5009 deos-

2114 5036 2462 5105 culandum,
2478 5038 2752 5093 omnium
2768 5038 3070 5095 bonorum
3090 5038 3277 5094 hostis
3309 5043 3368 5094 et
3384 5037 3636 5095 invidus
3660 5040 3800 5096 dia-

2114 5125 2289 5180 bolus
2310 5127 2606 5183 insolitam
2639 5127 2884 5184 immisit
2910 5143 3068 5202 equo
3098 5127 3230 5198 ejus
3264 5126 3661 5185 ferocitatem.
3686 5136 3800 5185 Ar-

2114 5213 2483 5286 reptitiorum
2506 5231 2768 5287 namque
2787 5231 2954 5272 more
2976 5214 3610 5285 insaniens,dentibus
3633 5215 3801 5274 fren-

2115 5303 2548 5378 dens,pedibus
2560 5304 2897 5372 calcitrans,
2911 5302 3166 5361 nimium
3179 5303 3375 5360 valido
3385 5303 3507 5361 hoc
3517 5304 3795 5380 illucque

2117 5393 2346 5466 impetu
2357 5393 2720 5462 discurrens,
2739 5393 3108 5464 geminatum
3131 5395 3425 5468 utrisque,
3453 5394 3571 5451 sed
3594 5411 3794 5453 unum

353 5623 356 5626 ,
419 5558 507 5630 (57
517 5559 590 5632 7).
626 5563 682 5617 S.
715 5557 1060 5615 Adalsindis
1087 5558 1148 5615 in
1179 5564 1594 5636 Martyrologio
1629 5569 2006 5626 Benedictino
2037 5570 2287 5644 aliisque
2315 5572 2647 5631 celebratur
2679 5591 2783 5632 Vlll
2812 5575 3062 5632 Kalend.
3092 5573 3376 5632 Januarii.
