3950 6178
174 134 265 188 845

1404 133 1563 186 γιΤΑ
1601 130 1890 185 SANC'I‘E
1930 131 2317 191 RICTRUDIS.

3462 145 3602 199 846

174 272 236 311 ea
261 254 499 309 diverso
528 252 732 319 modo,
764 258 1063 325 quatenus
1084 270 1122 311 a
1150 254 1253 310 tali
1278 257 1655 310 revocaretur
1674 252 1825 307 desi-
1854 256 1901 308 A
1929 255 2140 323 fundit
2170 264 2421 315 matrem
2438 275 2610 316 suam
2635 261 2838 331 (Prov.
2856 264 3021 329 XXIX).
3045 261 3326 336 Audiqne
3350 264 3585 336 Scriptu

174 343 346 399 derio.
381 340 482 397 Illa
506 345 708 396 autem
738 345 968 399 cunctis
998 343 1255 399 multum
1284 342 1585 399 constanti
1614 342 1826 398 renite-

176 434 342 490 batur
365 430 646 503 alloquio.
698 432 809 496 Qui
853 432 1001 488 dum
1032 431 1419 489 inﬂexibilem
1463 433 1593 503 ejus
1620 447 1823 488 cerne-

174 526 293 579 rent
321 520 596 577 animum
640 522 816 576 matri
864 521 1161 578 dederunt
1198 522 1540 590 consilium,
1573 527 1638 578 ut
1662 521 1825 577 illam

175 612 244 668 ad
286 611 554 682 cupitum
612 611 803 665 redire
848 611 1212 682 permitteret
1264 611 1485 667 locum.
1548 610 1721 676 Quod
1773 615 1831 665 et

174 704 354 756 mater
382 699 594 753 annuit
622 699 757 754 licet
788 699 990 762 invita,
1024 698 1369 769 religiosam
1400 698 1556 755 illius
1585 712 1830 755 conver-

176 788 458 843 sationem
480 787 766 842 suasoriis
809 787 1104 843 roborans
1135 789 1399 853 monitis,
1435 791 1673 860 Deoque
1702 802 1832 860 pre-

174 879 333 933 cibus
359 894 494 932 eam
517 877 955 933 commendans
982 879 1187 933 sacris.
1204 880 1347 943 Quae
1367 878 1473 933 diu
1492 876 1830 932 desiderato

174 968 351 1042 potita
397 972 674 1022 votorum
718 966 952 1031 effectu,
985 984 1127 1023 cum
1164 966 1334 1024 omni
1364 983 1477 1022 sua
1508 966 1827 1039 plebicula,

172 1062 412 1129 accepto
440 1055 655 1111 iterum
686 1061 893 1111 sancto
942 1070 1063 1111 suae
1102 1056 1362 1128 proaviae
1394 1071 1644 1128 corpore
1689 1070 1827 1111 cum

171 1145 525 1201 venerandis
558 1144 820 1216 reliquiis
853 1150 1223 1203 sanctorum.
1262 1145 1508 1215 glaudio
1532 1145 1712 1217 plena
1748 1143 1830 1200 ad

174 1233 599 1289 monasterium
636 1233 948 1306 repedavit
979 1235 1374 1289 Hamaticum.
1411 1234 1614 1305 Ibique
1644 1248 1829 1303 ange-

172 1322 344 1378 licam
376 1336 563 1391 agens
599 1321 778 1377 vitam
807 1322 867 1376 in
894 1323 1082 1389 terris,
1127 1323 1187 1377 in
1216 1322 1427 1378 mediis
1458 1322 1649 1395 ipsius
1680 1321 1829 1378 ado—

172 1411 461 1467 lescentiae
490 1410 666 1466 annis
696 1411 928 1481 rapitur
954 1411 1035 1466 ad
1078 1410 1414 1467 thalamum
1458 1410 1664 1483 sponsi
1715 1426 1831 1466 cm-

168 1500 347 1568 ]estis,
389 1515 483 1567 ne,
535 1499 687 1554 sicut
735 1499 877 1554 dicit
932 1500 1253 1572 Scriptura,
1302 1500 1529 1556 malitia
1571 1502 1831 1556 mutaret

1932 359 2061 401 ram
2108 347 2404 405 dicentem
2438 367 2451 405 :
2505 351 2682 406 Filia
2727 352 2838 407 tibi
2863 357 3025 419 sunt,
3064 367 3350 410 conserva
3379 368 3595 423 corpus

1934 434 2184 492 illarum
2210 438 2410 505 (Eccti.
2429 441 2552 509 vu).
2573 440 2725 504 Quin
2749 440 2950 512 potius
2967 440 3187 497 idcirco
3207 441 3374 498 illam
3390 457 3596 498 secum

1934 538 2179 580 manere
2195 525 2516 593 desiderat,
2538 532 2600 582 ut
2615 526 2740 582 suis
2761 542 2897 583 eam
2919 527 3302 600 potissimum
3324 529 3599 587 exhorta-

1936 611 2197 668 tionibus
2226 619 2282 669 et
2307 615 2595 688 exemplis
2621 615 2700 671 ad
2729 616 3083 688 perfectiora
3110 618 3424 691 provehat.
3460 618 3600 675 Filia

1933 716 2178 773 quoque
2208 704 2337 773 ejus
2368 704 2646 773 Eusebia,
2674 703 2809 761 licet
2835 704 3057 761 caelesti
3083 706 3209 777 regi
3238 708 3311 763 sit
3338 707 3600 781 despon-

1936 795 2089 858 sata,
2122 807 2243 847 non
2299 797 2494 849 tamen
2528 794 2765 850 beatam
2822 793 3050 850 tumide
3088 800 3446 866 aspernatur
3496 800 3602 852 aut

1936 878 2189 950 despicit
2226 886 2498 949 matrem,
2533 898 2674 937 cum
2704 883 2796 939 sui
2826 882 3033 955 sponsi
3062 882 3180 939 tale
3210 883 3444 939 noverit
3469 899 3600 939 esse

1937 967 2200 1024 edictum
2232 987 2243 1023 :
2277 971 2527 1026 Honora
2547 978 2787 1041 patrem
2811 978 2868 1028 et
2897 977 3248 1041 matrem,ut
3277 973 3358 1029 sis
3385 973 3601 1042 longa-

1940 1072 2045 1111 vus
2096 1073 2279 1127 super
2325 1065 2545 1115 terram
2596 1061 2808 1127 (Exod.
2841 1061 2966 1131 xx),
3000 1060 3107 1117 sed
3133 1060 3198 1117 in
3230 1060 3363 1117 visu
3392 1060 3597 1129 gratias

1939 1144 2067 1213 ejus
2097 1146 2200 1217 qui
2231 1145 2394 1202 illam
2433 1147 2658 1204 annulo
2695 1164 2806 1205 suo
2835 1148 3317 1215 subarrhaverat,
3352 1148 3603 1221 ejusque

1939 1232 2323 1289 solummodo
2380 1234 2645 1305 ﬂagrans
2698 1235 3037 1304 dilectione,
3093 1236 3317 1294 nullius
3361 1235 3603 1292 alterius

1938 1322 2184 1391 amoris,
2239 1338 2349 1379 nec
2405 1340 2529 1379 suae
2583 1324 2829 1396 quidem
2884 1323 3093 1382 matris
3149 1324 3433 1382 affectum
3488 1324 3604 1382 sibi

1937 1410 2204 1465 exhiberi
2260 1411 2519 1477 volebat,
2584 1428 2661 1468 ne
2728 1429 2789 1469 se
2849 1413 2943 1469 vel
3006 1413 3246 1471 modico
3312 1413 3391 1470 ab
3444 1412 3606 1472 insiti

1940 1499 2186 1554 fervoris
2217 1516 2421 1556 amore
2451 1501 2809 1571 sejungeret.
2838 1501 2953 1558 Sed
2978 1506 3036 1559 et
3058 1501 3238 1559 frater
3266 1501 3411 1575 ipsis
3438 1502 3602 1561 Chri-

165 1589 522 1645 intellectum
559 1589 709 1659 ejus,
760 1595 864 1645 aut
912 1606 987 1644 ne
1018 1590 1180 1646 ﬁctio
1224 1590 1525 1662 deciperet
1555 1590 1825 1645 animam
1856 1603 1902 1657 Β
1940 1589 2013 1644 sti
2046 1588 2313 1645 minister
2358 1592 2700 1646 Maurontus
2728 1605 2852 1646 non
2879 1590 3040 1657 odio,
3082 1605 3205 1647 non
3235 1589 3603 1659 crudelitate,

164 1678 319 1733 illius
352 1695 365 1731 :
412 1683 469 1732 et
498 1684 921 1735 consummata
949 1678 1009 1733 in
1051 1678 1217 1734 brevi
1263 1678 1520 1751 explevit
1551 1684 1827 1750 tempora

167 1767 352 1823 multa
381 1767 543 1839 (Sap.
580 1772 675 1833 iv),
700 1766 918 1839 placita
949 1767 1107 1822 enim
1130 1774 1257 1823 erat
1289 1772 1405 1823 Deo
1424 1768 1628 1823 anima
1645 1767 1822 1824 illius:

163 1862 406 1929 propter
457 1855 571 1910 hoc
619 1855 962 1929 properavit
1010 1856 1261 1911 educere
1294 1856 1457 1911 illam
1508 1855 1583 1911 de
1626 1855 1825 1911 medio

163 1944 569 2017 iniquitatum.

772 2033 1004 2088 CAPUT
1041 2034 1219 2088 XVIII.

528 2123 859 2192 Objectz’oni
888 2123 1034 2178 facit
1065 2122 1212 2176 satis
1242 2128 1475 2178 auctor.

230 2210 407 2266 Enim
428 2227 567 2266 vero
592 2214 835 2283 propter
857 2211 1123 2281 ineptam
1152 2208 1560 2282 quorumdam
1578 2207 1830 2279 garruli-
1878 2224 1891 2235 ο

156 2303 350 2355 tatem
378 2297 521 2353 libet
550 2296 853 2370 paulisper
884 2295 1237 2352 cxacuando
1277 2297 1476 2352 stilum
1514 2296 1831 2370 protelare,

158 2404 294 2460 quo
346 2386 584 2441 illorum
642 2384 1054 2459 perfodiantur
1102 2385 1323 2457 lingute
1354 2386 1456 2458 qui
1502 2385 1834 2458 loquuntur

152 2476 462 2531 adversus
486 2475 681 2546 justos
702 2473 1076 2546 iniquitatem
1108 2474 1167 2528 in
1199 2473 1481 2545 superbia
1514 2478 1571 2528 et
1598 2473 1661 2528 in
1690 2472 1838 2529 abu-

160 2564 340 2618 sione
378 2562 567 2632 (Psat.
622 2579 745 2631 xxx,
802 2564 930 2632 t9):
982 2561 1087 2635 qui
1115 2566 1351 2635 ponunt
1403 2562 1463 2616 in
1493 2560 1713 2617 caelum
1766 2577 1836 2617 os

163 2669 376 2722 suum,
411 2650 559 2707 dum
603 2652 687 2706 eis
720 2651 1029 2707 detrahere
1060 2667 1182 2707 non
1214 2656 1507 2722 verentur,
1568 2652 1673 2724 qui
1706 2651 1837 2723 jam

159 2740 431 2813 exempti
481 2739 556 2795 de
615 2741 880 2805 terrenis,
926 2757 1065 2796 cum
1116 2744 1236 2796 Deo
1268 2742 1328 2796 in
1376 2740 1719 2795 coelestibus
1752 2757 1839 2796 re-

163 2845 356 2901 gnare
386 2827 649 2883 credunt.
677 2828 855 2883 Aiunt
875 2828 1033 2883 enim
1057 2829 1333 2901 strophas
1361 2833 1839 2884 commentantes

163 2917 523 2989 hujusmodi
554 2935 566 2971 :
604 2919 685 2971 En
734 2917 945 2989 quales
986 2916 1078 2971 isti
1117 2917 1399 2972 dicuntur
1428 2933 1556 2973 esse
1598 2917 1787 2974 sancti
1825 2918 1906 3002 ιο

163 3013 360 3063 mater
416 3006 727 3061 innoxiam
782 3005 1117 3078 insequitur
1164 3005 1347 3062 tiliam
1412 3009 1528 3061 Deo
1587 3006 1839 3063 militare

167 3099 498 3166 volentem,
526 3095 653 3152 ﬁlia
675 3095 829 3151 sicut
856 3096 1089 3151 hostem
1122 3096 1204 3151 sic
1234 3096 1543 3168 propriam
1566 3112 1836 3152 exsecra-

164 3192 255 3244 tur
283 3191 346 3243 et
394 3185 616 3255 refugit
657 3188 911 3241 matrem
942 3202 955 3239 :
1005 3185 1164 3241 ﬁlius
1209 3191 1400 3241 matre
1428 3192 1839 3242 consentanea

162 3292 441 3333 sororem
468 3274 746 3345 refugam
776 3276 1082 3346 asportato
1127 3274 1283 3330 clam
1318 3274 1491 3345 signo
1528 3274 1834 3346 proditam

161 3366 494 3423 dirissimis
523 3365 682 3422 velut
709 3365 847 3421 furti
886 3381 1053 3421 ream
1085 3364 1268 3421 afﬁcit
1300 3365 1653 3421 verberibus
1685 3381 1837 3437 pene

164 3472 360 3530 usque
402 3455 487 3513 ad
512 3458 787 3511 mortem.
835 3456 1029 3521 Quam
1059 3454 1169 3509 etsi
1198 3470 1322 3510 non
1353 3455 1551 3510 statim
1580 3454 1838 3527 perimit,

160 3547 348 3619 longo
403 3551 612 3602 tamen
664 3544 945 3601 dolorum
994 3545 1263 3607 cruciatu
1319 3543 1622 3599 tabescere
1680 3544 1837 3599 facit.

164 3638 440 3692 Haecine
470 3639 711 3690 sanctos
742 3637 981 3706 Ileoque
1000 3632 1253 3705 placitos
1284 3631 1550 3687 efﬁciunt
1567 3633 1596 3687 ‘t
1618 3648 1753 3704 quae
1780 3632 1844 3687 in

160 3724 284 3780 istis
316 3723 635 3790 sanctitas,
665 3738 802 3795 quae
829 3738 972 3795 pax,
1005 3737 1140 3795 quae
1169 3721 1428 3777 charitas
1448 3721 1477 3776 ?
1516 3720 1669 3786 Quid
1695 3736 1840 3790 ergo

166 3829 276 3870 nos
302 3820 433 3870 tam
462 3811 667 3869 insani
686 3811 901 3883 capitis
927 3810 1276 3867 hominibus
1306 3808 1844 3882 respondebimus?

167 3905 211 3960 Ο
260 3904 462 3960 stulta
514 3917 758 3958 vesanae
808 3899 1025 3957 mentis
1080 3898 1466 3970 arrogantia!
1530 3900 1574 3955 Ο
1626 3898 1843 3955 rabida

165 3993 491 4051 fatuorum
520 4006 647 4047 non
696 3990 1035 4059 hominum,
1066 3988 1174 4045 sed
1216 4004 1439 4045 canum
1485 3987 1843 4045 oblatratio!

164 4081 313 4155 quid
342 4080 600 4137 dabitur
614 4083 721 4135 aut
747 4077 896 4151 quid
909 4081 1249 4150 apponetur
1276 4076 1357 4133 ad
1384 4076 1655 4146 linguam
1674 4075 1846 4133 dolo-

165 4188 323 4240 sam,
354 4169 488 4227 nisi
518 4168 745 4240 sagittae
775 4167 1036 4241 potentis
1063 4172 1254 4224 acutae
1284 4167 1471 4238 (Psal.
1506 4181 1646 4233 cxrx,
1679 4166 1755 4236 3),
1788 4164 1851 4221 id

162 4264 276 4327 est,
306 4259 652 4317 verborum
682 4256 784 4314 Dei
800 4255 1229 4330 omnipotentis
1251 4254 1478 4327 jacula,
1509 4271 1584 4310 ex
1612 4258 1852 4310 sancta-

1938 1694 2113 1732 suam
2147 1677 2348 1748 ﬂagris
2388 1683 2620 1750 torquet
2662 1693 3036 1748 germanam,
3069 1678 3175 1735 sed
3202 1678 3466 1736 fraterna
3494 1695 3604 1752 po-

1938 1768 2057 1823 tius
2088 1767 2375 1823 charitate
2415 1770 2589 1840 quasi
2632 1768 3014 1840 insolentem,
3039 1774 3097 1827 et
3126 1768 3213 1840 (ut
3252 1770 3335 1837 ita
3377 1767 3605 1827 dictum

1936 1857 2032 1925 sit)
2066 1855 2247 1912 veluti
2276 1857 2509 1929 parenti
2557 1857 3021 1926 iuobedientem,
3064 1862 3130 1914 ut
3154 1857 3289 1931 ipsa
3317 1858 3606 1930 poscebat

1938 1950 2081 2000 aetas
2138 1945 2389 2016 castigat
2437 1945 2817 2013 infantulam,
2864 1946 3059 2011 sciens
3103 1946 3439 2018 scriptum:
3493 1946 3605 2012 Qui

1935 2035 2137 2103 parcit
2169 2036 2374 2105 virgae,
2415 2036 2541 2090 odit
2580 2036 2775 2103 ﬁliam
2808 2037 3012 2101 (Prov.
3042 2050 3166 2100 xm,
3205 2035 3315 2104 24).
3366 2037 3432 2090 Et
3457 2034 3605 2105 quia

1940 2124 2111 2193 virga
2136 2127 2317 2193 atque
2356 2125 2643 2179 correctio
2688 2123 2965 2179 tribuunt
3009 2124 3368 2192 sapientiam
3396 2123 3601 2192 (Prov.

1940 2228 2104 2278 xxxx,
2141 2212 2247 2282 15).
2280 2215 2344 2268 Et
2362 2212 2508 2285 quid
2539 2213 2759 2270 mirum
2789 2212 2838 2267 si
2863 2216 3055 2268 mater
3081 2217 3138 2269 et
3158 2210 3315 2269 ﬁlius
3334 2212 3606 2269 humano

1942 2299 2231 2355 falluntur
2255 2300 2483 2370 judicio
2512 2300 2574 2356 in
2604 2316 2842 2357 sacram
2880 2299 3258 2373 corripiendo
3287 2300 3602 2371 virginem,

1942 2389 2284 2458 ignorantes
2307 2388 2505 2444 adhuc
2536 2389 2806 2445 divinam
2827 2404 2965 2462 quae
3002 2389 3195 2446 inerat
3221 2389 3305 2446 illi
3326 2388 3603 2459 gratiam,

1942 2493 2081 2533 cum
2115 2479 2419 2550 prophetae
2451 2478 2639 2534 sancti
2670 2478 2755 2534 sic
2782 2478 3110 2551 aliquando
3133 2494 3211 2535 ex
3238 2494 3349 2537 suo
3396 2478 3609 2537 huma-

1945 2582 2089 2622 nam
2133 2566 2312 2639 quasi
2364 2583 2439 2622 ex
2491 2567 2589 2623 Dei
2620 2567 2829 2640 spiritu
2858 2567 3168 2640 proferant
3195 2567 3554 2625 sententiam
3582 2569 3610 2624 ξ)
3648 2642 3651 2645 ν

1945 2658 2189 2713 Cessent
2254 2671 2422 2726 ergo,
2490 2659 2723 2713 cessent
2778 2656 2959 2713 stulta
3012 2656 3333 2714 stultorum
3388 2655 3619 2714 vanilo-

1944 2744 2092 2816 quia
2124 2762 2137 2800 :
2178 2760 2303 2801 non
2333 2745 2493 2801 enim
2525 2749 2805 2817 poterunt
2835 2745 3138 2815 assignari
3187 2746 3471 2819 operibus
3499 2746 3610 2802 ini.

1944 2833 2209 2899 «uitatis,
2259 2849 2396 2905 quae
2436 2834 2735 2906 prodeunt
2782 2850 2855 2890 ex
2893 2833 3095 2891 radice
3125 2834 3451 2902 charitatis,
3477 2834 3612 2908 ipsa

1947 2926 2260 2978 attestante
2294 2922 2561 2992 Veritate,
2591 2939 2729 2995 qum
2757 2923 2901 2979 dicit
2934 2940 2948 2978 :
2994 2924 3067 2981 Si
3093 2925 3303 2981 oculus
3328 2929 3467 2981 tuus
3484 2925 3615 2993 fue-
3670 2996 3677 3003 ο

1946 3013 2030 3066 rit
2088 3012 2367 3080 simplex,
2437 3018 2621 3068 totum
2686 3027 2904 3082 corpus
2963 3017 3134 3069 tuum
3182 3013 3451 3069 lucidum
3494 3013 3610 3070 erit

1947 3101 2191 3170 (Matth.
2220 3101 2322 3171 vr).

2589 3191 2818 3246 CAPUT
2839 3190 2967 3248 XIX.

2448 3279 2596 3334 Item
2634 3280 2750 3334 alii
2774 3278 3111 3348 objectioni.

2021 3365 2111 3422 Ad
2140 3366 2257 3422 hoc
2308 3381 2448 3422 vero
2475 3366 2646 3437 quod
2672 3366 2856 3436 hujus
2908 3365 3225 3423 occasione
3278 3364 3418 3422 facti
3444 3365 3610 3434 virgo

1948 3455 2128 3511 beata
2166 3454 2466 3527 corporali
2506 3455 2653 3509 dum
2686 3455 2909 3511 viveret
2960 3452 3339 3525 subjaeuisse
3395 3452 3614 3510 dicitur

1948 3544 2277 3600 inﬁrmitati
2312 3542 2469 3615 ;quis
2505 3558 2627 3597 non
2655 3542 2859 3598 videat
2885 3541 3000 3599 hoc
3049 3558 3121 3598 ac
3147 3541 3460 3599 cumulum
3484 3542 3612 3611 jam

1949 3632 2178 3688 collatae
2210 3632 2416 3703 gratiae
2459 3630 2781 3703 profecisse
2830 3629 3005 3696 illius,
3050 3634 3113 3686 ut
3141 3630 3289 3686 dum
3336 3629 3617 3687 deﬁceret

1952 3737 2203 3794 corpore
2233 3721 2617 3777 roboraretur
2648 3720 2860 3792 spiritu
2892 3720 3066 3791 juxta
3106 3717 3256 3775 illud
3290 3718 3561 3792 Apostoli
3597 3736 3611 3774 :

1955 3812 2104 3868 Cum
2130 3812 2285 3867 enim
2327 3812 2619 3879 inﬁrmor,
2643 3816 2788 3865 tunc
2802 3815 3014 3880 potens
3042 3824 3173 3864 sum
3202 3809 3293 3879 (II
3306 3809 3446 3865 Cor.
3479 3808 3619 3879 xu)?

1954 3900 2307 3959 Obstruatur
2330 3915 2474 3970 ergo
2495 3916 2565 3955 os
2588 3898 2963 3972 loquentium
2990 3898 3216 3972 iniqua,
3232 3898 3522 3971 quoniam
3542 3896 3618 3953 de

1952 3990 2045 4046 his
2093 4005 2201 4062 per
2255 3988 2469 4045 Isaiam
2523 3988 2881 4061 prophetam
2933 4003 3052 4044 vox
3096 3987 3330 4045 intonat
3364 3986 3615 4043 divina:

1954 4102 1984 4129 ι(
2019 4079 2185 4136 Dabo
2213 4094 2369 4151 opus
2398 4093 2610 4133 eorum
2648 4077 2708 4132 in
2734 4077 3000 4143 veritate,
3024 4080 3107 4133 vet
3150 4075 3347 4155 fmdus
3403 4090 3619 4148 perpe-

1954 4174 2126 4227 tuum
2173 4167 2380 4225 feriam
2437 4167 2541 4239 eis,
2601 4170 2660 4223 et
2702 4166 2921 4223 scietur
2969 4166 3033 4221 in
3083 4164 3363 4238 gentibus
3414 4180 3621 4220 semen

1956 4274 2167 4316 eorum
2219 4261 2277 4314 et
2322 4271 2570 4327 germen
2623 4272 2834 4313 eorum
2886 4254 2949 4312 in
2975 4254 3176 4312 medio
3228 4253 3616 4327 populorum.

161 4365 301 4405 rum
375 4348 626 4422 prolata
680 4345 1120 4419 Seripturarum
1170 4344 1470 4418 pharetra,
1537 4358 1673 4418 quae
1726 4348 1853 4400 tam
1890 4338 1928 4354 "
1957 4349 2179 4404 Omnes
2205 4344 2365 4401 enim
2388 4344 2494 4418 qui
2520 4343 2774 4400 viderint
2801 4359 2904 4399 eos
2923 4344 3288 4412 cognoscent
3315 4338 3621 4410 illos,quia

167 4443 310 4496 sunt
344 4436 650 4508 efﬁcacia,
678 4439 744 4491 ut
770 4451 893 4491 non
922 4434 1108 4491 modo
1134 4450 1240 4491 ora
1266 4432 1564 4508 loquacia,
1595 4432 1700 4488 sed
1720 4431 1855 4505 ipsa

163 4545 418 4603 quoque
470 4526 710 4584 tumida
752 4524 1112 4597 transﬁgant
1152 4523 1340 4583 corda
1367 4522 1395 4577 ‘I
1446 4528 1529 4579 Ac
1578 4523 1847 4598 primum

168 4618 317 4674 tales
344 4615 714 4686 Evangelico
738 4614 1143 4688 percelluntur
1167 4612 1429 4669 tonitruo
1462 4630 1474 4667 :
1509 4612 1731 4682 Nolite,
1754 4612 1850 4666 .in-

168 4708 319 4780 quit,
344 4707 648 4778 judicare
664 4710 719 4761 et
748 4721 866 4761 non
887 4703 1337 4774 judicabimim,
1370 4702 1556 4757 nolite
1584 4701 1852 4757 condem-

169 4812 323 4853 nare
359 4802 421 4853 et
454 4810 582 4852 non
614 4792 1157 4850 condemnabimini
1200 4789 1443 4861 (Matth.
1474 4806 1581 4851 vn,
1620 4790 1690 4857 t),
1738 4793 1849 4844 etc.

168 4885 390 4942 Audite
458 4883 516 4940 si
583 4882 832 4956 potestis
896 4885 954 4938 et
1010 4878 1500 4941 animadvertite.
1560 4876 1854 4934 Rieu-udis

170 4979 367 5032 mater
418 4976 641 5031 sancta
683 4986 810 5029 non
856 4970 1045 5028 ﬁliam
1080 4968 1464 5043 persequitur
1503 4967 1852 5033 innoeuam,

171 5065 277 5121 sed
323 5066 469 5136 ejus
530 5062 919 5117 immaturam
971 5057 1311 5116 considerat
1356 5060 1611 5125 aetatem,
1663 5056 1857 5113 sciens

172 5154 319 5226 quia
343 5151 571 5210 omnia
597 5155 834 5223 tempus
860 5148 1105 5215 habent,
1140 5151 1197 5205 et
1224 5146 1390 5221 quod
1419 5145 1586 5201 omni
1614 5144 1856 5217 negotio

170 5247 419 5316 tempus
448 5240 555 5304 sit,
604 5244 663 5295 et
690 5237 1000 5311 quoniam,
1038 5241 1105 5293 ut
1131 5234 1613 5309 sapientissimus
1644 5234 1726 5290 ait
1756 5236 1857 5291 Sa-

172 5331 390 5388 lomon
425 5350 441 5387 :
514 5331 679 5385 Puer
710 5329 820 5400 qui
845 5327 1176 5383 dimittitur
1211 5325 1516 5383 votamtati
1541 5339 1685 5391 suae,
1720 5339 1858 5379 cou-

236 5451 862 5527 (582)1taexemplar
884 5452 1286 5527 Marcianense
1317 5468 1330 5517 ;
1352 5448 1459 5527 qui
1475 5449 1860 5527 pharacteres

168 5519 607 5596 chronologici
651 5519 873 5596 desunt
890 5521 1065 5596 apud
1098 5519 1449 5596 Seriumﬁet
1470 5519 1700 5596 insititii
1727 5534 1859 5596 esse

168 5591 521 5667 videntur:
538 5597 621 5654 uti
646 5601 708 5654 et
748 5594 856 5668 qui
884 5591 1130 5651 inferius
1156 5592 1233 5649 de
1281 5594 1337 5649 S.
1372 5591 1665 5649 Bictrudis
1693 5594 1861 5647 aetate

1955 4435 2052 4493 isti
2078 4439 2221 4491 sunt
2258 4449 2462 4491 semen
2506 4433 2601 4489 cui
2629 4430 2936 4488 benedixit
2964 4430 3255 4487 Dominus
3304 4429 3471 4494 ([εαί.
3505 4442 3622 4496 in,

1960 4528 2014 4594 8,
2046 4525 2122 4597 9).
2151 4548 2181 4575 »
2215 4522 2460 4581 Dicessit
2487 4528 2689 4579 autem
2717 4535 2849 4576 vere
2878 4519 3043 4575 bona
3073 4517 3282 4574 cultrix
3310 4516 3411 4572 Dei
3442 4517 3622 4570 Euse—

1957 4613 2060 4669 bia
2087 4612 2399 4670 virtutibus
2425 4611 2605 4684 plena
2633 4607 3037 4665 sextodecimo
3053 4605 3149 4661 die
3175 4604 3379 4675 Martii,
3412 4604 3517 4676 qui
3538 4607 3627 4658 est

1961 4702 2456 4776 septimodecimo
2497 4699 2749 4755 Kalend.
2802 4696 3038 4770 Aprilis,
3071 4711 3232 4752 anno
3267 4697 3394 4762 789,
3438 4693 3625 4749 aetatis

1963 4808 2085 4847 XLVI
2119 4793 2285 4863 (582).
2712 4830 2717 4833 -

2200 4904 2205 4909 ’
2616 4877 2841 4932 CAPUT
2877 4876 2982 4930 XX.

2210 4967 2465 5024 Amatus
2495 4965 2794 5034 moritur;
2823 4963 2960 5019 item
2987 4960 3366 5017 Maurontus.

2023 5060 2347 5129 Postquam
2368 5070 2507 5111 vero
2521 5055 2795 5108 sanctum
2809 5049 3161 5123 episcopum
3175 5045 3289 5101 sibi
3303 5045 3627 5101 amabilem

1966 5152 2024 5203 et
2052 5145 2422 5203 monachum
2454 5144 2737 5196 Amatam
2770 5138 3054 5195 Dominus
3085 5135 3162 5191 ad
3194 5135 3492 5191 cmlcstem
3521 5151 3627 5207 pa—

1968 5236 2141 5292 triam
2162 5250 2234 5289 ex
2262 5234 2378 5289 hac
2409 5229 2675 5286 molestae
2702 5224 3195 5300 peregrinationis
3221 5239 3494 5279 terumna
3525 5222 3630 5277 ldi-

1966 5324 2081 5379 bus
2133 5317 2495 5393 Septembris
2526 5317 2674 5389 (583)
2729 5314 3073 5386 assumpsit,
3120 5328 3359 5369 sacrum
3412 5326 3631 5381 corpus

1968 5450 2026 5502 et
2052 5443 2386 5502 nl'zelaturm
2407 5439 2793 5496 diuturnitate
2814 5436 3165 5493 referuntur.
3188 5438 3269 5492 De
3294 5436 3350 5491 S.
3378 5430 3633 5488 Eusebia

1971 5532 2191 5659 13222.3)
2221 5583 2523 5643 Consentit
2550 5583 2739 5640 codex
2768 5578 3184 5637 Marcianensis
3228 5580 3283 5634 S.
3312 5572 3507 5630 Amati
3537 5588 3633 5627 ex-
