4000 6190
391 144 493 195 8-37

1000 133 1350 190 HUCBALDI
1394 135 1557 187 ΜΘΝ.
1605 134 1659 187 S.
1705 131 1970 185 AMANDI
2013 129 2161 183 OPP.
2206 129 2380 182 PARS
2422 132 2463 183 1.
2506 161 2574 168 —-
2615 130 3202 187 HAGIOGRAPHICA.

3722 137 3819 190 848

388 265 545 319 illius
587 278 756 318 sacer
782 264 1121 317 Maurontus
1154 258 1212 312 in
1249 274 1361 312 sua
1393 257 1773 328 possessione
1804 253 2045 308 honori-
2077 255 2122 306 A
2161 250 2293 306 tatis
2324 251 2532 307 ordine
2573 253 2687 326 ipsi
2725 255 3117 310 militantibus
3148 271 3254 309 seu
3285 254 3468 309 etiam
3499 258 3821 328 quamplu-

387 355 500 409 ticc
524 351 1113 418 tumulavit,totaque
1145 346 1506 400 htereditatis
1542 361 1664 400 sua:
1692 344 1915 416 praedia
1943 359 2046 414 per

386 443 728 497 chartarum
750 439 1148 492 instrumenta
1165 435 1246 490 illi
1263 435 1639 490 contradidit.
1653 439 1780 505 Ipse
1803 448 2044 504 quoque

384 527 741 586 venerabilis
791 525 984 581 abbas
1037 529 1376 581 Maui‘ontus
1430 528 1545 578 Deo
1577 523 1798 591 dignus
1851 521 2041 589 levita,

381 620 516 674 licet
546 621 764 674 sanctae
795 615 971 671 matri
1003 615 1175 669 fuerit
1204 621 1504 687 superstes
1530 615 1589 667 in
1615 615 1726 667 hac
1756 613 2046 683 vita,post

379 707 614 778 expleta
657 707 768 778 piae
801 703 1333 760 administrationis
1379 703 1604 771 munia,
1649 702 1815 756 tertio
1847 704 2044 756 Nonas

379 796 509 852 Maii
532 798 681 866 (2384)
709 793 1011 848 functione
1033 792 1185 847 liber
1215 793 1433 855 debita,
1461 795 1524 845 ut
1554 791 1855 859 condigna
1882 789 2044 844 labo-

378 902 515 940 rum
547 897 793 939 suorum
823 883 1151 955 perciperet
1183 882 1431 954 prtemia
1462 880 1538 936 ad
1565 880 1697 935 coeli
1723 880 2041 934 subvectus

379 975 625 1046 palatia,
655 973 899 1046 perenni
934 989 1071 1027 cum
1099 972 1326 1026 Christo
1363 971 1568 1025 Vivens
1599 970 1717 1023 vita
1743 969 1871 1038 jugi
1903 985 2040 1023 cum

384 1081 454 1119 eo
481 1065 715 1119 laetatur
745 1063 952 1133 gloria.

997 1153 1225 1206 CAPUT
1267 1152 1420 1204 XXI.

591 1243 896 1297 Rietrzulis
927 1242 1202 1295 abdicato
1227 1241 1514 1309 regimine
1546 1239 1821 1292 moritur.

448 1331 562 1387 Sed
588 1331 740 1384 utad
759 1346 828 1384 ea
849 1346 980 1400 quae
1004 1328 1296 1399 coepimus
1317 1328 1634 1381 redeamus
1658 1325 2034 1396 explicanda,

372 1418 665 1475 Rictrudis
698 1417 1087 1473 devotissima
1116 1416 1216 1470 Dei
1248 1416 1476 1470 famula
1495 1420 1616 1469 toto
1642 1415 1771 1468 nisu
1797 1414 2032 1479 mentis,

371 1515 495 1564 toto
527 1509 818 1564 famulatu
849 1507 1116 1578 corporis
1150 1506 1327 1559 bonis
1361 1504 1644 1575 operibus
1677 1503 2038 1560 dedita.am-

370 1598 591 1653 bulans
615 1597 688 1650 de
710 1597 924 1650 virtute
948 1596 1005 1649 in
1037 1593 1594 1660 virtutem,dilatato
1626 1592 1803 1646 corde
1832 1608 2035 1646 cucur-
2065 1608 2106 1660 Β

370 1686 444 1740 rit
471 1683 920 1754 infatigabiliter
953 1683 1109 1737 viam
1142 1683 1565 1736 mandatorum
1597 1681 1718 1749 Dei,
1754 1681 1810 1734 in
1844 1680 2033 1735 stadio

368 1775 510 1830 fidei
541 1779 597 1829 et
623 1773 1098 1844 justitiae,patula
1119 1771 1400 1826 hauriem
1426 1787 1566 1824 aure
1593 1788 1604 1822 :
1643 1769 1863 1824 (Im-rite
1885 1770 2032 1823 dum

366 1865 560 1919 lucem
596 1862 864 1926 habetis;
903 1867 963 1916 ut
1010 1861 1192 1929 digna
1239 1861 1559 1914 llitl‘ttﬁ‘l‘tlilll'
1592 1859 1860 1929 accipere
1892 1859 2028 1913 bra-

367 1953 534 2008 vium
569 1953 836 2016 creleste,
881 1956 937 2004 et
972 1954 1033 2004 ut
1064 1950 1119 2002 in
1149 1949 1432 2003 omnibus
1564 1948 1865 2002 exhiberet
1896 1965 2028 2019 per-

365 2041 776 2108 fectissimam,
824 2040 979 2093 illius
1011 2038 1338 2092 imitatione
1372 2037 1472 2108 qui
1514 2037 1658 2091 dixit
1689 2054 1699 2089 :
1735 2039 1863 2091 Non
1899 2038 2032 2092 veni

336 2147 342 2153 '
362 2132 568 2200 facere
597 2132 963 2185 voluntatem
999 2144 1185 2182 meum
1219 2130 1416 2196 (Joau.
1446 2144 1516 2191 γι,
1549 2130 1657 2188 38');
1692 2143 1752 2179 se
1786 2142 2026 2196 quoque

365 2220 602 2275 alterius
635 2219 904 2287 regimini
954 2218 1242 2285 subdens,
1275 2217 1403 2286 ejus
1443 2216 1709 2286 imperiis
1743 2216 2027 2270 obedien-

367 2310 590 2365 tissime
623 2309 838 2380 paruit,
871 2308 1218 2378 caiterisque
1249 2305 1612 2360 famularum
1642 2321 1807 2359 more
1833 2305 2025 2359 famu-

361 2399 513 2468 lans,
539 2399 686 2453 illud
715 2398 880 2470 quod
912 2397 1138 2451 dictum
1170 2399 1293 2450 est:
1330 2397 1461 2450 Non
1504 2396 1635 2448 veni
1669 2396 2021 2459 ministrari,

361 2489 462 2543 sed
517 2489 863 2542 ministrare
918 2485 1152 2556 (Matth.
1189 2487 1308 2548 xx),
1364 2500 1485 2554 [use
1546 2483 1733 2536 oculis
1792 2498 2027 2552 semper

361 2577 628 2644 attendit,
658 2592 766 2630 nec
789 2592 1047 2647 usquam
1071 2574 1162 2628 vel
1186 2589 1456 2644 unquam
1490 2577 1656 2643 septa
1683 2571 2022 2625 monasterii

373 2666 706 2736 egrediens.
749 2664 1093 2736 exemplum
1140 2664 1437 2716 bonorum
1473 2678 1724 2733 operum
1760 2661 2021 2731 seipsam

359 2757 588 2811 cunctis
616 2754 872 2827 praebuit
894 2755 953 2808 in
977 2753 1328 2820 humilitate,
1355 2751 1778 2816 olmjlientiadn
1801 2751 2020 2821 patien-

362 2844 460 2909 tia,
479 2844 539 2898 in.
571 2844 858 2907 castitate,
883 2842 942 2895 in
962 2840 1291 2910 jejuniis,in
1315 2839 1547 2907 vigiliis,
1574 2842 1630 2892 et
1651 2837 2021 2892 orationibus

355 2933 674 3000 continuis,
716 2931 776 2984 in
822 2929 1295 2997 longamimitate,
1351 2929 1409 2981 in
1443 2926 1924 2995 mansuetudine,
1960 2927 2020 2981 in

353 3019 652 3074 modestia
707 3022 763 3072 et
788 3017 1174 3085 benignitate.
1220 3020 1284 3070 Et
1340 3016 1481 3087 quid
1520 3015 1754 3070 multa?
1808 3019 1870 3070 lit
1901 3016 2018 3071 tilia

355 3108 455 3162 Dei
488 3123 723 3178 semper
770 3105 1104 3160 ambulavit
1131 3105 1189 3158 in
1216 3105 1367 3174 lucc,
1399 3106 1568 3173 cujus
1616 3128 1640 3150 ‹‹
1677 3105 1901 3158 fructus
1932 3110 2019 3159 est

348 3195 410 3249 in
455 3196 622 3249 omni
666 3194 931 3249 bonitate
962 3198 1018 3248 et
1063 3193 1292 3263 justitia
1322 3198 1377 3248 et
1423 3193 1663 3246 veritate
1698 3193 1932 3261 (Ep/tes.
1963 3211 2014 3262 γ,

348 3283 422 3353 9).
454 3305 480 3330 ››
535 3283 746 3355 Sicque
800 3283 859 3336 in
919 3287 1261 3337 sanctarum
1293 3281 1576 3335 virtutum
1624 3297 2014 3352 perseverans

350 3373 680 3444 proposito,
715 3373 962 3443 expletis
995 3371 1372 3443 septuaginta
1413 3375 1672 3441 quatuor
1721 3370 2015 3424 incolatus

349 3462 440 3516 sui
471 3463 664 3531 annis,
699 3466 914 3532 quarto
950 3461 1083 3515 ldus
1121 3460 1270 3520 Maii,
1304 3459 1406 3513 diu
1438 3458 1774 3514 desiderato
1827 3460 2014 3531 potita

348 3557 626 3606 votorum
693 3551 914 3621 gaudio
978 3549 1410 3621 corpusculum
1468 3553 1657 3616 terrae,
1739 3553 2012 3602 sanctam

345 3657 488 3696 vero
514 3640 783 3695 animam
829 3639 1088 3694 reddidit
1119 3639 1267 3693 coelo
1308 3653 1469 3692 anno
1503 3641 1628 3704 (587,
1661 3637 1847 3691 aetatis
1891 3653 2014 3690 suae

347 3746 536 3795 LXXIV,
566 3729 901 3799 prielaturae
928 3745 1014 3781 XL.

957 3817 1183 3871 CAPUT
1225 3815 1403 3869 XXII.

1017 3906 1190 3973 διερειί
1197 3905 1340 3958 itur.

419 3994 666 4064 Sepulta
698 3998 783 4048 est
813 3999 1013 4049 autem
1037 3993 1096 4048 in
1126 3993 1339 4048 eodem
1360 3993 1492 4047 loco
1514 3993 1660 4062 (58:5)
1687 3990 2013 4046 honoriﬁce

341 4100 378 4140 a
412 4084 510 4138 Dei
536 4083 944 4140 sacerdotibus
974 4083 1221 4154 aliisque
1253 4083 1311 4137 in
1358 4081 1771 4137 ecclesiasticas
1813 4081 2015 4152 digni-

345 4210 559 4265 hibens
585 4211 776 4265 Vitam
807 4211 864 4265 in
897 4210 1067 4279 cujus
1095 4210 1211 4264 tine
1231 4208 1470 4276 legitur:
1499 4210 1569 4262 B.
1595 4209 1800 4262 Amuli
1822 4209 2013 4262 trans-

344 4285 490 4336 itum
525 4283 676 4337 Idib.
713 4282 1068 4351 Septembris
1111 4283 1185 4336 ab
1241 4280 1707 4335 antecessoribus
1740 4279 2011 4334 determi-

345 4360 627 4418 natum,a
659 4356 962 4423 Stephano
980 4354 1239 4423 quodam
1264 4370 1319 4406 ιιι
1340 4352 1601 4407 Kalend.
1632 4352 1824 4423 illatas
1879 4353 2012 4420 afﬁ-

342 4441 486 4481 xam
516 4428 706 4494 fuisse
729 4421 961 4486 temere,
990 4421 1057 4478 ut
1078 4425 1322 4494 patebat
1346 4440 1414 4478 ex
1445 4423 1690 4478 vetustis
1713 4421 2014 4492 libris,qui

343 4498 509 4565 apud
543 4500 602 4550 ιδ’.
651 4498 1005 4552 Medum/mn
1055 4501 1106 4550 et
1168 4498 1226 4551 in
1276 4495 1522 4551 (tre/tivo
1583 4495 2005 4559 illm'eianensi,

343 4575 523 4640 atque
546 4570 872 4623 multem-2n
895 4568 1129 4622 scriniis
1164 4567 1562 4624 ewnobiorum
1592 4565 2001 4619 inveniuntur.

2158 339 2323 394 rimis
2346 341 2691 399 Christianae
2721 345 3020 414 religionis
3037 344 3175 399 viris
3201 344 3281 398 ad
3305 345 3629 416 exsequias
3657 353 3823 402 tantae

2160 431 2368 486 matris
2400 435 2667 506 undique
2713 436 3174 501 conﬂuentibus,
3208 436 3283 490 de
3329 438 3655 507 temporali
3697 440 3824 510 qui-

2156 520 2296 575 dem
2320 523 2448 591 ejus
2471 523 2741 580 absentia
2762 525 3170 595 moerentibus,
3187 525 3260 579 de
3285 531 3513 581 aeterna
3537 543 3668 598 qua
3693 545 3823 584 cum

2155 610 2386 665 Christo
2415 612 2627 667 fruitur
2672 615 2860 683 gloria
2894 613 3313 682 gaudentibus.
3351 617 3417 669 Et
3470 632 3640 671 nunc
3691 634 3822 671 cum

2156 715 2260 769 spe
2293 699 2610 756 ineti‘abilis
2657 703 3068 770 gratulationis
3116 703 3499 774 praestolatur
3527 720 3822 774 magnum

2143 787 2311 862 (diem
2367 790 2611 860 potioris
2663 809 2783 846 suae
2845 792 3310 860 gloriﬁcationis,
3365 794 3625 864 quando
3685 794 3820 849 illud

2155 877 2375 948 «quod
2407 879 2769 935 seminatum
2819 887 2906 936 est
2954 881 3012 936 in
3058 881 3466 952 corruptione,
3525 889 3736 952 surget
3767 885 3822 938 in

2152 966 2595 1040 incorruptione
2625 989 2635 1034 ;
2665 976 2721 1025 et
2750 971 2916 1042 quod
2949 971 3311 1026 seminatum
3341 977 3430 1026 est
3461 972 3522 1026 in
3552 973 3822 1042 ignobili-

2151 1059 2290 1124 tate,
2306 1062 2506 1124 surget
2535 1057 2595 1111 in
2627 1058 2843 1126 gloria;
2873 1059 3111 1130 etquod
3133 1059 3193 1113 in
3225 1059 3597 1127 infirmitate,
3624 1068 3822 1131 surget

2151 1143 2210 1197 in
2241 1144 2455 1200 virtute
2490 1147 2544 1214 (Ι
2569 1147 2707 1202 Cor.
2757 1165 2849 1213 xv,
2880 1151 2966 1213 4'2,
2999 1149 3106 1217 43).
3145 1170 3170 1195 ››
3219 1149 3389 1202 Tunc
3418 1149 3690 1221 denique
3729 1151 3818 1206 illa

2150 1233 2300 1287 felici
2356 1236 2786 1290 resurrectione
2832 1236 3052 1308 duplici
3106 1236 3545 1306 gloriﬁcatione
3603 1238 3815 1308 gloriﬁ-

2149 1323 2363 1390 canda,
2425 1324 2486 1378 in
2534 1325 2711 1382 beata
2762 1342 3082 1395 resurgens
3142 1327 3334 1395 gloria
3393 1344 3536 1382 cum
3602 1330 3814 1384 sanctis

2147 1413 2452 1478 omnibus,
2484 1414 2544 1468 in
2574 1420 2740 1485 parte
2772 1415 3014 1471 dextera
3045 1416 3271 1470 meritis
3289 1433 3544 1472 suorum
3575 1423 3811 1473 actuum

2150 1501 2387 1556 feliciter
2418 1519 2636 1559 corona
2647 1504 2788 1559 nda.

2759 1613 2981 1666 CAPUT
3017 1613 3199 1667 XXIII.

2646 1710 2962 1764 Miraculis
3007 1711 3304 1765 clarescit.

2216 1819 2292 1870 Ne
2323 1817 2458 1888 quis
2492 1833 2632 1871 vero
2659 1819 2928 1887 ambigat
2956 1819 3028 1874 de
3059 1819 3227 1874 istius
3256 1820 3354 1873 Dei
3378 1821 3625 1874 famulae
3659 1822 3802 1876 viva'

2141 1905 2300 1959 cium
2334 1911 2680 1960 meritorum
2711 1907 2997 1977 efficacia,
3028 1909 3439 1979 experimenta
3457 1910 3636 1964 nobis
3669 1927 3802 1982 prie-

2139 1995 2254 2049 ben
2267 2000 2284 2048 t.
2313 1995 2544 2049 veracia
2565 1996 2737 2067 plura
2754 2002 3130 2051 ostensarum
3155 1997 3722 2066 virtutuminsignia
3736 2000 3804 2054 ad

2140 2084 2483 2139 examinata
2511 2086 2640 2153 ejus
2673 2087 2940 2156 corporis
2973 2086 3266 2141 membra.
3306 2087 3386 2141 lbi
3425 2090 3650 2143 etenim
3676 2091 3804 2144 (περὶ

2138 2171 2355 2236 visum,
2384 2174 2545 2227 surdi
2563 2173 2857 2245 auditum,
2873 2175 3018 2230 muti
3035 2176 3329 2231 sermonis
3346 2177 3642 2247 officium,
3659 2177 3805 2233 clau-

2140 2260 2205 2315 di
2235 2277 2529 2328 gressum,
2573 2263 2969 2318 febricitantcs
3001 2282 3068 2319 ac
3099 2265 3282 2319 variis
3314 2267 3803 2334 aegrotationibus

2139 2341 2783 2422 laborantes,optatam
2797 2353 3166 2424 frequentius
3190 2361 3551 2426 receperunt
3571 2361 3626 2410 et
3651 2372 3803 2410 nunc

2141 2455 2337 2510 usque.
2371 2445 2688 2509 pOseentes
2722 2457 2861 2494 cum
2904 2441 3019 2495 tide
3046 2441 3339 2514 recipiunt
3366 2443 3710 2497 sanitatem.
3747 2447 3802 2498 Et

2136 2527 2318 2597 hujus
2354 2532 2529 2582 testes
2571 2528 2652 2582 rei
2684 2529 2881 2582 adhuc
2933 2536 3253 2600 supersunt
3297 2531 3470 2586 multi
3513 2536 3800 2586 eteorum

2135 2617 2236 2688 qui
2263 2617 2528 2672 sanitatis
2549 2617 2901 2673 desiderata:
2926 2619 3087 2674 dona
3112 2625 3250 2674 sunt
3271 2623 3667 2688 consecuti,et
3687 2622 3802 2676 illo-

2136 2721 2266 2758 rum
2297 2705 2398 2776 qui
2434 2705 2560 2759 haec
2583 2705 2848 2760 videntes
2877 2711 3180 2780 Deumque
3208 2708 3266 2762 in
3292 2710 3516 2765 sanctis
3545 2711 3667 2764 suis
3701 2712 3801 2765 mi-

2135 2795 2386 2848 rabilem
2413 2794 2974 2867 laudantes,dm-jus
2999 2797 3311 2851 beneﬁciis
3338 2804 3479 2853 sunt
3502 2800 3798 2869 gratulati.

2745 2907 2970 2959 CAPUT
3011 2908 3183 2959 λων.

2645 3003 2925 3057 Auctoris
2958 3004 3273 3058 invocatio.

2202 3108 2273 3160 Te
2300 3106 2496 3174 igitur,
2515 3113 2722 3162 sancta
2752 3125 2821 3162 ac
2848 3113 2966 3164 Deo
2989 3109 3203 3165 dilecta
3227 3110 3457 3165 famula
3481 3112 3795 3174 Rictrudis,

2133 3197 2250 3248 toto
2273 3212 2622 3266 quaesumus
2650 3195 2866 3251 affectu
2891 3198 3104 3264 cordis,
3123 3202 3187 3254 ut
3205 3199 3319 3253 tuis
3345 3200 3532 3254 sacris
3555 3201 3800 3256 interve-

2126 3283 2428 3338 nientibus
2459 3285 2734 3356 precibus
2761 3292 2810 3339 et
2849 3286 3087 3350 meritis,
3117 3287 3344 3358 quibus
3365 3289 3676 3345 variarum
3699 3307 3795 3345 ne-

2126 3388 2237 3425 xus
2258 3371 2672 3428 intirmitatum
2685 3373 2968 3440 absolvis,
2988 3391 3098 3429 nos
3121 3392 3370 3448 quoque
3393 3393 3429 3432 a
3451 3383 3794 3434 nostrorum

2129 3461 2322 3515 solvas
2354 3469 2733 3533 peccatorum
2763 3464 3032 3530 vinculis,
3058 3471 3360 3536 quatenus
3390 3483 3532 3522 cum
3557 3468 3793 3538 benigni

2125 3553 2263 3605 .lesu
2295 3551 2481 3620 gratia
2512 3552 2603 3606 his
2629 3553 2888 3624 expediti
2919 3553 2978 3607 in
2996 3555 3308 3609 tremendo
3333 3556 3426 3610 sui
3452 3557 3549 3611 die
3568 3558 3794 3627 judicii,

2127 3639 2291 3694 caelis
2319 3640 2666 3696 ardentibus
2691 3658 2760 3697 ac
2793 3642 3114 3714 terris,ipse
3146 3659 3259 3698 nos
3279 3661 3314 3699 a
3349 3646 3793 3714 gehennalibus

2126 3734 2361 3800 ereptos
2416 3731 2675 3785 flammis
2718 3736 2928 3802 tecum“
2945 3731 3021 3787 ad
3052 3737 3287 3788 aeternae
3335 3735 3535 3806 rapiat
3576 3736 3795 3804 gaudia

2127 3817 2437 3881 felicitatis,
2472 3821 2643 3890 cujus
2682 3820 3104 3876 misericordiae
3137 3827 3192 3876 et
3225 3823 3634 3880 miserationis
3664 3825 3793 3880 nul-

2124 3905 2217 3961 lus
2243 3912 2331 3962 est
2371 3908 2529 3977 ﬁnis,
2565 3909 2656 3963 cui
2703 3913 2791 3964 est
2819 3927 2958 3965 cum
2989 3913 3108 3966 Deo
3149 3913 3317 3967 Patre
3351 3912 3466 3968 sibi
3496 3920 3795 3969 coaeterno

2125 3999 2181 4049 et
2212 3991 2421 4050 sancto
2453 3996 2670 4068 Spiritu
2698 4013 2953 4067 regnum
2981 4002 3036 4053 et
3067 3999 3491 4066 virtus,honor
3522 4006 3582 4058 et
3608 4002 3796 4072 gloria

2123 4099 2229 4154 per
2259 4084 2493 4140 inﬁnita
2519 4085 2735 4141 saecula
2765 4086 3120 4142 saeculorum
3152 4088 3364 4143 Amen.

2198 4210 2336 4280 (584)
2371 4212 2545 4266 Anno
2575 4216 2666 4265 701
2699 4212 2840 4267 obiit
2866 4213 2925 4267 S.
2959 4213 3318 4269 illaurenlus
3346 4216 3547 4272 levita.
3577 4220 3644 4272 Ut
3667 4218 3796 4272 Col-

2123 4281 2394 4336 venerius
2445 4298 2515 4336 ex
2570 4283 2702 4337 cod.
2735 4300 2848 4338 ms.
2883 4290 3164 4352 argenteo
3194 4286 3462 4341 ecclesize
3495 4291 3795 4344 Duacenaa

2125 4353 2314 4408 sancti
2352 4353 2549 4428 Amati
2579 4355 2770 4428 refert.
2809 4357 2884 4428 De
2908 4357 3036 4425 ejus
3068 4355 3333 4428 reliquiis
3365 4358 3542 4414 infra.

2198 4427 2336 4502 (5855)
2371 4427 2589 4502 Locum
2616 4425 2948 4502 signantius
2981 4425 3793 4502 exprimitchronographus

2123 4495 2561 4570 Marcianensis,
2585 4503 2721 4570 ante
2752 4498 2948 4553 altare
2968 4495 3221 4554 Joannis
3252 4495 3554 4570 Baptista"
3585 4495 3650 4557 ρι’
3670 4506 3716 4557 Α
3732 4521 3795 4558 n-

2123 4567 2279 4621 (treae
2303 4569 2563 4636 apostoli
2588 4569 2648 4623 in
2675 4568 2922 4625 clewtera
2946 4575 3120 4638 parte
3150 4567 3428 4627 ecclesia.

3001 4728 3112 4740 -au...
3161 4729 3258 4739 -.α-μ

553 4895 685 5043 ﬁll
727 4890 1685 5043 TRANSLATIONIBL‘S
1725 4889 1856 5038 ΕΤ
1897 4889 2465 5043 MIRACULIS
2507 4771 3577 5049 SANtlTllllllCTltlllllS.

1849 5111 2290 5129 “'-

417 5262 746 5315 tllu'onivou
786 5261 1204 5325 Mareiamuse,
1227 5261 1386 5329 quod
1419 5277 1599 5313 manu
1634 5260 1996 5332 descriptum

338 5333 632 5388 bcnciieio
661 5336 717 5385 li.
753 5336 804 5384 1³.
844 5332 1097 5385 Sinis-mis.
1125 5332 1487 5385 Guillemotis
1524 5333 1853 5402 supjn‘ioris
1881 5332 2000 5386 Gis-

340 5404 560 5460 leniani
589 5404 948 5474 accepimus,
970 5404 1020 5455 in
1053 5403 1220 5456 binos
1252 5403 1432 5458 libi-0s
1457 5404 1837 5472 t'listinguitur
1857 5420 2000 5474 prae-

340 5479 524 5531 missa
554 5477 665 5528 hac
688 5475 1068 5545 inscriptione
1098 5494 1107 5528 :
1143 5478 1182 5528 Α
1203 5477 1420 5529 ueteris
1444 5478 1732 5542 anum/mi
1760 5476 1832 5528 (le
1873 5476 1994 5528 Vita

339 5557 391 5603 et
426 5549 734 5604 miraculis
765 5549 826 5602 S.
851 5549 1148 5602 [lieti'mlis
1176 5548 1315 5602 libri
1355 5564 1412 5600 ll.
1453 5547 1757 5602 Scribebat
1789 5549 1999 5600 auctor

336 5620 430 5676 ille
459 5625 592 5692 post
617 5619 882 5675 medium
911 5621 1195 5675 saeculum
1236 5637 1331 5685 xu,
1366 5618 1590 5674 vivente
1624 5618 1826 5673 adhuc
1853 5618 1994 5671 Cos-

2110 5261 2252 5315 vino
2298 5261 2746 5337 Aquicinetensi
2781 5263 3021 5337 abbate.
3056 5279 3124 5318 ex
3156 5264 3348 5337 litui},
3384 5281 3520 5337 cap.
3555 5270 3651 5333 :20,
3691 5269 3793 5323 ubi

2112 5348 2296 5400 agens
2330 5334 2401 5386 (te
2431 5333 2704 5387 Lietberti
2739 5333 3198 5389 Marehianensis
3221 5333 3788 5396 abbatis-cessione:

2113 5425 2150 5476 ‹‹Δ
2175 5407 2439 5476 Uomnus
2470 5405 2785 5472 Gosvinlis,
2822 5405 3028 5475 inquit,
3063 5407 3571 5476 Aquiscinctensis
3595 5411 3792 5465 eccle-

2109 5473 2208 5549 siae
2251 5474 2465 5549 abbas,
2518 5475 2618 5545 qui
2675 5477 2870 5549 adhuc
2907 5473 3205 5547 superest,
3255 5479 3344 5532 vir
3390 5479 3784 5549 religiosus...

2105 5545 2305 5621 ipsum
2337 5545 2619 5621 abbatem
2651 5548 2874 5621 restitui
2904 5545 3023 5621 non
3050 5549 3475 5621 approbabat..
3507 5545 3539 5600 1»
3592 5555 3786 5609 Porro

2108 5618 2162 5672 S.
2197 5617 2490 5672 Gosvinus
2516 5634 2675 5674 anno
2713 5619 2844 5675 1-196
2874 5619 3038 5676 obiit.
3074 5617 3236 5676 Idem
3262 5626 3473 5679 auctor
3493 5622 3556 5679 in
3577 5622 3692 5680 lib.
3720 5642 3782 5696 ιι,
