4000 6190
401 195 522 253 851.
989 188 1343 244 HUCBALDI
1392 188 1557 242 MON.
1613 188 1671 250 S.
1721 180 1989 240 AMANDI
2039 180 2079 235 Ο

2244 177 2431 232 PARS
2485 180 2523 231 ι.
2556 206 2624 216 -
2652 173 3238 250 ΗτξιῑιοαιιΑριιιοΑ.
3675 194 3760 248 35,

411 295 3759 344 Μ

892 432 1247 603 rissm
1328 481 1470 599 ss.
1597 479 1945 617 eum
2058 476 2209 613 ιιι
2289 473 2721 592 ,ιιιιιινιίι
2831 472 3349 591 ιιιιιιιυη

1570 730 2029 821 AUCTORE
2097 724 2657 818 HUGBALDO.

1195 954 1392 1028 (Apud
1449 952 1871 1019 Montbritium,
1931 954 2075 1007 Acta
2132 950 2510 1020 Sanctorum,
2569 966 2629 1022 p.
2692 966 2761 1018 ll,
2817 967 2875 1007 ιι.
2942 951 3046 1022 18.)

1917 1136 2324 1150 ω

486 1285 840 1341 Sanctorum
871 1280 1081 1338 Christi
1110 1286 1444 1354 martyrum
1474 1282 1575 1356 pia
1624 1282 1951 1339 certamina
1977 1298 2072 1337 ve-
2102 1287 2148 1338 A
2187 1288 2535 1337 sanctorum
2566 1297 2825 1354 quorum
2856 1296 3017 1336 nunc
3047 1296 3400 1336 veneramur
3441 1279 3711 1350 solemnia,
3733 1289 3775 1341 et

412 1372 720 1429 neratione
750 1369 952 1428 debita
981 1370 1331 1442 recolentes,
1363 1371 1701 1428 mirabilem
1744 1372 1806 1427 in
1854 1371 2075 1427 sanctis

411 1462 533 1518 suis
561 1460 882 1517 Dominum
914 1460 1350 1531 collaudemus,
1382 1462 1484 1533 qui
1509 1461 1685 1518 beato
1711 1461 1923 1516 infanti
1945 1461 2079 1526 Qui-

413 1551 559 1618 rico,
592 1549 669 1606 ab
708 1549 840 1623 ipso
867 1549 1187 1605 nativitatis
1218 1549 1333 1617 die,
1364 1552 1485 1605 toto
1528 1549 1789 1605 necdum
1839 1549 2077 1605 evoluto

421 1638 679 1708 trienno,
712 1637 962 1710 ejusque
995 1652 1177 1693 sacrae
1215 1636 1481 1706 genitrici
1504 1637 1738 1707 Julittre,
1776 1636 2077 1694 natalibus

414 1745 485 1784 ac
511 1726 717 1799 probis
744 1726 1016 1782 moribus
1042 1742 1365 1798 generosae,
1388 1726 1654 1782 muneris
1681 1718 1922 1799 superni
1949 1740 2073 1795 gra-

414 1816 495 1873 tia
520 1814 866 1886 roborante,
898 1815 1085 1871 aetatis
1116 1819 1174 1870 et
1216 1831 1393 1871 sexus
1436 1814 1687 1872 inﬁrmae
1734 1829 1845 1887 pro
1891 1814 2079 1887 ipsius

415 1904 678 1961 nominis
709 1918 914 1959 amore
944 1903 1341 1971 vincentibus,
1371 1902 1486 1958 illis
1530 1903 1775 1976 quidem
1820 1902 2078 1973 gloriosa

417 1999 751 2066 martyrum
778 1991 1047 2065 palmam
1088 1990 1338 2048 contulit
1385 1991 1443 2048 in
1490 1990 1847 2048 ccelestibus.
1899 1989 2079 2047 Nobis

415 2086 616 2138 autem
642 2080 903 2153 plurima
935 2079 1162 2136 confert
1188 2079 1503 2148 beneﬁcia,
1549 2080 1798 2150 eisdem,
1842 2083 1909 2135 ut
1953 2095 2077 2135 cre-

330 2224 331 2227 η
413 2168 636 2239 dlmus,
664 2168 1206 2243 patrocinantibus.
1239 2171 1634 2242 Quapropter,
1669 2168 1838 2224 sicuti
1881 2168 2077 2241 quoti-

413 2258 596 2314 diana
626 2257 1035 2314 admonitione
1079 2272 1187 2330 per
1234 2272 1377 2313 suos
1418 2257 1725 2330 praesules,
1777 2256 2114 2313 sanctam-‘

415 2362 533 2420 que
578 2350 831 2403 matrem
885 2344 1212 2402 Ecclesiam
1260 2361 1375 2402 nos
1427 2346 1697 2402 hortatur
1743 2359 1941 2416 agere,
1995 2345 2079 2401 di-

416 2451 605 2506 gnum
631 2436 985 2507 justumque
1016 2440 1106 2490 est
1132 2438 1190 2491 et
1216 2433 1415 2504 nobis,
1448 2434 1507 2490 in
1556 2434 1784 2491 cunctis
1829 2434 2079 2491 salubri-

416 2530 502 2582 ter
529 2524 851 2581 Dominum
881 2527 1069 2580 Deum
1091 2527 1369 2580 nostrum
1400 2524 1461 2579 in
1491 2524 1657 2579 omni
1708 2529 1977 2597 tempore
2024 2529 2082 2580 et

415 2615 477 2670 in
544 2613 709 2669 omni
764 2612 897 2668 loco
953 2611 1262 2668 laudando
1319 2612 1673 2684 gloriﬁcare,
1725 2617 1904 2684 atque
1953 2612 2079 2684 glo-
2111 2638 2150 2691 Β

413 2701 705 2759 riﬁeando
760 2699 1008 2758 laudare
1057 2716 1295 2774 semper
1351 2704 1531 2772 atque
1578 2698 1955 2765 benedicere,
2021 2706 2083 2757 ut

413 2790 662 2864 implere
714 2788 1027 2845 valeamus
1081 2787 1231 2844 illud
1281 2786 1657 2843 Psalmistae:
1720 2788 2081 2846 Benedicam

415 2883 734 2937 Dominum
804 2880 867 2934 in
919 2880 1083 2935 omni
1128 2884 1422 2946 tempore;
1476 2891 1707 2946 semper
1765 2879 1897 2934 laus
1954 2880 2082 2947 ejus

414 2971 479 3025 in
526 2983 629 3025 ore
681 2981 807 3023 meo
853 2966 1039 3037 (Psal.
1093 2980 1277 3031 χχχιιι,
1338 2964 1407 3037 1).
1464 2964 1587 3020 Hoc
1640 2970 1729 3021 est
1776 2966 1937 3022 enim
1986 2983 2083 3023 sa-

418 3055 733 3123 criﬁcium,
765 3052 932 3127 quod
960 3056 1114 3125 qus
1145 3052 1239 3126 pie
1272 3052 1482 3109 colitur
1503 3052 1580 3109 ab
1618 3054 1910 3112 universis
1955 3072 2086 3126 gra-

415 3144 595 3201 dibus
616 3143 769 3199 bene
792 3142 1138 3213 viventium,
1172 3141 1321 3198 dum
1349 3140 1431 3197 illi
1456 3142 1754 3214 condigne
1797 3144 2078 3212 referunt,

416 3236 712 3306 quantum
734 3230 1016 3304 possibile
1054 3235 1165 3301 est,
1212 3231 1477 3287 actiones
1516 3232 1865 3302 gratiarum,
1915 3233 2082 3306 quod

417 3327 476 3377 et
494 3320 621 3393 ipse
641 3334 753 3376 nos
774 3333 882 3392 per
900 3319 1146 3376 beatum
1170 3306 1358 3375 David
1387 3319 1674 3377 admonet
1692 3321 1898 3377 dicens
1923 3339 1935 3377 :
1969 3324 2083 3378 Im-

418 3410 580 3467 mula
608 3410 729 3465 Deo
757 3409 1122 3478 sacriﬁcium
1160 3410 1357 3466 laudis
1385 3409 1573 3477 (Psal.
1609 3425 1753 3478 xnn,
1800 3409 1907 3479 14).
1961 3410 2083 3467 Hoc

419 3504 507 3555 est
526 3497 787 3571 denique
816 3496 1069 3567 dignum
1111 3513 1222 3571 pro
1256 3496 1565 3553 immensis
1600 3497 1904 3555 beneﬁciis
1954 3499 2084 3571 ejus

412 3590 765 3661 justumque
782 3587 1002 3644 nostris
1022 3586 1475 3660 obsequiisipsa
1488 3586 1590 3643 ‘die
1606 3592 1784 3643 tantm
1805 3589 2083 3661 mquitate

417 3676 684 3746 rationis,
709 3674 947 3733 salubre
969 3680 1061 3741 est
1085 3675 1267 3731 etiam
1298 3675 1619 3731 animabus
1655 3679 1712 3730 et
1730 3677 2083 3749 corporibus

418 3765 671 3822 nostris:
706 3778 851 3821 nam
873 3768 1170 3837 quantum
1190 3762 1367 3819 nobis
1406 3762 1520 3819 hoc
1560 3763 1747 3837 prosit
1784 3762 2087 3821 evidenter

421 3872 590 3912 sacra
604 3852 807 3928 prodit
828 3854 1151 3926 Scriptura.
1182 3852 1325 3919 Quae
1349 3869 1487 3908 cum
1507 3851 1795 3923 dixisset:
1828 3854 2085 3911 Immola

419 3947 539 4001 Dec
558 3944 922 4009 sacriﬁcium
945 3942 1163 4012 laudis,
1190 3947 1242 3998 et
1262 3942 1444 3999 redde
1462 3945 1510 3997 Α
1524 3944 1771 3998 (tissime
1792 3949 1931 3999 vota
1954 3950 2081 4018 tua,

421 4032 619 4089 statim
638 4029 951 4086 subintulit
970 4030 1207 4086 dicens:
1240 4031 1315 4086 Et
1337 4032 1551 4086 invoca
1581 4046 1673 4086 me
1696 4032 1758 4086 in
1787 4030 1883 4087 die
1903 4032 2087 4087 m’bu-

423 4119 622 4189 tionis,
650 4125 703 4175 et
734 4132 939 4175 eruam
971 4125 1045 4188 te,
1071 4124 1123 4174 et
1156 4117 1577 4187 honoriﬁcabis
1606 4134 1698 4175 me
1719 4105 1904 4189 (Psal.
1940 4135 2082 4187 χιιχ,

426 4210 532 4282 15).
568 4213 831 4281 itemque
861 4207 1006 4265 alias
1031 4205 1173 4264 dicit
1203 4225 1215 4262 :
1251 4207 1538 4265 Laudans
1570 4209 1858 4266 invocabo
1889 4198 2086 4265 Demi-

422 4313 586 4365 num,
618 4302 673 4353 et
698 4297 774 4353 ab
807 4298 1058 4353 inimicis
1087 4296 1230 4353 meis
1254 4297 1458 4369 salvus
1487 4312 1587 4353 ero
1617 4298 1808 4356 (Psal.
1842 4314 1974 4364 xvn,
2006 4298 2083 4369 4.)

421 4386 686 4459 Denique
715 4385 859 4459 quia
889 4386 1003 4442 hoc
1039 4385 1423 4441 devotissime
1474 4401 1544 4442 ac
1580 4387 2082 4458 constantiss'me,

420 4483 477 4534 et
498 4477 557 4534 lii
578 4474 767 4532 sancti
786 4475 905 4543 Dei,
938 4490 1201 4548 quorum
1227 4491 1389 4533 nunc
1414 4479 1769 4533 memoriam
1820 4476 2084 4534 celebra-

420 4580 578 4634 mus,
595 4567 654 4620 et
679 4563 873 4620 caeteri
901 4561 1086 4619 divini
1118 4566 1399 4640 martyris
1426 4564 1541 4622 hoc
1568 4563 1646 4623 ad
1692 4563 1942 4638 implere
1967 4571 2086 4621 stu-

419 4652 697 4720 duerunt,
730 4652 1047 4709 laudantes
1078 4657 1137 4709 et
1156 4652 1499 4711 invocantes
1521 4668 1662 4709 eum
1688 4653 1751 4709 in
1771 4669 1882 4708 sua
1898 4652 2084 4709 tribu-

420 4741 661 4812 latione,
684 4741 900 4816 eripuit
929 4757 1032 4797 eos
1063 4741 1141 4798 ab
1162 4743 1413 4801 instanti
1429 4741 1814 4797 inimicorum
1837 4756 2084 4798 suorum

422 4832 761 4902 afﬂictione,
793 4836 849 4891 et
874 4832 1071 4890 salvos
1102 4831 1238 4890 fecit
1267 4848 1369 4890 eos
1389 4830 1451 4887 in
1479 4846 1667 4901 regno
1699 4845 1808 4888 suo
1839 4829 2084 4903 cmlesti,

420 4923 483 4978 in
509 4937 635 4996 quo
663 4921 944 4996 perennis
991 4920 1280 4978 felicitatis
1335 4919 1414 4977 ab
1454 4934 1526 4975 eo
1570 4916 1800 4991 gloriati
1849 4918 1982 4990 jure
2031 4927 2088 4976 et

422 5011 623 5085 ipsum
639 5011 720 5068 illi
734 5010 1135 5069 honoriﬁcant
1156 5009 1335 5066 laude
1359 5007 1630 5082 perenni.
1680 5012 1796 5065 Nos
1841 5024 2087 5082 quoque

423 5101 484 5157 in
515 5100 697 5173 hujus
719 5099 911 5157 nostri
936 5098 1228 5154 incolatus
1255 5095 1482 5162 exsilio,
1532 5094 1683 5152 inter
1728 5095 2085 5170 multiplices

423 5190 557 5247 vitae
588 5189 898 5264 praesentis
924 5185 1230 5257 angustias
1251 5183 1447 5259 positi,
1501 5182 1816 5243 laudantes
1854 5184 2085 5243 invoce—

424 5298 561 5337 mus
583 5282 817 5336 Patrem
842 5277 1018 5334 totius
1048 5273 1493 5344 consolationis,
1524 5274 1833 5333 credentes
1856 5273 2000 5348 quia
2027 5281 2085 5334 et

2186 1386 2446 1442 quorum
2485 1371 2636 1425 mira
2662 1369 2907 1425 strictim
2937 1384 3180 1424 narrare
3231 1369 3591 1441 suscepimus
3631 1378 3773 1428 certa-

2187 1459 2373 1528 mina,
2405 1458 2776 1525 abdicantes,
2807 1460 2932 1513 imo
2962 1463 3025 1513 ut
3045 1456 3245 1513 faetida
3294 1466 3633 1530 respuentcs,
3672 1467 3776 1516 ster-

2186 1563 2327 1603 cora
2344 1546 2444 1604 illa
2466 1547 2675 1603 frivola
2704 1563 2840 1620 quae
2863 1566 2897 1602 a
2924 1546 3190 1619 quodam
3218 1547 3401 1601 idiota
3423 1548 3772 1621 mimographo

2186 1641 2244 1692 et
2266 1635 2583 1709 ialsiloquo
2636 1635 2709 1691 de
2766 1636 2913 1707 ipsis
2965 1634 3250 1692 scabroso
3300 1635 3472 1691 nimis
3516 1636 3631 1692 stilo
3674 1645 3777 1695 sunt

2185 1726 2554 1798 ineptissime
2584 1726 2741 1782 edita
2773 1743 2786 1780 :
2815 1731 2873 1781 et
2900 1726 3121 1782 idcirco
3150 1742 3189 1780 a
3220 1725 3492 1781 ﬁdelibus
3532 1728 3776 1784 Christirc

2187 1813 2276 1878 lis,
2328 1815 2710 1886 maximeque
2762 1831 2799 1869 a
2848 1815 3027 1870 beato
3078 1814 3276 1869 Blasio
3322 1828 3476 1885 papa
3509 1814 3626 1884 jure
3666 1816 3777 1871 inter

2188 1902 2376 1958 multa
2410 1906 2550 1958 sunt
2583 1906 2644 1958 ut
2673 1902 3001 1976 apocripha
3034 1901 3365 1976 repudiata.

2259 1995 2375 2047 Nos
2427 1997 2627 2048 autem
2686 1992 3040 2048 admirabile
3089 1992 3320 2048 cunctis
3373 1995 3637 2064 tropaeum
3683 1993 3779 2059 Qui-

2188 2081 2313 2147 rici,
2344 2081 2798 2153 parviintantis
2828 2086 2883 2136 et
2930 2081 3131 2151 magni
3188 2085 3487 2152 martyris,
3533 2080 3603 2137 ad
3641 2081 3779 2138 hono-

2187 2186 2315 2225 rem
2354 2170 2673 2225 recolimus
2718 2170 2905 2225 sancti
2933 2170 3016 2225 tui
3054 2170 3351 2237 nominis,
3410 2169 3775 2241 Domine;qui,

2189 2261 2514 2330 antequam
2567 2264 2621 2313 te
2676 2259 2821 2314 scire
2875 2265 3073 2331 posset
3119 2272 3229 2330 per
3276 2261 3501 2314 aetatem
3552 2257 3775 2331 corporis,

2191 2347 2589 2420 «praevenisti
2638 2364 2773 2404 eum
2828 2348 2888 2403 in
2929 2346 3446 2405 benedictionibus
3491 2346 3776 2411 dulcedinis,

2189 2441 2245 2491 et
2274 2454 2344 2492 ex
2392 2451 2493 2492 ore
2544 2436 2785 2492 infantis
2831 2442 2885 2492 et
2935 2436 3207 2492 lactentis
3262 2435 3543 2508 perfecisti
3592 2435 3776 2491 laudem

2192 2526 2375 2593 (Psal.
2430 2540 2570 2589 χχχι,
2603 2526 2653 2594 4)
2690 2550 2716 2573 ››
2763 2525 3135 2581 admirabilis
3189 2525 3449 2580 nominis
3487 2523 3577 2589 tui,
3620 2528 3669 2578 ut
3702 2537 3779 2595 per

2190 2619 2243 2670 te
2274 2613 2455 2669 alacri
2486 2619 2903 2669 consummato
2936 2613 3249 2686 martyrio,
3280 2613 3582 2682 testiﬁcasti
3605 2626 3709 2668 eum
3734 2611 3775 2665 in

2190 2703 2417 2773 gaudio
2441 2719 2573 2758 cum
2607 2704 2778 2759 vultu
2808 2709 2909 2759 tuo
2934 2703 3122 2773 (Psal.
3156 2721 3249 2771 χχ,
3274 2703 3348 2772 7).
3393 2703 3543 2759 Unde
3586 2700 3708 2756 sicut
3739 2704 3779 2755 et

2190 2792 2251 2847 in
2305 2792 2589 2848 omnibus
2644 2793 2961 2849 benedicta
3007 2793 3080 2848 sit
3125 2791 3560 2861 magniﬁcentia
3604 2790 3779 2846 virtutis

2192 2886 2325 2947 tuae,
2358 2896 2494 2953 quae
2550 2880 2635 2936 sic
2679 2881 2927 2937 miritice
2986 2879 3307 2953 antiquum
3358 2880 3489 2935 vicit
3516 2879 3777 2943 inimicum,

2191 2985 2298 3042 per
2322 2968 2601 3026 dilectum
2653 2969 2765 3025 sibi
2810 2969 3061 3025 invicem
3122 2969 3446 3038 Quiricum,
3500 2968 3647 3038 cujus
3690 2965 3777 3020 suf-

2192 3055 2396 3127 fragiis
2456 3056 2651 3123 nobis,
2703 3073 3075 3130 quaesumus,
3136 3055 3409 3131 largiaris
3453 3058 3522 3113 de
3569 3054 3779 3128 ejusdem

2192 3146 2440 3218 maligni
2474 3147 3056 3220 hostis'triumphare
3104 3148 3357 3203 insidiis.
3401 3149 3544 3215 Ergo
3586 3145 3653 3200 ad
3689 3144 3778 3198 hac

2190 3235 2442 3291 ﬁdeliter
2471 3236 2829 3308 explicanda
2853 3237 2981 3307 jam
3013 3252 3174 3292 nunc
3207 3237 3572 3292 accedamus.

2267 3326 2475 3395 Sextus,
2505 3340 2639 3398 quae
2668 3340 2827 3381 nunc
2860 3323 3055 3394 agitur
3084 3325 3276 3381 astatis
3301 3324 3479 3390 initio,
3509 3337 3616 3396 quo
3637 3319 3774 3377 Domi-

2192 3429 2307 3469 nus
2334 3416 2501 3470 Jesus
2527 3413 2809 3480 Christus,
2847 3416 3000 3470 Deus
3022 3431 3194 3471 verus
3222 3419 3281 3471 et
3307 3416 3485 3470 homo
3505 3429 3656 3468 suum
3677 3425 3775 3466 con-

2194 3518 2426 3560 secrare
2445 3503 2727 3573 dignatus
2750 3509 2837 3560 est
2866 3504 3219 3572 adventum,
3246 3500 3673 3577 quadragesimo
3702 3498 3777 3552 sci-

2193 3591 2328 3648 licet
2379 3592 2644 3649 secundo
2694 3593 2926 3665 imperii
2958 3593 3267 3649 octaviani
3315 3593 3547 3650 Cmsaris
3592 3584 3775 3657 Augusti

2194 3693 2375 3750 anno,
2399 3678 2565 3753 quod
2585 3681 2830 3753 quidem
2869 3680 3125 3737 obtinuit
3175 3696 3285 3755 per
3334 3695 3516 3736 annos
3550 3676 3775 3752 quinqua-

2195 3768 2358 3839 ginta
2380 3787 2483 3826 sex
2509 3769 2845 3826 secundum
2874 3776 3089 3827 nutum
3115 3770 3304 3842 ipsius
3344 3787 3489 3827 veras
3517 3768 3655 3826 Pacis
3677 3770 3776 3822 tuac

2196 3858 2253 3913 in
2285 3874 2465 3915 carne
2494 3860 2860 3933 apparentis,
2884 3860 3277 3932 postmodum
3307 3874 3413 3933 per
3436 3864 3606 3915 totum
3622 3852 3776 3911 oceani

2197 3948 2493 4004 ambitum
2509 3950 2739 4005 cunctis
2769 3963 2888 4005 una
2921 3962 3068 4021 pace
3088 3949 3370 4018 gentibus
3389 3944 3690 4020 compesitis
3707 3956 3777 4015 pa-

2195 4040 2397 4092 catum
2419 4036 2588 4108 rexit,
2621 4041 2799 4109 atque
2825 4035 3001 4093 totius
3030 4036 3191 4094 orbis
3219 4035 3611 4093 monarchiam
3633 4042 3777 4106 posse-

2194 4123 2301 4195 dit,
2328 4140 2585 4197 eamque
2615 4123 2847 4198 imperii
2870 4129 3225 4197 potestatem
3253 4123 3540 4198 relinquit.
3564 4115 3778 4194 Equitum

2195 4212 2445 4284 posteris
2474 4219 2614 4286 post
2641 4230 2781 4269 eum
2814 4212 3086 4269 Aurelius
3131 4213 3484 4277 Alexander,
3527 4210 3778 4281 imperator

2196 4300 2536 4370 vicesimus,
2566 4302 2879 4357 transactis
2910 4316 2945 4357 a
2984 4301 3290 4357 nativitate
3326 4300 3542 4357 Domini
3581 4296 3648 4353 ad
3674 4289 3775 4349 illud

2198 4404 2391 4462 usque
2421 4393 2659 4462 tempus
2690 4390 2824 4462 plus
2872 4388 3146 4445 minusve
3179 4389 3449 4446 ducentis
3498 4386 3668 4456 viginti
3706 4393 3775 4434 sex

2196 4479 2372 4534 annis
2402 4477 2635 4535 exstitit.
2667 4478 2854 4550 Hujus
2878 4477 3057 4548 igitur
3088 4475 3477 4551 temporibus,
3507 4492 3627 4531 cum
3642 4465 3776 4527 maxi-

2198 4583 2299 4624 ma
2348 4567 2582 4623 vexatio
2614 4566 2897 4623 Ecclesiis'
2932 4572 3106 4629 esset,
3151 4567 3442 4639 praeclara
3485 4582 3520 4621 δ.
3557 4558 3775 4620 militibus

2197 4656 2409 4711 Christi
2430 4656 2765 4729 propietate
2788 4656 3115 4711 certamina
3153 4655 3422 4728 martyrii
3472 4650 3773 4721 gerebantur.

2196 4743 2298 4816 qui
2329 4759 2438 4817 pro
2467 4742 2895 4818 suppliciorum
2928 4744 3212 4817 patientia
3258 4743 3617 4799 donabantur
3640 4751 3668 4791 a
3694 4737 3776 4789 Deo

2195 4831 2656 4890 immortalitatis
2687 4850 2928 4889 corona.
2968 4835 3028 4889 In
3060 4833 3283 4907 quibus
3332 4836 3389 4888 et
3435 4833 3624 4887 beatus
3656 4828 3777 4897 pater

2196 4919 2489 5012 Callistus,
2522 4922 2903 5012 sacprdotum
2924 4921 3210 5012 dignitate
3242 4937 3403 5012 papa
3446 4922 3722 5012 Romanus,
3752 4922 3779 4962 δ

2197 5010 2542 5067 beatissimo
2570 5005 2742 5067 Pétro
2773 5009 3181 5084 apostolorum
3211 5010 3475 5083 principe
3494 5005 3670 5062 ordine

2196 5105 2289 5155 tus
2335 5099 2624 5167 decimus,
2653 5098 2800 5155 dum
2832 5098 2986 5155 ﬁxus
3036 5104 3213 5155 staret
3260 5097 3320 5154 in
3370 5096 3540 5153 domo
3585 5086 3774 5147 Domini.

2195 5186 2637 5260 perseverando
2658 5187 2715 5243 in
2746 5186 3046 5243 mandatis
3064 5186 3193 5257 ejus
3221 5192 3277 5241 ιιι
3300 5186 3359 5242 in
3390 5172 3778 5240 sanctacharita-

2196 5282 2271 5345 te,
2295 5282 2353 5333 et
2374 5276 2470 5349 pio
2493 5276 2632 5333 ovili
2655 5277 2962 5333 Dominieo
2983 5277 3143 5332 velut
3170 5277 3326 5332 aries
3365 5274 3586 5335 electus,
3609 5282 3666 5324 ac
3688 5260 3774 5319 dux

424 5370 520 5426 hic
565 5366 972 5426 consolabitur
1000 5380 1110 5421 nos
1152 5364 1210 5421 in
1230 5364 1396 5421 omni
1444 5364 1819 5423 tribulatione
1852 5345 2078 5439 nostra,
2116 5345 2156 5399 θ
2196 5345 2612 5436 totius'gregis,
2634 5367 2834 5422 subito
2851 5367 3025 5436 jussu
3048 5365 3239 5438 ipsius
3262 5359 3562 5419 Alexandri
3587 5352 3772 5439 rapitur,

424 5460 527 5532 qui
558 5473 767 5514 sumus
798 5459 1103 5528 sperantes
1132 5453 1193 5509 in
1220 5455 1348 5525 ejus
1402 5454 1830 5528 misericordia,
1880 5460 1938 5513 et
1965 5456 2081 5513 illic

384 5549 391 5555 ’
425 5548 581 5603 illius
611 5544 1056 5615 consolationis,
1090 5544 1183 5601 cui
1212 5544 1379 5602 nulla
1404 5545 1668 5602 succedit
1690 5546 1943 5614 tristitia,
1971 5545 2083 5603 lar-

2195 5456 2417 5512 carceri
2458 5455 2856 5528 mancipatur,
2887 5456 3044 5511 fame
3071 5436 3373 5509 idiuturna
3417 5447 3687 5506 cruciatur.
3711 5436 3773 5491 fu‘

2195 5544 2383 5600 stibus
2414 5544 2680 5616 quotidie
2711 5545 2978 5613 caeditur,
3002 5542 3079 5598 ad
3107 5542 3380 5597 ultimum
3403 5554 3500 5611 per
3522 5534 3770 5590 fenestram

429 5637 619 5705 gietur
644 5635 817 5692 nobis
848 5634 1086 5707 gaudia,
1117 5634 1584 5705 suifragantibus
1608 5636 1828 5697 horum
1858 5634 2081 5692 meritis
2192 5635 2412 5690 domus
2439 5633 2864 5707 praacipitatur,
2896 5638 2952 5689 et
2976 5632 3159 5703 ligato
3186 5630 3267 5688 ad
3296 5628 3504 5687 collum
3530 5624 3639 5694 ejus
3663 5625 3768 5672 5310
