3950 6178
171 169 265 222 853
855 170 860 175 '
1298 176 1541 233 rxssuo
1584 180 1680 234 ss.
1712 158 1973 243 dirimet
2012 179 2097 241 ET
2131 179 2435 239 murus.

3476 197 3580 253 854

169 278 220 343 in
250 292 493 377 puteum
521 289 904 360 demergitur,
940 294 997 351 in
1024 311 1283 371 eumque
1316 299 1576 377 desuper
1596 300 1816 357 rudera
1848 305 1889 357 Α
1925 304 2083 359 ctam
2110 302 2378 359 videlicet
2412 305 2753 375 Ecclesium,
2790 310 2911 363 toto
2936 306 3079 367 orbe
3136 314 3428 375 terrarum
3476 316 3583 373 dif-

170 376 500 435 tumulatur.
527 384 715 451 Atque
741 380 822 438 ita
852 398 887 439 a
918 386 1033 440 Deo
1067 402 1290 445 corona
1323 389 1592 465 martyrii
1635 390 1811 446 deco-

166 471 333 525 ratur.
688 542 691 545 _

232 554 411 625 Hujus
442 571 754 615 successor
784 566 1025 619 sanctus
1061 562 1167 619 fuit
1190 566 1490 641 Urbanus,
1541 568 1810 640 ejusdem

167 648 374 699 sanctae
408 646 689 701 Homame
722 648 882 705 sedis
916 650 1254 725 episcopus,
1283 654 1388 729 qui
1426 656 1696 713 doctrina
1724 673 1814 713 sa-

162 732 326 789 lutari
357 733 577 793 multos
636 736 713 791 ad
762 739 1119 810 martyrium
1174 759 1510 815 provocans
1565 745 1811 803 calicem

162 837 333 894 quem
372 822 502 886 aliis
531 827 1013 901 propinavitipse
1042 846 1284 903 quoque
1316 834 1557 906 potavit.

226 914 304 969 Ea
325 911 503 982 igitur
531 914 686 971 facta
716 918 1150 989 persecutione,
1170 921 1319 979 sicut
1339 922 1624 989 diximus,
1648 924 1810 982 Chri-

162 1000 481 1059 stianorum
538 1003 651 1059 sub
705 1004 1041 1063 Alexandro
1089 1007 1446 1082 imperatore
1468 1028 1622 1081 .cum
1654 1030 1810 1073 saeva

159 1105 333 1161 supra
362 1091 615 1151 modum
638 1094 1017 1153 exardeceret
1046 1097 1313 1173 undique
1348 1116 1519 1158 secus
1572 1117 1674 1158 eos
1726 1102 1809 1159 in-

157 1178 414 1235 sectandi
430 1179 1080 1249 intentio,orientalium
1099 1202 1341 1261 quoque
1363 1189 1808 1260 provinciarum

156 1266 295 1322 lines
348 1268 760 1341 apprehendit.
828 1277 887 1329 tn
944 1290 1202 1346 quarum
1262 1277 1534 1349 partibus
1584 1295 1805 1353 praeses

152 1355 481 1414 Alexander
507 1366 773 1431 praeerat,
808 1363 911 1434 qui
944 1364 1093 1419 sicut
1120 1366 1364 1422 nomine
1418 1368 1500 1422 sic
1547 1368 1805 1441 impera-

153 1444 255 1499 tori
276 1460 387 1501 suo
417 1451 676 1521 eratpar
704 1449 1020 1509 ferocitate.
1075 1454 1170 1511 llic
1222 1454 1375 1515 inter
1434 1457 1803 1521 innumeros,

147 1549 296 1607 quos
316 1534 496 1592 variis
527 1537 887 1599 cruciatibus
919 1546 975 1596 et
1000 1544 1346 1612 excogitatis
1373 1544 1652 1602 affecerat
1678 1563 1805 1619 poe-

1923 388 2141 458 fusam,
2175 407 2248 446 ne
2280 409 2315 448 a
2354 410 2476 448 sme
2528 398 2839 451 moveatur
2884 395 3024 451 ﬁdei
3054 397 3391 465 stabilitate,
3431 419 3582 463 neve

1921 480 2285 551 praevaleant
2315 482 2599 541 adversus
2626 499 2761 543 eam
2791 483 2963 541 inferi
2984 489 3579 564 portze(il{attlt.xvi),

1921 567 2047 640 ipse
2072 586 2179 642 per
2208 571 2487 642 Spiritum
2519 579 2796 631 sanctum
2832 572 3073 632 firmam
3104 575 3267 633 dedit
3305 586 3582 640 constan-

1924 657 2064 712 tiam
2123 660 2348 715 virtulis
2393 678 2515 717 suae
2570 661 2628 717 in
2674 661 2868 718 dilecti
2921 663 3033 721 sibi
3080 665 3322 725 infantis
3362 670 3581 737 Quirici

1920 747 2118 813 corde,
2154 753 2209 805 et
2240 749 2531 807 sermonis
2558 750 2904 813 facundiam
2930 752 2990 808 in
3038 754 3168 827 ejus
3219 757 3418 829 posuit
3454 775 3576 827 ore,

1921 858 1947 883 ‹‹
1982 836 2084 906 qui
2136 838 2368 909 aperuit
2407 855 2513 896 ora
2562 844 2865 896 mutorum
2910 846 2966 898 et
2993 841 3229 911 linguas
3259 844 3579 905 infantium

1921 923 2058 980 facit
2095 923 2344 982 disertas
2386 930 2549 998 (δίη).
2578 933 2661 993 x).
2716 929 2878 986 Unde
2906 930 3052 987 dum
3080 937 3217 988 ante
3255 936 3578 1005 praesidem

1920 1017 2098 1071 staret
2129 1016 2461 1075 secundum
2489 1023 2725 1091 tempus
2773 1018 3029 1089 elinguis
3070 1019 3421 1091 infantulus,
3454 1040 3578 1083 non

1918 1101 2033 1168 ille,
2069 1104 2170 1160 sed
2203 1121 2262 1160 in
2294 1121 2364 1160 eo
2396 1113 2452 1163 et
2482 1122 2587 1178 per
2613 1123 2748 1164 eum
2781 1107 3140 1185 loquebatur
3172 1111 3420 1189 Spiritus
3443 1129 3577 1171 san-

1917 1196 2068 1261 ctus,
2099 1195 2269 1263 cujus
2301 1196 2476 1268 adipe
2500 1202 2554 1252 et
2584 1197 2947 1271 pinguedine
2985 1198 3328 1273 replebatur
3372 1202 3577 1261 anima

1916 1286 1971 1336 et
2001 1299 2102 1337 cor
2132 1283 2280 1355 ejus.
2323 1285 2467 1341 Dixit
2496 1295 2699 1343 autem
2726 1289 2779 1342 ci
2807 1287 3143 1345 Alexander
3193 1306 3206 1345 :
3238 1289 3387 1349 Volo
3425 1292 3575 1349 mihi

1918 1375 1980 1426 ut
2027 1373 2313 1431 veraciter
2355 1375 2588 1446 pandas
2646 1376 2779 1448 quis
2817 1376 2998 1448 hujus
3042 1384 3263 1437 sanctte
3293 1380 3575 1439 doctrinae

1915 1461 2194 1519 exstiterit
2224 1464 2526 1536 magister,
2562 1464 2858 1539 simulque
2882 1466 2959 1522 ab
2989 1466 3101 1523 hac
3128 1466 3381 1527 desistas
3400 1470 3575 1545 perti-

1914 1549 2109 1610 nacia,
2137 1566 2320 1621 quam
2351 1551 2632 1617 celeriter,
2668 1567 2742 1607 ne
2772 1568 2879 1624 pro
2913 1553 3165 1610 deorum
3215 1559 3271 1612 et
3316 1555 3574 1631 impera-

147 1622 255 1689 nis,
288 1622 550 1689 Julittam
587 1632 927 1685 matronam
962 1630 1225 1688 nobilem
1274 1634 1332 1688 in
1388 1634 1516 1703 lege
1573 1635 1805 1691 Domini
1840 1652 1880 1704 Β
1914 1640 2056 1691 toris
2090 1644 2437 1711 contemptu
2476 1641 2669 1713 piruis
2701 1622 2911 1696 acriter
2948 1641 3245 1699 atﬁeiaris.
3305 1622 3423 1700 Ad-
3444 1645 3573 1702 haec

145 1711 528 1775 meditantem
553 1715 648 1773 die
680 1734 751 1775 ac
778 1726 969 1783 nocte,
998 1720 1159 1777 fama
1214 1722 1355 1779 boni
1399 1724 1600 1779 odoris
1653 1725 1803 1782 cele-

145 1799 331 1863 brem,
363 1803 559 1859 missis
599 1805 954 1864 ofﬁcialibus
987 1810 1106 1867 suis
1129 1811 1308 1881 jussit
1338 1814 1685 1884 praesentari
1711 1815 1803 1870 tri-

142 1887 488 1949 bunalibus.
524 1896 657 1949 Erat
685 1901 887 1951 autem
916 1897 1117 1957 Julitta
1167 1900 1429 1957 serviens
1460 1901 1711 1958 Domino
1740 1902 1802 1958 in

144 1978 349 2035 timore
383 1987 565 2039 casto.
609 2000 743 2056 quae
774 1985 963 2041 filium
994 1987 1189 2044 alebat
1234 1989 1552 2061 parvulum
1616 1991 1800 2056 Quiri-

139 2083 277 2125 cum
334 2085 345 2122 :
396 2070 488 2125 cui
548 2089 683 2127 cum
733 2073 882 2129 lacte
923 2075 1117 2133 carnis
1149 2076 1530 2149 disciplinam
1561 2080 1801 2138 tradidit

137 2154 354 2210 divmae
413 2156 576 2227 legis.
641 2160 793 2219 Inter
842 2162 1057 2221 charos
1096 2164 1355 2237 denique
1399 2166 1713 2241 amplexus
1744 2173 1801 2225 et

136 2251 421 2303 maternae
480 2249 713 2325 pietatis
762 2252 986 2321 oscula,
1038 2268 1160 2325 quo
1211 2270 1420 2313 verum
1487 2262 1798 2327 parentem

131 2341 525 2401 agnOsceret,
588 2336 804 2393 coleret
861 2345 1039 2410 atque
1096 2340 1382 2419 diligeret,
1442 2342 1590 2400 dum
1647 2343 1797 2405 lacte

124 2420 297 2476 dulci
323 2439 394 2476 ex
424 2423 554 2494 ejus
587 2424 840 2481 aleretur
872 2427 1178 2498 uberibus,
1213 2429 1291 2484 ab
1320 2429 1508 2501 ipsius
1556 2447 1657 2486 ore
1689 2448 1797 2506 pro

126 2515 404 2582 tempore
430 2530 596 2584 purae
624 2513 759 2571 ﬁdei
806 2517 1187 2574 imbuebatur
1238 2520 1643 2591 dogmatibus.
1702 2523 1795 2579 In-

128 2602 519 2668 surgentibus
552 2604 749 2672 igitur,
789 2605 1078 2667 adversus
1120 2624 1251 2665 eam
1314 2610 1794 2680 persecutoribus

128 2705 237 2761 pro
263 2706 374 2746 sua
420 2692 775 2767 parvulique
803 2694 989 2751 salute
1011 2696 1089 2755 ad
1126 2697 1442 2755 Dominum
1472 2698 1791 2756 clamabat.

127 2783 279 2835 Ante
306 2787 697 2851 conspectum
723 2783 981 2857 denique
1013 2790 1373 2861 praesentata
1399 2787 1704 2859 praesidiis,
1740 2792 1796 2844 et

129 2867 204 2921 ab
230 2883 307 2923 eo
339 2869 621 2943 requisita
653 2873 824 2942 cujus
851 2878 1004 2929 esset
1025 2875 1345 2947 provinciae
1386 2875 1479 2931 vel
1518 2877 1790 2947 civitatis,

128 2961 227 3011 aut
258 2973 398 3029 quas
423 2959 648 3033 prOprii
671 2959 720 3017 ei
753 2965 907 3017 esset
939 2962 1200 3032 cognitio
1232 2962 1512 3033 nominis,
1542 2982 1789 3039 respon-

127 3045 208 3101 dit
241 3066 253 3103 :
299 3049 377 3103 De
407 3048 635 3107 Isauria
657 3050 901 3121 quidem
930 3051 1259 3123 provincia,
1310 3058 1365 3111 et
1394 3053 1468 3109 de
1519 3053 1791 3127 primori-

126 3134 238 3193 bus
306 3136 556 3195 civitatis
605 3138 1017 3210 Hyboniarum
1065 3143 1394 3213 progenita,
1454 3143 1529 3203 ad
1584 3143 1790 3203 Siliciaa

126 3229 258 3280 tuas
294 3225 568 3285 devitans
613 3230 1045 3300 persecutionis
1087 3231 1419 3303 demigravi
1447 3232 1617 3301 loca;
1660 3237 1791 3293 Tar-

126 3330 318 3389 soque
349 3332 480 3371 sum
510 3315 849 3377 immorata.
888 3321 950 3379 Et
991 3335 1128 3377 cum
1151 3320 1263 3379 sim
1286 3337 1417 3379 vere
1440 3322 1790 3393 Christiana,

123 3410 207 3461 est
232 3405 383 3461 mihi
416 3408 871 3465 nomenJulitta.
891 3409 994 3467 Cui
1025 3426 1243 3482 praeses
1275 3428 1286 3465 :
1314 3411 1545 3484 Hortor,
1577 3412 1788 3486 inquit,

124 3496 204 3552 te;
240 3499 306 3549 tu
340 3494 419 3548 ibi
451 3494 727 3559 consule;
757 3496 1137 3571 imperatoris
1164 3499 1341 3571 jussa
1366 3502 1791 3576 pertice,atquc

122 3580 331 3653 debita,
350 3583 462 3640 diis
491 3586 708 3642 nostris
740 3585 888 3645 oﬂ‘er
914 3580 1225 3645 libamina.
1254 3592 1429 3653 Beata
1449 3590 1647 3648 Julitta
1675 3607 1793 3648 res-

123 3672 336 3743 pondit
368 3691 380 3733 ;
410 3675 881 3745 Egoimmundis
940 3694 1061 3734 non
1122 3678 1391 3735 sacriﬁco
1440 3679 1779 3745 daemoniis,

120 3762 263 3833 quia
306 3763 481 3821 unius
528 3764 644 3821 vivi
671 3770 727 3821 et
752 3766 874 3823 veri
925 3767 1022 3835 Dei
1063 3782 1202 3825 vera
1244 3784 1379 3839 sum
1418 3767 1646 3825 cultrix.
1697 3768 1790 3826 Ait

120 3865 339 3919 preses
373 3870 385 3906 :
422 3852 700 3921 sacrifica
732 3853 845 3911 diis
883 3858 1209 3926 antequam
1239 3854 1317 3911 ad
1350 3860 1646 3913 tormenta
1674 3855 1786 3912 du-

121 3940 297 3997 caris.
337 3942 401 3997 Et
417 3940 519 3997 illa
553 3958 565 3996 :
602 3946 714 3998 Nec
740 3941 853 3998 diis
879 3942 992 4000 tuis
1033 3942 1387 4001 sacriﬁcabo
1432 3944 1623 4014 vanis,
1674 3960 1784 4003 nec

120 4032 420 4087 tormenta
443 4046 723 4102 pavesco.

190 4116 451 4182 Interim,
506 4116 651 4175 dum
707 4118 768 4176 hi
815 4117 966 4175 inter
1013 4134 1116 4179 eos
1156 4135 1461 4177 sermones
1493 4118 1778 4188 feruntur,

116 4204 283 4263 alma
309 4205 558 4275 genitrix
591 4208 807 4274 Quirici
841 4224 963 4267 non
995 4208 1232 4265 modico
1257 4208 1594 4281 angebatur
1630 4226 1780 4265 mua-

116 4309 247 4350 rore
278 4296 461 4353 animi
492 4298 656 4370 quod
692 4297 840 4371 ipsa,
856 4298 1050 4375 posita
1066 4297 1125 4354 in
1159 4298 1481 4383 prtecinctu
1507 4297 1645 4357 belli
1670 4315 1780 4372 pro

115 4383 493 4441 confessione
521 4385 772 4451 fidei,sui
795 4391 950 4443 esset
970 4386 1249 4450 destituta
1281 4385 1493 4445 salatio
1520 4387 1777 4461 parvuli.

115 4471 199 4527 Ad
230 4472 368 4542 ejus
400 4477 598 4531 tamen
642 4474 1087 4544 suggestionem
1113 4475 1359 4549 jubente
1404 4476 1677 4557 praeside,
1724 4480 1781 4533 et

114 4566 303 4617 matre
330 4577 468 4619 eum
500 4561 679 4618 veluti
710 4562 1389 4637 prodente,perquisitus
1414 4562 1661 4621 tenellus
1690 4563 1778 4621 in-

113 4647 246 4705 fans
278 4650 549 4715 Quiricus
573 4656 627 4709 et
659 4667 691 4707 a
727 4650 1013 4709 militibus
1042 4651 1311 4724 thBSldiS
1342 4656 1776 4725 repertus,ante

113 4737 312 4809 ipsum
343 4738 665 4813 perductus
694 4745 805 4797 est.
833 4740 1034 4798 Primo
1063 4738 1307 4811 quidem
1349 4738 1775 4799 blandimentis

112 4824 370 4895 lenibus,
403 4833 464 4883 ut
485 4828 703 4899 infans,
732 4828 1104 4891 demulcetur
1132 4846 1144 4895 ;
1178 4827 1394 4884 deinde
1425 4827 1601 4884 minis
1635 4844 1775 4885 exa-

111 4923 405 4991 speratur.
424 4916 517 4977 Ille
550 4934 688 4974 vero
720 4917 1128 4978 blandientem
1157 4934 1324 4991 aeque
1358 4924 1421 4977 ut
1444 4917 1773 4975 minantem

110 5006 572 5085 parvipendens,
608 5012 805 5064 mente
853 5008 1082 5079 majore
1129 5013 1186 5065 et
1226 5007 1616 5067 disertissimo
1661 5023 1775 5064 ser-

41 5146 47 5162 ,
110 5111 291 5152 mone
312 5096 710 5155 Christianum
739 5113 802 5152 se
820 5113 950 5157 esse
978 5100 1318 5157 constanter
1338 5101 1425 5155 est
1446 5096 1771 5169 professus,

108 5189 165 5241 et
192 5200 231 5241 a
261 5185 632 5257 professione
678 5202 740 5243 se
772 5185 893 5241 ullo
940 5185 1124 5243 modo
1167 5184 1367 5245 divelli
1421 5201 1544 5242 non
1598 5201 1774 5260 posse

108 5271 451 5329 ﬁrmissime
484 5278 859 5347 protestetur.
896 5276 1013 5331 Rex
1044 5278 1321 5341 aeternus,
1369 5276 1523 5331 Deus
1573 5277 1775 5329 noster

107 5362 213 5432 qui
241 5377 540 5434 apparens
568 5362 629 5418 in
658 5378 836 5418 carne
871 5364 948 5418 ad
976 5363 1331 5419 bellandum
1352 5362 1563 5417 fortem
1581 5377 1775 5417 arma-

106 5453 239 5505 tum
289 5452 452 5521 (Luc.
493 5452 599 5522 x1),
655 5451 1076 5526 mundumque
1122 5450 1184 5508 in
1230 5450 1392 5507 malo
1423 5450 1684 5523 positum
1717 5452 1775 5519 (Ι

103 5539 288 5594 Joan.
312 5544 532 5612 v),suae
564 5555 624 5596 se
656 5541 983 5613 majestatis
1010 5541 1318 5614 praecinxit
1336 5541 1551 5597 virtute
1581 5541 1768 5612 (Psal.

103 5628 274 5701 xvu),
297 5629 521 5709 quique
550 5629 813 5688 ﬁrmavit
836 5629 1045 5688 orbem
1075 5633 1243 5689 terra:
1273 5631 1459 5702 (Psal.
1482 5630 1613 5701 xcn)
1638 5644 1772 5687 san-

1913 1725 2108 1781 infuns
2144 1744 2155 1783 :
2199 1730 2406 1795 'l‘uam,
2441 1729 2541 1797 ait,
2575 1745 2610 1784 o
2638 1745 2876 1801 praeses,
2914 1730 3099 1785 miror
3126 1731 3570 1804 insipientiam;

1910 1814 2009 1885 qui
2044 1814 2099 1869 in
2130 1832 2224 1870 me
2255 1832 2503 1871 cernens
2534 1816 2823 1873 tantillam
2844 1821 3099 1884 aetatem,
3134 1818 3360 1875 nedum
3408 1824 3571 1879 tran-

1912 1906 2076 1959 sacto
2136 1904 2310 1961 trium
2369 1920 2666 1960 annorum
2720 1905 3012 1961 curriculo
3061 1905 3350 1964 discenda
3390 1908 3571 1965 etiam

1910 1990 2157 2046 scientia
2190 1992 2386 2047 minus
2419 1991 2706 2051 idoneum
2736 1994 3144 2066 pareimctaris
3172 1996 3309 2067 quis
3338 2011 3434 2053 me
3465 1996 3569 2053 do-

1908 2080 2093 2135 cuerit
2117 2079 2382 2141 divinam
2410 2081 2788 2155 sapientiam.

1979 2168 2208 2224 Auditis
2239 2185 2459 2242 prteses
2480 2170 2830 2241 hujusmodi
2854 2170 3235 2229 sermonibus
3261 2176 3568 2245 correptus

1906 2261 1996 2311 est
2025 2255 2244 2322 furore,
2278 2273 2346 2312 ac
2371 2257 2547 2327 jussit
2596 2257 2884 2315 infantem
2926 2257 3077 2314 credi
3123 2258 3569 2318 vehementissi-

1908 2361 2022 2401 me.
2059 2344 2154 2399 llle
2186 2362 2343 2411 vero,
2373 2346 2520 2401 dum
2561 2345 2905 2417 crederetur,
2960 2346 3168 2405 erectis
3215 2346 3293 2404 ad
3348 2347 3567 2407 coelum

1905 2433 2113 2501 oculis,
2148 2439 2205 2488 et
2234 2434 2433 2504 parvis
2465 2434 2744 2489 manibus
2776 2435 2967 2505 passis
2998 2434 3172 2489 veluti
3204 2435 3423 2494 athleta
3447 2436 3564 2495 for-

1904 2521 1978 2575 tis
2032 2521 2332 2577 benedieit
2381 2525 2697 2577 Dominum
2737 2522 2798 2578 in
2843 2522 3090 2578 excelsis
3141 2541 3153 2577 :
3193 2524 3420 2580 Gratias
3461 2525 3565 2581 tibi

1904 2625 2043 2680 ago,
2074 2610 2319 2665 Domine
2350 2614 2520 2676 Deus,
2555 2617 2607 2666 te
2636 2611 2933 2667 benedicit
2960 2612 3163 2668 anima
3188 2629 3323 2669 mea
3352 2616 3409 2669 et
3433 2630 3563 2670 om-

1904 2698 2003 2753 nia
2034 2699 2312 2755 interiora
2372 2715 2524 2755 mea.
2579 2699 2704 2756 Tibi
2759 2699 2911 2770 laus,
2964 2700 3249 2756 virtutum
3292 2702 3560 2771 Domine,

1903 2786 2045 2859 quia
2074 2788 2353 2843 virtutem
2385 2788 2622 2859 perficis
2656 2789 2715 2843 in
2743 2804 2879 2844 mea
2935 2787 3277 2845 inﬁrmitate
3327 2792 3387 2857 (Ι
3422 2792 3559 2847 Cor.

1901 2876 2026 2946 xu).
2050 2878 2210 2931 Tunc
2239 2892 2380 2931 vero
2412 2876 2585 2931 veluti
2625 2876 2918 2933 insultans
2970 2875 3351 2933 carniﬁcibus
3401 2878 3562 2935 clara

1832 3004 1872 3057 Ο
1900 2978 2043 3057 voce
2075 2978 2184 3057 pro
2229 2963 2452 3019 viribus
2483 2963 2802 3020 insonabat
2860 2964 3228 3057 frequentius
3263 2964 3297 3021 ἐ
3352 2966 3561 3039 Utique

1901 3050 2265 3109 Christianus
2296 3069 2452 3117 sum,
2504 3057 2557 3108 et
2590 3054 2823 3125 quoties
2853 3053 3134 3109 emiserat
3161 3054 3319 3109 hanc
3349 3069 3559 3110 vocem

1898 3139 2010 3211 pia:
2041 3140 2446 3212 professionis,
2485 3142 2650 3197 toties
2677 3141 2729 3197 ei
2758 3141 3197 3214 reparabantur
3224 3157 3398 3197 novae
3428 3158 3559 3198 cor-

1901 3228 2063 3301 poris
2091 3230 2260 3299 vires,
2288 3229 2370 3286 ita
2395 3236 2457 3286 ut
2486 3235 2540 3287 et
2569 3245 2792 3304 praeses
2820 3236 2875 3286 et
2925 3231 3122 3287 cuncti
3166 3232 3273 3305 qui
3310 3231 3562 3289 aderant

1902 3322 2132 3373 tantum
2164 3318 2475 3374 imbecillis
2515 3320 2873 3377 mirarentur
2915 3320 3104 3376 tetatls
3158 3320 3556 3378 tolerantiam.

1902 3408 2055 3461 Deus
2084 3407 2309 3481 quippe
2333 3408 2571 3478 justitiie
2603 3409 2707 3482 qui
2732 3409 2899 3464 illum
2923 3409 2984 3465 in
3014 3410 3224 3481 primis
3256 3410 3428 3465 annis
3471 3410 3559 3466 in-

1902 3495 2099 3551 fantiae
2127 3512 2236 3551 sua
2266 3498 2456 3563 gratia
2479 3498 2826 3566 justiticavit
2850 3498 2910 3552 in
2943 3497 3320 3553 tribulatione
3372 3497 3451 3553 ad
3493 3513 3557 3553 se

1901 3583 2261 3639 clamantem
2315 3584 2776 3640 misericorditer
2829 3585 3151 3654 exaudivit,
3207 3590 3264 3641 et
3318 3586 3379 3641 in
3418 3602 3558 3642 con—

1900 3675 2107 3743 spectu
2137 3671 2409 3726 omnium
2442 3671 2760 3740 magniﬁce
2786 3671 3140 3728 miriﬁcavit.
3165 3672 3433 3728 Gloriosa
3459 3688 3557 3729 ve-

1898 3776 1966 3814 ro
1995 3764 2188 3815 mater
2206 3760 2267 3815 in
2296 3760 2594 3831 ejusmodi
2623 3776 2817 3831 agone
2844 3777 2981 3816 eum
2999 3763 3261 3834 positum
3282 3777 3552 3830 cernens,

1896 3852 2020 3905 toto
2046 3847 2226 3905 corde
2248 3848 2571 3919 exsultans,
2600 3849 2661 3907 in
2694 3849 3038 3921 Dominum,
3082 3850 3464 3924 extensisque
3489 3849 3552 3907 in

1895 3938 2112 3995 ccelum
2149 3938 2453 4009 manibus,
2476 3955 2623 3996 voce
2651 3939 3030 3999 exultationis
3067 3943 3126 4001 et
3162 3939 3555 4011 confessionis

1894 4026 2269 4099 gloriﬁcabat
2304 4028 2645 4097 Dominum,
2678 4033 2737 4086 et
2762 4033 2828 4086 ut
2854 4029 2917 4085 in
2946 4027 3389 4102 perseverantis
3416 4044 3552 4103 ρον-

1892 4116 2125 4172 sisteret
2148 4115 2288 4173 ﬁdei
2317 4132 2495 4173 suum
2545 4118 2896 4177 hortabatur
2940 4118 3169 4179 Filium.
3232 4117 3553 4181 Verebatur

1893 4203 2194 4280 siquidem
2221 4220 2298 4262 ne
2328 4204 2477 4263 forte
2521 4206 2755 4265 cederet
2790 4206 3040 4279 ﬂagellis
3093 4222 3218 4281 prae
3268 4207 3551 4267 teneritu-

1889 4294 2028 4350 dine
2058 4293 2345 4366 corporis.
2380 4294 2495 4352 Sed
2524 4311 2665 4357 cum
2691 4311 2843 4370 pene
2870 4297 2998 4368 jam
3028 4295 3464 4355 resolverentur
3492 4300 3551 4357 et

1888 4382 2269 4441 conciderent
2288 4383 2644 4443 caedentium
2671 4401 2891 4443 manus
2917 4385 3045 4458 ipse
3073 4385 3151 4443 ab
3176 4384 3547 4445 inhabitante

1886 4470 1947 4526 in
1980 4486 2042 4531 se
2076 4471 2174 4527 Dei
2207 4472 2443 4545 Spiritu,
2477 4474 2721 4531 ﬁrmum
2751 4489 2965 4545 gerens
3008 4472 3280 4533 animum
3326 4471 3548 4541 instau-

1886 4560 2132 4619 rabatur
2161 4562 2456 4621 recentius
2486 4562 2563 4621 ad
2594 4562 3024 4621 sufferendum.

1943 4653 2155 4705 lterum
2173 4651 2588 4725 praesesjussit
2607 4650 2718 4707 sibi
2738 4655 2994 4709 matrem
3005 4666 3143 4707 cum
3154 4648 3277 4707 tilio
3293 4663 3545 4721 praesen-

1885 4738 2015 4795 tari.
2050 4741 2115 4796 Et
2144 4754 2282 4797 cum
2312 4755 2415 4794 eos
2446 4738 2610 4797 nullo
2639 4738 2823 4797 modo
2852 4753 3133 4803 revocare
3175 4753 3213 4797 a
3236 4736 3544 4811 proposito

1883 4842 2039 4884 verae
2069 4826 2210 4884 fidei
2239 4832 2463 4901 posset,
2495 4827 2628 4883 fecit
2658 4843 2762 4883 eos
2794 4827 3045 4885 diversis
3075 4842 3395 4901 pinnarum
3417 4840 3546 4883 mo-

1883 4915 1976 4969 dis
2006 4916 2287 4993 torqueri,
2320 4932 2390 4971 ac
2420 4916 2500 4973 ita
2523 4915 2771 4973 demum
2791 4914 3175 4975 horribitibus
3202 4912 3543 4987 carceribus

1885 5004 2241 5078 mancipari,
2304 5005 2491 5061 sancti
2547 5020 2684 5062 vero
2734 5005 2835 5063 Dei
2880 5008 3175 5076 martyres
3206 5002 3541 5075 arctissimo

1884 5093 2100 5150 reclusi
2131 5093 2435 5164 ergastulo
2464 5094 2555 5150 his
2584 5094 2783 5153 verbis
2827 5094 2945 5151 laeti
2996 5093 3332 5168 psallebant
3372 5095 3490 5150 Deo
3524 5109 3537 5148 :

1956 5205 1983 5234 α
2022 5185 2131 5240 Fac
2159 5182 2498 5253 nobiscum,
2527 5182 2793 5251 Domine,
2825 5183 3066 5255 signum
3095 5182 3156 5243 in
3200 5183 3433 5243 bonum
3478 5185 3545 5243 ut

1883 5271 2125 5329 videant
2166 5271 2272 5344 qui
2328 5271 2583 5328 oderunt
2626 5286 2736 5329 nos
2772 5277 2832 5333 et
2877 5272 3346 5339 confundantur,
3393 5288 3541 5345 quo-

1883 5361 2048 5421 niam
2074 5366 2156 5429 tu,
2191 5361 2455 5431 Domine,
2489 5362 2766 5433 adjuvisti
2801 5377 2933 5432 nos,
2988 5366 3047 5421 et
3084 5363 3429 5427 consolatus
3474 5378 3540 5421 es

1881 5468 1994 5507 nos
2024 5451 2212 5518 (Psal.
2244 5452 2478 5517 Lxxxv).
2515 5475 2542 5499 »
2577 5454 2754 5508 Erant
2797 5458 2999 5509 autem
3050 5453 3429 5527 persistentes
3474 5450 3538 5509 in

1881 5538 2250 5596 orationibus
2280 5542 2337 5594 et
2363 5539 2678 5598 laudantes
2711 5543 2916 5614 Deum,
2966 5543 3426 5618 potulantesque
3474 5553 3537 5593 se

1882 5629 2012 5700 ejus
2032 5628 2298 5703 potentia
2324 5629 2554 5688 virtutis
2600 5631 2747 5705 eripi
2800 5647 2836 5689 a
2887 5630 3117 5704 laqueis
3166 5626 3535 5697 malignitate
