4000 6190
448 222 550 276 855

1061 219 1408 275 HUCBALDI
1448 219 1617 275 MON:
1656 220 1711 276 S.
1754 217 2021 274 AMANDI
2061 213 2216 269 OPP.
2258 214 2434 269 PARS
2474 213 2517 269 Ι.
2558 246 2625 255 —-
2666 215 3253 272 HAGIOGRAPHICA.
3689 234 3768 287 επ

446 342 674 401 diaboli
700 348 758 400 et
785 360 821 400 a
860 341 1177 415 tyrannide
1216 341 1411 414 ipsius
1465 342 1736 399 satellitis
1786 336 2182 397 Alexandri.A
2217 352 2319 391 ma
2346 337 2781 411 suppliciprum
2803 338 2915 394 sibi
2935 336 3214 404 exhiberi,
3265 355 3392 411 qua:
3434 347 3587 401 antea
3609 349 3769 410 Julius:

449 431 564 489 sed
594 432 707 505 ipsi
728 429 1231 502 intercapedinem
1257 447 1444 503 quam
1467 432 1543 487 ad
1564 431 1678 487 hoc
1696 431 1891 486 solum
1920 427 2103 483 modo

449 522 795 587 sortiuntur,
830 524 893 575 ut
921 519 1005 575 eis
1026 518 1442 593 multiplicium
1466 537 1785 594 poenarum
1813 518 2103 576 acerbitas

445 612 778 683 pararetur,
811 623 1201 680 nequaquam
1231 608 1343 664 sibi
1368 609 2105 682 proximisinfructuosam

444 698 569 753 fore
589 696 900 769 patiuntur
928 712 1194 770 poenam.
1230 701 1498 771 Namque
1534 697 1875 754 fortitudine
1919 695 2104 753 animi

445 790 501 842 et
529 786 864 842 constantia
887 784 1027 841 ﬁdei
1057 790 1113 841 et
1149 786 1437 859 patientia
1489 786 1781 843 tolerandi
1822 785 2106 842 inﬁrmio-

442 889 538 929 res
567 889 842 947 quosque
872 873 1287 946 provocabant
1326 874 1402 930 ad
1434 874 1824 931 imitationem
1874 875 1983 929 sui.
2042 877 2104 928 In

444 963 659 1019 eadem
681 962 976 1036 siquidem
1008 963 1281 1019 custodia
1327 963 1707 1019 habebantur
1744 965 1805 1019 in
1853 962 2105 1019 vinculis

445 1051 667 1107 detenti
696 1051 923 1107 circiter
952 1052 1356 1124 quadringinti
1389 1053 1793 1125 quadraginta
1847 1057 2106 1126 quatuor

444 1140 575 1208 viri,
602 1157 756 1213 quos
786 1138 1182 1197 hortabantur
1209 1141 1269 1196 hi
1320 1142 1511 1197 sancti
1558 1142 1660 1198 Dei
1709 1143 1970 1198 converti
2027 1141 2105 1197 ad

444 1226 627 1283 ﬁdem
653 1227 881 1296 Christi,
915 1231 1257 1284 attcstantes
1307 1245 1431 1284 non
1485 1245 1618 1285 esse
1661 1229 1826 1285 aliud
1880 1244 2103 1284 nomen

446 1316 560 1371 sub
589 1315 738 1371 caelo
765 1316 977 1371 datum
1006 1317 1257 1383 homini,
1292 1318 1351 1373 in
1378 1334 1500 1391 quo
1526 1318 1715 1392 possit
1737 1320 1872 1391 quis
1907 1318 2104 1373 salvus

442 1404 598 1461 fierit
621 1407 778 1473 (Act.
814 1407 909 1477 iv).
943 1407 1213 1479 Cumque
1244 1412 1300 1463 et
1322 1408 1522 1464 verbis
1552 1413 1609 1464 et
1650 1408 1938 1481 exemplis
1976 1407 2105 1462 haec

441 1493 770 1566 probarent
795 1510 939 1550 vera
968 1511 1116 1564 esse,
1134 1497 1321 1565 gratia
1346 1496 1503 1552 illius
1525 1502 1811 1570 operante
1842 1498 1946 1569 qui
1976 1499 2107 1553 vult

444 1598 644 1639 omnes
675 1585 935 1640 homines
966 1586 1162 1641 salvos
1191 1587 1326 1653 ﬁeri
1352 1594 1405 1642 et
1437 1588 1519 1643 ad
1547 1589 1912 1657 agnitionem
1958 1588 2107 1643 veri-

2214 425 2503 482 certatrici
2535 427 2784 500 ejusque
2815 426 3126 499 tyronculo
3147 427 3397 497 jusserat
3420 438 3707 505 praeparari,
3730 449 3770 497 et

2212 514 2358 586 ipsis
2391 514 2629 586 singula
2654 516 2960 590 applicari.
2994 516 3287 572 Gestiebat
3312 517 3545 592 denique
3581 524 3770 596 singulis

2212 603 2500 659 membris
2546 606 2827 678 specialia
2883 605 3097 661 inferre
3154 611 3450 664 tormenta.
3503 614 3565 665 At
3585 629 3696 670 vero
3713 617 3769 673 illi

2211 697 2609 767 posteaquam
2640 695 2977 768 frequenter
3000 694 3374 768 passionibus
3402 697 3512 753 suis
3538 705 3586 756 et
3604 704 3771 762 crucia-

2215 781 2371 838 tibus
2400 783 2884 853 gloriﬁcaverunt
2913 787 3118 854 Deum,
3154 784 3297 840 dum
3347 784 3416 840 de
3467 787 3681 846 vinculis
3717 794 3768 849 ad

2212 869 2532 927 tribunalia
2562 876 2619 928 et
2647 888 2684 929 a
2705 872 2986 929 tribunali
3014 877 3420 930 revocarentur
3464 876 3534 931 ad
3571 878 3769 939 vincula.

2213 958 2368 1014 Inter
2395 960 2675 1017 horriﬁca
2703 966 2760 1017 et
2783 961 3246 1034 exquisitissima
3291 966 3674 1023 tormentorum
3707 986 3773 1039 ge-

2212 1063 2358 1103 nera
2387 1048 2653 1105 vicissim
2684 1049 2798 1105 sibi
2824 1049 3218 1117 succedentia,
3248 1067 3383 1106 cum
3409 1052 3636 1123 pretiosa

2213 1139 2284 1194 sti
2314 1144 2649 1211 martyrum
2679 1139 2954 1197 membra
3005 1140 3183 1196 variis
3232 1140 3660 1201 distenderentur
3684 1164 3775 1202 cru-

2212 1229 2487 1300 ciatibus,
2544 1229 2953 1287 consolatione
3008 1247 3244 1303 semper
3289 1231 3498 1288 caelesti
3539 1250 3571 1289 a
3610 1238 3775 1292 cunctis

2213 1318 2577 1374 eruebantur
2608 1319 3109 1385 tribulationibus,
3144 1321 3445 1392 quoniam,
3474 1326 3531 1377 ut
3567 1323 3636 1379 ait
3668 1325 3776 1380 Psal-

2213 1407 2425 1463 mista:
2456 1429 2483 1455 ‹‹
2517 1407 2682 1464 Oculi
2712 1408 2947 1464 Domini
2974 1425 3151 1481 super
3183 1409 3377 1480 justos
3428 1415 3480 1465 et
3521 1426 3665 1466 aures
3686 1413 3776 1483 ejus

2212 1496 2274 1551 in
2305 1513 2511 1569 preces
2541 1513 2752 1553 eorum
2783 1497 2955 1569 (Psal
3003 1500 3228 1569 XXXIII).
3262 1522 3288 1548 ››
3344 1498 3584 1572 Itemque
3612 1520 3622 1555 :
3648 1524 3667 1549 «
3694 1501 3776 1558 Cla-

2214 1592 2532 1644 maverunt
2550 1588 2715 1659 justi,
2750 1594 2808 1644 et
2837 1588 3122 1644 Dominus
3166 1589 3456 1645 exaudivit
3500 1606 3607 1659 eos,
3654 1594 3697 1646 et
3729 1607 3776 1646 ex

446 1674 586 1727 tatis
618 1676 819 1729 venire
841 1675 899 1740 (I
930 1675 1073 1729 Tim.
1112 1678 1195 1741 ιι),
1228 1675 1330 1743 illi,
1375 1676 1867 1732 abrenuntiantes
1917 1676 2108 1731 omni-
2140 1692 2180 1745 Β
2214 1677 2497 1733 omnibus
2568 1677 3054 1734 tribulationibus
3132 1695 3343 1735 eorum
3416 1679 3651 1735 liberavit
3707 1697 3777 1736 eos

443 1759 560 1815 bus
584 1760 867 1832 operibus
896 1765 953 1817 et
980 1763 1222 1835 pompis
1247 1764 1500 1832 Satanas,
1525 1764 1779 1820 confessi
1801 1769 1939 1820 sunt
1960 1781 2020 1820 se
2042 1765 2103 1820 in

444 1864 637 1905 unum
665 1865 876 1905 verum
903 1853 1088 1907 Deum
1122 1855 1352 1908 Patrem
1401 1854 1894 1927 omnipotentem,
1944 1859 2001 1911 et
2044 1854 2105 1909 in

443 1941 646 1994 Jesum
674 1938 973 1995 Christum
998 1940 1205 1996 Filium
1233 1942 1362 2012 ejus
1394 1942 1639 1998 unicum
1666 1943 2008 2009 Dominum,
2051 1948 2109 1999 et

442 2027 504 2083 in
533 2027 815 2099 Spiritum
845 2033 1119 2085 sanctum
1150 2032 1388 2086 credere
1415 2051 1427 2098 ;
1462 2037 1518 2087 et
1546 2033 1673 2088 haec
1704 2033 1815 2088 tria
1836 2049 1957 2088 non
1990 2038 2106 2088 tres

443 2119 597 2172 Deos
627 2116 732 2170 sed
759 2133 949 2173 unum
981 2134 1133 2186 esse,
1175 2120 1281 2191 qui
1309 2120 1474 2175 solus
1504 2126 1716 2193 potens
1766 2126 1855 2176 est
1900 2121 2105 2177 ﬁdeles

442 2220 587 2260 suos
614 2219 684 2259 ex
717 2205 883 2260 omni
931 2206 1309 2263 tribulatione
1363 2208 1607 2282 eripere,
1665 2214 1722 2266 et
1766 2210 2002 2265 salvum
2042 2210 2104 2266 in

440 2307 697 2363 regnum
728 2310 905 2349 suum
938 2294 1176 2351 cmleste
1204 2295 1417 2352 facere.
1454 2299 1516 2352 In
1534 2298 1716 2369 hujus
1736 2315 1878 2369 ergo
1907 2298 2105 2354 solidi-

439 2382 557 2435 tate
582 2379 975 2438 confessionis
1006 2384 1202 2454 magis
1243 2384 1474 2442 fundati
1516 2386 1747 2442 habiles
1801 2387 1938 2443 facti
1970 2391 2110 2442 sunt

439 2466 502 2522 in
528 2482 717 2537 regno
750 2470 869 2526 Dei.

517 2597 857 2668 Postquam
886 2612 1027 2653 vero
1051 2599 1342 2671 comperit
1389 2598 1723 2658 Alexander
1771 2600 1937 2673 quod
1980 2601 2108 2656 haec

449 2682 627 2739 turba
651 2685 935 2758 neophita
962 2685 1076 2758 piae
1106 2688 1314 2744 matris
1345 2688 1560 2744 Julittaa
1574 2689 1799 2763 ﬁliique
1827 2691 1956 2761 ejus
1978 2690 2114 2755 Qui-

451 2771 557 2827 rici
587 2772 881 2830 industria
903 2775 981 2830 ad
1010 2780 1356 2846 tyronatum
1412 2777 1621 2833 Christi
1675 2778 1897 2834 militiae
1954 2784 2114 2836 esset

444 2862 732 2936 ascripta,
765 2863 953 2920 nimia
982 2880 1276 2938 pervasus
1300 2865 1516 2921 furoris
1544 2867 1810 2933 vesania,
1862 2883 2108 2922 omnem

442 2949 605 3006 illam
626 2951 1001 3008 laudabilem
1050 2952 1356 3024 phalanga
1385 2954 1462 3010 ad
1516 2971 1626 3011 sua
1668 2955 1947 3027 praecepit
1973 2971 2109 3029 pro-

444 3040 584 3095 duei
634 3039 974 3097 tribunalia.
1032 3041 1140 3098 Ubi
1183 3042 1332 3098 dum
1380 3047 1624 3115 starent,
1662 3044 1893 3117 absque
1922 3044 2109 3101 animi
2138 3045 2180 3102 C

444 3127 777 3184 mutatione
806 3144 869 3183 se
897 3129 1044 3185 nihil
1073 3130 1241 3186 aliud
1267 3148 1454 3204 quam
1482 3133 1848 3189 Christianos
1895 3150 2109 3190 conso-

445 3232 529 3272 na
554 3232 700 3272 voce
732 3234 864 3274 esse
893 3218 1173 3276 fatentur.
1214 3223 1375 3276 Tunc
1405 3238 1629 3294 praeses
1655 3222 1775 3279 lata
1819 3225 2109 3280 sententia

438 3304 612 3376 jubet
637 3321 740 3361 eos
770 3308 1128 3379 quantocius
1156 3309 1332 3382 plecti
1370 3311 1611 3384 capitali
1657 3329 1856 3385 poena.
1911 3318 1982 3369 At
2027 3314 2108 3370 illi

444 3397 645 3449 mente
677 3393 860 3450 alacri
882 3395 1188 3466 signantes
1239 3414 1301 3454 se
1351 3399 1523 3469 signo
1577 3401 1789 3457 Christi
1841 3402 2108 3459 certatim

446 3498 587 3538 suas
616 3483 1055 3555 protendebant
1081 3487 1340 3543 cervices
1363 3490 1721 3562 percussori,
1763 3488 1967 3564 sicque
1998 3508 2107 3547 saa-

447 3570 565 3628 culi
590 3571 772 3643 hujus
804 3575 1090 3630 aerumnis
1119 3575 1382 3650 adempti
1405 3579 1586 3634 vitam
1619 3595 1726 3651 per
1741 3595 1880 3636 eum
1897 3586 2109 3637 etcum

445 3675 518 3715 eo
547 3664 605 3716 et
627 3660 690 3716 in
719 3675 791 3716 eo
822 3662 1216 3736 percipientes
1236 3670 1520 3722 aeternam
1544 3684 1555 3721 :
1576 3682 1686 3738 pro
1710 3671 1883 3738 cujus
1904 3684 2109 3724 amore

444 3765 567 3806 non
593 3755 734 3806 sunt
761 3752 1022 3809 cunctati
1050 3759 1305 3810 mortem
1338 3755 1537 3811 subire
1568 3758 1978 3830 temporalem.

516 3878 759 3932 Peracta
787 3876 966 3947 igitur
997 3883 1120 3933 tam
1147 3878 1330 3935 felicis
1377 3882 1846 3939 commutatione
1903 3884 2112 3940 merci-

446 3964 654 4031 monii,
708 3964 805 4019 isti
851 3966 1039 4021 sancti
1092 3967 1489 4037 negotiatores
1543 3970 1643 4025 Dei
1690 3972 2114 4043 quadringenti

446 4051 853 4124 quadraginta
904 4059 1166 4127 quatuor
1214 4057 1325 4112 viri
1374 4058 1651 4115 obierunt
1691 4059 1879 4133 pridie
1913 4064 2113 4119 Nonas

446 4142 677 4209 Junias,
704 4140 928 4197 similes
951 4143 1183 4201 homini
1207 4147 1563 4216 negotiatori
1589 4149 1880 4221 qumreuti
1916 4150 2111 4208 bonas

447 4230 825 4300 margaritas.
887 4232 1258 4290 Invenientes
1313 4236 1474 4292 enim
1538 4253 1725 4295 unam
1784 4240 2109 4313 pretiosam

446 4320 841 4390 margaritam
871 4321 1165 4379 dederunt
1192 4339 1315 4381 non
1344 4326 1541 4382 solum
1571 4329 1776 4387 omnia
1821 4347 1950 4397 sua,
2000 4331 2109 4388 sed

446 4414 503 4465 et
528 4409 755 4482 seipsos
781 4414 838 4467 et
866 4420 1373 4486 comparaverunt
1394 4432 1529 4474 eam
1559 4435 1572 4473 :
1597 4435 1785 4493 quam
1812 4420 1991 4477 etiam
2015 4422 2109 4493 ju-
2143 4402 2185 4456 D

444 4512 507 4553 re
537 4513 699 4554 nunc
728 4501 1104 4571 possidentes
1133 4503 1527 4574 haereditario,
1556 4508 1806 4582 ejusque
1845 4510 2107 4582 pulchri-

448 4586 719 4643 tudinem
748 4587 961 4645 mundi
991 4590 1155 4647 cordi
1186 4594 1620 4667 conspicientes
1661 4598 1837 4653 oculo
1886 4600 2107 4668 gaudio

446 4676 526 4731 ob
550 4692 687 4732 eam
714 4678 979 4747 gaudent
1004 4679 1186 4751 pleno
1225 4686 1404 4755 atque
1446 4683 1726 4757 perfecto.
1778 4685 1979 4742 Eﬁ‘uso
2010 4704 2112 4744 au-

445 4770 566 4822 tem
593 4767 885 4838 sanguine
916 4772 1264 4826 sanctorum
1296 4772 1507 4829 Christi
1530 4778 1867 4846 martyrum
1905 4790 2113 4833 cruen-

444 4859 539 4911 tus
566 4855 742 4927 jussit
769 4871 988 4928 praeses
1009 4859 1269 4930 pretiosa
1295 4861 1572 4917 membra
1597 4877 1809 4918 eorum
1854 4866 2108 4937 concidi,

445 4949 504 5000 et
532 4960 674 5001 ossa
701 4961 772 5001 ac
797 4945 1028 5002 viscera
1057 4946 1322 5020 dispergi
1350 4954 1415 5004 ut
1455 4965 1577 5005 non
1624 4956 1775 5008 esset
1814 4953 1918 5025 qui
1948 4972 2113 5029 sepe-

442 5031 593 5098 liret,
624 5031 871 5104 impleta
896 5033 1205 5091 Psalmista
1234 5037 1525 5093 sententia
1549 5054 1561 5092 :
1595 5040 1924 5097 Posuerunt
1946 5060 2108 5100 mor-

445 5117 626 5175 ticina
654 5136 965 5176 servorum
997 5125 1236 5178 tuorum
1268 5140 1437 5180 escas
1468 5125 1806 5183 volatilibus
1829 5111 1959 5185 caeli
1986 5147 2111 5187 car-

444 5222 553 5263 nes
633 5212 980 5265 sanctorum
1039 5216 1281 5267 tuorum
1353 5212 1555 5270 bestiis
1630 5222 1815 5272 terras.
1867 5218 2111 5289 Effude-

446 5301 592 5352 runt
668 5299 1018 5367 sanguinem
1103 5301 1369 5370 ipsorum
1450 5309 1739 5377 tanquam
1785 5324 2001 5379 aquam
2047 5313 2107 5366 in

446 5386 703 5443 circuitu
779 5387 1116 5445 Jerusalem
1151 5433 1165 5458 ,
1230 5398 1285 5449 et
1339 5408 1456 5450 non
1505 5402 1635 5452 erat
1665 5398 1772 5469 qui
1834 5400 2112 5469 sepeliret

446 5476 633 5547 (Psal.
658 5476 919 5545 Lxxvni).

516 5581 615 5639 His
643 5582 822 5655 igitur
858 5586 1222 5661 martyribus
1253 5594 1712 5663 consummatis,
1755 5596 1954 5656 statim
1982 5595 2109 5651 Ale-

442 5672 673 5729 xander
695 5689 935 5759 praeses,
962 5680 1028 5733 ut
1052 5675 1147 5736 leo
1174 5678 1456 5739 frendens
1470 5683 1644 5754 jubet
1679 5700 1970 5763 novorum
2006 5700 2098 5741 ar-

2214 1767 2435 1838 (Ibid.).
2471 1790 2498 1816 ››
2534 1767 2913 1841 Perpendens
2935 1784 3044 1839 ego
3069 1771 3380 1840 Tyrannus
3408 1773 3619 1824 sanctos
3644 1770 3718 1824 Dei
3738 1771 3779 1825 in

2216 1855 2527 1912 tolerando
2557 1855 2806 1927 alacres,
2835 1857 2897 1912 in
2928 1856 3213 1913 certando
3243 1856 3653 1931 insuperabiles,
3693 1858 3781 1913 tulit

2216 1944 2571 2001 sententiam
2606 1962 2618 2001 :
2653 1946 2858 2019 Capita
2914 1946 3150 2002 illorum
3203 1946 3375 2001 avelli
3424 1963 3457 2001 a
3505 1945 3777 2001 cervicibus.

2217 2035 2347 2099 Quo
2372 2034 2595 2090 factum
2626 2039 2717 2090 est
2744 2039 2807 2091 ut
2828 2040 3149 2108 postquam
3193 2040 3279 2091 tot
3332 2051 3543 2105 agones
3584 2036 3782 2106 martjrii

2215 2122 2684 2194 desudaverunt,
2719 2125 2914 2181 felices
2946 2142 3155 2181 eorum
3188 2125 3402 2182 animae
3431 2125 3650 2181 nexibus
3674 2123 3782 2181 solu-

2217 2217 2290 2269 tae
2320 2214 2621 2286 corporeis
2647 2214 2982 2271 candidatis
3027 2220 3371 2271 sanctorum
3421 2219 3704 2286 martyrum
3723 2228 3784 2266 sc

2217 2302 2384 2358 ciatm
2407 2307 2545 2357 sunt
2571 2302 2784 2369 choris,
2813 2303 3160 2376 recipientes
3202 2320 3240 2359 a
3288 2304 3556 2372 magistro
3576 2318 3782 2358 remune-

2217 2396 2412 2447 ratore
2444 2408 2556 2447 suo
2586 2392 2722 2447 Jesu
2779 2392 3042 2461 benigno
3096 2392 3365 2463 singulas
3411 2390 3783 2448 immortalitatis

2219 2497 2342 2536 suae
2370 2482 2570 2538 stolas.
2604 2487 2661 2538 et
2689 2483 3123 2555 requiescentes
3154 2483 3271 2539 sub
3314 2484 3475 2540 altari
3513 2483 3599 2539 Dei
3636 2497 3782 2547 aureo,

2219 2574 2400 2642 atque
2429 2574 2566 2643 post
2585 2570 2991 2627 velamentum
3028 2571 3277 2627 interius
3316 2572 3557 2644 positum
3594 2569 3785 2625 offerunt

2219 2659 2271 2715 ei
2300 2659 2677 2715 thimiamata
2700 2658 2918 2727 laudis,
2948 2665 3005 2715 et
3045 2661 3189 2733 quia
3221 2661 3283 2716 in
3311 2660 3539 2733 primori
3585 2659 3786 2714 taberna-

2220 2747 2355 2804 culo
2376 2747 2719 2804 obtulerunt
2746 2747 2849 2818 illi,
2880 2764 3003 2804 non
3048 2749 3354 2805 hircorum
3405 2753 3501 2804 aut
3538 2746 3785 2803 vitulorum

2220 2836 2600 2906 sanguinem,
2631 2836 2734 2892 sed
2767 2853 3022 2910 corpora
3065 2853 3197 2906 sua,
3253 2837 3501 2893 hostiam
3542 2837 3785 2899 viventem,

2220 2930 2512 2994 sanctam,
2541 2929 2661 2981 Dee
2690 2926 3049 3000 placentem,
3078 2943 3242 2982 nunc
3297 2926 3606 2996 gratiﬁcant
3638 2922 3785 2992 gratis-

2219 3015 2437 3071 simam
2457 3014 2828 3087 jubilationis
2858 3014 3117 3071 hostiam
3154 3031 3393 3085 magnae
3440 3011 3719 3070 devotionis
3740 3024 3787 3064 ac

2217 3103 2496 3159 desiderii
2522 3103 2614 3159 sui
2659 3103 3070 3176 praestolantes
3125 3102 3310 3175 diem,
3359 3119 3476 3177 quo
3518 3101 3648 3157 binis
3687 3112 3787 3167 gauv

2218 3193 2401 3249 deant
2432 3192 2616 3261 stolis,
2649 3192 2797 3248 dum
2821 3192 3204 3266 corruptibile
3231 3194 3346 3249 hoc
3384 3190 3617 3248 induerit
3653 3188 3789 3244 incor-

2217 3281 2688 3354 ruptibilitatem,
2716 3281 2966 3337 mortale
2995 3282 3109 3337 hoc
3134 3278 3677 3348 immortalitatem(1
3689 3276 3785 3331 Cor.

2215 3374 2317 3442 xv)
2349 3376 2404 3427 et
2426 3390 2456 3423 ‹
2486 3372 2546 3427 in
2575 3376 2729 3427 terra
2754 3387 2863 3427 sua
2902 3371 3165 3444 duplicia
3218 3371 3567 3444 possideant,
3604 3391 3625 3417 »ο
3667 3367 3789 3438 juxta

2216 3460 2629 3533 propheticam
2651 3460 2816 3516 Isaiae
2842 3460 3333 3533 pollicitationem
3354 3462 3500 3531 (cap.
3528 3460 3644 3528 ut).
3660 3455 3787 3509 .Eter-

2218 3565 2311 3607 nae
2339 3565 2479 3620 ergo
2510 3549 2789 3605 claritatis
2815 3549 3015 3605 amicti
3065 3549 3230 3605 stolis
3281 3550 3616 3624 palmasque
3661 3544 3787 3599 victe

2217 3638 2341 3700 τίω,
2365 3654 2435 3693 eo
2461 3637 2629 3711 quod
2658 3637 2967 3694 diabolum
2997 3644 3054 3694 et
3092 3639 3380 3695 saeculum
3426 3639 3480 3694 in
3534 3636 3715 3693 Christo
3736 3629 3789 3683 vi-

2220 3731 2445 3796 cerunt,
2478 3732 2744 3783 tenentes
2770 3727 2827 3782 in
2869 3728 3150 3783 manibus
3192 3728 3336 3795 suis,
3396 3726 3675 3783 canticum,
3704 3732 3789 3775 non

2220 3814 2417 3871 ofﬁcio
2467 3817 2605 3883 oris,
2637 3816 2742 3873 sed
2770 3833 3023 3873 summa:
3074 3817 3393 3873 dulcedine
3452 3812 3701 3871 charitatis
3730 3807 3789 3862 di-

2222 3908 2422 3959 centes
2449 3920 2461 3958 :
2496 3904 2766 3960 Alleluia.
2799 3907 2950 3960 Laus
2981 3910 3039 3961 et
3068 3904 3262 3975 gloria
3296 3909 3352 3960 et
3382 3904 3553 3959 virtus
3596 3904 3689 3956 Deo
3721 3910 3793 3950 no-

2223 3995 2343 4047 stro
2374 3997 2480 4063 est,
2512 3993 2658 4065 quia
2682 4009 2820 4049 vera
2847 3998 2903 4048 et
2928 3994 3089 4064 justa
3112 3993 3344 4064 judicia
3366 3993 3488 4063 ejus
3513 3988 3789 4057 suut(Apot.

2220 4082 2363 4153 xxx).
2400 4084 2464 4137 Et
2483 4081 2697 4138 iterum
2725 4082 3063 4155 iterumque
3095 4081 3531 4156 frequentatur:
3557 4080 3722 4133 Amen.

2294 4172 2429 4227 Haec
2459 4176 2583 4238 tua,
2620 4171 2866 4228 Domine
2896 4170 3201 4240 virtutum,
3235 4170 3516 4245 praeclara
3544 4166 3791 4238 gratiarum

2219 4260 2487 4332 praemia,
2521 4260 2719 4317 ethaac
2743 4260 3015 4333 jucunda
3044 4260 3406 4331 gaudiorum
3453 4270 3670 4315 munera
3698 4264 3792 4305 con-

2222 4349 2515 4420 siderans,
2567 4348 2879 4407 Psalmista
2926 4349 3029 4406 tibi
3078 4349 3307 4422 psalllit
3354 4352 3539 4405 mente
3590 4343 3789 4399 devota:

2220 4441 2399 4497 Beati
2421 4440 2526 4512 qui
2546 4439 2823 4495 habitant
2854 4441 2918 4494 in
2945 4439 3115 4494 domo
3147 4444 3275 4505 tua,
3309 4438 3548 4494 Domine
3586 4450 3606 4489 .·
3644 4432 3691 4485 in
3724 4439 3793 4481 scr-

2221 4532 2363 4587 cula
2391 4530 2746 4586 smeulorum
2778 4528 3115 4585 laudabunt
3148 4534 3205 4584 te
3226 4526 3662 4597 (Psat.1.xxxiu).
3682 4521 3793 4573 Hanc

2221 4616 2448 4673 cunctis
2496 4615 2767 4672 felicibus
2810 4614 3274 4671 desiderabilem
3352 4615 3586 4670 domum
3645 4613 3791 4693 tuam.

2224 4706 2492 4774 Domine,
2520 4703 2820 4761 caelestem
2849 4703 3100 4760 dilectus
3133 4708 3275 4761 tuus
3307 4703 3565 4771 Quiricus
3587 4711 3687 4754 non
3708 4705 3794 4787 suis

2222 4796 2451 4852 viribus
2505 4793 2722 4861 ﬁdens,
2778 4793 2883 4849 sed
2935 4793 2998 4850 in
3047 4793 3427 4849 multitudine
3461 4779 3794 4847 misericordiﬁ‘

2222 4883 2504 4941 introivit.
2563 4886 2630 4939 Et
2676 4881 2840 4956 quia,
2898 4887 3002 4938 tua
3046 4881 3336 4954 largiente
3379 4879 3556 4952 gratia
3580 4876 3796 4932 innocells

2222 4973 2459 5038 exstitit,
2491 4977 2548 5029 et
2578 4972 2706 5028 sine
2740 4971 2980 5028 macula
3008 4971 3152 5045 quia
3180 4971 3429 5027 nescivit
3467 4966 3696 5055 malum,_
3720 4970 3794 5055 nec

2221 5061 2427 5119 dolum
2459 5061 2578 5133 egit
2604 5065 2666 5118 in
2695 5061 2902 5131 lingua
2951 5076 3080 5127 sua,
3131 5059 3208 5115 ab
3263 5076 3335 5116 ea
3376 5074 3493 5114 non
3537 5048 3797 5142 movebitur

2220 5150 2281 5206 in
2313 5150 2549 5215 srecula,
2580 5150 2684 5206 sed
2714 5147 2797 5205 ibi
2827 5147 2889 5204 in
2918 5153 3207 5204 aeternum
3238 5148 3555 5211 exsultans,
3604 5138 3686 5195 “bi
3709 5133 3796 5229 dies

2221 5244 2313 5294 est
2366 5240 2491 5295 sine
2544 5243 2738 5308 nocte,
2796 5236 3086 5307 gaudium
3136 5236 3261 5291 sine
3294 5248 3559 5302 maerore,
3580 5230 3688 5285 laus
3710 5232 3795 5276 Sine

2221 5328 2478 5395 defectu,
2535 5327 2820 5397 gloriatur
2877 5341 3014 5380 cum
3062 5324 3147 5380 eis
3198 5325 3305 5397 qui
3365 5322 3601 5392 diligunt
3635 5320 3796 5371 nomen

2225 5423 2417 5474 tuum.
3742 5487 3749 5495 ,

2285 5511 2402 5563 Nos
2431 5523 2571 5563 vero
2587 5507 2649 5563 in
2665 5508 2779 5563 hac
2801 5504 3067 5563 convalle
3087 5504 3490 5576 lacrymarum
3513 5501 3645 5556 inter
3658 5500 3797 5576 mltis

2223 5595 2576 5652 tentationes
2604 5595 2803 5670 positi,
2837 5593 3150 5663 auxilium,
3182 5574 3449 5656 Domine,
3476 5574 3796 5674 ρθίὶωυξξέθ

2226 5700 2329 5740 808
2359 5668 2704 5757 superandi,
2733 5689 2798 5742 ut
2825 5682 2932 5758 qui
2955 5681 3175 5739 dedisti
3200 5680 3380 5737 nobis
3408 5668 3797 5749 legemjusﬁm,
