3950 6178
231 229 328 281 85)

1383 225 1543 281 VITA
1583 225 1640 280 S.
1681 221 2123 281 ALDEGUNDIS
2163 228 2501 285 VlRGINIS.‘

3541 239 3650 292 858

230 348 334 403 des
363 346 841 402 benedictionem
872 352 984 403 tuae
1018 349 1240 418 gratiae,
1286 354 1584 422 quatenus
1611 345 1882 417 gradien-
1914 350 1959 402 Α
1990 352 2081 404 est
2113 367 2294 424 super
2317 353 2523 409 omnia
2559 355 2715 409 Deus
2742 354 2802 409 in
2835 354 3055 410 saecula
3078 356 3455 426 saeculorum,
3478 360 3650 430 cujus

230 443 315 493 tes
341 434 488 491 felici
518 451 770 490 ascensu
799 436 872 492 de
904 437 1115 493 virtute
1155 439 1215 494 in
1248 439 1525 494 virtutem
1573 438 1882 510 pervenire

229 526 535 581 valeamus
565 525 783 580 horum
813 526 1144 583 interventu
1179 534 1545 597 sanctorum,
1578 532 1644 583 ut
1695 531 1749 582 te
1801 526 1882 581 vi-

228 617 366 672 dere
399 620 580 687 atque
611 631 750 670 cum
784 617 866 671 eis
897 616 1142 673 laudare
1173 619 1584 674 mereamurin
1615 617 1751 674 Sion
1770 634 1883 672 coe-

226 706 374 761 lesti.
413 707 566 761 Sane
605 706 842 761 interim
871 707 1018 761 dum
1051 708 1113 762 in
1143 707 1256 762 hoc
1287 708 1654 781 corruptibili
1683 723 1882 763 mora-

229 811 364 849 mur
383 809 655 866 corpore,
680 797 736 848 et
765 795 1220 866 peregrinamur
1249 812 1284 851 a
1330 801 1406 865 te,
1465 795 1884 852 meditandum

226 883 402 938 nobis
433 888 520 939 est
548 882 609 938 in
633 883 728 939 via
759 883 906 955 quid
946 885 1249 954 agendum
1305 889 1532 941 constet
1576 885 1638 940 in
1669 885 1882 958 patria.

229 973 342 1028 Sed
373 977 428 1028 et
457 988 567 1044 pro
598 988 774 1044 posse
805 973 980 1029 nobis
1026 975 1120 1029 hic
1176 975 1389 1047 partim
1445 975 1749 1045 agendum
1799 978 1887 1030 est

224 1061 391 1134 quod
414 1061 528 1116 illic
562 1078 798 1134 semper
826 1061 1259 1135 perficiendum
1291 1065 1418 1131 erit,
1477 1069 1539 1120 ut
1599 1069 1654 1120 te
1699 1064 1882 1120 bene-

225 1152 504 1206 dicamus
528 1152 695 1206 omni
721 1156 1010 1224 tempore,
1036 1169 1274 1226 semper
1296 1154 1428 1209 laus
1455 1159 1556 1210 tua
1585 1155 1658 1210 sit
1695 1154 1755 1209 in
1782 1171 1883 1211 ore

223 1245 431 1296 nostro
460 1242 649 1307 (Psal.
684 1245 829 1306 xm),
857 1258 992 1314 quae
1030 1242 1164 1298 licet
1213 1259 1335 1298 non
1391 1243 1464 1298 sit
1511 1244 1780 1316 speciosa
1822 1244 1882 1300 in

224 1346 327 1385 ore
358 1333 741 1401 peccatorum
774 1331 984 1398 (Eccli.
1016 1331 1133 1402 xv),
1168 1335 1252 1385 est
1299 1337 1501 1386 tamen
1556 1347 1692 1387 vere
1749 1332 1883 1404 pul-

223 1419 370 1473 chra
397 1418 457 1474 in
488 1417 746 1474 Ecclesia
778 1424 1146 1486 sanctorum,
1175 1436 1311 1492 quae
1339 1421 1443 1476 tibi
1476 1437 1712 1494 semper
1741 1438 1883 1478 can-

225 1509 407 1563 ticum
434 1524 684 1578 novum,
711 1507 813 1562 ubi
837 1513 1080 1564 sanctus
1103 1509 1304 1564 infans
1353 1511 1622 1576 Quiricus
1651 1516 1707 1566 et
1754 1513 1883 1583 ejus

221 1603 416 1652 mater
439 1597 540 1669 pia
568 1597 767 1652 Julitta
793 1602 1141 1654 sanctorum
1172 1604 1506 1672 martyrum
1525 1601 1710 1671 juncti
1745 1602 1884 1657 cho-

1991 439 2180 507 gratia
2193 448 2550 512 cooperante
2579 443 3031 514 compleverunt
3049 443 3110 499 hi
3137 446 3326 500 sancti
3347 444 3484 501 felix
3501 462 3655 502 mar-

1991 527 2213 597 tyrium
2245 530 2609 597 certaminis,
2644 537 2808 586 sexto
2835 531 3070 587 decimo
3101 532 3232 588 Kal.
3265 533 3402 601 Jul.,
3429 538 3654 606 tempo-

1992 631 2055 671 re
2089 616 2411 675 Alexandri
2437 619 2832 692 imperatoris,
2868 622 2972 692 qui
3002 622 3177 693 ccepit
3219 638 3379 678 anno
3418 623 3651 679 Domini

1993 705 2407 763 ducentesimo
2431 708 2721 778 vigesimo
2751 716 2987 782 quarto,
3018 711 3449 785 imperavitque
3476 713 3650 769 annis

1995 795 2296 852 tredecim.

2067 885 2310 958 Expleta
2341 887 2538 957 igitur,
2564 893 2741 960 prout
2766 888 2942 944 nobis
2972 889 3183 945 datum
3214 895 3305 945 est
3357 906 3532 946 nosse
3581 891 3651 945 ti-

1993 973 2108 1028 deli
2140 979 2196 1030 et
2217 977 2577 1049 competenti
2594 976 2878 1032 relatione
2927 978 3299 1033 admirandae
3355 979 3652 1050 passionis

1995 1067 2130 1130 tuae,
2154 1079 2190 1119 ο
2223 1065 2479 1132 gratiose
2504 1065 2711 1120 Christi
2745 1071 2992 1138 martyr,
3026 1067 3276 1134 Quirice,
3307 1067 3491 1138 hujus
3536 1084 3646 1122 no-

1994 1151 2095 1206 stri
2124 1152 2259 1209 licet
2284 1153 2483 1222 exigui
2511 1154 2733 1210 laboris
2754 1171 2988 1225 magnae
3016 1172 3138 1228 quo
3168 1156 3472 1228 possimus
3501 1171 3653 1212 mer-

1993 1241 2373 1297 cedis-vicem
2404 1243 2750 1315 rependere,
2795 1249 2975 1316 atque
3019 1261 3157 1300 cum
3212 1245 3413 1301 Julitta
3466 1244 3652 1300 nobili

1994 1330 2271 1398 genitrice
2295 1337 2349 1387 et
2379 1333 2698 1388 candidata
2728 1334 3000 1389 omnium
3045 1339 3393 1390 sanctorum
3424 1339 3652 1406 marty-

1991 1434 2125 1474 rum
2149 1435 2280 1474 esse
2313 1421 2611 1487 societate,
2638 1437 2746 1494 pro
2769 1423 2943 1478 nobis
2961 1422 3124 1496 apud
3142 1423 3311 1494 pium
3329 1421 3651 1478 Dominum

1990 1506 2310 1576 intercede,
2343 1512 2408 1563 ut
2435 1524 2545 1563 nos
2577 1525 2816 1581 semper
2845 1514 3040 1564 etsuae
3099 1510 3303 1580 gratiae
3347 1515 3404 1565 et
3442 1514 3652 1565 vestrae

1993 1595 2170 1652 faciat
2189 1613 2317 1652 esse
2348 1599 2669 1670 participes
2702 1599 2925 1668 gloriae,
2971 1599 3065 1654 cui
3092 1604 3180 1655 est
3229 1615 3366 1655 cum
3429 1603 3651 1654 aeterno

220 1703 290 1740 ro
343 1692 397 1742 te
440 1686 758 1742 laudantes
809 1686 1082 1742 laetantur
1130 1688 1189 1742 in
1246 1694 1558 1745 aeternum.
1619 1693 1880 1755 Quorum
1918 1697 1955 1749 Β
1992 1689 2158 1741 Patre
2185 1690 2302 1741 Deo
2337 1693 2664 1759 sanctoque
2707 1687 2923 1760 Spiritu
2954 1688 3168 1750 honor,
3215 1688 3403 1743 virtus
3435 1692 3491 1742 et
3547 1687 3654 1741 im-

221 1792 386 1831 nunc
414 1775 673 1844 gloriosa
692 1776 1020 1832 recolentes
1051 1777 1362 1847 solemnia,
1395 1784 1451 1834 et
1474 1796 1609 1851 quae
1639 1780 1752 1834 illis
1781 1785 1882 1836 tua

223 1865 473 1920 contulit
504 1866 694 1935 gratia
725 1865 1119 1937 praedicantes
1150 1868 1476 1936 magnalia,
1523 1873 1576 1923 tc
1634 1869 1881 1924 benedi-

220 1955 438 2025 cimus,
494 1960 547 2009 te
608 1955 1038 2024 gloriﬁcamus,
1072 1973 1108 2011 ο
1159 1956 1476 2012 benedicta
1532 1962 1588 2014 et
1619 1958 1881 2026 gloriosa

219 2043 496 2112 Trinitas,
514 2061 670 2099 unus
698 2047 853 2100 Deus
882 2045 893 2099 !
925 2047 968 2100 Ο
991 2061 1180 2117 quam
1203 2062 1463 2114 magnus
1490 2062 1575 2113 es,
1609 2049 1878 2116 Domine,

219 2131 616 2187 etlaudabilis
644 2132 837 2202 valde,
861 2127 1389 2206 faciens'prodigia
1437 2135 1496 2189 in
1538 2136 1688 2190 coelo
1715 2140 1771 2191 et
1820 2137 1880 2191 in

219 2222 378 2274 terra
411 2220 422 2273 !
460 2222 652 2284 Quam
673 2220 961 2276 mirabilis
989 2237 1052 2276 es
1083 2222 1140 2276 in
1172 2223 1391 2278 sanctis
1421 2224 1558 2290 tuis,
1591 2225 1694 2295 qui
1751 2240 1881 2280 san-

216 2313 319 2363 cto
348 2308 558 2362 infanti
587 2309 822 2372 Quirico
849 2309 1111 2365 necdum
1153 2310 1332 2365 trium
1391 2327 1686 2367 annorum
1745 2318 1881 2368 teta-

215 2402 344 2451 tem
369 2395 638 2466 implenti
667 2400 898 2452 tantam
929 2397 1206 2453 virtutem
1236 2398 1450 2454 dedisti
1485 2405 1542 2456 et
1597 2399 1883 2455 fortitudi-

217 2500 388 2550 nem,
444 2487 508 2538 ut
560 2499 666 2556 per
714 2489 766 2540 te
819 2485 1166 2542 natiraliter
1219 2488 1514 2543 excedens
1545 2488 1881 2557 legemate

217 2571 475 2639 singulis
508 2571 876 2640 attributam,
917 2574 1013 2629 hic
1046 2574 1286 2630 tantillae
1315 2577 1502 2632 aetatis
1554 2577 1882 2633 infantulus

216 2666 278 2715 et
299 2659 489 2714 animi
520 2660 813 2730 sapientia
838 2667 895 2717 et
921 2662 1140 2732 linguae
1165 2664 1467 2731 facundia,
1501 2671 1557 2720 et
1602 2666 1664 2721 in
1710 2667 1885 2722 suffe-

222 2747 416 2802 renda
449 2753 882 2804 tormentorum
899 2750 1121 2806 toleran
1132 2751 1207 2807 tia
1222 2756 1342 2807 tam
1358 2753 1489 2808 forti
1500 2755 1722 2823 vigeret
1750 2772 1887 2810 con-

217 2837 441 2892 stantia
465 2841 520 2892 et
551 2854 744 2909 usque
771 2839 849 2894 ad
875 2840 1058 2895 ﬁnem
1091 2856 1201 2912 pro
1239 2841 1358 2896 ﬁde
1433 2848 1488 2898 et
1567 2860 1772 2900 amore
1802 2846 1884 2900 tui

215 2925 482 2980 nominis
529 2927 1018 2997 perseverantia!
1076 2929 1400 2984 Sitnomen
1449 2935 1638 2999 tuum,
1707 2936 1880 2997 Deus,

214 3014 604 3070 benedictum
633 3015 696 3070 in
717 3015 936 3072 saecula
971 3017 981 3071 !

293 3105 406 3159 Vos
432 3120 676 3176 quoque
704 3104 891 3160 sancti
917 3111 974 3161 et
1005 3105 1262 3161 humiles
1301 3108 1479 3162 corde
1534 3111 1727 3164 cuncti
1777 3115 1884 3165 tes-

218 3199 308 3248 tes
337 3193 551 3248 Christi
578 3193 783 3250 tideles
815 3211 1008 3267 usque
1035 3195 1112 3251 ad
1144 3197 1322 3251 vestri
1358 3198 1670 3265 sanguinis
1738 3199 1882 3254 effu-

217 3282 477 3350 sionem,
506 3282 826 3338 nobiscum
857 3283 1186 3339 benedicite
1215 3286 1556 3351 Dominum,
1581 3286 1683 3358 qui
1715 3287 1883 3356 inno-

217 3372 410 3426 centis
449 3371 664 3436 Quirici
696 3372 944 3444 collegio
976 3360 1314 3446 martyrum
1366 3375 1731 3431 laudabilem
1776 3376 1878 3432 de-

217 3461 451 3516 coravit
477 3477 818 3517 numerum.
855 3463 1162 3536 Supplices
1193 3464 1370 3520 etiam
1403 3466 1789 3536 exposcimus
1822 3473 1880 3523 ut

217 3549 350 3621 ipse
381 3555 574 3604 vester
601 3550 862 3606 concivis
885 3567 1112 3623 parvus
1143 3557 1314 3607 aetate
1337 3553 1606 3617 Quiricus
1621 3570 1880 3624 magnus

216 3643 274 3693 et
309 3639 598 3710 martyrio
626 3639 904 3711 inclytus,
930 3641 1026 3695 cui
1079 3640 1397 3695 mirificum
1423 3641 1641 3696 divinae
1673 3642 1877 3710 gratiae

216 3726 506 3782 collatum
533 3733 620 3783 est
651 3744 894 3795 munus,
926 3728 1280 3783 interveniat
1325 3745 1434 3801 pro
1493 3729 1666 3785 nobis
1687 3730 1878 3790 omni-

216 3815 338 3870 bus
360 3815 524 3888 apud
547 3832 723 3871 suum
756 3817 1222 3873 Gloriﬁcatorem
1276 3816 1336 3871 in
1392 3817 1730 3873 caelestibus
1780 3819 1884 3890 qui

1993 1774 2222 1845 perium
2254 1791 2360 1846 per
2380 1774 2613 1829 infinita
2645 1775 2860 1830 saecula
2889 1775 3268 1830 saeculorum.

2063 1863 2360 1928 Quoniam
2393 1879 2534 1919 vero
2565 1864 2752 1920 sancti
2785 1863 2998 1929 Quirici
3032 1868 3088 1918 et
3116 1863 3330 1918 Julittte
3371 1862 3652 1934 martyris

1991 1953 2120 2022 ejus
2139 1953 2482 2008 veneranda
2513 1954 2740 2026 passio,
2769 1953 3006 2008 diverso
3034 1952 3281 2026 quidem
3301 1952 3512 2023 relatu,
3546 1951 3651 2007 sed

1989 2058 2138 2096 vero
2169 2043 2376 2115 etpari
2403 2043 2694 2115 martyrio
2725 2058 2876 2114 pene
2897 2047 3131 2097 constat
3155 2058 3287 2096 esse
3339 2046 3484 2096 nota
3539 2057 3648 2111 po-

1990 2130 2132 2202 pulo
2162 2131 2515 2200 Christiano,
2542 2132 2617 2186 de
2643 2130 3031 2203 insuperabili
3060 2129 3489 2185 miraculorum
3517 2145 3652 2183 suo-

1989 2235 2126 2273 rum
2158 2220 2584 2291 profunditate,
2614 2219 2836 2290 quibus
2879 2219 2938 2273 in
2989 2218 3226 2285 saeculo,
3293 2217 3648 2290 disponente

1993 2309 2131 2372 Deo,
2165 2307 2525 2371 claruerunt,
2559 2307 2740 2362 veluti
2778 2306 3108 2378 quemdam
3156 2305 3415 2361 rivulum
3464 2305 3651 2361 dedu-

1991 2410 2132 2449 cens
2163 2410 2360 2467 pauca
2388 2395 2573 2450 libare
2601 2397 2824 2462 curavi,
2847 2400 2903 2450 et
2923 2395 3002 2450 ad
3031 2395 3322 2450 honorem
3381 2394 3649 2449 Ecclesiae

1993 2483 2177 2539 sacris
2205 2484 2442 2556 paginis
2473 2483 2760 2554 indagare
2791 2483 3012 2538 studui.

2065 2576 2377 2628 Annorum
2406 2573 2586 2642 igitur
2606 2572 2934 2627 multorum
2955 2588 3206 2628 excurso
3232 2577 3499 2644 tempore
3515 2575 3652 2644 post

1991 2675 2334 2735 perceptam
2364 2663 2634 2734 martyrii
2663 2678 2950 2718 coronam
2977 2667 3215 2718 sanctus
3271 2667 3514 2718 Amator
3539 2667 3651 2717 Au-

1994 2751 2434 2808 tissiodorensis
2465 2752 2806 2824 episcopus,
2839 2768 2979 2807 cum
3029 2751 3358 2807 clarissimo
3389 2752 3516 2806 viro
3551 2752 3651 2808 Sa-

1992 2840 2134 2895 vino
2165 2840 2377 2895 comite
2402 2840 2553 2896 fines
2590 2840 2915 2895 Antiochiae
2969 2855 3318 2912 peragrans,
3379 2839 3653 2894 sacratis-

1995 2928 2148 2983 sima
2187 2943 2440 2999 corpora
2465 2927 2703 2982 illorum
2735 2927 2947 2982 Christi
2968 2928 3158 2997 gratia
3216 2927 3451 2999 reperit.
3506 2928 3648 2992 Qum

1917 3041 1956 3095 ρ
1995 3033 2132 3072 cum
2163 3033 2400 3086 magnae
2431 3015 2830 3071 venerationis
2860 3015 3092 3072 cultura
3117 3015 3321 3071 dicens
3351 3015 3410 3070 in
3450 3021 3649 3088 partes

1994 3105 2318 3161 Galliarum
2348 3105 2557 3174 attulit,
2581 3111 2637 3159 et
2656 3104 2906 3159 Autricm
2931 3104 3062 3159 urbi
3091 3104 3308 3171 delata,
3341 3103 3468 3159 solo
3516 3109 3648 3160 tan—

1992 3200 2120 3250 tum
2150 3195 2320 3267 pueri
2340 3194 2589 3250 brachio
2617 3194 2807 3249 sancti
2847 3193 3046 3249 Savini
3090 3193 3370 3266 precibus
3410 3209 3650 3248 conces-

1993 3300 2080 3354 so,
2123 3285 2184 3339 in
2206 3284 2389 3339 domo
2451 3299 2560 3338 sua
2616 3283 2760 3355 quia
2821 3282 2982 3338 idem
3034 3281 3254 3354 praesul
3284 3274 3648 3338 meritorum

1992 3374 2182 3443 gloria
2212 3373 2443 3446 pollens
2474 3389 2510 3428 a
2535 3372 2814 3428 ﬁdelibus
2845 3372 3262 3438 venerabatur,
3313 3371 3648 3442 iterumque

1989 3463 2316 3519 honoriﬁce
2357 3462 2690 3518 tumulavit.
2751 3462 2920 3516 Hunc
2997 3476 3138 3528 ergo
3208 3459 3652 3529 incomparabi-

1988 3551 2106 3606 lem
2135 3553 2483 3606 thesaurum
2513 3550 2650 3604 ideo
2680 3549 2887 3604 civitas
2911 3548 3010 3604 illa
3059 3546 3389 3619 promeruit
3446 3546 3557 3600 sibi
3614 3564 3650 3601 a

1991 3642 2108 3695 Deo
2138 3639 2288 3708 dari,
2321 3639 2650 3693 multorum
2703 3643 3047 3692 sanctorum
3101 3635 3283 3690 titulis
3339 3639 3646 3700 exornata,

1989 3735 2052 3784 ut
2103 3729 2264 3783 salus
2329 3743 2652 3799 corporum
2709 3730 2765 3781 et
2815 3724 3156 3780 animarum
3210 3722 3369 3777 idem
3421 3721 3648 3794 populo

1996 3835 2121 3873 suo.
2139 3816 2496 3890 proveniret.

554 4128 907 4244 VITA
969 4128 1562 4248 ΞΑΝΕΤίΕ
1635 4131 1884 4247 ALI

2065 4128 2579 4250 iUNDlS
2643 4124 3312 4245 VIRGINIS

1344 4375 1840 4463 AUCTORE
1920 4374 2534 4461 HUCBALIN).

1071 4537 1264 4609 (Apud
1296 4537 1590 4605 Bolland.,
1623 4541 1692 4592 30
1720 4539 1872 4600 Jan.,
1902 4552 1974 4591 ex
2003 4536 2304 4591 veteribus
2334 4552 2478 4590 mss.
2513 4539 2571 4590 et
2598 4533 2811 4602 Surio.)

1243 4816 1980 4909 DEDICATORIA
2060 4816 2629 4904 AUCTORIS.

302 5016 348 5070 l.
385 5019 510 5069 Non
539 5014 858 5070 immemor
883 5013 1077 5080 vestri,
1107 5028 1230 5068 non
1260 5012 1530 5082 ingratus
1549 5018 1669 5068 tam
1696 5014 1881 5077 admi-
1921 5020 1967 5069 Α
1995 5030 2182 5085 quam
2203 5003 2376 5068 vobis
2390 5029 2510 5069 non
2527 5010 2818 5084 parere.Si
2843 5010 2937 5065 cui
2955 5014 3156 5065 tamen
3180 5009 3312 5064 ideo
3335 5007 3649 5080 displicue-

227 5103 516 5159 rabilibus
549 5120 691 5175 erga
723 5119 817 5158 me
847 5108 1057 5158 vestrae
1087 5102 1414 5158 sedulitatis
1447 5101 1676 5168 ofﬁciis,
1711 5103 1882 5173 parui

226 5193 517 5249 voluntati
572 5199 823 5249 vestrae:
878 5193 926 5247 si
972 5192 1221 5262 tardius,
1280 5207 1465 5264 quam
1516 5191 1802 5258 voluistis,
1834 5191 1883 5245 si

228 5283 428 5337 minus
457 5289 612 5355 apte,
645 5299 832 5355 quam
854 5282 1116 5354 oportuit
1142 5300 1154 5348 ;
1174 5297 1296 5336 non
1319 5280 1523 5336 animo
1546 5296 1682 5334 meo
1707 5279 1885 5351 quasi

231 5387 350 5426 non
385 5373 636 5437 curanti,
672 5371 777 5426 sed
807 5371 890 5426 rei
915 5369 1244 5425 difficultati
1296 5368 1493 5441 potius
1551 5368 1880 5423 ascribatis.

230 5461 424 5517 Cruda
454 5477 662 5517 massa
673 5477 796 5516 non
809 5460 978 5516 facile
991 5460 1230 5516 modico
1243 5463 1437 5531 potest
1458 5459 1595 5526 igne
1617 5457 1879 5529 purgari.

233 5551 290 5606 Si
317 5551 451 5623 quis
472 5551 898 5607 inconcinnam
929 5548 1383 5604 subsannaverit
1410 5547 1762 5615 orationem,
1783 5562 1883 5602 vo-

231 5638 323 5694 bis
350 5639 658 5712 imputate.
694 5640 866 5698 Malui
895 5643 1050 5695 certe
1101 5637 1354 5694 derideri
1411 5653 1447 5694 a
1493 5635 1881 5709 quibusdam,

1993 5119 2080 5173 ro,
2114 5102 2277 5174 quod
2309 5117 2642 5175 purpureos
2672 5100 2787 5156 late
2829 5097 3230 5170 splendentes,
3281 5113 3404 5151 non
3454 5096 3650 5152 solum

1994 5209 2112 5248 non
2128 5209 2229 5248 ass
2240 5193 2446 5254 uerim,
2474 5190 2581 5245 sed
2607 5189 2787 5244 etiam
2804 5187 3096 5243 demerim
3118 5203 3375 5259 pannos,
3396 5187 3542 5242 sciat
3553 5202 3650 5241 me
3708 5189 3722 5203 '

1992 5282 2253 5336 noluisse
2281 5296 2445 5336 more
2473 5278 2806 5350 puellarum
2835 5282 3039 5348 aptare
3066 5293 3306 5350 puppas
3333 5275 3565 5348 absque
3582 5275 3650 5330 li-

1993 5370 2324 5424 neamentis
2346 5366 2782 5434 membrorum,
2800 5371 2903 5421 aut
2931 5365 3291 5421 inanimatas
3316 5365 3376 5420 in
3411 5365 3649 5437 parieti-

1993 5457 2108 5512 bus
2135 5455 2330 5524 efﬁgie
2360 5455 2626 5510 colorare
2652 5471 2664 5519 ;
2695 5453 2799 5508 sed
2829 5453 3067 5508 feminae
3113 5453 3371 5509 solidum
3416 5456 3646 5523 pectus,

1991 5544 2115 5600 imo
2146 5543 2373 5599 virilem
2395 5543 2686 5608 animum,
2718 5541 3030 5598 virtutibus
3058 5541 3325 5614 plenum,
3359 5544 3649 5610 tanquam

1991 5633 2300 5689 lucernam
2331 5631 2616 5688 divinitus
2645 5647 2985 5698 accensam,
3019 5630 3246 5686 cunctis
3288 5628 3364 5685 ad
3414 5626 3649 5682 imitan-
