3950 6178
415 170 535 224 859.

1022 164 1369 219 HUCBALDI
1412 161 1588 218 MON.
1632 162 1690 220 S.
1726 160 1994 219 AMANDI
2034 157 2182 215 ΟΡΡ.
2225 157 2399 212 PARS
2439 159 2480 210 l.
2525 189 2592 196 —
2626 158 3219 219 HAGIOGRAPHICA.
3667 172 3747 226 suo

412 288 563 349 dum
592 286 936 360 simpliciter
963 285 1394 343 demonstrare.
1431 283 1490 342 Si
1544 282 1739 357 placet
1798 281 2068 341 transcri-
2108 285 2153 336 Α
2185 280 2446 339 candum
2487 282 2762 349 ostendit,
2796 281 2947 339 sicut
2975 286 3060 338 est
3094 282 3337 356 praeﬁxa
3360 284 3496 357 (586)
3537 288 3751 361 capitulis

412 377 577 438 bere.
627 374 936 446 diligenter
989 372 1284 443 (obsecro)
1332 371 1742 428 distinctiones
1791 369 2075 443 capitulo-

414 482 550 523 rum
583 466 944 520 conservate.
980 459 1396 519 Pra'fationem
1428 477 1595 531 vero,
1645 477 1781 533 qua:
1830 460 2077 531 quidem

415 552 765 626 generaliter
790 549 912 621 agit
939 548 1013 605 de
1045 553 1393 606 sanctorum
1425 550 1691 620 gestis,et
1720 548 1797 607 ad
1819 566 1921 604 eos
1949 548 2077 603 imi-

415 642 663 699 tandum
695 638 993 695 exhortari
1035 642 1281 695 cunctos
1337 638 1606 706 intendit,
1664 642 1717 694 et
1769 637 2073 711 ignaviain

412 728 713 803 praecipue
738 727 1168 798 negligentium
1215 743 1501 799 arguens,
1557 742 1666 783 nec
1695 727 1769 783 de
1799 726 2075 799 ignoran-

414 820 493 877 tia
521 834 897 893 quemquam
931 819 1201 875 excusari
1226 833 1402 890 posse
1430 817 1874 884 demonstrans,
1933 832 2072 890 ope-

412 912 647 965 rantem
675 907 996 964 Dominum
1029 906 1090 963 in
1123 906 1340 964 sanctis
1372 905 1703 963 amandum
1734 907 1791 964 et
1841 901 2068 975 gloriﬁ-

2185 374 2547 443 anteponere
2581 374 2802 428 curate.
2831 369 3005 436 Quod
3025 370 3071 424 si
3092 369 3261 426 vobis
3311 372 3474 429 etiam
3524 390 3627 431 non
3660 378 3751 450 pla-

2184 458 2387 528 cuerit,
2418 464 2521 515 aut
2551 459 2896 517 doctoribus
2923 458 3001 515 ad
3022 474 3277 533 quorum
3307 458 3633 518 audientiam
3666 463 3751 521 for-

2184 550 2237 600 te
2258 546 2589 616 retuleritis,
2622 547 2911 603 moriatur
2934 546 3082 602 inter
3111 562 3324 603 manus
3360 554 3565 605 vestras
3589 552 3752 610 odiosa

2183 638 2239 689 et
2278 634 2482 708 inepta
2540 636 2915 703 membrana,
2966 639 3068 690 aut
3115 634 3395 706 deleatur,
3424 641 3517 691 aut
3541 637 3643 707 igni
3666 645 3749 695 tra-

2182 723 2377 780 datur.
2414 725 2849 797 Quodcumque
2880 723 3177 790 acciderit,
3211 740 3315 797 per
3358 725 3641 781 amicitiam
3682 745 3749 783 ro-

2182 828 2279 882 go,
2312 829 2387 869 ne
2411 818 2680 869 nostrum
2708 829 2931 869 nomen
2959 814 3017 868 in
3050 813 3162 868 hoc
3185 828 3359 885 opere
3389 815 3652 871 sentiatur.

1537 1097 1978 1186 PROLOG
1995 1094 2119 1183 US
2197 1097 2317 1183 EJ
2332 1095 2726 1181 USDEM.

486 1248 539 1300 2.
588 1244 874 1300 Miseratio
931 1244 1149 1299 divinae
1207 1243 1490 1299 bonitatis
1547 1244 1830 1299 humanas
1893 1239 2069 1296 saluti
2108 1243 2148 1296 Β
2178 1240 2337 1296 cium
2365 1244 2457 1295 est
2490 1258 2503 1307 ;
2534 1240 2745 1295 saltem
2774 1240 2932 1294 Vitas
2985 1242 3350 1301 sanctorum,
3398 1239 3495 1311 qui
3527 1238 3747 1311 proximis

416 1331 818 1403 multipliciter
844 1332 1007 1387 omni
1025 1337 1292 1404 tempore
1314 1331 1631 1401 consuluit,
1650 1336 1706 1386 et
1726 1333 1862 1403 post
1878 1328 2073 1385 homi-

414 1419 509 1474 nis
536 1417 798 1492 lapsum,
832 1424 957 1475 tam
984 1436 1092 1492 per
1122 1419 1281 1475 dicta
1307 1436 1492 1491 quam
1519 1434 1626 1491 per
1649 1417 1922 1490 exempla
1949 1417 2074 1486 jus-

416 1514 632 1576 torum,
664 1508 1036 1581 errantesad
1068 1508 1226 1564 viam
1252 1508 1507 1564 veritatis
1534 1507 1789 1577 reduxit,
1837 1510 1890 1561 ct
1939 1512 2075 1561 ante

413 1602 608 1665 legem
637 1603 693 1652 et
721 1597 834 1652 sub
857 1598 985 1666 lege
1011 1602 1066 1652 et
1126 1597 1237 1652 sub
1288 1597 1478 1666 gratia
1530 1597 1785 1652 formam
1845 1594 2074 1650 virtutis

416 1685 772 1740 imitandam
802 1685 1054 1740 rudibus
1084 1686 1143 1740 in
1175 1686 1424 1757 utroque
1454 1700 1601 1741 sexu
1618 1683 2076 1740 misericorditer

417 1771 701 1827 exhibuit.
732 1772 907 1827 Plena
938 1777 1023 1827 est
1048 1772 1356 1845 utriusque
1383 1772 1739 1829 Testamenti
1753 1770 2073 1844 Scriptura,

418 1866 706 1934 tanquam
738 1860 956 1916 coelum
988 1861 1400 1934 resplendens,
1433 1878 1553 1916 non
1588 1861 1781 1916 solum
1837 1861 2074 1928 magnis

416 1950 833 2016 luminaribus,
867 1949 991 2006 sole
1021 1950 1293 2006 videlicet
1324 1967 1393 2005 ac
1424 1950 1586 2015 luna,
1623 1949 1729 2004 sed
1762 1949 1940 2004 etiam
1970 1948 2075 2003 mi-

416 2038 664 2094 noribus
692 2039 873 2094 stellis
898 2058 910 2106 ;
944 2040 1059 2094 hoc
1089 2045 1195 2107 est,
1220 2055 1341 2095 non
1373 2044 1606 2095 tantum
1633 2038 1894 2093 claritate
1926 2054 2072 2093 verae

416 2127 585 2193 lucis,
616 2143 751 2197 quae
773 2127 1127 2183 rationalem
1155 2134 1489 2183 creaturam
1519 2127 1837 2197 illuminat,
1862 2131 1917 2182 et
1949 2126 2077 2188 uni-

416 2214 660 2269 versrilis
688 2214 959 2270 Ecclesiae
990 2215 1450 2287 pulchritudine,
1498 2231 1632 2287 quae
1662 2218 1849 2270 totum
1904 2214 2072 2270 clari-

417 2302 557 2357 ﬁcat
584 2301 885 2357 mundum
918 2303 1058 2365 :sed
1088 2302 1268 2359 etiam
1325 2301 1698 2372 singulorum
1757 2300 2074 2372 splendore

419 2397 787 2457 sanctorum,
817 2393 918 2465 qui
944 2408 1056 2447 nos
1085 2392 1147 2447 in
1177 2392 1357 2463 hujus
1409 2390 1609 2446 saeculi
1667 2395 1837 2446 nocte
1894 2387 2075 2444 veluti

417 2480 707 2549 fulgentes
736 2480 917 2535 stellae
963 2480 1366 2536 consolantur.
1433 2480 1537 2545 Qui
1591 2493 1754 2548 ergo,
1810 2478 2075 2533 donante

416 2569 557 2634 Deo,
587 2583 766 2623 sanos
790 2567 970 2623 habet
998 2568 1223 2638 oculos,
1253 2567 1521 2623 ambulet
1545 2567 1623 2622 ad
1653 2567 1856 2622 lumen
1906 2564 2072 2631 solis,

416 2656 666 2724 vestigia
698 2661 986 2728 sequatur
1013 2657 1247 2712 Domini
1277 2655 1614 2713 Salvatoris.
1640 2656 1749 2722 Qui
1775 2670 1913 2710 vero
1945 2659 2074 2709 tan-

417 2750 542 2800 tum
585 2745 879 2816 fulgorem
928 2746 1373 2802 inﬁrmantibus
1431 2744 1618 2800 oculis
1673 2743 1872 2799 minus
1920 2742 2077 2798 valet

416 2832 652 2896 intueri,
684 2838 987 2890 convertat
1017 2839 1327 2907 aspectum
1350 2833 1427 2889 ad
1461 2837 1718 2902 montes,
1772 2833 1900 2903 jam
1953 2830 2077 2887 veri

362 2932 366 2941 '
418 2921 558 2978 solis
585 2923 811 2978 lumine
842 2922 1182 2989 candentes,
1216 2928 1454 2978 sanctos
1500 2921 1719 2977 scilicet
1748 2920 2071 2993 apostolos,

417 3024 746 3083 eorumque
773 3026 1168 3072 successores.
1206 3010 1491 3065 doctrina
1529 3009 1750 3081 pariter
1799 3012 1855 3063 et
1879 3023 2075 3064 exem-

416 3099 530 3171 plis
572 3103 760 3154 totum
821 3099 1031 3155 orbem
1097 3097 1554 3167 illuminantes;
1605 3101 1892 3169 sequatur
1935 3096 2077 3152 ﬁdei

417 3187 619 3254 duces,
653 3187 811 3242 velut
842 3189 1072 3257 arietes,
1108 3202 1350 3256 gregem
1390 3187 1469 3243 ad
1506 3202 1733 3259 pascua
1762 3187 1896 3242 vitae
1923 3202 2074 3259 prae-

417 3281 641 3331 euntes.
702 3276 873 3341 Quod
917 3276 964 3331 si
1011 3276 1237 3332 tardior
1299 3275 1518 3350 aliquis
1567 3274 1972 3344 evangelicam
2021 3280 2076 3331 et

418 3363 812 3437 apostolicam
841 3365 1175 3421 doctrinam
1199 3364 1616 3437 fastidit,quod
1642 3363 1823 3420 nimis
1840 3364 2075 3437 pericu-

415 3452 613 3508 losum
644 3458 732 3509 est
760 3470 773 3522 ;
803 3453 851 3509 si
879 3454 1051 3511 fortia
1091 3460 1258 3525 gesta
1289 3470 1650 3523 magnorum
1682 3459 1944 3526 patrum,
1973 3458 2078 3510 aut

416 3541 778 3599 documenta
811 3548 1051 3616 prOpter
1081 3542 1545 3599 imbecillitatem
1579 3541 1717 3598 ﬁdei
1742 3559 1866 3598 suae
1888 3543 2073 3613 negli-

417 3635 621 3700 genter
646 3632 915 3699 attendit,
946 3632 1113 3705 quod
1143 3632 1299 3689 male
1328 3631 1667 3703 languentis
1690 3633 1907 3687 animae
1929 3631 2077 3687 indi-

2184 1328 2453 1384 exstitere
2485 1328 2876 1402 temporibus,
2903 1328 3107 1398 legens
3136 1327 3230 1381 vel
3260 1326 3515 1393 audiens,
3561 1329 3747 1397 gratiam

2183 1418 2515 1474 Conditoris
2545 1418 2606 1474 in
2638 1418 2857 1474 sanctis
2879 1433 3116 1490 semper
3136 1421 3474 1489 operantem
3504 1424 3749 1486 agnoscat;

2184 1522 2540 1574 agnoscens,
2573 1508 2634 1562 in
2664 1522 2934 1563 amorem
2992 1506 3181 1579 ipsius
3222 1505 3543 1561 incalescat.
3590 1506 3749 1577 Siquis

2185 1595 2359 1650 etiam
2390 1595 2678 1650 delicatus
2714 1612 2836 1667 prae
2866 1594 3261 1651 teneritudine
3291 1594 3474 1650 carnis
3505 1593 3634 1648 viros
3658 1594 3748 1648 imi-

2185 1683 2296 1739 tari
2325 1684 2599 1756 trepidat,
2626 1683 2878 1738 feminas
2905 1688 2961 1738 et
2987 1680 3223 1755 puellas
3268 1686 3506 1752 teneras,
3544 1698 3651 1753 quae
3686 1682 3748 1735 sui

2185 1769 2594 1843 Redemptoris
2644 1786 2849 1825 amore
2907 1769 3197 1841 saeculum
3253 1768 3747 1838 vicerunt,conside-

2184 1874 2324 1914 rans
2352 1858 2683 1914 erubescat.
2721 1859 3060 1927 Ignorantia
3088 1856 3409 1923 neminem,
3435 1856 3528 1929 qui
3556 1856 3657 1925 lege
3688 1856 3747 1910 vel

2184 1946 2391 2007 audire
2426 1947 2683 2021 potuerit
2706 1947 3023 2017 legentem,
3051 1945 3380 2002 excusabit.
3403 1944 3497 2003 Ubi
3518 1947 3625 2015 jam
3647 1943 3747 1999 Scri-

2183 2040 2371 2107 ptura;
2414 2036 2598 2091 verba
2645 2052 2767 2092 non
2797 2034 3132 2092 resonant?
3166 2039 3227 2090 In
3252 2033 3496 2091 ecclesiis
3524 2050 3554 2089 a
3582 2032 3746 2087 lectori-

2182 2124 2299 2179 bus
2328 2124 2591 2197 quotidie
2612 2125 2954 2191 recitantur,
2986 2141 3021 2180 a
3048 2123 3390 2183 cantoribus
3417 2121 3747 2178 delectabiliter

2184 2218 2519 2282 cantantur,
2549 2229 2584 2269 a
2632 2213 3131 2286 praedicatoribus
3188 2212 3399 2268 utiliter
3431 2214 3743 2286 exponuntur.

2185 2303 2325 2366 Quae
2357 2302 2571 2373 patria,
2602 2318 2736 2377 quas
2779 2301 3009 2369 civitas,
3070 2301 3175 2377 qui
3230 2316 3434 2372 pagus,
3478 2315 3627 2372 quem
3664 2313 3745 2352 non

2183 2390 2481 2444 decoravit
2507 2390 2759 2461 alicujus
2785 2390 2972 2447 sancti
3024 2389 3359 2464 patrocinio
3414 2386 3619 2462 speciali
3658 2400 3747 2458 pro

2184 2478 2442 2534 videntia
2473 2480 2763 2536 Creatoris
2788 2480 2817 2535 ?
2851 2480 3075 2551 Ubique
3098 2496 3210 2555 per
3246 2478 3505 2535 membra
3556 2493 3645 2531 sua
3664 2474 3746 2531 Sal-

2123 2591 2162 2646 ο
2183 2572 2355 2646 vator
2386 2573 2679 2625 coruscat.
2715 2568 2925 2625 Oleum
2954 2567 3220 2625 effusum
3256 2583 3464 2624 nomen
3490 2567 3597 2635 ejus
3622 2584 3631 2631 ;
3658 2563 3745 2619 ubi-

2182 2672 2301 2729 que
2360 2663 2542 2725 tonat,
2588 2657 2811 2730 ubique
2862 2657 3015 2731 pluit
3084 2673 3200 2730 per
3281 2655 3635 2725 Evangellum,
3675 2667 3747 2723 per

2184 2746 2509 2817 apostolos,
2538 2761 2644 2818 per
2669 2746 2967 2812 doctores,
3002 2762 3111 2819 per
3138 2745 3410 2819 exempla
3462 2748 3742 2799 sanctorum.

2186 2835 2248 2887 Et
2281 2837 2344 2889 ut
2363 2849 2434 2889 ex
2465 2833 2665 2890 multis
2687 2833 2767 2889 ad
2797 2850 2987 2890 unum
3018 2835 3356 2903 veniamus,
3408 2832 3526 2905 quis
3570 2830 3682 2885 alius
3702 2828 3741 2882 in

2186 2922 2302 2977 vita
2326 2922 2515 2978 beatae
2547 2923 2786 2994 virginis
2824 2922 3197 2992 Aldegundis
3244 2921 3541 2989 amandus,
3565 2930 3743 2991 sequen-

2185 3011 2317 3076 dus,
2342 3011 2816 3083 amplectendus,
2848 3012 2964 3067 nisi
3021 3013 3291 3069 Christus
3317 3011 3572 3080 innuitur,
3614 3019 3740 3077 quem

2185 3099 2630 3156 adolescentula
2644 3100 2779 3171 vigo
2791 3099 3063 3171 diligens,
3079 3101 3296 3157 merito
3314 3099 3564 3156 castitatis
3574 3102 3741 3164 Agrum

2186 3188 2457 3261 sequitur
2485 3204 2849 3262 quocunque
2874 3190 3057 3247 ierit?
3081 3190 3149 3245 In
3204 3190 3332 3262 ejus
3381 3188 3555 3260 itaque
3599 3179 3738 3242 laude,

2183 3278 2288 3349 qui
2318 3295 2457 3334 cum
2489 3281 2562 3335 sit
2586 3279 2746 3335 idem
2776 3280 2837 3335 in
2864 3279 3174 3341 omnibus.
3215 3282 3482 3352 operatur
3517 3285 3687 3342 magna
3705 3271 3741 3321 et

2186 3367 2436 3423 minima
2461 3372 2515 3424 et
2543 3368 2782 3425 diversa
2809 3384 2932 3425 non
2961 3369 3264 3439 diversus,
3294 3384 3361 3424 ac
3375 3362 3638 3422 dissimilia
3659 3372 3740 3413 non

2185 3457 2511 3526 dissimilis,
2545 3457 2620 3513 de
2646 3459 2765 3513 vita
2780 3458 2969 3530 hujus
2991 3457 3242 3529 virginis
3285 3457 3331 3513 si
3381 3456 3652 3527 loquamur
3668 3446 3738 3500 ali-

2184 3545 2351 3618 quid,
2385 3561 2724 3601 sermonem
2756 3546 3105 3621 impositum
3138 3546 3338 3602 nullus
3368 3543 3650 3601 abhorreat,
3671 3532 3737 3588 sed

2186 3634 2352 3706 quod
2382 3633 2549 3690 effari
2574 3634 2840 3701 nitimur,
2876 3635 3164 3691 attendat.

1734 3852 2143 3938 INCIPIT
2228 3854 2516 3940 VITA.

971 4012 1194 4068 CAPUT
1232 4016 1516 4070 PRIMUM.

484 4133 719 4189 Sanctae
740 4135 1114 4204 Aldegtmdis
1145 4141 1332 4206 ortus,
1371 4139 1695 4201 institutio,
1725 4139 1999 4197 visiones.

488 4262 542 4314 3.
572 4263 744 4313 Anno
772 4257 1094 4314 Dominicae
1123 4262 1552 4317 lncarnationis
1577 4263 1803 4319 circiter
1839 4263 2073 4318 evoluto

418 4347 849 4403 sexcentesimo
878 4347 1192 4417 tricesimo,
1239 4349 1395 4405 circa
1451 4351 1578 4405 haec
1632 4358 1901 4427 tempora
1950 4367 2071 4407 non

414 4436 593 4507 longe
622 4437 880 4492 multum
908 4441 1190 4493 Romanae
1216 4439 1344 4493 sedi
1371 4440 1713 4511 apostolicae
1744 4425 2069 4512 praesiden-
2101 4425 2142 4477 Ῑ)

414 4524 573 4581 tibus
598 4541 706 4598 per
733 4525 1138 4582 successiones
1166 4525 1550 4599 pontiﬁcibus
1583 4529 1751 4599 (587),
1790 4529 2070 4597 Honorio,

417 4615 718 4681 Severino,
744 4617 991 4682 Joanne,
1039 4616 1367 4683 Theodoro,
1422 4616 1685 4682 Martino,
1740 4617 2072 4689 imperante

415 4705 579 4774 apud
611 4703 1190 4777 Constantinopolim
1217 4706 1365 4775 (588)
1390 4705 1680 4774 Heraclio,
1735 4706 1791 4760 in
1829 4706 2071 4761 Francia

412 4797 699 4861 regnante
731 4791 1088 4861 Dagoberto,
1118 4792 1240 4847 tilio
1265 4793 1521 4857 Clotarii,
1551 4793 1655 4866 qui
1671 4797 1931 4866 quartus
1948 4799 2071 4850 erat

412 4895 450 4935 a
481 4881 799 4949 Clodoveo,
828 4897 1012 4954 quem
1037 4883 1091 4937 S.
1129 4881 1426 4952 Remigius
1448 4883 1791 4954 baptizavit,
1825 4888 1954 4938 orta
1984 4887 2071 4938 est

486 5056 633 5127 (586)
662 5058 832 5114 Hunc
858 5059 1259 5134 capitulorum
1285 5059 1617 5117 indiculum
1649 5060 1815 5134 _Vi_ta3
1870 5060 2068 5134 praeti-

412 5142 558 5207 xum
586 5144 893 5207 nusquam
919 5131 1497 5207 reperimus,_neque
1529 5131 1927 5207 capitulorum
1979 5131 2069 5186 di-

414 5198 1203 5274 visionemjeademubique
1230 5221 1241 5257 :
1273 5198 1414 5258 ideo
1434 5219 1470 5258 a
1507 5198 1672 5258 more
1728 5206 1952 5268 nostro,
2010 5207 2071 5256 ut

413 5267 610 5323 visum
641 5268 767 5332 fuit,
797 5267 1127 5327 divisimus:

487 5338 628 5419 (587)
688 5340 991 5419 Honorius
1049 5342 1352 5419 Bonifacio
1380 5347 1472 5419 _V,
1525 5348 1592 5400 25
1635 5346 1774 5419 Oct._
1819 5360 1917 5400 an.
1965 5348 2065 5419 6?}5

414 5413 999 5486 mortuqsuccessit;
1027 5413 1081 5468 ei
1108 5415 1302 5469 caeteri
1334 5415 1429 5486 hic
1462 5415 1780 5486 memorati
1813 5431 1884 5471 ex
1915 5415 2071 5472 ordi-

411 5482 607 5559 ιῖιθτβ1
622 5482 937 5559 ‘Mgrtinus
967 5498 1065 5559 an2
1092 5488 1193 5540 655
1226 5485 1395 5540 exsul
1421 5482 1693 5559 mortuus
1727 5491 1834 5559 est.
1912 5554 1916 5559 η

486 5554 637 5625 (688)
666 5553 989 5625 Heractius
1011 5553 1109 5611 ab.
1143 5569 1241 5609 an.
1277 5559 1380 5610 610
1411 5556 1489 5611 ad
1524 5558 1581 5613 tl
1619 5557 1801 5615 Martii
1833 5554 1925 5613 641
1964 5558 2071 5613 im-

409 5624 672 5702 peravit._
694 5624 1069 5702 Dagobertus
1098 5625 1160 5682 in
1213 5626 1520 5685 Austrasia
1562 5644 1815 5699 regnare
1866 5628 2068 5702 coepit,

413 5696 583 5767 patre
615 5696 869 5756 Clotario
899 5700 966 5767 II,
993 5701 1314 5767 annuente,
1378 5713 1520 5757 ann.
1582 5696 1719 5770 61'2;
1780 5715 1852 5756 eo
1905 5696 2067 5757 m'or-'

2181 3997 2240 4052 in
2272 4012 2432 4070 pago
2465 3997 2948 4069 (589)Hainoensi
2970 3997 3143 4068 virgo
3171 3994 3517 4066 Aldegundis
3538 4007 3593 4046 ex
3610 3981 3737 4054 regali

2181 4088 2487 4161 prosapia,
2543 4092 2710 4163 patre
2766 4086 3081 4155 Walberto,
3134 4092 3326 4145 matre
3366 4081 3580 4141 Bertilia.
3610 4074 3737 4166 Cujus

2182 4191 2351 4231 soror
2382 4174 2774 4230 Waldetrudis
2787 4175 2982 4245 major
3003 4181 3172 4240 natu,
3191 4173 3425 4231 cuidam
3447 4169 3568 4225 satis
3592 4164 3738 4221 illustri

2182 4266 2310 4321 viro
2331 4265 2709 4334 Maldegario,
2744 4270 3149 4335 cognomento
3208 4263 3510 4326 Vincentio,
3552 4253 3737 4325 legitimi?

2183 4354 2371 4413 fuerat
2397 4354 2677 4427 copulata
2711 4370 2724 4408 :
2757 4354 2860 4425 qui
2885 4358 3095 4426 postea
3123 4353 3400 4409 divinitus
3415 4340 3737 4420 inspiratusel

2181 4443 2590 4499 exhortatione
2602 4442 3014 4511 religiosorum
3028 4442 3295 4497 virorum
3321 4440 3603 4501 animatus,
3628 4441 3737 4501 Spre-

2181 4533 2593 4598 vitmundum,
2619 4535 2854 4587 secutus
2887 4537 2977 4586 est
3015 4537 3137 4587 toto
3167 4531 3342 4587 corde
3363 4518 3735 4609 Salvatoremle:

2182 4636 2316 4675 sum
2335 4620 2740 4675 Christum.Eo
2763 4624 3030 4691 tempore
3048 4619 3216 4674 multi
3228 4614 3470 4687 religiosi
3490 4610 3735 4675 v1ri,Domr

2181 4709 2328 4762 uicae
2346 4708 2521 4762 vinea
2553 4708 2970 4763 studiosissimi
2990 4702 3551 4777 cultores,Amandus
3570 4694 3733 4762 Trajec'

2179 4797 2440 4853 tensium
2459 4796 2799 4870 episcopus,
2822 4795 2982 4851 velut
3009 4796 3313 4852 imbrifera
3340 4792 3514 4849 nubes
3555 4786 3734 4870 circum-

2179 4901 2420 4957 quaque
2446 4869 2709 4957 pluendo
2730 4883 3070 4940 discurrens
3100 4886 3243 4956 (590)
3279 4901 3291 4951 ;
3341 4877 3617 4950 Arnuphus
3658 4869 3732 4923 ite-

2179 5066 2302 5123 tuo,
2333 5060 2603 5117 etiamin
2632 5060 2910 5126 Westria,
2963 5076 3069 5119 seu
3107 5059 3388 5128 Neustria,
3442 5067 3580 5113 anno

2181 5114 2524 5233 ᾶῆάιτὶξξεῶ
2542 5114 2911 5203 sampsa;
2962 5114 3602 5206 Ᾰξαίῑέὶιίἰὲέοὸηοεεδδ.
3624 5114 3733 5173 Obiit

2406 5208 2426 5241 «ι
2446 5208 2462 5233 1

2179 5208 2401 5345 ωιὲίὲ9ῗ
2414 5224 2527 5330 Ms.
2561 5273 2814 5345 Malbod.
2840 5275 3229 5345 Haz’nonensz',
3258 5272 3333 5328 ab
3381 5267 3560 5345 ῌᾳίηα
3584 5259 3729 5345 fluvit};

2178 5322 3230 5417 ῳέῗὶὧςὶιῖὶιίόἶιὶὲἑᾙιιῖιζᾞῆιὶῖᾇᾶ
3259 5322 3553 5417 candetum
3592 5322 3729 5417 Sed“?

2179 5407 2480 5485 miscetur,
2503 5415 2874 5487 pagus,sive
2907 5407 3055 5473 ditio
3079 5412 3417 5487 Hainoensis
3443 5407 3592 5486 dicta.
3628 5410 3730 5487 gth

2177 5461 2874 5560 Etéﬁéﬁit’tﬁiﬁﬁiﬁts:
2902 5461 3263 5559 ὖῖιῖέοᾞῖἕέ
3271 5461 3572 5551 flamonia
3586 5461 3729 5545 appel-

2178 5558 2396 5702 Ιᾶἳέξὸ)
2425 5628 2713 5702 Coluntur
2731 5630 2797 5702 hi
2823 5628 3013 5686 sancti
3030 5627 3404 5702 Amulphug,
3430 5627 3452 5702 t_
3457 5625 3485 5678 8
3509 5613 3620 5702 101;:

2178 5679 2331 5771 9ίίιῖ
2346 5679 2368 5757 ἱ
2382 5679 3134 5771 ’ΒὲᾶὲῗιῖιόἷξΑἷιῖὄεῙζιῖεΞζ
3145 5679 3573 5771 ’Ᾰὶἶέζξάἒειεηω
3589 5687 3614 5739 9
3638 5679 3723 5735 Oct.
