4000 6190
192 195 301 249 8M

1316 198 1317 201 κ
1361 158 1535 242 vrri.
1566 181 1625 238 s.
1664 179 2112 239 ALDEGUNDIS
2152 183 2477 240 vmcrms.

3552 198 3658 252 862

196 314 496 381 tensium,
566 309 892 367 Autbertus
961 311 1481 368 Cameracensium
1536 304 1872 383 pontiﬁces,
1914 310 1962 363 Α
1989 307 2189 376 vellet,
2220 306 2550 381 Christique
2573 310 2940 369 voluntatem
2974 314 3033 368 in
3060 329 3124 369 se
3148 314 3276 371 ﬁeri
3298 323 3653 390 prmoptare.

198 392 434 477 Eligius
481 399 917 469 Noviomensis,
976 401 1301 457 Audoenus
1354 397 1874 465 Rothomagensis,

199 494 485 552 Gislenus
516 490 596 547 ab
627 487 871 546 Athenis
901 488 1254 561 peregrinus
1296 489 1619 546 adveniens
1662 485 1718 540 in
1755 486 1880 542 Gal-

196 584 373 652 liam,
415 585 475 637 et
517 578 617 635 alii
661 577 864 650 plures
907 578 970 633 in
1017 578 1273 634 Ecclesia
1301 583 1589 651 tanquam
1620 576 1683 630 in
1728 575 1877 631 coelo

202 673 376 729 clara
399 666 747 733 luminaria,
776 670 979 737 partes
1012 666 1178 721 orbis
1206 665 1608 723 occidentales
1636 663 1879 720 irradia-

202 763 377 820 bant.
413 764 473 815 et
499 756 731 814 multos
765 760 891 811 tam
922 755 1350 827 praedicatione
1384 771 1568 829 quam
1599 753 1875 826 exemplo

201 852 340 908 vitae
368 849 433 905 in
461 847 626 904 viam
654 844 864 901 salutis
893 844 1296 901 deducebant.

277 941 335 995 4.
380 935 580 993 Puella
623 949 768 990 vero
817 932 1205 1003 Aldegundis,
1254 937 1573 1011 parentum
1615 947 1760 1011 cura
1798 931 1880 987 di-

201 1028 466 1097 ligenter
499 1022 780 1090 enutrita,
827 1019 1035 1077 divina
1064 1020 1257 1091 gratia
1283 1008 1662 1094 procurante,
1691 1008 1874 1077 sacris

200 1114 415 1172 litteris
461 1116 547 1168 est
599 1109 881 1166 imbuta:
916 1107 1177 1181 quaru’m
1210 1109 1456 1167 scientia
1510 1110 1691 1166 valde
1740 1123 1877 1182 pro-

202 1204 440 1271 ﬁciens,
493 1217 564 1258 ac
615 1199 905 1269 dogmata
934 1197 1282 1254 Christianae
1332 1198 1637 1269 religionis
1671 1198 1876 1254 animo

205 1291 641 1364 complectens,
696 1301 901 1343 amore
931 1285 1188 1341 caelestis
1238 1287 1445 1358 sponsi
1481 1288 1611 1357 jam
1640 1288 1701 1343 in
1731 1286 1877 1358 ipsis

205 1379 586 1456 puellaribus
619 1376 794 1433 annis
824 1376 1206 1430 vehementer
1231 1375 1490 1444 ﬂagrare
1549 1375 1747 1447 erepit.
1778 1378 1879 1430 Pa-

207 1475 411 1525 rentes
485 1468 647 1523 enim
726 1465 901 1531 illius,
969 1479 1327 1536 quanquam
1407 1464 1650 1535 superbi
1722 1464 1881 1519 fastu

207 1557 529 1627 sanguinis
577 1560 774 1611 essent
813 1554 957 1625 (591)
991 1552 1149 1622 elati,
1180 1552 1499 1608 Christiani
1531 1558 1737 1609 tamen
1770 1567 1878 1607 no-

1988 397 2144 452 Vidit
2202 395 2542 468 frequenter
2593 401 2840 471 angelos
2898 402 3281 459 exhortantes
3335 421 3399 461 se
3446 423 3458 461 :
3511 408 3663 464 vidit

1984 487 2239 543 beatum
2290 489 2545 557 Petrum,
2605 491 3034 548 admonentem
3094 508 3156 548 se
3200 492 3276 549 de
3316 510 3503 565 regno
3538 497 3659 553 Dei.

1989 576 2319 647 Conspexit
2364 577 2543 634 etiam
2590 579 2915 636 Dominum
2971 582 3296 650 Christum,
3346 583 3407 639 in
3462 586 3662 658 specie

1986 666 2128 723 solis
2158 669 2217 721 et
2245 664 2425 737 lunai,
2456 668 2518 724 in
2548 668 2746 737 ﬁgura
2768 671 2940 741 regni
2966 671 3070 727 Dei
3101 671 3213 727 sibi
3238 681 3660 746 apparentem.

1988 760 2050 811 In
2108 756 2342 811 cunctis
2391 757 2742 828 hujusmodi
2789 759 3259 817 revelationibns
3313 765 3483 835 virgo
3514 780 3664 836 pru-

1985 845 2136 901 dens
2170 845 2365 915 magis
2417 847 2735 921 magisque
2787 865 2850 904 se
2894 848 3279 917 humiliabat,
3334 867 3521 922 regno
3562 854 3665 911 Dei

1982 932 2268 1008 proprior
2307 932 2506 1004 ﬁebat,
2561 952 2790 1008 sponso
2821 937 3052 993 ccelesti
3090 938 3397 998 adhaerere
3434 941 3667 998 ferven-

1984 1022 2101 1078 tius
2130 1019 2433 1079 inhiabat.

2056 1114 2110 1166 6.
2172 1109 2231 1165 Si
2277 1113 2414 1184 quis
2475 1118 2676 1170 autem
2732 1113 3082 1171 istiusmodi
3118 1114 3381 1173 visiones
3427 1118 3667 1191 plenius

1985 1214 2169 1255 nosse
2202 1196 2524 1268 desiderat,
2556 1202 2741 1258 Vitam
2770 1202 2966 1275 ipsius
2996 1202 3285 1272 revolvat,
3308 1204 3384 1261 de
3405 1221 3530 1278 qua
3550 1220 3669 1261 nos

1985 1302 2187 1360 pauca
2237 1287 2646 1362 deeerpentes,
2678 1291 2959 1346 notitiam
2994 1287 3415 1348 tantummodo
3460 1309 3665 1348 rerum

1986 1377 2255 1432 indicare
2314 1378 2664 1434 summatim
2713 1394 3017 1435 conamur
3069 1381 3218 1436 scire
3277 1382 3665 1454 cupientibus

1987 1464 2198 1538 quanti
2258 1468 2449 1521 meriti
2505 1467 2577 1521 sit
2604 1468 2732 1523 haec
2768 1467 2965 1537 virgo,
3010 1484 3145 1539 quae
3174 1470 3347 1525 toties
3379 1470 3665 1539 angelicis

1989 1553 2374 1610 recreabatur
2435 1554 2975 1618 consolationibus,
3028 1557 3360 1611 secundum
3427 1556 3665 1613 ordina-

208 1648 394 1703 minis
440 1659 735 1701 memores
764 1642 932 1715 quod
977 1642 1282 1712 gerebant.
1339 1641 1527 1696 tiliam
1571 1657 1750 1696 suam
1802 1641 1883 1696 ita
1924 1661 1962 1714 Β
1992 1642 2287 1697 tissimam
2317 1642 2606 1699 Creatoris
2635 1644 3180 1714 dispensationem,
3209 1647 3314 1717 qui
3343 1646 3509 1700 novit
3533 1646 3666 1700 uni-

207 1734 549 1792 secundum
585 1733 681 1789 Dei
710 1733 987 1787 timorem
1017 1731 1372 1799 educarunt,
1411 1735 1475 1786 ut
1504 1730 1565 1784 in
1595 1729 1732 1801 ipsa
1752 1730 1883 1800 jam

209 1832 418 1881 tenera
449 1828 621 1879 {etate
650 1821 901 1878 Domino
933 1820 1163 1877 Christo
1193 1821 1388 1889 magis
1432 1834 1618 1891 quam
1657 1818 1886 1873 saeculo

206 1916 450 1988 placere
471 1913 851 1967 desideraret.

284 2009 342 2059 ὅ.
374 2008 603 2059 Interea
628 2001 775 2057 dum
817 1998 1015 2055 adhuc
1041 2003 1194 2054 esset
1221 1998 1283 2053 in
1314 1998 1501 2053 domo
1533 2001 1885 2068 parentum,

210 2092 441 2148 caelesti
480 2091 820 2162 frequenter
868 2102 1159 2159 suspensa
1204 2084 1734 2158 contemplatione,
1765 2102 1890 2142 mo-

210 2181 297 2236 do
364 2178 641 2249 vigilans,
712 2176 897 2232 modo
957 2191 1066 2248 per
1130 2176 1454 2237 somnium,
1512 2174 1722 2229 divina
1775 2175 1887 2231 sibi

213 2269 417 2339 gratia
464 2268 782 2335 revelante,
835 2265 1015 2337 cmpit
1068 2264 1258 2320 multa
1312 2264 1605 2318 visionum
1660 2278 1886 2331 genera

214 2357 528 2430 percipere
590 2372 602 2410 :
652 2370 806 2427 quas
860 2355 994 2427 ipsa
1052 2353 1399 2409 describens
1449 2352 1615 2421 (592),
1678 2351 1885 2407 abbati

216 2446 467 2501 cuidam
515 2444 808 2514 religioso,
844 2442 1088 2497 nomine
1121 2441 1364 2503 Sobino,
1417 2439 1489 2492 de
1524 2441 1885 2494 monasterio

215 2533 562 2601 iVivialensi,
612 2532 929 2587 commisit.
991 2529 1309 2597 Quas‘etsi
1360 2527 1631 2600 quidam,
1683 2529 1884 2583 minus

212 2623 405 2693 digne
468 2626 784 2694 pensantes
843 2636 978 2693 quae
1027 2620 1235 2690 legunt
1297 2619 1387 2673 vel
1463 2616 1733 2683 audiunt,
1789 2632 1887 2672 su-

213 2711 491 2785 perﬂuas
543 2716 645 2766 aut
704 2725 831 2766 non
885 2708 1216 2764 credendas
1263 2722 1395 2762 esse
1452 2710 1682 2778 putant,
1740 2705 1885 2760 nulli

213 2803 428 2853 tamen
476 2797 727 2869 sapienti
784 2797 1008 2852 mirum
1077 2801 1181 2851 aut
1230 2792 1575 2850 incredibile
1630 2792 1883 2857 videtur,

214 2887 269 2942 si
325 2886 555 2958 puella'
588 2887 684 2942 Dei
735 2890 858 2942 toto
911 2885 1258 2940 deserviens
1309 2883 1546 2951 affectu,
1609 2882 1879 2955 frequen-

214 2974 383 3030 tibus
437 2979 780 3030 sanctorum
836 2973 1188 3042 angelorum
1243 2971 1593 3037 visionibus,
1645 2987 1748 3026 seu
1792 2971 1878 3026 vi-
1924 3007 1967 3063 ο

216 3064 439 3133 gilans,
495 3078 600 3118 seu
652 3062 980 3129 dormiens,
1038 3062 1404 3134 pascebatur
1451 3077 1463 3115 :
1514 3077 1650 3115 eum
1702 3076 1879 3116 econ-

216 3160 316 3210 tra
379 3152 660 3226 quaelibet
738 3152 944 3206 anima
1022 3150 1318 3224 spurcitiis
1387 3149 1637 3205 luxuriae
1704 3150 1886 3219 negli-

216 3249 432 3314 genter
480 3242 701 3311 dedita,
760 3240 1108 3297 daemonicis
1156 3254 1596 3311 nonnunquam
1664 3238 1882 3293 illusio-

216 3331 405 3388 nibus
472 3330 809 3386 deludatur.
886 3328 1086 3399 Igitur,
1162 3332 1226 3383 ut
1294 3327 1553 3382 breviter
1616 3342 1688 3382 ea
1757 3342 1885 3382 Visa

216 3418 831 3491 comprehendamus,
909 3416 1136 3473 audivit
1205 3414 1473 3487 quadam
1544 3420 1715 3470 nocte
1774 3415 1883 3470 sibi

217 3508 489 3584 promitti
552 3523 660 3581 per
718 3507 1016 3563 visionem
1080 3504 1523 3561 inaestimabiles
1589 3505 1820 3560 divitias
1866 3521 1880 3559 :

216 3613 381 3671 quas
432 3596 626 3668 primo
671 3599 944 3650 terrenas
987 3595 1312 3657 aestimans,
1352 3592 1545 3648 statim
1585 3593 1647 3647 in
1678 3593 1884 3663 spiritu

220 3686 342 3742 sibi
374 3684 637 3758 promitti
668 3682 939 3739 caelestes
988 3681 1253 3752 agnovit.
1289 3681 1507 3735 Deinde
1556 3696 1661 3752 per
1692 3680 1883 3736 visum

216 3778 287 3831 in
330 3773 585 3829 sublime
640 3775 835 3843 rapta,
890 3775 1235 3827 monentem
1291 3769 1459 3824 audit
1500 3768 1782 3839 aliquem,
1820 3774 1885 3824 ut

218 3864 457 3920 caduca
480 3864 871 3933 postponens,
902 3858 1133 3915 facilius
1174 3857 1543 3930 adipiscatur
1580 3856 1839 3912 coelestia
1867 3875 1880 3912 :

219 3951 680 4022 mododenique
707 3964 917 4005 vocem
935 3948 1104 4004 audit
1126 3966 1139 4002 :
1160 3949 1289 4004 Non
1319 3946 1503 4003 alium
1526 3946 1626 4002 tibi
1644 3962 1882 4018 quaeras

215 4056 539 4115 sponsum,
582 4053 771 4112 quam
816 4037 916 4094 Dei
951 4036 1164 4094 Filium
1197 4053 1209 4091 :
1240 4034 1425 4091 modo
1474 4036 1769 4090 Christum
1822 4036 1883 4090 in

213 4131 421 4205 specie
471 4128 639 4202 pueri
688 4126 1113 4200 speciosissimi
1154 4125 1339 4181 cernit
1382 4125 1727 4181 efferentem
1772 4125 1883 4180 sibi

212 4220 441 4277 stolam
459 4217 802 4282 candidam,
815 4214 1206 4288 palmamque
1220 4214 1475 4268 victoriae
1495 4231 1506 4281 ;
1526 4228 1689 4269 nunc
1706 4213 1883 4269 etiam

219 4310 479 4380 erigitur
503 4308 565 4362 in
596 4322 769 4379 spem
800 4304 1150 4370 caelestium,
1184 4302 1331 4358 dum
1362 4302 1526 4357 audit
1555 4318 1662 4374 per
1688 4303 1883 4357 visum

212 4412 284 4452 se
318 4366 606 4450 Ufuturam
628 4366 722 4447 ‘in
775 4389 1055 4445 societate
1114 4393 1479 4445 sanctorum.
1554 4366 1704 4443 inter
1778 4387 1885 4443 bas
1921 4366 1967 4422 υ

213 4480 487 4537 visiones
519 4475 730 4549 aspicit
751 4473 1091 4538 diabolum,
1122 4470 1361 4527 invidiae
1408 4470 1638 4526 facibus
1669 4472 1886 4528 arden-

210 4578 370 4635 tem,
420 4566 496 4622 de
522 4580 632 4623 sua
660 4564 889 4620 tristem
933 4561 1218 4617 electione
1252 4578 1263 4613 :
1309 4565 1434 4616 tum
1467 4560 1751 4629 angelum
1788 4560 1889 4618 Dei

214 4674 361 4717 sese
417 4656 852 4717 cohortantem,
907 4654 970 4705 ut
1012 4653 1349 4721 perseveret
1404 4648 1465 4703 in
1524 4649 1885 4717 virginitate,

210 4755 275 4806 et
323 4748 502 4815 longe
542 4759 603 4797 se
636 4740 815 4797 faciat
862 4754 899 4795 a
947 4737 1148 4794 saeculi
1200 4738 1477 4793 vanitate.
1533 4737 1887 4806 Hujusmodi

210 4833 562 4891 visionibus
611 4846 734 4885 non
790 4827 1164 4885 mediocriter
1211 4833 1495 4891 recreata,
1557 4825 1631 4879 de
1689 4826 1784 4881 die
1827 4826 1887 4880 in

207 4925 389 4982 diem
438 4921 497 4978 in
547 4934 753 4977 amore
800 4918 1088 4974 virtutum
1133 4914 1510 4988 proﬁciebat,
1571 4919 1628 4970 et
1664 4920 1729 4970 ut
1758 4930 1889 4987 per-

207 5011 559 5071 severando
589 5009 785 5079 magis
825 5006 1157 5081 proliceret,
1216 5003 1482 5078 quotidie
1523 5005 1755 5074 majora
1812 5004 1890 5059 vi-

206 5103 428 5159 debat.
464 5098 770 5173 Siquidem
800 5100 1051 5170 apparet
1091 5093 1142 5150 ei
1174 5092 1396 5166 puella,
1451 5092 1624 5165 quasi
1665 5093 1739 5148 de
1793 5092 1886 5149 iti-

205 5204 366 5247 nere
414 5188 681 5250 veniens,
717 5190 775 5243 et
829 5201 865 5241 a
915 5184 1013 5241 Dei
1042 5181 1323 5255 genitriee
1354 5198 1416 5237 se
1448 5179 1700 5237 missam
1732 5179 1888 5237 afﬁr-

205 5294 429 5343 mans,
476 5282 541 5334 ut
563 5275 732 5349 quod
775 5273 954 5331 vellet
982 5270 1328 5346 postularet.
1361 5275 1433 5325 At
1460 5269 1564 5325 illa
1585 5285 1726 5325 mox
1758 5268 1883 5325 ala-

204 5369 400 5424 criter
437 5364 770 5441 respondit,
796 5363 860 5421 id
902 5379 964 5419 se
1006 5360 1367 5422 desiderare,
1399 5359 1565 5432 quod
1594 5358 1885 5415 Dominus

297 5573 575 5644 (591)1tls.
597 5568 901 5644 Laetiense,
936 5570 994 5644 et
1024 5580 1218 5622 unum
1248 5562 1484 5622 Malbod
1518 5579 1531 5618 :
1561 5561 1792 5620 elevati.

302 5573 419 5644 (591
474 5574 575 5629 Ms.
597 5573 901 5631 Laetiense,
936 5573 994 5623 et
1024 5581 1084 5621 ιιι

302 5573 453 5716 (592ζ
485 5646 584 5700 Ms.
616 5639 898 5709 Malbod.,
932 5640 1084 5695 viro.

1992 1732 2216 1804 quique
2283 1736 2713 1801 congruentem
2761 1732 3059 1788 adhibere
3129 1733 3467 1788 dulcedinis
3537 1749 3661 1789 sum

1994 1820 2488 1876 moderationem.
2522 1822 2606 1888 Et,
2639 1825 2703 1875 ut
2727 1820 2953 1876 harum
2985 1824 3199 1878 seriem
3235 1820 3664 1877 manifestatio—

1995 1925 2143 1965 num
2167 1910 2295 1981 jam
2336 1910 2749 1974 terminemus,
2782 1910 2968 1966 beata
2995 1911 3166 1980 virgo
3192 1909 3558 1978 Aldegundis
3586 1911 3661 1967 de

1994 1999 2205 2055 virtute
2234 1999 2295 2055 in
2328 2000 2601 2055 virtutem
2659 2001 3087 2070 progrediens,
3142 2000 3204 2055 in
3236 2002 3461 2055 tantam
3496 2016 3665 2056 sanc-

1996 2087 2176 2143 titatis
2206 2087 2616 2143 celsitudinem
2656 2104 2692 2143 a
2750 2089 3015 2144 Domino
3070 2088 3289 2143 meruit
3331 2087 3659 2156 sublimari,

1999 2180 2062 2230 ut
2087 2191 2209 2231 non
2274 2175 2472 2230 solum
2530 2175 2591 2230 in
2646 2177 2908 2245 somnis,
2961 2183 3063 2233 aut
3106 2190 3212 2249 per
3240 2177 3524 2233 exstasim
3555 2177 3663 2233 fre-

1994 2269 2265 2335 quenter,
2298 2262 2404 2318 sed
2432 2264 2610 2319 etiam
2639 2264 2920 2333 vigilanti
2948 2265 3257 2321 manifeste
3283 2270 3533 2336 angelus
3561 2282 3666 2339 ap-

1994 2359 2246 2424 pareret,
2289 2352 2579 2408 familiare
2610 2356 2763 2423 (593)
2822 2355 3197 2427 colloquium
3245 2355 3318 2410 de
3358 2358 3664 2429 proposito
3774 2380 3777 2381 ν

1994 2440 2432 2496 conservandae
2463 2440 2822 2511 virginitatis
2857 2443 3183 2511 exhiberet,
3237 2445 3403 2517 virgo
3457 2451 3666 2503 saneta

1993 2543 2219 2585 nomen
2250 2530 2382 2599 ejus
2407 2528 2765 2585 ﬁducialiter
2792 2531 3206 2601 interrogaret,
3239 2540 3294 2591 et
3323 2536 3402 2591 ab
3429 2551 3500 2591 eo
3532 2535 3663 2607 glo-

1992 2619 2225 2674 riosum
2253 2626 2310 2674 et
2338 2619 2611 2675 mirabile
2652 2636 2846 2677 suum
2876 2639 3004 2678 esse
3030 2640 3251 2680 nomen
3283 2625 3532 2683 audiret.

2667 2744 2905 2802 CAPUT
2946 2752 3005 2802 ll.

2103 2851 2480 2920 Propositum
2521 2851 2840 2907 servanda:
2881 2855 3246 2924 virginitatis
3292 2872 3329 2913 a
3367 2865 3562 2915 matre

2591 2949 3035 3010 oppugnatum.

2069 3052 2119 3102 7.
2155 3047 2305 3101 Cum
2336 3060 2478 3099 vero
2518 3051 2799 3118 parentes
2830 3048 3075 3117 virginis
3104 3051 3234 3120 jam
3266 3069 3404 3109 eam
3433 3054 3665 3109 tradere

1997 3135 2210 3192 marito
2263 3133 2671 3205 disponerent,
2723 3135 2985 3192 advocat
3029 3144 3217 3195 mater
3264 3140 3473 3204 ﬁliam,
3520 3157 3669 3214 prae-

1995 3225 2276 3280 dulcibus
2329 3224 2599 3280 hortatur
2646 3224 2951 3297 alloquiis,
2999 3243 3074 3283 ne
3130 3229 3242 3284 sibi
3292 3230 3667 3288 voluntatem

1998 3330 2171 3370 suam
2203 3311 2559 3369 abscondat.
2592 3313 2778 3369 Patris
2808 3330 2879 3370 ac
2911 3332 3090 3371 suum
3149 3317 3377 3375 indicat
3430 3319 3663 3375 deside-

1994 3403 2173 3472 rium,
2206 3401 2310 3471 uti,
2345 3400 2681 3457 secundum
2716 3404 2807 3457 sui
2856 3404 3091 3473 generis
3129 3404 3507 3478 dignitatem,
3562 3424 3664 3478 ge-

1996 3505 2279 3546 nerosum
2310 3506 2433 3545 non
2465 3496 2699 3545 recuset
2728 3492 2999 3564 accipere
3032 3508 3345 3563 sponsum.
3381 3498 3665 3552 Monstrat

1995 3577 2235 3636 familiis
2251 3578 2767 3648 numerositatem,
2788 3580 3152 3650 praediorum
3178 3582 3659 3653 amplitudinem,

1994 3666 2237 3734 fundos,
2270 3680 2470 3720 rerum
2500 3665 3157 3737 abundantiam,gazas
3191 3668 3539 3727 divitiarum
3560 3687 3660 3727 co-

1995 3754 2097 3827 pia
2113 3754 2378 3819 refertas,
2398 3752 2720 3821 cujusdam
2733 3754 2969 3825 juvenis
2991 3754 3247 3824 divitias,
3264 3756 3658 3826 nobilitatem,

1994 3841 2500 3917 pulchritudinem
2528 3840 2581 3896 ei
2598 3841 2967 3900 blandiendo
2992 3844 3329 3916 praetendit.
3343 3848 3448 3918 Huj
3461 3863 3663 3904 usmo-

1995 3932 2056 3988 di
2085 3928 2387 3987 blanditiis
2412 3929 2595 3984 instat
2631 3936 2841 3998 mater,
2884 3931 3157 3987 animum
3202 3932 3342 3990 ﬁliae
3371 3935 3450 3992 ad
3482 3951 3659 3992 suam

1996 4021 2384 4085 voluntatem,
2418 4023 2672 4074 conatur
2720 4020 3041 4076 inﬂectere.
3105 4020 3304 4090 Igitur,
3364 4022 3661 4094 Aldegun-

1996 4111 2110 4177 dis,
2169 4097 2419 4165 honesta
2472 4108 2769 4175 moribus,
2829 4108 3068 4181 eloquio
3119 4112 3343 4179 suavis,
3374 4112 3659 4185 frequens

1998 4200 2058 4255 in
2085 4198 2143 4253 di
2156 4198 2290 4252 vina
2319 4196 2592 4263 lectione,
2622 4213 2693 4253 ac
2724 4197 2933 4254 sedula
2976 4198 3038 4254 in
3083 4204 3303 4256 sanetae
3334 4201 3658 4273 Scriptura:

1997 4288 2401 4354 meditatione,
2435 4302 2615 4357 quem
2651 4302 2946 4360 sponsum
2977 4287 3236 4357 eligeret,
3255 4305 3438 4361 quem
3461 4290 3658 4347 cordis

1999 4392 2203 4434 amore
2274 4381 2550 4447 gestaret.
2603 4376 2925 4432 Dominum
2992 4376 3261 4432 videlicet
3337 4378 3655 4444 Christum,

1999 4482 2182 4539 quem
2227 4465 2483 4537 legendo
2514 4469 2899 4535 cognoverat,
2932 4463 3028 4519 cui
3070 4480 3133 4518 se
3180 4470 3361 4521 totam
3385 4465 3516 4534 jam
3557 4466 3658 4521 de-

1999 4561 2262 4624 voverat,
2295 4555 2390 4611 tali
2437 4559 2680 4625 sumpta
2709 4552 3028 4609 occasione
3071 4552 3329 4624 amplius
3359 4552 3657 4608 occultare

2000 4646 2306 4717 nequibat.
2339 4643 2513 4712 Quid,
2546 4644 2757 4714 inquit,
2789 4657 2827 4697 o
2856 4640 3105 4698 domina
3144 4640 3415 4711 genitrix,
3465 4646 3659 4697 mater

2000 4733 2365 4799 dulcissima,
2397 4730 2541 4804 quid
2571 4730 2719 4786 mihi
2748 4728 3038 4785 blandiris
3068 4729 3096 4783 ﬁ?
3146 4728 3297 4795 Quid
3336 4732 3422 4783 tot
3452 4743 3659 4785 suaso-

1998 4823 2102 4879 riis
2131 4822 2328 4879 verbis
2357 4836 2573 4876 oneras
2621 4819 2895 4875 animum
2927 4833 3132 4873 meum
3162 4818 3190 4872 ‘I
3246 4820 3371 4873 Non
3397 4816 3657 4888 amplius

2001 4912 2105 4968 tibi
2131 4911 2341 4967 celabo
2374 4908 2740 4965 voluntatem
2773 4922 2995 4976 meam,
3053 4904 3420 4961 desiderium
3452 4921 3658 4961 meum

1994 5001 2126 5071 jam
2180 5005 2316 5055 ante
2373 4998 2477 5053 diu
2533 4997 2593 5053 in
2623 4995 2801 5051 corde
2850 5009 2987 5050 meo
3030 4998 3385 5065 conceptum
3436 4992 3661 5065 patefa-

2000 5089 2177 5145 ciam.
2209 5091 2291 5144 Tu
2329 5087 2473 5142 mihi
2508 5100 2712 5141 neseio
2760 5100 2943 5155 quem
2984 5096 3316 5155 pauperem
3355 5097 3658 5139 memoras

2000 5194 2293 5250 sponsum
2320 5195 2333 5245 ;
2363 5175 2467 5231 sed
2499 5190 2610 5245 ego
2633 5173 2812 5229 talem
2842 5188 2911 5229 ac
2941 5178 3062 5227 tam
3087 5170 3331 5226 divitem
3362 5185 3658 5243 sponsum

2000 5266 2383 5338 concupisco,
2416 5264 2588 5334 cujus
2644 5260 2871 5332 praedia
2924 5264 3063 5316 sunt
3120 5258 3361 5330 coelum,
3391 5264 3449 5316 et
3476 5263 3656 5328 terra,

1999 5360 2057 5411 et
2114 5371 2277 5411 mare
2345 5354 2516 5425 cujus
2563 5350 2736 5406 fundi
2788 5366 3107 5423 nunquam
3151 5348 3448 5419 deﬁcient,
3481 5349 3658 5420 cujus

2075 5558 2219 5630 \593)
2248 5559 2347 5614 Ms.
2382 5555 2635 5614 Malbod.
2667 5556 3025 5629 obsequium.
