3950 6178
341 163 443 216 863

946 157 1293 213 HUCBALDI
1334 159 1501 214 MON.
1542 155 1601 210 S.
1643 155 1911 211 AMANDI
1951 153 2098 208 OPP.
2141 157 2314 212 PARS
2353 158 2394 213 Ι.
2436 189 2504 200 -—-
2544 158 3149 214 HAGIOGRAPHICA.

3649 161 3757 213 864

343 283 560 340 divitiae
593 295 834 352 semper
858 285 1132 335 crescunt
1178 285 1234 335 et
1264 296 1580 352 nunquam
1622 279 1991 334 minuuntur.
2033 283 2080 334 A
2112 281 2428 351 Evangelio
2459 299 2715 351 sorores,
2750 283 3039 339 Martham
3099 287 3157 338 et
3210 282 3474 347 Mariam,
3509 283 3762 338 Domino

348 375 404 430 Si
461 377 651 446 potes,
706 374 913 437 mater,
966 368 1140 424 talem
1198 369 1343 424 mihi
1388 371 1532 439 (594.)
1581 367 1784 440 accipe
1815 383 1995 438 spon-

347 478 507 533 sum,
564 475 686 515 non
750 457 1058 513 hominem
1133 464 1529 529 peccatorem,
1608 457 1994 530 petulantem,

344 569 416 608 ac
469 551 583 606 cito
631 547 1009 604 moriturum.
1069 547 1191 603 Hoc
1269 547 1519 604 audiens
1577 550 1788 615 mater,
1865 545 2000 600 licet

344 655 466 696 non
519 641 723 711 posset
771 640 1036 692 mentem
1096 636 1342 706 virginis
1394 653 1429 692 a
1483 652 1592 692 sua
1665 635 1998 691 constantia

343 726 669 795 dimovere,
740 725 1001 782 feminea
1060 730 1261 782 tamen
1314 726 1779 798 importunitate,
1838 740 1996 796 saepe

341 815 667 887 repetebat,
724 815 1059 872 admonens
1107 816 1292 872 ﬁliam
1343 816 1418 872 de
1471 815 1818 887 nuptiarum
1863 829 1999 869 con-

342 904 585 960 ditione.
643 905 756 960 Sed
804 904 951 977 quid
983 905 1009 959 ?
1052 905 1358 960 incassum
1423 905 1608 961 verba
1664 903 1992 959 fundebat:

290 998 309 1014 ‘
339 992 552 1064 puellae
634 998 897 1049 mentem
972 994 1033 1049 in
1101 995 1327 1051 Christo
1402 993 1737 1059 fundatam,
1824 991 1998 1064 quasi

344 1082 556 1138 turrim
611 1098 734 1138 non
783 1099 1082 1152 casuram,
1141 1083 1359 1140 frustra
1413 1083 1694 1155 pulsabat
1749 1100 1761 1137 :
1806 1081 1999 1136 Domi-

343 1185 492 1226 num
569 1171 886 1239 Christum,
969 1172 1311 1244 speciosum
1395 1171 1592 1228 forma
1674 1188 1798 1244 prae
1863 1169 1997 1225 ﬁliis

344 1258 684 1327 hominum,
743 1260 904 1315 hunc
961 1261 1370 1333 adamaverat,
1427 1261 1589 1315 hunc
1631 1259 1898 1314 esuriens
1929 1259 2000 1314 si-

341 1345 546 1414 tiebat,
597 1347 757 1401 hunc
811 1347 1014 1403 sitiens
1068 1348 1384 1404 esuriebat.
1455 1348 1891 1404 Misericordem
1938 1349 1999 1402 in

345 1449 643 1506 pauperes
716 1436 987 1492 animum
1061 1439 1322 1506 gerebat,
1381 1438 1593 1492 divinis
1648 1436 1998 1492 lectionibus

344 1527 608 1578 mentem
683 1525 923 1580 assidue
1011 1525 1300 1597 pascebat
1365 1544 1376 1579 :
1436 1525 1496 1580 in
1575 1525 1998 1597 respondendo

345 1611 709 1679 cautissima,
765 1614 924 1668 mitis
955 1615 1261 1684 omnibus,
1315 1614 1465 1670 inter
1495 1614 1725 1669 nobiles
1753 1613 1994 1668 humilis

347 1700 534 1771 (594'),
569 1701 901 1756 minoribus
931 1702 1092 1757 velut
1123 1703 1406 1774 aqualis;
1452 1705 1511 1758 in
1553 1704 1836 1775 parcitate
1882 1703 1996 1758 cibi

344 1791 402 1842 et
430 1792 608 1858 potus
637 1789 934 1846 intantum
965 1791 1337 1846 abstinentiae
1369 1792 1588 1861 dedita,
1613 1797 1678 1847 ut
1699 1792 1810 1846 sibi
1835 1792 1999 1849 nulla

346 1875 643 1932 sodalium
674 1878 1032 1951 zequiparari
1057 1879 1296 1935 valeret.

417 1968 470 2018 8.
501 1966 614 2021 Sed
645 1967 793 2022 dum
819 1967 1057 2022 animus
1086 1974 1301 2024 tenerae
1332 1969 1576 2039 virginis
1607 1970 1844 2026 assidue
1869 1987 1998 2025 ma-

345 2053 524 2107 ternis
557 2053 902 2124 fatigaretur
939 2056 1384 2128 blandimentis,
1420 2063 1482 2112 ut
1510 2059 1583 2113 de
1620 2060 1999 2131 suscipiendo

347 2157 569 2212 sponso
616 2143 907 2199 voluntati
960 2150 1277 2216 parentum
1337 2147 1729 2212 satisfaceret;
1779 2148 2000 2219 quibus

344 2230 589 2302 quidem
617 2247 740 2287 non
771 2233 1014 2288 obedire
1062 2234 1378 2291 videbatur
1402 2236 1824 2305 incongruum,
1857 2237 2000 2292 obe-

344 2319 563 2376 diendo
619 2338 760 2378 vero
805 2322 942 2394 plus
1001 2340 1102 2380 eos
1160 2341 1364 2380 amare
1435 2341 1620 2397 quam
1680 2326 2000 2382 Dominum

345 2409 661 2480 Christum,
717 2412 1053 2479 aestimabat
1110 2413 1733 2484 perniciosissimum;
1799 2415 1998 2486 provi-

342 2498 557 2554 dentiae
603 2500 822 2555 divinae
875 2502 1202 2565 miseratio,
1259 2502 1449 2558 taliter
1532 2518 1673 2557 eum
1729 2503 2001 2559 liberavit

341 2587 420 2642 ab
445 2587 798 2658 hujusmodi
846 2589 1110 2662 periculo
1162 2591 1519 2647 tentationis.
1563 2595 1740 2647 Soror
1789 2591 1994 2664 ipsius,

341 2683 672 2734 memorata
731 2681 1027 2751 superius,
1060 2681 1236 2736 beata
1276 2681 1694 2748 Waldetrudis,
1728 2681 1806 2736 ob
1839 2699 2000 2736 amo-

341 2781 466 2820 rem
520 2773 738 2823 sanctae
817 2769 1139 2840 religionis,
1213 2785 1247 2824 a
1299 2771 1426 2824 viro
1507 2787 1615 2826 suo
1664 2771 1794 2843 pari
1856 2787 1996 2826 con-

341 2871 524 2910 sensu
575 2857 702 2927 jam
747 2858 1016 2928 sejuncta
1048 2845 1292 2926 fuerat;
1342 2859 1561 2931 illoque
1608 2859 1880 2928 religiose
1937 2860 1995 2914 in

339 2945 704 3001 monasterio
777 2947 941 3018 quod
1011 2947 1224 3003 dicitur
1280 2949 1446 3003 Altus
1503 2951 1687 3014 Mons,
1749 2965 1994 3003 conver-

343 3038 531 3101 sante,
563 3033 698 3106 ipsa
749 3037 1182 3091 monasterium
1235 3037 1802 3105 sanctimonialium,
1861 3053 1997 3094 con-

341 3119 470 3175 silio
533 3122 891 3178 venerabilis
947 3123 1058 3178 viri
1109 3124 1346 3190 Gisleni,
1393 3125 1454 3179 in
1493 3131 1714 3191 monte,
1768 3125 1872 3197 qui
1900 3142 1997 3181 vo-

339 3209 591 3276 cabatur
662 3213 1193 3278 Castrorumlocus,
1272 3213 1670 3269 aediﬁcaverat
1724 3232 1735 3268 :
1793 3215 1994 3286 ibique

339 3314 478 3353 cum
537 3298 666 3354 aliis
728 3300 826 3355 Dei
902 3301 1130 3356 ancillis
1181 3317 1440 3373 superna
1494 3303 1995 3374 contemplatione

338 3384 587 3442 dulciter
614 3387 886 3443 animum
912 3389 1215 3460 pascebat.
1247 3392 1602 3461 Susceperat
1644 3395 1845 3446 autem
1898 3408 1994 3447 sa-

339 3491 512 3530 crum
569 3476 864 3545 velamen,
938 3477 1212 3533 habitum
1277 3479 1496 3534 scilicet
1542 3479 1861 3549 religionis,
1921 3481 1995 3536 de

337 3579 526 3619 manu
554 3565 714 3620 beati
738 3566 1004 3621 Autberti
1038 3567 1440 3623 Atrebatensis
1471 3573 1526 3624 et
1552 3569 1995 3624 Cameracensis

336 3653 601 3710 ecclesiae
653 3656 975 3727 pontificis,
1032 3657 1137 3730 qui
1196 3662 1354 3724 tunc,
1401 3660 1551 3714 inter
1581 3659 1730 3714 alios
1764 3660 1860 3715 Dei
1895 3677 1992 3716 sa-

337 3742 604 3798 cerdotes
633 3759 702 3798 eo
731 3748 995 3817 tempore
1031 3745 1327 3813 ﬂorentes,
1363 3747 1501 3802 ovili
1531 3747 1839 3802 Dominico
1869 3761 1993 3800 non

336 3831 595 3899 segniter
632 3831 1000 3901 invigilabat.
1039 3835 1216 3904 Igitur
1246 3852 1319 3890 ex
1347 3835 1735 3908 inspiratione
1791 3835 1994 3890 divina

331 3917 563 3972 famula
593 3918 692 3972 Dei
716 3919 1129 3986 Waldetrudis,
1176 3937 1410 3978 memor
1464 3940 1586 3977 suae
1625 3923 1992 3978 charissima:

337 4005 556 4059 sororis
607 4006 993 4076 Aldegundis,
1027 4015 1083 4065 et
1125 4010 1301 4066 valde
1344 4016 1615 4068 metuens
1674 4027 1747 4066 ne
1796 4012 1994 4067 vincu-

335 4092 394 4148 lo
475 4095 729 4151 carnalis
814 4096 1155 4165 alligaretur
1243 4100 1490 4168 amoris,
1573 4105 1628 4156 et
1700 4106 1992 4173 exoptans

338 4181 443 4251 [αι.
505 4183 700 4237 carnis
760 4183 1084 4253 illigaretur
1127 4203 1340 4244 amans
1392 4194 1448 4244 et
1499 4191 1812 4262 exoptans]
1868 4195 1990 4246 toto

335 4269 628 4327 desiderio
687 4288 895 4328 secum
949 4274 1113 4330 illam
1161 4275 1381 4332 habere
1412 4278 1639 4335 sociam
1681 4280 1741 4334 in
1779 4279 1990 4335 habitu

336 4363 555 4415 sanctae
610 4361 1100 4431 conversationis,
1150 4363 1308 4419 misit
1357 4365 1577 4423 litteras
1620 4368 1816 4437 matri,
1848 4384 1989 4440 pos-

335 4449 534 4505 tulans
564 4466 704 4505 cum
753 4451 1166 4508 obsecratione
1207 4469 1471 4510 sororem
1525 4455 1637 4511 sibi
1684 4456 1986 4524 destinari,

335 4555 541 4594 secum
581 4539 934 4612 aliquandiu
975 4541 1140 4598 illam
1180 4542 1386 4598 dicens
1447 4545 1596 4600 velle
1641 4545 1941 4601 demorari
1973 4565 1984 4601 :

328 4643 452 4684 non
482 4644 699 4700 parum
729 4631 1154 4687 consolationis
1177 4649 1249 4687 ex
1279 4633 1437 4688 illius
1462 4635 1787 4706 praesentia
1807 4627 1992 4691 videri

332 4716 445 4772 sibi
473 4717 726 4772 conferri
760 4735 772 4772 :
809 4719 1058 4791 quando
1101 4721 1276 4776 matri
1306 4721 1587 4794 placeret,
1623 4723 1825 4779 statim
1856 4739 1990 4780 eam

333 4820 393 4860 se
417 4805 806 4862 remissuram
840 4807 942 4880 [αι.
978 4809 1235 4880 remitti].
1269 4812 1494 4867 Annuit
1523 4817 1744 4881 mater;
1801 4812 1990 4869 ﬁliam

331 4892 557 4963 dirigit;
590 4900 647 4950 et
661 4895 881 4968 quibus
899 4903 1024 4954 erat
1039 4914 1198 4954 vana
1215 4915 1386 4955 mens
1405 4901 1656 4957 Domino
1675 4903 1987 4969 serviendi,

331 4979 396 5034 ﬁt
426 4982 604 5038 etiam
635 5001 758 5040 una
787 4987 1008 5041 domus
1057 4994 1395 5060 opportune
1437 4990 1620 5045 simul
1657 4991 1986 5047 habitandi.

329 5069 472 5132 Quis
522 5071 699 5140 digne
748 5080 951 5146 posset
1003 5076 1172 5132 effari
1232 5084 1528 5148 quantum
1578 5079 1987 5137 aediﬁcationis

332 5171 405 5210 ex
430 5162 640 5213 mutua
689 5161 1083 5220 eollocutioue
1126 5166 1526 5237 acquisierint,
1573 5173 1990 5240 quantumque

332 5245 676 5316 exemplum
707 5253 1068 5320 operationis
1113 5253 1288 5309 bonre
1318 5256 1543 5311 caeteris
1584 5257 1890 5313 sororibus
1917 5275 1989 5314 ex

332 5348 441 5388 sua
471 5337 920 5393 conversatione
950 5341 1367 5411 praebuerint?
1414 5346 1694 5401 Cerneres
1738 5346 1870 5403 illas
1916 5363 1992 5403 ex

401 5531 553 5600 (594)
583 5529 673 5586 ΑΙ.
700 5546 920 5603 quaere.

423 5603 571 5671 594')
593 5604 743 5662 MSS.
774 5605 905 5661 Last.
930 5608 988 5662 et
1015 5603 1274 5663 Malbod.
1309 5611 1669 5668 minoribus.

2111 360 2395 416 Salvatori
2423 364 2690 418 certatim
2722 363 3147 429 ministrantes,
3182 362 3283 418 sed
3317 378 3440 417 non
3470 362 3644 418 facile
3672 363 3763 418 di-

2109 465 2410 506 scerneres
2437 468 2573 523 quae
2624 453 2819 520 magis
2860 453 3078 508 harum
3111 451 3349 521 eligeret
3373 451 3452 507 ad
3485 451 3671 523 pedes
3707 453 3767 507 il-

2106 537 2220 592 lius
2278 540 2504 608 sedere,
2562 558 2701 597 eum
2753 541 2814 598 id
2873 547 3125 614 utraque
3165 545 3479 611 satageret,
3514 545 3572 596 et
3612 542 3764 596 curis

2107 629 2494 685 exterioribus
2525 630 2707 687 invita
2735 631 3058 686 deserviret
3092 633 3256 702 (Luc.
3296 630 3367 700 Χ).

2179 721 2229 772 9.
2278 722 2404 774 Non
2435 720 2691 776 multum
2719 720 2993 792 elapsum
3022 725 3110 776 est
3163 720 3467 792 temporis,
3527 724 3586 774 et
3635 735 3765 774 ecce

2106 811 2298 862 mater
2341 808 2598 875 illarum,
2633 809 2890 865 feminea
2921 814 3197 882 suspecta
3240 808 3662 874 sollicitudine,
3695 824 3764 862 ne

2106 895 2241 950 ﬁliae
2292 914 2411 952 suae
2440 897 2687 967 virginis
2714 901 2988 954 animum
3033 914 3202 953 soror
3249 898 3381 968 ejus
3413 898 3707 952 alienaret
3733 913 3766 951 a

2107 985 2346 1056 saeculo,
2375 1002 2737 1059 sacrumque
2769 987 3042 1043 velamen
3081 987 3246 1042 illam
3295 987 3600 1059 suscipere
3645 1003 3770 1058 per-

2108 1074 2403 1145 suaderet,
2450 1075 2626 1130 mittit
2681 1076 2760 1131 ad
2806 1075 3260 1146 monasterium,
3307 1080 3549 1130 revocat
3601 1075 3682 1130 ad
3711 1092 3768 1129 se

2107 1163 2294 1219 ﬁliam
2349 1165 2662 1235 virginem.
2723 1167 2784 1221 B.
2846 1166 3238 1221 Waldetrudis
3287 1166 3473 1220 invita
3521 1165 3772 1237 quidem

2109 1252 2349 1308 remittit
2378 1269 2662 1320 sororem,
2692 1270 2768 1310 ne
2803 1259 3057 1309 matrem
3091 1254 3376 1320 offendat,
3415 1253 3526 1308 sed
3552 1253 3772 1308 obnixe.

2108 1341 2490 1413 deprecando
2521 1343 2866 1399 exhortatur
2895 1360 3030 1399 eam
3060 1348 3125 1399 ut
3170 1361 3207 1399 a
3233 1343 3455 1398 saeculo
3493 1342 3684 1398 faciat
3715 1361 3773 1398 se

2107 1445 2354 1502 prorsus
2393 1430 2673 1498 alienam,
2706 1432 3027 1487 immortali
3077 1449 3138 1487 se
3176 1437 3474 1505 praeparet
3501 1434 3773 1504 Sponso;

2108 1534 2296 1590 quam
2321 1518 2492 1574 citius
2523 1519 2763 1586 valeret,
2807 1521 2885 1575 ad
2916 1521 3258 1576 coenobium
3290 1525 3650 1576 revertatur.
3681 1520 3775 1575 llla

2040 1631 2080 1684 Β
2111 1613 2343 1673 mmsta,
2377 1608 2735 1664 valefaciens
2767 1609 2980 1679 sorori,
3014 1610 3323 1665 revertitur
3366 1609 3445 1664 ad
3491 1617 3770 1672 matrem,

2108 1713 2244 1768 quae
2275 1701 2402 1753 tum
2455 1698 2804 1754 morabatur
2845 1699 2905 1753 in
2939 1699 3166 1771 praedio
3207 1715 3314 1753 suo
3347 1698 3517 1769 quod
3546 1714 3778 1752 nuncu-

2109 1789 2285 1856 patur
2341 1786 2708 1842 Curtissolra.
2769 1791 2894 1842 Non
2949 1793 3151 1842 autem
3207 1787 3553 1852 immemor,
3610 1788 3776 1856 juxta

2112 1874 2498 1945 Scripturam,
2544 1875 2932 1931 honorandos
2985 1892 3117 1931 esse
3148 1882 3448 1948 parentes,
3485 1876 3673 1930 bonae
3701 1877 3777 1930 in-

2110 1961 2262 2016 dolis
2317 1962 2518 2034 puella
2592 1964 3022 2019 condecentem
3079 1964 3475 2019 reverentiam
3534 1965 3775 2019 exhibet

2111 2050 2303 2114 matri,
2337 2050 2612 2106 humiliat
2640 2067 2700 2107 se
2733 2053 2809 2106 ad
2839 2052 3024 2124 pedes
3055 2053 3209 2122 ejus,
3242 2052 3615 2123 deprecatur
3645 2069 3771 2107 eam

2110 2138 2416 2210 lacrymis,
2463 2143 2525 2193 ut
2552 2139 2612 2193 in
2643 2139 2989 2195 habitaculo
3020 2141 3186 2212 quod
3215 2147 3342 2196 erat
3376 2141 3558 2211 juxta.
3591 2141 3772 2195 eccle-

2113 2227 2286 2297 siam,
2321 2227 2432 2281 sibi
2473 2227 2642 2283 daret
2687 2228 2990 2284 licentiam
3043 2230 3377 2298 habitandi,
3408 2230 3630 2285 dicens
3662 2247 3771 2286 non

2113 2316 2224 2370 sibi
2269 2331 2607 2386 congruum
2636 2317 2789 2373 inter
2844 2319 3003 2373 viros
3034 2324 3089 2374 et
3136 2319 3414 2374 mulieres
3453 2320 3773 2375 saeculares

2111 2405 2470 2460 conversari.
2532 2409 2814 2462 Memorat
2859 2407 3039 2463 etiam
3088 2408 3356 2478 genitrici
3413 2425 3542 2463 suae
3591 2426 3772 2480 quam

2113 2499 2335 2561 sancte,
2369 2511 2555 2566 quam
2586 2495 2862 2564 religiose
2918 2513 3089 2552 soror
3139 2514 3253 2553 sua
3282 2497 3693 2553 Waldetrudis
3720 2501 3773 2553 in

2110 2583 2474 2638 monasterio
2497 2601 2558 2638 se
2589 2585 2852 2653 haberet,
2883 2586 3137 2657 qualiter
3167 2586 3414 2642 ancillas
3449 2587 3674 2642 Christi
3705 2587 3772 2640 de

2111 2672 2324 2727 szeculo
2379 2688 2700 2728 conversas
2730 2674 3085 2730 instruendo
3134 2680 3424 2743 moneret,
3459 2692 3658 2747 quam
3691 2694 3776 2731 su-

2107 2760 2317 2816 blimia
2347 2762 2613 2832 quotidie
2643 2762 2717 2818 de
2747 2779 2934 2832 regno
2956 2764 3247 2820 caelorum
3269 2764 3620 2819 admonens
3647 2766 3775 2820 edo-

2110 2856 2282 2905 ceret.
2345 2854 2498 2905 Dum
2531 2851 2669 2906 talia
2699 2853 2873 2908 matri
2901 2853 3066 2924 virgo
3114 2853 3373 2920 referret,
3406 2860 3466 2909 et
3495 2871 3568 2909 ea
3603 2856 3770 2910 matri

2037 2981 2077 3034 Ο
2109 2945 2277 3008 grata
2301 2939 2442 2994 satis
2470 2941 2805 3009 aestimaret,
2855 2942 2956 2998 illa
2982 2958 3104 2998 non
3131 2943 3315 2998 modo
3344 2943 3459 2998 sibi
3489 2960 3621 2999 non
3651 2944 3769 3016 pla-

2108 3027 2243 3097 cita,
2269 3028 2374 3082 sed
2413 3029 2593 3083 etiam
2622 3029 2881 3085 multum
2906 3047 3166 3087 onerosa
3187 3032 3648 3096 demonstrans,
3669 3035 3772 3088 ira—

2107 3122 2166 3175 ta
2205 3117 2572 3174 comminata
2603 3123 2694 3174 est
2722 3119 2774 3174 ei
2794 3120 3006 3192 plagas
3038 3123 3086 3176 si
3118 3121 3193 3176 de
3225 3121 3449 3177 talibus
3478 3123 3639 3178 ultra
3667 3123 3768 3177 sibi

2105 3203 2298 3260 facere
2329 3222 2671 3262 sermonem
2717 3208 2982 3264 auderet.
3034 3211 3206 3278 Virgo
3239 3210 3486 3282 sapiens
3516 3227 3646 3266 non
3685 3227 3769 3266 so-

2105 3295 2231 3350 lum
2261 3295 2416 3351 illius
2465 3297 2662 3352 minas
2718 3299 3009 3370 patienter
3067 3300 3365 3364 sustinuit,
3430 3301 3538 3356 sed
3595 3302 3766 3356 etiam

2105 3384 2357 3440 verbera
2392 3385 2683 3441 sustinere
2711 3393 2938 3459 parata,
2992 3389 3317 3460 prudenter
3373 3389 3553 3444 siluit.
3603 3394 3768 3446 Mater

2107 3479 2330 3545 autem,
2361 3475 2590 3547 optima
2620 3476 2971 3533 linteamina
2989 3477 3315 3550 proferens,
3347 3479 3485 3534 ﬁliae
3504 3479 3760 3544 tradidit,

2106 3568 2162 3618 et
2209 3568 2272 3618 ut
2300 3563 2440 3618 inde
2495 3566 2803 3636 sponsalia
2835 3567 2946 3622 sibi
2995 3567 3350 3623 vestimenta
3381 3575 3761 3641 praepararet,

2105 3653 2441 3724 imperavit,
2474 3653 2805 3726 disponens
2831 3670 2967 3711 eam
2995 3657 3056 3710 in
3106 3658 3384 3728 proximo
3423 3659 3618 3714 nobili
3647 3659 3759 3713 cui-

2105 3741 2248 3796 dam
2272 3742 2477 3812 juveni
2500 3743 2630 3813 lege
2659 3745 3011 3815 nuptiarum
3041 3745 3331 3818 copulari.
3353 3747 3532 3817 Virgo
3563 3748 3758 3802 lintea-

2106 3830 2271 3884 mina
2329 3831 2595 3902 suscipit,
2663 3831 3099 3888 domunculam
3179 3850 3352 3889 secus
3412 3836 3756 3892 oratorium.

2103 3935 2291 3990 quam
2313 3935 2348 3974 a
2377 3927 2566 3976 matre
2589 3922 3029 3992 impetraverat,
3060 3923 3391 3992 ingreditur
3415 3943 3428 3989 ;
3472 3933 3670 3980 vestes
3690 3924 3760 3980 ad

2106 4023 2254 4061 usus
2281 4008 2719 4080 baptizatorum
2739 4011 2800 4065 in
2827 4011 3072 4067 nomine
3099 4017 3321 4067 sanctae
3343 4014 3645 4068 Trinitatis
3673 4013 3763 4085 pia

2103 4095 2312 4151 fraude
2369 4097 2695 4169 componit,
2753 4115 3093 4171 corpusque
3142 4117 3322 4156 suum
3383 4102 3764 4158 vehementer

2105 4184 2415 4254 afﬂigens;
2465 4185 2560 4241 die
2591 4192 2891 4258 noctuque
2942 4189 3264 4244 Dominum
3297 4207 3438 4245 cum
3485 4191 3764 4261 lacrymis

2104 4275 2476 4347 deprecatur,
2531 4291 2605 4330 ne
2636 4293 2672 4331 a
2719 4277 2997 4333 societate
3054 4284 3402 4336 sanctarum
3460 4281 3760 4349 virginum

2105 4364 2480 4431 alienaretur,
2514 4381 2623 4420 nec
2653 4365 2753 4420 alii
2783 4383 3008 4438 sponsa
3033 4384 3219 4440 quam
3249 4369 3508 4424 Domino
3538 4370 3763 4424 Christo

2105 4453 2447 4509 sociaretur.
2493 4455 2904 4511 Exaudiuntur
2941 4473 3148 4529 preces
3196 4458 3469 4528 virginis,
3518 4459 3761 4530 nuptiae,

2103 4556 2257 4613 quas
2295 4541 2450 4596 intra
2496 4542 2844 4614 quindecim
2901 4544 3029 4599 dies
3087 4550 3277 4600 mater
3318 4544 3456 4600 ﬁliae
3489 4546 3762 4616 parabat,

2102 4629 2458 4684 differuntur
2491 4648 2504 4685 :
2533 4631 2790 4701 juvenis,
2832 4631 2927 4687 cui
2959 4633 3339 4706 despondere
3382 4633 3663 4706 parabat,
3695 4649 3763 4687 ne

2101 4717 2328 4772 veniret
2346 4732 2452 4788 per
2473 4717 2695 4774 multos
2728 4719 2854 4774 dies
2885 4719 3274 4792 praepeditur.

2743 4809 2978 4863 CAPUT
3027 4810 3117 4864 lll.

2101 4897 2248 4965 Ejus
2299 4897 2675 4964 propositum
2734 4899 3086 4966 parentibus
3136 4901 3378 4954 tandem
3422 4898 3760 4968 probatum.

2179 4993 2260 5046 10.
2277 4993 2419 5064 (595)
2445 4997 2669 5049 [nterea
2689 4994 3037 5051 beatissima
3050 4996 3236 5067 virgo,
3253 4998 3427 5067 cujus
3448 4998 3574 5069 jam
3589 4998 3765 5052 inhae-

2103 5087 2257 5136 serat
2279 5081 2462 5137 menti
2496 5083 2826 5140 caelestium
2865 5102 3023 5158 spes,
3053 5086 3373 5158 omnisque
3399 5104 3602 5143 rerum
3632 5103 3760 5142 eum

2102 5169 2332 5226 mundo
2344 5172 2709 5229 ruiturarum
2728 5175 3001 5246 abjeetio,
3019 5191 3141 5231 non
3159 5176 3488 5231 immemor
3499 5178 3647 5248 quia
3659 5177 3759 5231 bo-

2101 5261 2193 5314 nis
2233 5261 2500 5315 moribus
2534 5262 2861 5335 aliquando
2887 5265 3288 5337 corruptelam
3317 5265 3551 5321 confert
3576 5265 3758 5321 malo-

2099 5364 2237 5404 rum
2249 5348 2795 5421 collocutio,matris
2807 5354 2885 5409 ad
2897 5355 3109 5410 horam
3123 5370 3184 5409 se
3198 5353 3550 5410 subtrahere
3562 5355 3760 5410 furtim

2171 5547 2320 5670 (5595)
2352 5547 2473 5603 Hoc
2503 5552 2685 5620 caput
2712 5547 2915 5604 deerat
2945 5547 3114 5605 Surio
3143 5567 3156 5615 ;
3193 5548 3542 5622 suppletum
3571 5557 3663 5604 est
3691 5565 3758 5604 ex

2106 5632 2217 5671 IIIS.
