4000 6190
214 175 320 228 865

1400 157 1561 213 VITA
1599 154 1656 207 S.
1696 150 2140 208 ALDEGUNDIS
2180 149 2527 208 VIRGINIS.'

3554 152 3660 206 866

202 290 563 353 deliberavit
598 286 879 357 collegio;
926 284 1089 341 illius
1123 297 1315 357 quem
1338 282 1449 337 sibi
1465 294 1753 354 sponsum
1777 277 1881 348 [aL
1916 276 1965 328 A
2072 275 2155 330 12.
2196 278 2372 333 Mater
2416 290 2581 345 vero,
2606 273 2796 330 ﬁliam
2845 287 2914 346 ac
2971 270 3022 326 si
3076 272 3383 326 mortuam
3419 271 3660 344 lugens,

203 378 708 460 patronumque],
732 379 1091 448 patremque
1119 369 1638 440 delegeratductu
1659 364 1888 422 conﬁsa

203 453 262 532 et
285 469 641 529 sodalitio.0
673 465 811 521 felix
835 463 1228 535 multumque
1251 459 1558 515 laudanda
1585 454 1795 512 matris
1821 453 1887 507 ﬁ-

201 565 423 635 liaeque
471 559 552 614 ab
580 555 837 612 invicem
867 551 1196 624 separatio,
1225 547 1287 602 in
1317 564 1440 620 qua
1468 545 1677 603 Christi
1710 544 1889 600 tirun-

204 653 346 711 cula
366 650 542 721 cujus
563 645 733 720 apud
754 645 945 699 Deum
968 645 1124 696 esset
1139 637 1337 721 meriti
1359 638 1819 704 demonstratur,
1834 636 1891 687 et

203 720 494 800 ﬁdelibus
521 736 647 792 suis
672 746 996 804 nunquam
1030 720 1358 785 Salvatoris
1387 726 1598 781 abesse
1627 737 1889 795 praesen-

204 834 376 898 tiam,
410 829 566 884 sicut
594 826 724 899 ipse
756 820 1122 896 promiserat
1143 814 1602 888 comprobatur!
1633 811 1891 881 Fugiens

205 922 391 994 igitur
435 919 610 987 virgo
651 910 864 969 Christi
906 925 980 964 ac
1031 906 1359 978 cujusdam
1399 903 1686 972 ﬂuminis,
1726 899 1892 973 quod

211 1010 471 1070 Sambra
495 1006 734 1073 dicitur,
754 1001 955 1073 ripam
977 996 1242 1062 devenit,
1265 1009 1693 1067 nusquamque
1724 989 1892 1046 navi-

210 1102 401 1174 gium,
435 1113 560 1171 quo
611 1094 766 1150 ultra
808 1088 1043 1144 ﬂumen
1086 1084 1388 1141 transvehi
1416 1086 1641 1157 posset,
1675 1080 1893 1136 adesse

209 1186 620 1261 conspiciens,
661 1182 724 1237 in
770 1190 1060 1249 supremo
1096 1173 1264 1229 ﬂuvii
1294 1172 1571 1241 margine
1614 1167 1891 1226 constitit.

213 1256 638 1346 Ouid—ageret?
661 1273 790 1337 Quo
808 1282 869 1322 se
890 1264 1185 1321 verteret?
1214 1267 1530 1333 Nusquam
1549 1259 1661 1314 sibi
1683 1256 1761 1313 ad
1784 1256 1894 1311 ﬂu-

209 1368 396 1425 minis
425 1357 971 1421 transfretationem
994 1351 1247 1424 aliquod
1270 1354 1477 1422 patere
1490 1347 1736 1403 videbat
1754 1361 1897 1400 con-

213 1459 438 1523 silium,
469 1456 683 1527 praeter
700 1447 880 1515 illius,
903 1459 1025 1516 quo
1048 1454 1377 1512 nanuam
1400 1436 1676 1492 ﬁdelium
1703 1450 1899 1490 cassa-

213 1554 314 1604 tur
336 1523 914 1619 petitio,indeﬁciens
938 1529 1264 1589 Salvatoris
1290 1526 1621 1595 refugium.
1640 1527 1766 1580 Non
1788 1523 1898 1578 im-

1998 367 2159 418 tanto
2189 363 2394 418 dolore
2424 361 2815 430 afﬁciebatur,
2847 364 2913 415 ut
2946 373 3135 431 usque
3185 357 3266 413 ad
3304 357 3662 415 divisionem

1997 452 2260 523 corporis
2317 456 2374 508 et
2422 450 2639 507 animae
2689 449 2897 520 (Hebr.
2949 463 3025 515 iv,
3073 446 3154 515 12)
3205 446 3663 518 periclitaretur.

1998 539 2213 595 Videris
2262 544 2464 596 autem
2503 553 2779 611 supernae
2818 534 3105 592 bonitatis
3152 533 3473 592 clementia
3494 534 3667 592 beni—

2000 642 2183 695 gnam
2212 634 2467 684 matrem
2496 627 2835 682 absentiam
2878 623 3016 678 ﬁliae
3049 622 3203 677 ultra
3247 623 3502 678 modum
3533 638 3669 693 gra-

1998 715 2146 771 viter
2172 717 2343 787 ferre,
2372 716 2563 789 ipsius
2610 714 2860 770 immisit
2910 710 3138 784 pectori
3181 701 3548 767 desiderium
3577 711 3668 767 vi-

2000 804 2180 861 dendi
2209 806 2414 873 ﬁliam,
2454 806 2622 876 cujus
2653 819 2777 860 non
2805 801 3017 858 leniter
3046 800 3171 872 pati
3199 804 3433 872 poterat
3457 801 3671 857 absen-

2000 892 2166 949 tiam.
2200 893 2536 965 Assumptis
2581 892 2762 963 igitur
2811 887 3139 945 comitibus
3167 887 3496 956 nonnullis,
3528 903 3670 959 pro-

2001 986 2170 1053 perat
2197 980 2380 1036 ﬁliam
2436 980 2710 1050 invisere,
2743 978 2919 1049 cujus
2969 976 3235 1032 adventu
3277 974 3403 1030 ﬁlia
3441 979 3674 1047 quanto

2002 1069 2318 1125 excultavit
2368 1068 2612 1137 gaudio,
2666 1084 2790 1123 non
2844 1070 2935 1122 est
2987 1068 3208 1121 nostrae
3261 1062 3676 1136 possibilitatis

2003 1158 2296 1214 evolvere.
2328 1157 2665 1230 Suscipiens
2708 1157 2915 1228 itaque
2955 1158 3217 1210 matrem
3246 1152 3391 1223 ﬁlia,
3420 1155 3558 1225 post
3587 1167 3678 1207 sa-

2001 1247 2320 1303 lutationes
2348 1252 2405 1302 et
2432 1245 2637 1302 oscula
2664 1262 2803 1301 cum
2830 1243 3151 1300 dilectione
3179 1241 3486 1298 charitatis
3515 1239 3679 1296 exhi-

2005 1337 2147 1403 bita,
2175 1343 2396 1406 monet,
2428 1338 2818 1408 hortaturque
2864 1334 3036 1406 piam
3063 1335 3321 1387 matrem
3349 1335 3413 1387 ut
3439 1330 3680 1404 penitus

2008 1431 2249 1499 spernat
2297 1425 2612 1494 terrestria,
2642 1428 2888 1498 appetat
2917 1421 3201 1488 coelestia,
3237 1420 3587 1492 amicosque
3617 1435 3680 1474 se

2008 1515 2184 1571 faciat
2207 1531 2279 1570 ex
2304 1513 2631 1587 iniquitatis
2656 1528 3039 1577 mammona,
3065 1526 3102 1565 a
3119 1509 3344 1582 quibus
3374 1508 3437 1563 in
3457 1513 3682 1565 aeterna

215 1595 455 1695 memor
675 1624 995 1682 Dominum
1018 1618 1303 1675 ﬁdelibus
1329 1614 1458 1669 suis
1477 1609 1898 1702 spopondisse,
1930 1627 1971 1681 Β
2006 1603 2187 1676 recipi
2217 1602 2408 1676 possit
2432 1600 2822 1659 tabernacula
2855 1602 3023 1671 (Luc.
3056 1614 3167 1667 xw,
3195 1599 3271 1668 9),
3306 1597 3390 1651 sic
3427 1595 3681 1666 subjun-

218 1700 533 1783 credentes
551 1720 614 1775 in
636 1733 698 1773 se
718 1730 855 1788 quis
871 1711 1007 1767 fecit
1023 1708 1387 1779 majoraque
1404 1703 1627 1759 horum
1641 1700 1901 1756 facturos

219 1832 356 1873 esse
381 1814 575 1883 (Joan.
600 1824 720 1878 xxv,
736 1786 842 1874 l2),
866 1813 1158 1871 mareque
1187 1794 1302 1850 sub
1327 1792 1587 1865 pedibus
1614 1786 1902 1863 principis

221 1879 643 1977 apostolorum
677 1911 739 1949 se
766 1888 1052 1947 calcabile
1083 1882 1421 1958 praebuisse
1456 1881 1649 1950 (Joan.
1674 1894 1790 1945 xm,
1822 1879 1898 1939 7.)

218 1964 448 2049 Matth.
482 2003 598 2053 xw,
636 1987 731 2049 19;
758 1978 1133 2047 Paulumque
1164 1969 1512 2043 apostolum
1554 1970 1751 2031 nocte,
1785 1964 1905 2019 die-

220 2096 346 2155 que
370 2074 657 2132 ﬂuctibus
681 2066 976 2142 aequoreis
1007 2064 1364 2119 immersum
1393 2054 1779 2113 nullumvitae
1806 2053 1906 2107 de-

222 2144 578 2228 trimentum
606 2160 921 2236 pertulisse
955 2156 1033 2227 (II
1066 2154 1203 2209 Cor.
1232 2167 1310 2216 xi,
1339 2150 1430 2218 25)
1458 2165 1472 2216 ;
1504 2144 1905 2219 perfectasque

222 2258 372 2316 ﬁdei
401 2255 568 2312 nulla
597 2245 997 2323 impossibilia
1027 2258 1156 2299 esse
1186 2259 1200 2307 ;
1251 2237 1444 2295 crucis
1476 2233 1801 2290 Dominicis
1834 2230 1906 2286 si-

226 2363 353 2418 gno
385 2358 605 2415 corpus
638 2318 820 2393 suum
852 2333 1119 2403 undique
1165 2324 1439 2391 munivit,
1470 2322 1674 2394 sicque
1707 2320 1802 2392 pie
1831 2318 1906 2374 de

229 2433 488 2491 Domino
533 2440 928 2502 praesumens,
962 2420 1160 2476 undas
1208 2412 1475 2471 ﬂuminis
1525 2415 1589 2466 ut
1631 2409 1741 2465 iter
1772 2406 1910 2462 soli-

225 2524 383 2580 dum
431 2498 799 2575 con—scendit.
832 2510 1109 2567 Graditur
1158 2520 1339 2577 super
1388 2515 1603 2573 aquas,
1631 2498 1907 2553 dextram

226 2614 569 2681 laevamque
583 2603 867 2675 angelicis
888 2597 1193 2674 spiritibus
1220 2588 1912 2650 sustentantibus,extre-

227 2700 353 2757 mis
382 2697 637 2753 vestium
686 2673 939 2747 ﬁmbriis
980 2703 1089 2742 nec
1138 2679 1601 2739 inundationem
1641 2673 1908 2731 ﬂuminis

237 2784 745 2856 contingentibus.
781 2784 906 2836 Non
936 2780 1138 2833 autem
1183 2789 1219 2828 a
1263 2767 1572 2826 catholicae
1603 2761 1907 2833 religionis

231 2876 450 2947 regula
495 2873 769 2929 videatur
824 2866 1109 2930 alienum,
1141 2858 1391 2929 angelos
1442 2859 1684 2911 sanctos
1732 2852 1906 2908 obse-

228 2967 449 3040 quium
478 2959 841 3036 impendisse
868 2952 1103 3025 virgini,
1131 2965 1273 3006 cum
1324 2945 1615 3017 scriptum
1664 2942 1760 3013 sit,
1789 2957 1904 2996 coe-
1933 2975 1975 3028 Ο

228 3058 412 3113 lestes
455 3052 692 3126 spiritus
737 3049 799 3104 in
837 3042 1233 3101 ministerium
1286 3039 1636 3093 sanctorum
1681 3031 1902 3087 missos

232 3120 661 3215 angelos-efﬁci
690 3137 879 3209 (Psal.
914 3150 999 3203 xc,
1036 3132 1122 3204 11)
1150 3144 1170 3197 ;
1218 3131 1583 3197 sanctosque
1620 3121 1782 3177 viros
1813 3120 1901 3177 vi-

231 3211 365 3293 tam
407 3229 694 3289 imitando
725 3224 1062 3296 angelicam
1102 3217 1351 3288 angelos
1384 3212 1586 3270 vocari
1615 3211 1782 3283 (Mal.
1810 3226 1901 3279 iu,

241 3328 316 3397 l).
347 3323 534 3391 Unde,
581 3334 701 3393 quo
745 3315 942 3386 major
989 3313 1139 3368 inter
1186 3312 1361 3364 natos
1409 3302 1731 3360 mulierum
1780 3315 1906 3355 non

236 3412 515 3478 surrexit,
567 3412 825 3465 Joannes
876 3401 1159 3474 Baptista,
1212 3393 1465 3466 angelus
1513 3406 1642 3446 esse
1690 3387 1909 3444 meruit

239 3508 302 3560 et
328 3499 529 3557 vocari
557 3495 797 3569 (Matth.
830 3509 904 3561 x1,
939 3487 1146 3559 lO-tt).
1180 3487 1513 3556 Postquam
1555 3494 1699 3534 vero
1736 3492 1910 3534 sacra

238 3593 418 3660 virgo
469 3589 529 3644 in
572 3583 834 3642 ulteriori
872 3577 1137 3637 ﬂuminis
1179 3576 1313 3648 ripa
1343 3569 1625 3636 constitit,
1654 3566 1911 3623 Domino

245 3655 578 3754 gratiarum
606 3674 868 3732 actiones
897 3666 1174 3733 reddidit,
1203 3663 1375 3734 cujus
1394 3658 1587 3731 gratia
1613 3655 1782 3730 quod
1810 3670 1916 3710 na-

245 3776 401 3827 tura:
425 3768 718 3839 repugnat
746 3766 803 3817 et
826 3756 1018 3833 potuit
1041 3759 1099 3812 et
1122 3753 1276 3809 fecit.

330 3860 415 3914 lt.
446 3837 666 3912 Deinde
682 3849 1007 3908 Dominum
1028 3842 1332 3901 humiliter
1355 3852 1633 3904 exorans,
1648 3837 1714 3889 ut
1736 3848 1918 3888 suum

246 3950 314 4005 in
339 3947 504 4003 bono
532 3942 811 4011 dirigeret
839 3932 1240 4010 propositum,
1272 3930 1334 3985 in
1363 3924 1697 3999 quemdam
1716 3921 1920 3978 locum

246 4032 623 4094 multimodis
650 4029 1039 4086 arbustorum
1060 4018 1381 4092 generibus
1396 4013 1712 4078 incultum,
1735 4024 1922 4082 quem

250 4125 433 4183 sortis
452 4118 839 4181 haereditarise
860 4117 992 4189 jure
1016 4114 1293 4186 parentes
1305 4107 1356 4178 ej
1366 4122 1435 4161 us
1446 4106 1657 4160 contra
1677 4098 1925 4156 sanctis-

254 4216 479 4272 simam
501 4188 869 4274 Gertrudem,
889 4220 1064 4260 suam
1082 4199 1357 4257 videlicet
1376 4188 1927 4268 neptem,possede-

252 4308 416 4371 rant,
435 4300 689 4358 devenit.
711 4299 776 4353 In
802 4311 925 4369 quo
946 4289 1362 4348 brevissimam
1379 4281 1776 4349 ecclesiolam,
1801 4294 1927 4336 era-

253 4395 463 4452 dicata
488 4388 759 4462 veprium
779 4400 902 4441 non
923 4381 1177 4439 minima
1196 4375 1548 4451 quantitate,
1572 4369 1924 4428 construxit.

258 4457 583 4543 Continuo_
596 4495 691 4535 res
720 4479 888 4548 gesta
926 4476 1115 4529 totam
1148 4466 1416 4538 undique
1445 4460 1707 4533 complet
1734 4457 1929 4529 regio-

254 4588 430 4641 nem,
464 4572 638 4625 tantaa
670 4546 890 4623 scilicet
907 4556 1212 4630 dignitatis
1243 4554 1559 4641 virginem,
1588 4548 1791 4604 relicta
1819 4546 1929 4602 do-

259 4675 371 4718 mo
400 4656 702 4727 rebusque
730 4650 935 4726 patris,
962 4646 1147 4704 eremi
1168 4635 1932 4707 solitudinem,Dominum-

261 4764 411 4823 que,
446 4725 683 4801 crucem
711 4725 901 4814 ipsius
930 4733 1284 4809 bajulando,
1318 4732 1587 4786 secutam
1618 4725 1820 4780 fuisse.

342 4852 600 4923 Percipit
626 4849 757 4923 inde
787 4852 950 4918 pater
978 4835 1892 4923 rem‘ges‘tam,claraquelmater,

346 4907 535 4995 Atque
563 4922 735 4977 simul
751 4907 955 4995 natam
988 4907 1254 4995 deplorat
1280 4914 1525 4995 uterque
1555 4907 1780 4960 beatam

346 4998 419 5051 Se
442 4978 892 5065 bontempsisse,
912 4989 994 5042 sic
1012 4978 1095 5065 ad
1129 4985 1360 5065 deserta
1382 4978 1630 5065 petisse;

344 5045 1020 5138 ’i‘urba—queibunctorum
1052 5054 1317 5127 deplorat
1345 5045 1495 5105 idem
1528 5045 1897 5102 famulorum.

350 5175 466 5233 Sed
508 5177 677 5247 pater
704 5171 842 5245 pius
876 5168 937 5224 in
968 5165 1171 5222 animo
1220 5162 1506 5232 reputans
1534 5157 1691 5211 hanc
1717 5168 1846 5209 esse
1875 5152 1936 5208 in

268 5264 399 5322 ﬁlia
425 5241 681 5319 dexterae
706 5241 939 5315 Excelsi
965 5252 1358 5311 mutationem
1390 5247 1578 5316 (Psal.
1604 5261 1795 5313 Lxxw,
1829 5241 1936 5310 ll),

271 5355 485 5412 divina
529 5351 593 5407 id
637 5352 921 5423 operante
965 5343 1175 5416 gratia,
1204 5356 1327 5396 non
1371 5335 1684 5392 minimam
1715 5330 1937 5388 doloris

273 5441 547 5518 percepit
565 5421 1012 5502 relevationem,
1044 5430 1297 5486 Domino
1337 5421 1771 5481 commendans
1800 5435 1937 5492 pro-

278 5532 469 5607 positi
497 5530 628 5586 ﬁliae
657 5525 1019 5601 principium
1048 5526 1105 5577 et
1132 5520 1334 5575 ﬁnem.

363 5639 509 5711 (596)
538 5641 637 5695 Ms.
674 5634 915 5692 Laetisn:
949 5626 1436 5699 Matre/“amittas.

2011 1710 2158 1764 gens
2189 1693 2341 1747 inter
2366 1691 2483 1747 alia
2509 1707 2521 1745 :

2082 1783 2205 1836 Non
2235 1779 2425 1833 brevis
2456 1785 2544 1833 est
2573 1778 2787 1837 laudis,
2815 1776 2866 1828 si
2893 1776 3154 1837 Christo,
3180 1779 3381 1834 mater,
3413 1772 3681 1827 obaudis.

2082 1854 2267 1905 Noxia
2293 1850 2615 1921 spernendo
2642 1846 2857 1909 mundi,
2892 1846 3314 1921 Dominamque
3347 1844 3639 1912 sequendo
3667 1864 3678 1898 :

2084 1924 2223 1975 Nam
2256 1915 2514 1992 peritura
2544 1924 2702 1990 sequi
2734 1935 2851 1971 non
2885 1928 2998 1973 est.
3030 1916 3185 1971 velut
3210 1915 3481 1977 arbitror,
3510 1916 3677 1985 aequi.

2082 2011 2298 2067 Videns
2320 2009 2497 2079 igitm‘
2526 2008 2663 2064 felix
2696 2012 2890 2062 mater
2912 2004 3234 2060 meliorum
3260 2002 3372 2057 sibi
3392 2002 3554 2057 viam
3574 2002 3685 2057 ele-

2014 2101 2168 2171 gisse
2197 2099 2403 2165 ﬁliam,
2432 2114 2567 2169 quae
2594 2097 2729 2167 jure
2759 2093 3142 2149 haereditario
3169 2092 3285 2165 ipsi
3314 2091 3517 2146 debita
3541 2107 3681 2164 pro-

2014 2192 2295 2261 posuerat
2338 2186 2415 2242 ad
2444 2182 2799 2255 virginitatis
2847 2181 3253 2254 corruptelam
3283 2179 3570 2248 conferre,
3602 2180 3683 2237 ad

2014 2276 2478 2349 incorruptionis
2506 2273 2766 2344 gloriam
2793 2275 3081 2344 properat
3108 2269 3504 2339 concedere,a
3525 2269 3684 2326 Chri-

2017 2372 2106 2423 sto
2137 2364 2483 2438 centuplum
2512 2365 2853 2432 receptura,
2876 2359 3183 2431 vitamque
3210 2363 3495 2415 aaternam
3523 2357 3685 2414 insu-

2017 2472 2124 2529 per
2153 2455 2214 2510 in
2244 2459 2465 2510 aeterna
2507 2448 2885 2506 beatitudine
2931 2448 3169 2519 (Matth.
3201 2464 3321 2519 x1x,
3354 2451 3468 2514 '29.)
3503 2447 3684 2518 Igitur

2017 2546 2327 2617 utriusque
2368 2558 2547 2598 sexus
2577 2537 2820 2594 familiae
2862 2554 2897 2594 a
2931 2538 3030 2611 pia
3056 2544 3243 2595 matre
3272 2538 3406 2594 ﬁliae
3440 2539 3589 2610 (596)
3617 2537 3684 2594 ﬁt

2017 2635 2249 2706 absque
2279 2646 2453 2688 mora
2483 2626 2720 2684 traditio
2742 2628 3127 2699 praediorum,
3148 2628 3547 2699 silvarumque
3571 2630 3685 2682 tra-

2016 2724 2177 2779 ditur
2204 2738 2330 2777 non
2372 2717 2628 2776 minima
2651 2717 2976 2788 possessio.
3009 2718 3190 2789 Cujus
3215 2717 3300 2773 rei
3330 2718 3685 2773 testamento

2015 2812 2081 2868 ﬁt
2112 2828 2321 2868 coram
2362 2805 2649 2865 omnibus
2695 2804 3089 2864 conﬁrmatio.
3123 2807 3350 2864 Gaudet
3390 2806 3513 2862 ﬁlia
3553 2820 3683 2860 ma-

2015 2906 2167 2957 trem
2198 2917 2315 2958 sua
2344 2894 2603 2954 Domino
2625 2894 2974 2965 tradidisse;
3001 2896 3232 2952 ltetatur
3260 2898 3468 2956 mater,
3496 2892 3685 2949 ﬁliam

2013 2991 2073 3047 in
2103 2990 2369 3048 maritali
2410 2984 2630 3058 copula
2655 3001 2780 3040 non
2820 2985 2933 3041 sibi
2957 2986 3249 3059 paruisse.
3285 2984 3377 3041 Sic
3407 2982 3686 3054 utrinque

2013 3079 2252 3136 laetatur
2275 3082 2473 3135 mater
2501 3074 2576 3131 de
2608 3073 2749 3144 ﬁlia,
2782 3078 2840 3130 et
2863 3073 2985 3130 ﬁlia
3014 3074 3089 3129 de
3120 3077 3327 3129 matre.

2680 3164 2912 3219 CAPUT
2957 3165 3042 3219 IV.

2131 3259 2236 3314 Vel
2244 3276 2347 3316 um
2377 3261 2739 3326 susceptum.
2761 3253 3192 3310 Manasterium
3217 3252 3581 3306 institutum.

2091 3352 2175 3403 13.
2220 3349 2500 3421 Cumque
2521 3350 2713 3403 mater
2736 3345 2865 3417 ejus
2896 3344 3207 3413 aegrotaret
3236 3344 3292 3394 et
3316 3339 3447 3410 jam
3467 3338 3541 3394 de
3571 3337 3693 3393 vita

2018 3435 2393 3507 desperaret,
2418 3440 2595 3493 vocat
2621 3434 2910 3504 virginem
2936 3431 3119 3485 ﬁliam
3147 3444 3344 3495 suam,
3373 3428 3478 3483 dat
3507 3426 3559 3482 ei
3585 3440 3692 3480 au-

2021 3539 2158 3578 rum
2189 3528 2247 3579 et
2277 3527 2620 3593 argentum,
2644 3521 2992 3578 vestimenta
3015 3515 3295 3589 pretiosa,
3324 3513 3575 3588 praedia,
3590 3511 3695 3567 vil-

2022 3611 2132 3678 las,
2185 3627 2414 3677 servos,
2459 3615 2517 3666 et
2564 3609 2828 3674 ancillas,
2871 3611 2926 3662 et
2979 3604 3184 3660 omnia
3231 3619 3367 3675 quae
3406 3600 3691 3666 habebat,

2023 3704 2242 3775 pra-.ter
2286 3701 2385 3756 illa
2416 3717 2553 3772 quae
2582 3696 2949 3772 pauperibus
2978 3694 3035 3749 in
3064 3693 3342 3766 praesenti
3372 3709 3483 3766 pro
3511 3704 3699 3747 reme-

2029 3789 2131 3845 dio
2163 3789 2383 3845 animae
2416 3805 2541 3844 sum
2596 3785 2918 3857 distribuit,
2950 3788 3006 3841 et
3042 3799 3179 3856 quae
3226 3782 3288 3836 in
3328 3797 3473 3837 usus
3504 3792 3699 3835 servo-

2028 3895 2166 3935 rum
2191 3883 2248 3934 et
2276 3876 2630 3934 ancillarum
2657 3875 2776 3944 Dei,
2810 3876 2869 3930 in
2898 3871 3188 3931 coenobiis
3222 3870 3476 3927 Domino
3502 3868 3699 3926 famu-

2028 3967 2305 4037 lantium,
2332 3965 2648 4037 delegavit.
2681 3964 2971 4021 Defuncta
2999 3978 3140 4019 vero
3184 3964 3396 4029 matre,
3426 3963 3604 4032 atque
3636 3956 3699 4012 in

2023 4058 2319 4146 (praedicta
2347 4055 2490 4112 villa
2521 4055 2897 4146 Curtissolra,
2925 4059 2982 4110 et
3003 4054 3062 4109 in
3088 4051 3339 4108 ecclesia
3361 4054 3580 4107 sanctae
3599 4046 3701 4103 Dei

2034 4146 2358 4214 Genitricis,
2391 4161 2427 4201 a
2453 4145 2557 4201 Dei
2587 4143 3019 4212 sacerdotibus,
3049 4146 3106 4198 et
3130 4140 3260 4199 aliis
3287 4135 3700 4196 ecclesiasticae

2034 4234 2339 4305 dignitatis
2381 4233 2716 4303 ordinibus,
2750 4234 2923 4305 juxta
2965 4232 3163 4288 virum
3209 4246 3387 4286 suum
3430 4226 3699 4301 sepulta;

1960 4331 2004 4385 D
2035 4324 2288 4382 audiens
2341 4323 2508 4380 Eudo
2543 4323 2799 4395 juvenis,
2829 4322 2924 4378 cui
2970 4320 3220 4393 praefata
3274 4321 3467 4373 mater
3514 4315 3699 4370 ﬁliam

2037 4430 2214 4471 suam
2244 4414 2305 4469 in
2343 4413 2667 4484 conjugem
2697 4411 2827 4467 dari
2855 4410 3255 4481 disposuerat,
3288 4405 3520 4460 obitum
3548 4402 3699 4472 ejus,

2035 4502 2426 4562 nihilominus
2474 4501 2657 4558 instat
2696 4504 2759 4556 ut
2789 4497 3084 4567 virginem
3133 4509 3383 4550 uxorem
3425 4488 3702 4563 accipiat,
3787 4554 3797 4563 ι

2036 4594 2412 4667 imperatque
2460 4590 2742 4647 ﬁdelibus
2792 4585 2918 4642 suis
2957 4586 3317 4657 apparatum
3362 4592 3703 4652 praeparare

2037 4665 2404 4758 nuptiarum.
2466 4679 2639 4745 Quod
2693 4693 2834 4733 cum
2886 4672 3154 4732 audisset
3200 4670 3368 4740 virgo
3418 4666 3595 4724 valde
3640 4665 3706 4722 ti-

2040 4772 2191 4829 muit
2215 4790 2228 4839 ;
2257 4769 2613 4840 fugiensque
2642 4769 2824 4821 noctu
2850 4764 2913 4819 in
2940 4762 3144 4818 locum
3163 4772 3577 4825 nemorosum,
3600 4754 3707 4827 qui

2039 4864 2287 4917 vocatur
2314 4855 2660 4915 Melbodius.
2696 4853 2925 4925 aliquot
2970 4849 3183 4906 diebus
3228 4846 3313 4902 ibi
3358 4845 3546 4901 latuit.
3592 4842 3707 4900 Sed

2042 4966 2181 5006 cum
2211 4946 2476 5003 audisset
2504 4943 2820 5001 advenisse
2853 4943 3128 4998 sanctum
3150 4934 3497 4993 Amandum
3523 4937 3707 5006 atque

2041 5033 2445 5093 venerabilem
2461 5032 2814 5090 Autbertum
2840 5027 3156 5101 episcopos
3184 5023 3246 5079 in
3272 5020 3708 5079 monasterium

2044 5123 2403 5193 Altimontis,
2437 5138 2577 5178 cum
2625 5133 2850 5189 magna
2899 5113 3098 5172 cordis
3141 5110 3494 5181 humilitate,
3526 5109 3707 5166 nudis

2044 5214 2300 5290 pedibus
2347 5211 2486 5267 illuc
2530 5206 2894 5283 properavit,
2926 5203 3005 5261 ad
3047 5200 3295 5271 vestigia
3328 5216 3538 5257 eorum
3582 5214 3710 5255 sese

2044 5302 2381 5379 prostravit,
2433 5297 2803 5356 desiderium
2856 5296 2948 5351 sui
3001 5291 3198 5350 cordis
3261 5291 3513 5364 aperuit,
3575 5303 3714 5345 con-

2045 5392 2257 5449 trarias
2292 5389 2688 5445 tentationum
2709 5386 3022 5460 passiones
3045 5383 3158 5439 sibi
3186 5397 3295 5454 per
3318 5379 3563 5436 insidias
3585 5377 3711 5432 dia-

2045 5481 2272 5539 bolicas
2301 5480 2593 5534 irruentes
2614 5475 2914 5531 indicavit.
2944 5476 3105 5530 Tunc
3135 5473 3198 5524 B.
3232 5466 3561 5531 Amandus,
3580 5465 3710 5536 jam
