3950 6178
340 158 443 213 867

948 155 1297 212 HUCBALDI
1337 157 1502 211 MON.
1543 154 1602 208 s.
1642 146 1917 210 AMANDI
1956 146 2112 208 opp.
2156 149 2337 207 PARS
2375 152 2415 204 l.
2457 181 2527 191 -
2565 118 3197 207 ΗΑωοωΑΜιοΜ

3654 152 3763 206 808

342 295 495 353 pene
527 278 627 335 toti
676 284 853 335 notus
893 278 1018 333 orbi
1063 278 1226 332 fama
1275 277 1661 333 celeberrima
1690 276 1993 337 virtutum,
2029 277 2075 330 Α
2104 274 2261 329 tione
2308 273 2656 346 permansit,
2689 273 3037 345 cunctisque
3083 284 3144 325 se
3198 269 3540 326 videntibus
3569 286 3763 328 exem-

341 369 446 441 qui
504 373 791 441 tanquam
851 367 912 421 in
960 381 1153 421 messe
1213 365 1313 421 Dei
1365 371 1642 421 strenuus
1696 369 1994 438 operator,

342 458 561 514 multas
591 473 696 529 per
720 455 1030 510 circuitum
1080 456 1353 517 nationes
1379 455 1455 511 ad
1486 455 1668 510 ﬁdem
1703 455 1995 528 perduxe-

340 550 431 602 rat
476 545 853 611 catholicam,
886 544 1073 599 multa
1123 544 1398 601 coenobia
1446 545 1712 600 virorum
1760 542 1999 599 ancilla-

340 648 594 705 rumque
650 633 749 689 Dei
800 636 1230 697 construxerat,
1265 633 1538 705 aperiens
1586 649 1653 688 os
1684 650 1859 687 suum
1893 630 1996 685 do-

342 722 540 776 ctrinae
593 720 850 776 caelestis
894 722 1085 776 imbre
1130 720 1479 786 facundum,
1513 723 1591 776 ita
1625 720 1834 793 puellae
1865 719 1996 776 fati-

340 815 547 879 gatum
597 810 903 865 roboravit
951 809 1243 877 animum,
1276 815 1339 865 ut
1390 825 1511 865 non
1563 810 1756 865 solum
1798 810 1994 881 ipsum

336 905 645 971 respueret
672 901 990 969 mundum,
1023 914 1226 954 verum
1259 900 1439 955 etiam
1469 905 1679 971 parata
1707 900 1998 971 tieretpro

341 988 637 1043 salvatore
666 988 916 1051 Christo,
947 989 994 1042 si
1044 989 1194 1043 foret
1245 988 1501 1056 occasio,
1532 987 1731 1043 subire
1777 992 2000 1059 marty-

338 1078 518 1132 rium.
547 1077 699 1142 Quid
730 1078 903 1149 plura
924 1077 951 1131 ‘?
978 1076 1239 1133 Deducta
1271 1084 1359 1133 est
1388 1094 1423 1132 a
1452 1079 1674 1133 sanctis
1696 1077 1994 1150 episcopis

340 1166 398 1221 in
432 1167 756 1221 oratorium
805 1166 1117 1240 quoddam
1172 1166 1444 1237 ejusdem
1483 1164 1762 1235 cmnobii,
1795 1167 1853 1223 in
1890 1173 1996 1221 ho-

339 1260 484 1308 nere
515 1257 570 1307 et
599 1254 889 1308 memoria
922 1255 975 1309 S.
1007 1252 1238 1309 Vedasti
1269 1254 1613 1310 dedicatum
1639 1273 1651 1319 ;
1684 1254 1786 1309 ubi
1818 1254 1996 1310 bene-

336 1341 593 1397 dictione
649 1343 999 1397 sacerdotali
1056 1343 1133 1399 ab
1192 1344 1335 1415 ipsis
1384 1344 1563 1411 digne
1617 1350 1993 1401 consecrata.

337 1444 682 1502 sponsoque
729 1446 840 1486 suo
878 1432 1128 1486 Domino
1165 1434 1301 1487 Jesu
1352 1432 1580 1487 Christo
1608 1432 1992 1503 desponsata,

336 1534 523 1575 sacrae
551 1518 856 1589 religionis
889 1520 1159 1575 velamen
1190 1521 1451 1591 suscepit
1478 1525 1535 1575 et
1564 1520 1859 1575 habitum.

2102 363 2270 434 plum
2297 363 2596 418 bonorum
2608 376 2857 435 operum
2881 362 3135 431 dignum
3158 359 3485 415 imitatione
3508 360 3762 433 reliquit

2106 454 2239 507 Erat
2267 452 2426 507 enim
2457 451 2684 507 famula
2732 451 2827 507 Dei
2859 450 3131 505 fideliter
3160 452 3393 522 Sponso
3422 465 3539 505 suo
3563 450 3765 506 deser-

2104 542 2266 597 viens
2318 542 2376 596 in
2428 541 2778 609 humilitate,
2829 540 2886 595 in
2942 538 3304 607 obedientia,
3351 538 3411 593 in
3460 539 3764 611 patientia.

2104 646 2325 703 corpus
2352 630 2593 701 jejuniis
2628 636 2963 695 attenuans,
2996 633 3358 700 pernoctans
3390 628 3451 683 in
3478 628 3767 696 vigiliiset

2105 718 2495 781 orationibus,
2547 718 2909 788 longanimis
2954 718 3013 773 in
3074 733 3200 790 spe,
3247 717 3597 773 domesticis
3649 719 3768 773 suis

2106 814 2439 873 mansueta,
2477 806 2747 861 modesta
2778 806 3198 878 colloquendo,
3232 821 3337 860 seu
3380 821 3476 860 res
3504 804 3767 861 ecclesiae

2103 896 2542 961 conservando,
2576 895 2839 963 benigna
2865 893 3300 950 distribuendo.
3576 900 3585 903 “

2180 990 2262 1039 16.
2304 985 2463 1039 Duas
2507 989 2711 1038 autem
2759 984 2985 1055 neptes,
3020 982 3174 1038 tilias
3200 982 3419 1039 sororis
3450 998 3601 1051 suae,
3634 998 3769 1038 cum

2106 1088 2327 1143 magna
2356 1072 2663 1142 diligentia
2696 1072 3043 1143 regulariter
3068 1072 3126 1126 in
3155 1072 3521 1128 monasterio
3543 1073 3773 1128 erudie-

2104 1163 2226 1227 bat,
2250 1167 2306 1219 et
2333 1168 2400 1217 ut
2424 1164 2747 1218 Dominum
2798 1161 3095 1218 Christum
3125 1161 3234 1216 sibi
3268 1175 3563 1232 sponsum
3600 1161 3772 1225 elige-

2102 1258 2252 1321 rent,
2286 1252 2363 1308 ab
2407 1252 2509 1306 isis
2560 1251 2822 1307 infantiae
2875 1250 3231 1306 rudimentis
3272 1247 3595 1317 diligenter
3638 1252 3773 1305 edo-

2106 1342 2297 1398 cebat.
2335 1344 2554 1396 Harum
2606 1356 2725 1397 una
2778 1339 3155 1405 Madelberta,
3202 1338 3387 1394 altera
3437 1337 3773 1394 vocabatur

2108 1428 2462 1485 Aldetrudis.
2490 1431 2635 1495 Quae
2676 1427 2947 1483 videlicet
2971 1427 3330 1498 Aldetrudis,
3360 1426 3565 1499 puella
3598 1426 3771 1481 bonae

2104 1518 2341 1583 indolis,
2376 1523 2706 1574 matertera:
2752 1533 2877 1572 suae
2916 1531 3115 1572 mores
3152 1521 3210 1572 et
3237 1516 3422 1572 vitam
3456 1514 3773 1584 satagebat

412 1610 495 1664 14.
526 1608 677 1677 (597)
712 1609 997 1663 Inchoata
1043 1609 1220 1675 igitur
1268 1626 1304 1663 a
1345 1608 1555 1663 Christi
1586 1608 1998 1663 sacerdotibus
2038 1626 2076 1676 Β
2106 1608 2343 1674 imitari,
2384 1623 2676 1679 secusque
2726 1605 2908 1678 pedes
2938 1605 3342 1661 indesinenter
3372 1604 3769 1665 accumbens,

338 1695 418 1749 ad
466 1696 524 1749 id
587 1695 783 1766 operis
831 1697 1191 1767 competenti
1234 1696 1667 1753 benedictione.
1726 1711 1998 1768 supernae

332 1782 535 1839 Pietati
568 1799 630 1836 se
659 1798 781 1838 non
829 1784 1037 1838 abesse
1068 1784 1168 1838 ubi
1203 1785 1403 1856 aliqua
1443 1786 1741 1855 justorum
1775 1786 1835 1840 in
1867 1786 1997 1855 ejus

336 1870 579 1927 nomine
630 1866 696 1926 ﬁt
738 1873 1141 1941 congregatio,
1194 1872 1419 1945 placuit
1457 1874 1788 1929 ostendere.
1818 1874 1997 1950 Spiri-

339 1964 433 2016 tus
479 1974 744 2031 namque
791 1964 1033 2014 sanctus
1080 1960 1140 2015 in
1193 1960 1486 2016 columbae
1538 1962 1735 2034 specie
1776 1964 1996 2018 sanctis

336 2047 717 2121 pontiﬁcibus
749 2049 810 2103 in
838 2048 1082 2119 virginis
1123 2051 1575 2107 consecratione
1602 2052 1863 2123 hymnos
1895 2051 1997 2107 de-

335 2135 492 2191 bitos
541 2135 892 2191 canentibus
946 2138 1244 2209 apparuit,
1294 2139 1709 2211 paulatimque
1754 2155 1814 2194 se
1864 2138 2002 2195 sub-

337 2225 596 2292 mittens,
628 2223 829 2280 velum
860 2226 1022 2297 quod
1060 2227 1526 2283 consecrabatur
1556 2227 1854 2284 elevatum
1894 2245 1998 2301 pe-

336 2312 515 2368 dibus
559 2318 613 2368 et
654 2330 754 2368 ore
801 2312 1051 2368 sustulit.
1086 2318 1165 2369 Ne
1196 2321 1396 2371 autem
1449 2315 1653 2389 aliqua
1682 2317 1847 2373 ﬁeret
1877 2333 2001 2373 am-

336 2401 594 2472 biguitas
623 2401 770 2458 tanti
797 2418 977 2474 super
1034 2403 1380 2460 ostensione
1420 2402 1713 2472 miraculi,
1744 2405 1999 2461 videnti-

333 2490 452 2547 bus
493 2491 722 2547 cunctis
767 2491 869 2564 qui
910 2490 1180 2562 aderant,
1211 2491 1411 2548 velum
1450 2494 1508 2548 in
1554 2493 1741 2550 altum
1773 2511 1808 2549 a
1840 2500 1995 2550 terra

334 2578 622 2647 levatum,
653 2567 1016 2636 beatissimze
1054 2580 1295 2650 virginis
1326 2581 1613 2655 imposuit
1638 2583 1835 2658 capiti.
1867 2585 1994 2649 Quo

224 2707 228 2709 λ
335 2672 593 2741 patrato,
622 2667 906 2725 columba
949 2669 1180 2725 caelitus
1209 2670 1415 2737 missa,
1452 2670 1529 2725 ab
1578 2672 1765 2726 oculis
1795 2673 1995 2727 viden-

336 2756 486 2812 tium
512 2757 797 2812 continuo
819 2756 1134 2829 disparuit.
1160 2758 1333 2827 Virgo
1355 2775 1493 2813 vero
1522 2775 1696 2814 sacra
1724 2776 1846 2814 non
1872 2760 1993 2814 suis

335 2845 502 2918 quod
555 2851 850 2915 evenerat,
913 2844 1021 2919 sed
1076 2845 1392 2903 beatorum
1439 2847 1650 2903 Christi
1716 2848 1992 2903 sacerdo-

336 2937 463 2988 tum
489 2933 796 2988 ascribens
824 2933 1071 3003 meritis,
1109 2937 1249 2999 Deo,
1281 2935 1453 3005 cujus
1485 2951 1545 2991 se
1573 2936 1751 2992 tantis
1781 2936 1994 2991 imme-
2031 2966 2075 3023 ε

333 3021 509 3077 ritam
566 3020 933 3093 praedicabat
979 3022 1308 3093 beneﬁciis,
1351 3024 1681 3094 gratiarum
1731 3025 1995 3082 actiones

334 3109 686 3165 innumeras
711 3108 987 3166 reddidit.

410 3202 492 3251 t5.
535 3199 714 3253 Beata
759 3198 937 3268 igitur
978 3199 1366 3268 Aldegundis,
1400 3199 1473 3255 de
1524 3200 1862 3259 Altomonte
1910 3220 1996 3258 re-

336 3302 508 3341 versa
538 3286 597 3341 in
627 3285 830 3343 locum
862 3286 965 3343 ubi
994 3287 1160 3360 prius
1188 3288 1459 3357 latuerat,
1489 3305 1672 3362 quem
1701 3289 1839 3363 ipsa
1865 3292 1988 3348 Mel-

332 3370 586 3432 bodium
628 3375 1060 3448 nominaverat,
1110 3378 1213 3451 qui
1258 3376 1428 3433 locus
1476 3376 1675 3434 adhuc
1720 3380 1992 3436 desertus

331 3469 479 3535 erat,
510 3465 692 3540 ccepit
722 3460 1112 3536 sagacissime
1158 3466 1360 3523 locum
1390 3466 1678 3536 excolere,
1706 3452 1991 3542 vepribus

294 3559 388 3611 'et
432 3554 696 3611 arbustis
743 3554 1028 3611 radicitus
1075 3554 1431 3628 exstirpatis,
1461 3555 1808 3613 habitacula
1855 3574 1993 3613 con-

331 3647 575 3713 struere,
608 3659 812 3699 servos
838 3648 894 3699 et
924 3643 1170 3699 ancillas
1216 3644 1315 3700 Dei
1345 3644 1568 3700 ibidem
1601 3662 1986 3718 congregare.

331 3732 595 3806 Denique
624 3738 763 3805 post
789 3735 915 3789 haec
943 3733 1253 3790 aediﬁcavit
1282 3734 1364 3789 ibi
1415 3735 1725 3791 ecclesiam
1774 3736 1835 3792 in
1887 3737 1993 3792 ho-

328 3839 475 3879 nore
502 3827 559 3879 et
599 3823 892 3879 memoria
935 3828 1156 3880 sanctae
1204 3823 1306 3879 Dei
1344 3824 1644 3894 genitricis
1690 3827 1898 3894 Mariae,
1931 3825 1992 3881 in

328 3927 453 3983 qua
495 3910 704 3966 laudes
748 3910 983 3967 divinas
1033 3916 1090 3967 et
1142 3912 1483 3969 orationum
1526 3919 1666 3970 vota
1723 3912 1990 3987 quotidie

326 3997 732 4072 persolvebat.
766 4001 927 4055 Tunc
959 4000 1162 4057 saeculi
1188 4000 1372 4074 hujus
1402 4002 1634 4059 divitias
1662 4019 1775 4077 pro
1804 4003 1990 4060 nihilo

328 4090 635 4159 reputans,
667 4088 895 4161 praedia
932 4106 1043 4146 sua
1071 4094 1127 4147 et
1150 4089 1462 4149 facultates
1491 4097 1549 4149 et
1573 4094 1780 4150 omnia
1810 4109 1990 4150 orna-

328 4179 551 4243 menta,
584 4193 720 4249 quae
753 4177 864 4233 sibi
893 4183 1173 4251 parentes
1201 4181 1584 4256 reliquerant,
1609 4184 1687 4240 ad
1703 4184 1836 4242 loca
1858 4199 1994 4240 san-

328 4269 561 4322 ctorum
590 4265 855 4336 legaliter
884 4266 1183 4325 distribuit
1215 4274 1271 4325 et
1300 4271 1670 4344 pauperibus
1699 4274 1987 4344 erogavit,

325 4358 391 4412 ut
442 4354 611 4412 illam
675 4355 1100 4429 perfectionem
1132 4358 1447 4430 attingeret
1492 4361 1652 4417 unde
1700 4362 1988 4421 Dominus

326 4443 508 4501 dicit:
554 4446 624 4503 Si
668 4446 754 4502 vis
796 4447 1101 4517 perfectus
1151 4463 1289 4515 esse,
1339 4450 1507 4513 vade,
1559 4452 1746 4507 vende
1787 4452 1990 4508 omnia

325 4548 456 4604 quae
487 4533 683 4596 habes,
717 4539 773 4590 et
824 4535 903 4590 da
942 4537 1332 4606 pauperibus,
1368 4543 1422 4593 et
1461 4539 1614 4601 veni,
1646 4544 1701 4594 et
1748 4555 1991 4611 sequere

324 4638 417 4679 me
449 4620 686 4694 (Matth.
734 4640 889 4693 xvui,
922 4624 1031 4695 2i).
1084 4625 1307 4680 Locum
1343 4640 1506 4692 vero,
1555 4624 1660 4680 ubi
1702 4630 1894 4682 mater
1936 4630 1991 4683 et

324 4722 491 4783 pater
533 4711 663 4782 ejus
695 4711 911 4785 sepulti
940 4712 1175 4770 fuerant
1214 4713 1277 4769 in
1324 4712 1538 4773 melius
1581 4714 1902 4787 reparavit,
1936 4719 1992 4771 et

324 4797 550 4857 ibidem
597 4800 921 4869 duodecim
968 4802 1453 4860 sanctimoniales
1500 4802 1578 4858 ad
1607 4802 1990 4859 serviendum

327 4889 553 4946 Christo
619 4890 873 4947 Domino
930 4893 1252 4948 constituit.
1312 4887 1405 4948 In~
1440 4891 1789 4965 supradicto
1844 4908 1990 4949 vero

325 4975 459 5034 loco
511 4978 823 5050 Melbodio,
878 4981 1125 5037 consilio
1180 4981 1341 5038 beati
1392 4981 1667 5055 praesulis
1707 4981 1986 5051 Amandi,

328 5068 385 5120 et
430 5067 650 5123 auxilio
705 5069 1022 5140 Dagoberti
1073 5071 1250 5142 regis,
1298 5087 1438 5127 cum
1481 5070 1722 5126 duabus
1771 5070 1991 5127 sororis

327 5169 450 5209 sua:
477 5152 668 5211 beatae
700 5157 1089 5215 Waldetrudis
1142 5158 1383 5217 ﬁliabus
1424 5159 1809 5232 semetipsam
1851 5175 1993 5215 con-

326 5241 587 5309 tradidit,
619 5248 799 5314 atque
841 5246 1040 5303 multis
1095 5248 1225 5306 aliis
1274 5249 1359 5305 ibi
1409 5265 1615 5305 secum
1652 5247 1714 5304 in
1765 5252 1990 5305 sanctae

324 5329 628 5402 religionis
656 5330 884 5388 habitu
908 5339 1306 5409 congregatis,
1340 5340 1402 5395 in
1435 5342 1644 5397 sancta
1673 5354 1990 5396 conversa-

394 5531 544 5675 ἑὸθἹζ
582 5529 717 5585 Haec
748 5543 941 5610 usque
972 5530 1051 5585 ad
1077 5547 1246 5588 num.
1284 5541 1345 5590 15
1378 5536 1596 5593 desunt
1625 5536 1814 5593 Surio.
1902 5508 1913 5526 ‘

419 5604 521 5659 598
582 5605 767 5659 Later
793 5616 956 5658 vasrs
988 5616 1179 5672 genus
1205 5609 1315 5673 est,
1344 5612 1447 5664 aut
1469 5605 1678 5675 pelvis.

419 5604 544 5675 598)
582 5605 767 5659 Later
793 5604 956 5658 vasis
988 5616 1179 5672 genus
1205 5609 1315 5673 est,
1344 5612 1447 5664 aut
1469 5605 1678 5679 pelvis.

2104 1698 2378 1752 doctrina
2408 1697 2539 1752 vitae
2571 1696 2807 1752 sitiebat
2834 1695 3166 1752 informari.
3200 1696 3344 1760 Quae
3392 1710 3537 1749 cum
3571 1694 3773 1748 multis

2104 1786 2341 1841 ﬂoreret
2368 1786 2701 1852 virtutibus,
2728 1784 3051 1841 humilitati
3066 1784 3368 1856 praecipue
3396 1791 3457 1839 et
3485 1783 3772 1837 obedien-

2104 1876 2198 1931 tiie
2223 1875 2425 1931 dedita
2452 1880 2595 1931 erat.
2629 1874 2775 1929 Huic
2805 1873 3134 1946 aliquando
3175 1874 3351 1929 beata
3382 1872 3561 1941 virgo
3609 1873 3774 1927 Alde—

2106 1964 2325 2035 gundis
2351 1969 2728 2037 praeceperat,
2754 1967 2817 2019 ut
2848 1962 3184 2032 fragmenta
3214 1976 3363 2017 certe
3388 1968 3774 2016 coacervaret

2102 2049 2165 2104 in
2196 2064 2406 2115 unum,
2437 2048 2684 2104 sollicita
2715 2062 2790 2103 ne
2820 2047 2915 2102 vel
2957 2047 3207 2102 minima
3236 2061 3442 2101 rerum
3478 2052 3776 2100 monaste-

2104 2138 2173 2193 rii
2202 2137 2558 2210 deperit-ent.
2591 2136 2695 2193 Illa
2723 2137 2881 2192 dicto
2912 2135 3084 2192 citius
3112 2136 3336 2210 paruit,
3367 2135 3660 2208 dispersa
3682 2151 3772 2190 ce-

2107 2245 2185 2283 rae
2210 2228 2547 2296 fragmenta
2567 2225 2823 2295 collegit,
2847 2225 3051 2295 ignem
3074 2225 3369 2294 accendit,
3382 2240 3495 2279 vas
3510 2240 3771 2291 aeneum,

2104 2316 2165 2372 id
2195 2322 2282 2372 est
2310 2316 2551 2388 pelvim,
2583 2331 2722 2370 cera
2744 2314 2991 2386 plenum
3016 2313 3475 2386 superimponit.
3498 2312 3619 2368 Sed
3640 2329 3773 2368 cum

2106 2405 2455 2460 dominante
2479 2406 2725 2459 ﬂamma
2754 2408 2949 2458 strues
2978 2402 3279 2471 lignorum
3298 2402 3429 2472 jam
3452 2401 3774 2456 combusta

2102 2494 2426 2560 deciderat,
2460 2498 2639 2566 atque
2668 2498 2912 2561 sartago
2942 2491 3198 2557 fervens,
3231 2491 3387 2559 ignis
3419 2490 3647 2545 ardore
3671 2491 3773 2545 cir—

2106 2582 2383 2651 cumcita,
2419 2582 2480 2637 in
2517 2586 2748 2653 partem
2801 2581 3050 2636 alteram
3094 2579 3441 2644 declinaret,
3474 2596 3547 2634 ac
3578 2580 3770 2649 magis

2102 2671 2242 2727 inde
2266 2671 2431 2726 focus
2461 2676 2835 2740 exaestuarat,
2868 2671 3083 2725 timens
3112 2668 3487 2739 virguncula,
3515 2685 3596 2723 ne
3626 2669 3769 2741 quid

2102 2760 2311 2815 damni
2359 2759 2747 2827 contingeret,
2798 2763 3033 2815 armata
3072 2758 3212 2827 ﬁde,
3253 2757 3545 2813 manibus
3592 2756 3769 2812 nudis

2104 2849 2471 2921 extentisque
2513 2848 2774 2904 brachiis
2824 2850 2901 2904 de
2930 2848 3131 2904 medio
3184 2846 3580 2904 ﬂammarum
3631 2846 3769 2900 lute-

2102 2953 2225 2992 rem
2254 2940 2409 3008 (598)
2439 2937 2787 2992 bullientem
2816 2937 3029 2992 festina
3067 2936 3321 3001 sustulit,
3356 2935 3631 3008 nihilque
3674 2950 3769 3007 pc-

2101 3026 2263 3080 nitns
2295 3025 2356 3080 in
2383 3030 2519 3080 cute
2549 3041 2673 3080 suae
2705 3025 2903 3081 carnis
2933 3039 3224 3097 perpessa
3252 3024 3538 3082 laesionis.
3572 3024 3636 3078 in
3662 3040 3768 3095 pa-

2105 3115 2438 3171 vimentum
2475 3114 2771 3187 deposuit.
2802 3117 3057 3171 Tantum
3088 3112 3253 3186 apud
3285 3114 3476 3169 Deum
3504 3119 3565 3169 et
3590 3113 3765 3169 meri-

2104 3208 2232 3260 tum
2256 3203 2542 3274 jubentis,
2569 3207 2624 3259 et
2652 3203 2836 3259 virtus
2864 3202 3016 3273 (599)
3057 3201 3393 3258 obedientis
3440 3202 3572 3257 m‘ne
3603 3202 3770 3257 dubi-

2104 3293 2324 3349 tatione
2353 3292 2702 3366 promeruit.

2763 3434 2996 3492 CAPUT
3034 3435 3104 3489 V.

2409 3542 2786 3612 Atdegundz’s
2817 3542 3091 3605 virtutes,
3119 3541 3448 3597 miracula.

2175 3655 2260 3705 t7.
2306 3651 2483 3704 Beata
2527 3662 2671 3703 vero
2700 3647 3068 3720 Aldegundis
3097 3664 3135 3703 a
3163 3646 3479 3721 proposito
3505 3663 3619 3702 suo
3648 3662 3760 3702 non

2101 3737 2433 3803 deﬁciebat,
2477 3737 2582 3792 sed
2629 3736 2703 3792 de
2756 3737 2947 3792 virute
2992 3736 3315 3809 proﬁciens
3361 3736 3425 3792 in
3466 3736 3760 3800 virtutem,

2100 3826 2253 3881 sicut
2302 3840 2341 3881 a
2393 3824 2643 3897 pueritia
2710 3828 3001 3897 coeperat,
3052 3825 3113 3879 in
3178 3824 3403 3880 sanctis
3484 3822 3763 3896 operibus

2096 3913 2364 3988 quotidie
2423 3917 2872 3985 perseveranter
2930 3912 3305 3968 abundabat.
3382 3914 3538 3969 Cum
3604 3911 3793 3978 etaim~

2102 4003 2300 4060 adhuc
2321 4007 2478 4059 esset
2518 4001 2581 4057 in
2610 4000 2794 4057 domo
2833 4005 3175 4074 parentum,
3203 4005 3378 4057 aetate
3400 4001 3653 4074 quidem
3676 4005 3760 4056 to-

2098 4092 2414 4160 nella,-sed
2456 4090 2637 4147 corde
2679 4094 2937 4157 matura,
2969 4088 3268 4162 quidquid
3296 4089 3389 4145 sui
3435 4089 3590 4160 juris
3618 4094 3760 4153 erat,

2097 4182 2468 4256 pauperibus
2533 4179 2994 4236 misericorditer
3061 4178 3376 4248 erogabat.
3435 4178 3495 4234 Si
3550 4177 3762 4248 virgini

2096 4286 2542 4345 nonnunquam
2572 4270 2795 4339 deerat,
2813 4269 3091 4325 voluntas
3122 4273 3326 4325 tamen
3356 4268 3655 4338 largiendi
3685 4269 3761 4324 si-

2094 4363 2161 4420 bi
2178 4377 2494 4435 nunquam
2523 4358 2927 4416 decrescebat.
2961 4361 3138 4414 Mater
3168 4362 3373 4414 autem
3409 4359 3542 4430 ejus
3594 4358 3764 4414 Berti-

2097 4453 2196 4520 lia,
2227 4467 2350 4506 non
2381 4448 2689 4506 modicum
2730 4447 3001 4521 pecuniae
3042 4446 3396 4502 thesaurum
3426 4460 3759 4517 congrega-

2096 4544 2262 4597 verat
2290 4557 2303 4594 :
2336 4538 2442 4612 qui
2470 4538 2606 4594 licet
2634 4536 2823 4593 ﬁliam
2862 4551 2986 4591 non
3014 4535 3239 4601 lateret,
3269 4534 3615 4591 occultante
3645 4550 3768 4591 ma-

2094 4635 2185 4688 tre
2235 4629 2458 4696 locum,
2496 4628 2647 4684 nihil
2698 4633 2901 4684 tamen
2946 4624 3087 4682 inde
3142 4624 3275 4681 tulit
3326 4630 3466 4681 ante
3512 4628 3764 4679 mortem

2100 4720 2275 4776 illius.
2353 4722 2528 4775 Facta
2602 4732 2745 4773 vero
2819 4721 3121 4789 superstes
3184 4718 3541 4788 parentum,
3611 4711 3765 4768 illico

2100 4806 2468 4882 pauperibus
2509 4806 2690 4879 coepit
2716 4803 2926 4861 matris
2957 4804 3306 4861 thesaurum
3331 4816 3608 4873 erogare.
3635 4802 3766 4855 Pro-

2101 4898 2345 4955 cedente
2391 4900 2593 4953 autem
2630 4900 2920 4968 tempore,
2964 4908 3106 4950 cum
3147 4893 3278 4964 jam
3328 4891 3501 4948 ﬁeret
3552 4893 3766 4947 mater-

2100 4987 2360 5044 familias
2386 5002 2526 5042 cum
2557 5000 2759 5041 sorore
2780 4999 2912 5055 sua,
2930 4987 3103 5039 vocat
3125 4981 3367 5039 ﬁdelem
3394 4980 3763 5043 ministrum,

2100 5072 2319 5146 profert
2350 5073 2666 5141 argentum
2715 5069 2794 5124 ad
2820 5066 3264 5141 comparandas
3291 5070 3491 5123 vestes
3522 5066 3585 5121 in
3614 5078 3766 5138 opus

2101 5175 2413 5218 servorum
2487 5163 2546 5215 et
2609 5172 2949 5231 pauperum
3000 5156 3234 5224 Christi,
3280 5156 3509 5228 jubens
3574 5160 3663 5217 ut,
3715 5152 3763 5208 si

2099 5250 2247 5324 quid
2292 5249 2366 5305 de
2417 5246 2675 5321 pecunia
2723 5249 3079 5320 superesset,
3105 5244 3215 5301 sibi
3245 5246 3468 5302 referre
3492 5243 3757 5300 deberet

2100 5339 2310 5414 Implet
2337 5352 2549 5393 servus
2589 5335 2852 5392 dominae
2881 5351 3005 5390 suae
3034 5338 3443 5408 praeceptum:
3495 5332 3642 5389 emit
3664 5344 3759 5385 co-

2170 5535 2319 5598 (599)
2361 5530 2539 5587 Aliud
2570 5547 2684 5587 ms.
2729 5530 3091 5588 obedientiam
