3950 6178
218 114 313 169 869

1367 100 1525 166 νιτΑ
1564 110 1620 165 s.
1663 106 2111 168 ALDEGUNDIS
2150 112 2470 173 VIRGINIS.

3533 128 3637 181 870

220 234 376 308 piam
407 233 695 299 vestium;
724 232 890 306 quod
915 233 1209 289 remansit
1241 234 1513 306 pecuniae
1543 232 1756 288 refert:
1789 246 1855 287 ar
1883 233 1944 310 Ἀ
1984 234 2240 294 vivebat.
2279 239 2392 296 Sed
2446 241 2679 297 Domini
2714 240 3033 298 Salvatoris
3082 242 3443 314 benignitas,
3478 251 3540 303 ut
3575 248 3638 303 in

218 322 369 395 genti
398 320 701 395 quantitas
722 321 1011 394 reperitur
1031 338 1100 378 ac
1125 323 1176 377 si
1206 322 1348 378 nihil
1376 339 1708 394 expensum
1732 321 1867 377 fuis-

219 416 317 467 set.
351 408 701 482 Stupefactze
728 426 908 481 super
937 409 1235 465 immensa
1260 410 1527 481 largitate
1560 409 1867 479 Creatoris,

218 501 346 573 quis
377 492 671 571 explicare
705 497 857 563 valet
886 503 1144 571 quantas
1197 502 1314 554 Deo
1355 499 1574 568 gratias
1600 496 1870 565 egerint?

290 592 370 644 18.
414 587 689 654 Quadam
739 588 918 643 etiam
974 594 1146 644 nocte
1201 588 1348 643 dum
1408 589 1603 644 ambae
1642 588 1871 643 Christo

224 680 469 733 Dom'no
495 676 724 732 devotae
748 676 1087 743 sorores,de
1110 675 1423 732 dilectione
1446 676 1651 749 sponsi
1672 676 1871 731 coeles-

222 768 307 836 tis,
333 771 389 822 et
419 765 869 821 conversatione
919 765 1199 837 regulari,
1228 769 1284 821 et
1313 766 1499 821 salute
1531 782 1805 821 sororum
1836 781 1872 820 a

220 873 456 912 summo
480 858 721 911 Pastore
753 854 867 910 sibi
899 855 1257 911 creditarum
1281 854 1521 911 sollicite
1553 854 1868 927 pervigiles

220 945 665 1014 meditarentur,
698 944 949 1000 candela
980 961 1185 1000 coram
1210 946 1403 1018 posita
1430 944 1624 1000 subito
1650 945 1871 1001 cadens

218 1034 630 1103 exstinguitur.
668 1038 935 1106 Cumque
957 1033 1436 1106 praestolarentur
1473 1040 1537 1089 ut
1564 1034 1643 1089 ab
1670 1033 1870 1106 aliquo

218 1122 672 1194 superveniente
699 1122 1207 1185 reaccenderetur,
1242 1127 1297 1178 et
1318 1122 1520 1194 aliqua
1548 1122 1711 1177 ﬁeret
1742 1139 1869 1177 mo-

216 1227 297 1275 ra,
330 1210 497 1277 virgo
522 1210 671 1265 lucis
700 1210 955 1265 amatrix
975 1210 1239 1282 porrexit
1260 1226 1533 1279 manum,
1562 1211 1871 1265 lucernam

213 1300 441 1371 accepit
465 1316 478 1365 ;
504 1298 567 1353 in
597 1300 770 1369 cujus
797 1314 983 1354 manu
1002 1298 1289 1354 continuo
1319 1299 1563 1355 lucerna
1590 1298 1872 1354 divinitus

213 1388 419 1443 lumen
444 1381 682 1459 recepit.
706 1389 837 1453 Quo
864 1386 1156 1443 miraculo
1180 1389 1468 1444 Dominus
1484 1393 1687 1444 noster
1699 1391 1872 1443 Jesus

214 1477 500 1546 Christus,
527 1477 633 1549 qui
661 1482 751 1532 est
778 1476 877 1531 lux
929 1492 1069 1531 vera
1112 1478 1307 1547 (Joan.
1334 1492 1376 1547 ι,
1406 1484 1484 1543 9),
1517 1494 1581 1533 se
1609 1492 1870 1549 praesen~

216 1572 334 1620 tem
382 1578 515 1620 esse
564 1564 793 1620 ancillis
841 1564 966 1620 suis
1005 1564 1425 1632 manifestavit,
1474 1580 1630 1638 quas
1669 1568 1732 1621 in
1763 1580 1873 1621 suo

211 1654 459 1710 nomine
509 1659 903 1724 congregatas
952 1669 1062 1710 nec
1111 1654 1189 1710 ad
1244 1661 1615 1711 momentum
1648 1655 1872 1728 perpeti

214 1743 492 1799 tenebras
517 1744 803 1815 pevmisit.

292 1834 372 1886 l9.
418 1835 543 1888 Non
610 1832 800 1887 multo
875 1836 1010 1903 post
1084 1836 1371 1904 tempore,
1430 1832 1580 1887 dum
1645 1832 1874 1888 eaedem

210 1921 433 1977 caelesti
495 1923 728 1994 Sponso
781 1920 1010 1976 dilectae
1056 1936 1357 1987 germanae
1406 1922 1519 1976 sibi
1564 1922 1875 1977 commissi

210 2010 412 2080 gregis
442 2027 647 2066 curam
690 2016 980 2081 gererent,
1009 2011 1349 2067 incedentes
1368 2026 1476 2084 per
1504 2010 1870 2077 emnobium,

210 2100 433 2170 negotii
462 2100 607 2172 quid
657 2106 875 2156 acturae
930 2106 1220 2156 venerunt
1263 2101 1341 2157 ab
1374 2100 1683 2157 basilicam
1713 2099 1873 2154 beati

206 2187 627 2258 apostolorum
658 2188 945 2260 principis
996 2189 1166 2253 Petri,
1201 2190 1277 2244 ad
1322 2190 1535 2244 horam
1590 2188 1872 2244 orationis

204 2280 469 2331 sextam.
508 2276 895 2330 l’ulsavertint
924 2276 1162 2331 ostium.
1196 2277 1415 2331 Aberat
1455 2277 1678 2346 janitor
1728 2282 1873 2330 tem-

199 2364 320 2434 pli,
358 2362 465 2417 sed
494 2379 619 2417 non
640 2362 851 2419 aberat
871 2363 1003 2418 creli
1029 2364 1251 2435 janitor
1280 2382 1292 2418 :
1319 2366 1423 2436 qui
1457 2365 1653 2419 statim
1682 2364 1875 2419 famu-

196 2451 396 2506 labus
428 2452 552 2506 suis
582 2452 739 2508 fores
771 2452 1033 2508 ecclesia:
1061 2452 1295 2508 clausas
1324 2453 1624 2524 reseravit,
1652 2470 1727 2508 ne
1746 2469 1876 2523 gra-

205 2540 292 2596 tia
326 2539 754 2596 fraudarentur
780 2541 1093 2609 orationis;
1127 2546 1182 2597 et
1208 2542 1445 2597 animus
1474 2542 1877 2605 earum,velut

199 2645 395 2684 arcus
425 2629 485 2683 in
516 2630 802 2684 servitum
859 2630 1131 2685 divinum
1174 2636 1465 2699 extentus,
1516 2630 1879 2687 relaXaretur

201 2718 289 2773 ab
321 2716 653 2772 intentione
698 2734 973 2791 supernae
1022 2720 1561 2792 contemplationis.
1597 2724 1757 2777 Tunc
1784 2721 1876 2775 in-

200 2809 442 2862 trantes
471 2828 495 2853 ‹‹
532 2805 786 2861 domum
812 2806 1096 2862 orationis
1127 2809 1368 2878 (Matth.
1402 2825 1521 2875 xxx,
1551 2811 1631 2879 15)
1660 2832 1687 2859 ν
1706 2809 1879 2864 solito

200 2895 493 2951 devotius
526 2901 582 2951 et
606 2896 821 2966 majori
844 2898 1307 2969 compunctione
1351 2898 1620 2953 debitum
1650 2898 1877 2971 persol-

199 2989 421 3042 ventes
450 2984 736 3052 ofﬁcium,
766 3003 905 3042 cum
935 2986 1238 3043 alacritate
1294 2988 1510 3043 mentis
1540 2988 1616 3043 ad
1650 3005 1763 3044 sua
1792 3004 1880 3044 re-

201 3090 411 3129 versae
439 3078 595 3129 sunt.

276 3167 377 3218 20.
427 3163 541 3219 Sed
568 3168 630 3218 ut
657 3179 875 3235 parum
911 3165 1220 3237 superiora
1272 3182 1701 3233 memoremus,
1745 3171 1883 3239 post

196 3267 408 3323 quam
457 3250 625 3322 virgo
677 3252 918 3323 sapiens
980 3252 1347 3323 Aldegundis
1398 3270 1436 3310 a
1492 3254 1879 3311 saecularibus

194 3339 462 3414 pompis
491 3339 768 3407 alienata,
800 3341 1353 3398 sanctimonialibus
1374 3343 1740 3400 vestimentis
1792 3350 1883 3401 est

194 3427 451 3494 induta,
477 3444 687 3483 rursus
718 3428 1001 3498 angelicis
1029 3429 1543 3487 admonitionibus
1576 3432 1878 3497 roborata,

194 3516 452 3572 visione
500 3516 782 3584 mirabili,
815 3534 938 3589 qua
985 3519 1308 3574 Dominum
1349 3523 1552 3575 Jesum
1593 3526 1881 3592 tanquam

193 3603 411 3661 solem
441 3603 857 3678 splendentem
884 3606 1661 3675 circumstantibusangelis
1682 3606 1882 3661 videre

194 3694 459 3761 meruit,
482 3693 808 3751 lmtiticata:
835 3711 1069 3750 memor
1097 3696 1276 3751 etiam
1308 3695 1603 3751 sermonis
1627 3695 1883 3751 Amandi

191 3783 312 3840 viri
348 3782 486 3851 Dei,
518 3783 591 3839 de
644 3783 1000 3839 omnimodo
1045 3789 1393 3857 contemptu
1440 3784 1881 3857 temporalium.

191 3876 253 3927 et
296 3870 580 3926 culmine
611 3870 1010 3948 perfectionis,
1042 3872 1209 3944 quod
1237 3871 1403 3943 prius
1425 3872 1553 3942 jam
1585 3871 1884 3944 complere

188 3962 486 4031 coeperat
529 3958 592 4014 in
640 3963 829 4031 parte,
859 3958 1043 4014 modo
1095 3957 1384 4016 deliberat
1434 3959 1717 4015 omnibus
1747 3976 1885 4033 quae

187 4046 579 4119 possidebat
609 4063 680 4103 ex
712 4051 834 4103 toto
866 4048 1227 4120 renuntiare,
1254 4047 1401 4104 nihil
1431 4048 1491 4104 in
1519 4053 1671 4105 terra
1698 4049 1885 4121 possi-

184 4132 386 4203 dens,
430 4136 491 4191 in
518 4134 666 4192 caelo
692 4137 940 4209 cupiens
971 4137 1390 4193 thesaurizare.
1425 4138 1580 4193 Fecit
1608 4154 1750 4209 ergo
1781 4138 1886 4194 de-

188 4225 393 4282 scribi
409 4225 508 4281 sui
524 4241 827 4281 summam
853 4226 1195 4295 thesauri,et
1218 4227 1394 4283 totius
1413 4226 1680 4300 pecuniae
1698 4244 1884 4301 quam

182 4310 489 4371 habebat
519 4313 577 4369 in
607 4328 755 4369 auro
786 4319 843 4370 et
872 4319 1143 4385 argento,
1178 4315 1553 4388 gemmisque
1603 4319 1659 4371 et
1713 4332 1885 4372 orna-

181 4402 438 4460 mentis
470 4403 798 4472 regalibus,
832 4419 966 4476 quas
999 4404 1111 4459 sibi
1160 4403 1375 4460 collata
1422 4404 1657 4461 fuerant
1681 4422 1717 4461 a
1747 4420 1885 4475 rege

182 4497 245 4549 et
276 4493 537 4563 regina,
567 4490 942 4565 principibus
1000 4498 1057 4548 et
1103 4493 1372 4563 cognatis
1426 4499 1482 4551 et
1533 4486 1884 4567 parentibus

180 4582 349 4649 suis,
398 4585 548 4654 post
597 4580 955 4637 velationem
1009 4582 1217 4655 capitis
1250 4582 1364 4652 sui,
1410 4599 1480 4638 ac
1508 4587 1644 4655 post
1688 4583 1886 4654 largas

178 4669 601 4741 donationes,
632 4685 786 4743 quas
806 4672 1176 4744 pauperibus
1200 4670 1432 4739 Christi,
1472 4670 1717 4727 consilio
1744 4671 1887 4727 bea-

178 4763 417 4814 torum
478 4756 736 4813 Amandi
776 4763 954 4830 atque
995 4758 1261 4815 Autberti
1293 4759 1735 4831 episcoporum,
1769 4758 1885 4814 dis-

176 4847 549 4913 tribuerat;
578 4850 634 4902 et
658 4847 790 4903 hate
812 4848 1017 4902 omnia
1050 4847 1233 4917 ‘virgo
1263 4846 1750 4920 prudentissima,
1780 4846 1884 4904 do-

174 4952 337 4992 mus
400 4934 511 4991 Dei
567 4935 845 4991 decorem
906 4937 1084 4992 etiam
1139 4935 1442 4993 exterioris
1498 4935 1773 5005 diligens,
1806 4935 1883 4992 ad

175 5024 395 5081 decus
433 5022 847 5091 ecclesiarum,
875 5023 1093 5080 devota
1120 5029 1321 5080 mente
1364 5024 1629 5081 donavit.
1661 5024 1886 5081 Praedia

174 5130 341 5171 vero
373 5112 929 5186 possessionesque
976 5112 1261 5181 inﬁnitas,
1300 5113 1375 5169 ad
1404 5130 1556 5169 usus
1586 5113 1732 5169 inibi
1762 5114 1886 5184 regi

172 5201 451 5259 Christo
478 5198 899 5256 famulantium
930 5199 1174 5273 publica
1203 5200 1527 5257 donatione
1549 5203 1844 5258 concessit
1869 5220 1880 5257 :

168 5295 429 5346 cetera
484 5289 763 5346 universa
792 5289 852 5345 in
886 5294 1163 5362 sumptus
1194 5304 1533 5363 pauperum
1567 5290 1881 5360 delegavit,

167 5380 344 5436 nihil
381 5377 512 5433 sibi
531 5383 748 5449 praeter
771 5378 886 5435 vile
916 5394 1228 5436 reservans
1265 5380 1710 5445 indumentum,
1753 5396 1887 5436 san-

163 5474 292 5527 ctae
360 5465 655 5535 religioni
712 5483 1071 5539 congruum,
1101 5474 1282 5543 atque
1337 5469 1563 5526 victum
1594 5469 1888 5543 quotidia-

160 5574 370 5623 num,
405 5570 544 5627 quo
593 5573 733 5613 cum
779 5557 1024 5630 reliquis
1080 5558 1310 5614 ancillis
1341 5559 1439 5615 Dei
1489 5559 1887 5615 communiter

1982 324 2099 379 ﬁde
2125 328 2537 385 corroboraret
2567 330 2804 386 animos
2832 331 3195 388 famularum
3226 350 3492 403 suarum,
3515 351 3640 391 non

1982 413 2209 471 distulit
2238 418 2549 474 ostendere
2580 436 2766 491 quam
2800 419 2911 475 sibi
2944 424 3148 490 gratus
3179 427 3333 477 esset
3384 439 3494 497 pro
3549 423 3636 479 sui

1980 504 2240 559 nominis
2271 522 2476 561 amore
2510 507 2949 563 transeuntium
3006 514 3385 583 contemptus
3413 528 3637 568 rerum.

1980 594 2062 646 Eo
2110 610 2373 667 namque
2423 595 2539 659 die,
2568 613 2691 669 quo
2749 596 2977 653 famula
3007 598 3107 653 Dei
3157 603 3278 654 tam
3310 599 3638 671 gloriosum

1982 697 2136 753 opus
2189 681 2519 754 largitionis
2585 703 2705 740 suae
2765 676 3190 759 compleverat,
3250 689 3640 764 advesperas-

1982 774 2167 829 cente.
2201 772 2347 828 dum
2380 773 2509 845 ipsa
2535 774 2782 845 jubeute
2814 775 3065 831 ministri
3089 774 3200 831 sibi
3238 776 3535 835 deferrent
3564 780 3641 836 ad

1979 858 2316 933 potandum
2348 878 2574 934 aquam
2618 863 2693 918 de
2738 863 2897 920 fonte
2936 865 3043 938 qui
3091 866 3436 938 nuptiarum
3489 869 3641 925 cele-

1981 945 2321 1004 bratoribus
2366 950 2425 1006 in
2456 952 2617 1007 Cana
2670 952 2903 1009 Galileze
2937 953 3144 1009 vinum
3174 971 3247 1010 ex
3277 971 3438 1028 aqua
3466 954 3644 1026 largi-

1981 1040 2075 1089 tus
2105 1042 2192 1090 est
2223 1038 2418 1103 (Joan.
2448 1056 2511 1109 ιι,
2541 1041 2614 1109 9),
2644 1040 2769 1112 ipse
2798 1039 2977 1096 fontis
3004 1058 3226 1115 aquam
3250 1059 3486 1115 sponsae
3518 1061 3641 1100 suae

1981 1120 2379 1181 refocillandee
2424 1128 2673 1183 mutavit
2728 1128 2788 1184 in
2821 1129 3109 1185 mirabilis
3166 1130 3280 1185 vini
3340 1148 3639 1205 saporem.

1984 1210 2154 1276 Quod
2182 1211 2404 1268 factum
2436 1231 2572 1269 cum
2599 1215 2882 1271 omnibus
2924 1217 3152 1273 ancillis
3184 1218 3284 1274 Dei
3304 1219 3364 1274 in
3394 1236 3641 1276 monas-

1985 1298 2128 1354 terio
2153 1300 2529 1369 innotuisset,
2556 1307 2754 1359 tantus
2786 1320 2958 1359 amor
2990 1307 3225 1361 Domini
3245 1306 3454 1362 Christi
3482 1324 3643 1363 men-

1985 1392 2069 1442 tes
2101 1405 2309 1445 carum
2330 1391 2748 1459 inflammavit,
2770 1398 2834 1448 ut
2862 1393 3075 1449 intuitu
3107 1392 3438 1451 dilectionis
3462 1395 3639 1464 illius,

1986 1476 2149 1532 nulla
2201 1477 2484 1554 deinceps
2531 1479 2759 1552 aliquid
2812 1485 3113 1538 terrenum
3178 1484 3484 1555 possidere
3544 1498 3643 1539 cu-

1912 1594 1955 1647 B
1986 1571 2159 1621 raret.

2055 1657 2142 1710 '21.
2189 1655 2415 1712 Accidit
2442 1657 2793 1730 aliquando,
2820 1663 2883 1713 ut
2908 1674 3029 1714 una
3054 1656 3418 1715 famularum
3444 1676 3644 1716 urceo-

1982 1743 2108 1798 lum
2138 1760 2299 1815 aqua
2330 1745 2599 1817 repleret,
2633 1762 2756 1818 qua
2794 1752 3000 1802 sancta
3031 1745 3199 1818 virgo
3256 1764 3476 1803 manus
3503 1764 3643 1804 suas

1983 1830 2226 1887 abluere
2265 1831 2524 1888 deberet.
2554 1834 2982 1890 intercurrente
3014 1850 3155 1906 ergo
3208 1852 3399 1901 mora,
3432 1853 3646 1893 vacua-

1982 1912 2078 1974 tus
2108 1925 2198 1975 est
2228 1937 2440 1977 urceus
2493 1921 2571 1977 ad
2611 1922 2761 1978 alios
2808 1940 2976 1993 usus,
3013 1923 3114 1979 illa
3166 1925 3465 1980 nesciente
3507 1941 3644 1997 quae

1986 2024 2093 2063 vas
2122 2009 2488 2081 impleverat.
2519 2014 2788 2083 Cumque
2846 2011 3051 2067 fusura
3100 2018 3253 2086 esset
3306 2028 3529 2084 aquam
3584 2013 3645 2067 in

1987 2097 2269 2153 manibus
2296 2100 2425 2169 ejus
2456 2104 2512 2154 et
2539 2114 2801 2154 vacuum
2828 2101 3142 2171 reperisset
3163 2117 3408 2156 urceum
3439 2106 3647 2157 treme-

1989 2183 2195 2239 bunda
2238 2201 2539 2241 recurrere
2598 2186 2802 2241 volens
2832 2186 2912 2241 ad
2944 2187 3188 2251 fontem,
3218 2187 3414 2243 subito
3450 2189 3649 2254 ,sensit

1990 2287 2236 2326 urceum
2267 2289 2427 2345 aqua
2444 2275 2756 2346 repletum.
2776 2274 2899 2329 Hoc
2923 2275 3095 2344 signo
3115 2278 3344 2331 cunctis
3370 2276 3429 2332 in
3450 2293 3647 2333 emno-

1986 2357 2088 2415 bio
2106 2360 2503 2429 manifestato,
2520 2362 2797 2417 meritum
2820 2363 3066 2432 virginis
3089 2364 3496 2433 admirantur;
3522 2364 3648 2421 lau-

1989 2446 2094 2502 des
2120 2447 2198 2503 ab
2226 2449 2506 2505 omnibus
2531 2450 2788 2506 Domino
2819 2451 2958 2506 Jesu
2985 2452 3335 2509 referuntur.

2057 2538 2146 2591 22.
2188 2537 2464 2601 Quadam
2514 2536 2631 2607 die,
2664 2539 2851 2595 beatae
2903 2539 3119 2609 virgini
3163 2541 3387 2613 piscem
3446 2538 3647 2598 adhuc

1988 2622 2287 2678 viventem
2316 2624 2575 2696 piscator
2601 2625 2787 2699 ipsius
2816 2626 3043 2683 detulit.
3074 2628 3261 2695 Quem
3291 2630 3489 2685 studio
3509 2631 3648 2686 cha-

1984 2711 2172 2767 ritatis
2230 2713 2307 2768 ad
2367 2728 2677 2770 servorum
2739 2715 2839 2770 Dei
2898 2718 3446 2789 supervenientium
3502 2736 3648 2774 usus

1984 2802 2182 2869 magis
2212 2819 2401 2875 quam
2449 2804 2528 2859 ad
2569 2822 2709 2861 suos
2750 2822 3081 2875 reservans,
3109 2807 3171 2863 in
3200 2809 3424 2866 fontem
3456 2809 3653 2883 proxi-

1986 2907 2156 2947 mum
2183 2893 2396 2963 jactari
2442 2895 2743 2967 praecepit.
2775 2895 2885 2961 Qui
2922 2894 3068 2951 dum
3100 2896 3429 2969 aliquando
3459 2914 3650 2971 prope

1986 2980 2181 3051 ripam
2211 2986 2464 3053 nataret,
2498 2982 2717 3038 saltum
2754 2983 2816 3038 in
2843 3000 2983 3039 aera
3030 2984 3215 3055 dedit,
3246 2991 3303 3041 et
3330 2986 3393 3041 in
3426 2986 3651 3043 siccum

1988 3066 2330 3137 deveniens,
2351 3069 2412 3124 in
2444 3070 2614 3126 arida
2643 3070 2935 3144 palpitare
2958 3072 3155 3145 coepit.

2153 3174 2451 3224 Advolitant
2473 3176 2607 3224 corvi
2640 3176 2701 3226 de
2729 3177 2897 3227 vicino
2926 3180 3240 3234 crocitantes,

2146 3235 2414 3299 Unguibus
2443 3247 2491 3287 et
2514 3238 2689 3287 rostris
2710 3239 2898 3303 piscem
2922 3240 3113 3290 laniare
3142 3242 3369 3291 volentes

2060 3334 2318 3390 Mirabile
2346 3332 2600 3406 dictu,et
2628 3336 2932 3393 insolitum
2962 3338 3129 3393 visu!
3160 3341 3334 3394 Juxta
3360 3339 3651 3410 pascebat

1991 3438 2185 3492 agnus
2214 3424 2339 3495 qui,
2368 3424 2567 3479 minor
2618 3427 2845 3481 caeteris
2878 3426 3213 3497 pecoribus,
3265 3427 3529 3482 celeriter
3554 3446 3653 3483 ac—

1991 3512 2190 3577 currit,
2224 3513 2451 3583 pisccm
2483 3528 2517 3568 a
2557 3513 2989 3569 devorantibus
3047 3515 3316 3586 arripuit,
3371 3516 3655 3571 cornibus

1991 3605 2049 3656 et
2074 3600 2333 3672 pedibus
2362 3616 2432 3655 ac
2455 3600 2632 3656 totius
2654 3602 2923 3674 corporis
2952 3602 3091 3657 nisu
3121 3607 3330 3657 contra
3350 3620 3655 3675 pugnans,
3694 3621 3705 3629 '

1994 3704 2207 3744 corvos
2239 3688 2456 3758 abegit.
2488 3688 2658 3755 Quod
2691 3706 2943 3758 sorores,
2975 3690 3049 3746 de
3098 3691 3466 3747 monasterio
3497 3707 3657 3748 nova

1992 3776 2150 3834 bella
2179 3778 2631 3851 prospicientes,
2646 3777 2992 3835 festinanter
3020 3778 3410 3850 advenerunt,
3426 3780 3655 3853 piscem

1990 3866 2357 3923 incolumem
2390 3867 2766 3937 invenerunt,
2798 3884 2929 3925 non
2957 3869 3081 3925 sine
3131 3869 3345 3940 grandi
3397 3870 3658 3927 admira-

1990 3957 2171 4023 tione,
2220 3956 2463 4013 famulte
2512 3958 2615 4013 Dei
2665 3957 3001 4029 Aldegundi
3031 3962 3506 4032 reportaverunt.
3543 3960 3659 4018 Sed

1992 4046 2154 4102 idem
2185 4062 2379 4117 agnus
2400 4046 2680 4103 defensor
2704 4048 2905 4121 piscis,
2939 4053 3061 4105 tam
3112 4048 3216 4105 diu
3246 4050 3499 4107 ferentes
3526 4067 3660 4127 pro-

1996 4140 2233 4192 secutus
2263 4141 2370 4205 est,
2420 4136 2613 4193 donec
2644 4138 2707 4194 in
2736 4139 3123 4211 praesentiam
3180 4139 3426 4211 virginis
3475 4140 3659 4198 abba-

1991 4224 2154 4280 tissae
2182 4226 2363 4299 piscis
2387 4226 2623 4282 oblatus
2653 4232 2759 4284 est.

2062 4316 2153 4369 23.
2196 4312 2472 4379 Quodam
2528 4330 2667 4370 vero
2716 4320 2983 4389 tempore
3021 4331 3258 4371 sorores
3311 4315 3661 4372 monasterii

1993 4399 2195 4456 focum
2253 4402 2668 4471 accenderant,
2727 4408 2802 4471 et,
2858 4407 2923 4460 ut
2977 4403 3089 4459 sibi
3139 4402 3323 4459 moris
3370 4406 3515 4469 erat,
3578 4401 3657 4457 ad

1994 4487 2298 4546 abluenda
2326 4489 2683 4547 indumenta
2713 4490 3038 4547 caldariam
3097 4507 3235 4546 cum
3286 4490 3450 4563 aqua
3476 4505 3658 4562 super

1994 4576 2196 4634 focum
2228 4580 2688 4652 suspenderant.
2724 4581 2852 4635 Una
2882 4582 3079 4636 autem
3110 4595 3181 4635 ex
3230 4578 3366 4649 illis,
3389 4577 3657 4634 tunicam

1992 4665 2456 4739 beataejirginis
2485 4666 2854 4737 Aldegundis
2885 4667 3119 4723 habens
3159 4664 3458 4737 indutam,
3484 4667 3658 4737 juxta

1992 4726 2244 4828 pruna,
2270 4756 2567 4824 adstabat,
2602 4773 2741 4812 cum
2772 4772 2908 4812 ecce
2957 4772 3203 4829 serpens
3233 4755 3537 4829 antiquus,
3569 4755 3658 4811 in-

1993 4845 2207 4899 videns
2259 4844 2471 4900 humili
2504 4844 2869 4901 famularum
2901 4845 3111 4903 Christi
3135 4842 3352 4913 ofﬁcio,
3402 4844 3656 4918 propius

1995 4934 2334 4991 adstantem
2383 4934 2527 5005 igni,
2560 4935 2813 5006 eonjecit
2842 4935 2903 4990 in
2946 4935 3169 5003 focum,
3198 4939 3253 4991 et
3283 4950 3508 5008 aquam
3538 4934 3656 4991 fer-

1993 5028 2234 5079 ventem
2266 5039 2445 5097 super
2486 5024 2681 5097 ipsam
2730 5023 2958 5081 efl‘udit.
3008 5026 3083 5080 At
3130 5023 3250 5092 illa,
3285 5041 3424 5080 cum
3478 5024 3655 5082 cade-

1992 5117 2101 5185 ret,
2144 5117 2364 5170 sanctae
2420 5113 2716 5169 Trinitatis
2767 5130 2990 5194 nomen
3040 5113 3361 5171 invocavit.
3414 5113 3655 5170 Ancilla

1992 5202 2097 5257 Dei
2150 5200 2494 5257 festinantes
2545 5205 2947 5269 accurrerunt,
3004 5201 3079 5256 de
3124 5201 3330 5258 medio
3384 5200 3657 5258 ﬂamma-

1994 5305 2131 5346 rum
2189 5305 2323 5346 eam
2378 5289 2753 5360 abstrahunt,
2814 5294 2871 5347 et
2922 5306 3109 5364 quam
3158 5291 3450 5348 timebant
3504 5289 3660 5361 ignis

1995 5379 2209 5435 ardore
2227 5377 2612 5435 membratim
2640 5382 2989 5447 resolutam,
3020 5380 3393 5437 orationibus
3431 5382 3488 5434 et
3530 5393 3653 5433 me-

1995 5467 2118 5523 ritis
2161 5467 2351 5523 beatae
2404 5466 2594 5524 Mariis
2648 5464 3138 5540 sum-agentibus,
3184 5468 3433 5526 illaesam
3480 5479 3653 5538 repe-

1995 5557 2172 5613 riunt.
