4000 6190
376 153 471 205 871
979 140 1330 201 HUCBALDI
1370 143 1536 198 MON.
1588 143 1644 197 S.
1687 137 1956 194 AMANDI
1997 134 2148 189 OPP.
2190 132 2368 188 PARS
2409 135 2452 187 Ι.
2492 164 2560 172 —
2599 131 3194 190 HAGIOGRAPHICA.
3705 133 3812 184 8‘72

1032 267 1254 320 CAPUT
1293 267 1380 319 Vl.

686 361 962 416 Visiones.
999 355 1346 423 Prophetia.
1381 353 1740 423 zEgritudo.

451 456 540 508 24.
583 455 736 506 Inter
761 448 876 504 alia
901 444 1119 500 divinae
1144 443 1568 499 consolationis
1591 441 1882 498 beneﬁcia
1906 457 2039 513 quae

381 541 571 611 gratia
605 535 836 593 Domini
867 533 1176 589 salvatoris
1235 532 1372 587 huic
1426 531 1636 601 virgini
1673 529 2038 597 conferebat,

380 629 524 684 illud
556 642 679 682 non
711 623 1087 680 mediocriter
1115 621 1543 678 admirandum
1575 626 1678 678 est.
1710 619 1875 693 quod
1905 635 2041 674 eam

379 715 651 784 angelica
703 712 1039 769 visitatione
1085 728 1243 784 saepe
1274 710 1642 766 familiariter
1672 709 2039 774 confortans,

378 805 580 877 aliqua
631 802 912 859 maestitia
966 800 1125 856 afﬁci
1179 801 1402 856 diutius
1460 815 1581 855 non
1641 797 2038 871 permittebat.

379 891 552 957 Quod
583 891 764 946 etiam
793 906 863 944 ex
891 904 1092 960 parvis
1138 887 1307 942 facile
1338 886 1657 956 conjectari
1683 890 1896 957 potest.
1929 890 2042 938 Au-

378 981 570 1036 dierat
598 980 760 1035 enim
791 976 1121 1050 aliquando
1153 977 1226 1030 de
1274 993 1335 1031 se
1371 974 1672 1047 prolatum
1725 973 2039 1030 detractio-

381 1071 473 1126 nis
511 1071 766 1126 verbum
799 1084 834 1123 a
862 1067 1230 1139 quibusdam
1262 1065 1561 1138 perversis
1591 1069 1648 1119 et
1678 1065 1798 1120 otio
1820 1079 2040 1119 vacan-

380 1159 560 1226 tibus,
611 1158 832 1231 quibus
891 1161 978 1210 est
1032 1155 1301 1228 pessima
1355 1153 1727 1209 consuetudo
1805 1167 2042 1223 semper

381 1249 672 1316 derogare
693 1243 1063 1300 melioribus.
1097 1244 1366 1314 Cumque
1407 1241 1653 1311 virginis
1685 1257 1944 1303 animus,
1978 1245 2043 1295 ut

380 1339 467 1390 est
491 1335 773 1389 humanae
803 1331 1158 1402 fragilitatis,
1190 1329 1630 1402 aliquantulum
1655 1329 1794 1384 inde
1821 1327 2042 1384 crucia-

379 1428 558 1489 retur,
594 1422 762 1477 adest
783 1420 1036 1489 angelus
1069 1419 1240 1475 solito
1269 1418 1590 1474 consolans
1625 1435 1781 1487 eam,
1813 1417 2040 1472 verbis-

378 1529 496 1584 que
537 1511 814 1566 dulcibus
846 1509 1245 1582 permulcens.
1295 1507 1467 1578 Quid,
1506 1508 1720 1579 inquit,
1753 1524 1789 1562 o
1819 1507 2038 1562 dulcis-

381 1601 536 1656 sima
578 1600 766 1667 virgo,
796 1614 1021 1671 sponsa
1053 1597 1284 1652 Domini
1313 1599 1447 1652 Jesu
1498 1596 1727 1665 Christi,
1779 1595 1927 1667 quid
1980 1595 2037 1649 in

381 1689 578 1745 verbis
609 1687 938 1743 otiosorum
992 1691 1049 1742 et
1089 1685 1429 1740 invidorum
1480 1684 1868 1753 contristaris,
1902 1701 2040 1739 cum

383 1778 488 1833 tibi
544 1777 717 1832 sedes
773 1780 986 1848 parata
1030 1775 1102 1829 sit
1144 1775 1311 1844 regni
1357 1774 1631 1840 cmlestis,
1664 1773 1776 1828 illis
1816 1777 2037 1841 autem,

383 1865 496 1920 nisi
556 1864 926 1935 resipiscant,
987 1867 1275 1917 zeternum
1335 1861 1694 1934 supplicium
1752 1865 1808 1916 et
1860 1877 2041 1932 paena

384 1958 646 2009 servetur
704 1952 1053 2007 infernalis?
1093 1951 1329 2006 Talibus
1377 1951 1545 2019 virgo
1603 1955 1866 2006 recreata
1919 1967 2040 2005 ser-

381 2043 686 2110 monibus,
746 2040 1201 2113 obloquentium
1267 2040 1560 2095 vanitates
1624 2056 1744 2094 non
1815 2039 2042 2094 curavit

382 2131 648 2186 ulterius.

452 2225 541 2274 25.
585 2222 719 2274 Post
773 2219 899 2275 haec
956 2223 1180 2284 autem,
1223 2223 1285 2272 ut
1338 2217 1398 2272 in
1444 2217 1569 2273 Vita
1612 2218 1770 2273 beati
1823 2217 2040 2273 Gisleni

383 2309 618 2381 plenius
648 2308 1133 2372 invenitur,dum
1157 2306 1368 2362 beatus
1391 2307 1702 2362 Amandus
1735 2306 2041 2362 Dominica

383 2403 554 2454 nocte
585 2397 799 2470 plenus
829 2396 1084 2464 dierum,
1118 2399 1408 2468 tanquam
1436 2396 1801 2451 frumentum
1853 2401 2043 2450 matu-

382 2504 517 2542 rum
546 2487 607 2541 in
637 2493 918 2541 horreum
952 2485 1184 2540 creleste
1211 2484 1616 2551 condendum,
1641 2485 1817 2557 palea
1845 2484 2042 2540 carnis

382 2575 660 2648 deposita
691 2573 1006 2644 migraret;
1041 2574 1100 2628 in
1132 2573 1267 2644 ipsa
1296 2589 1433 2628 vero
1455 2574 1622 2638 hora,
1655 2573 1844 2628 beatae
1873 2573 2044 2629 Alde-

385 2664 604 2734 gundis
629 2663 845 2731 vigiliis
885 2667 941 2718 et
994 2663 1236 2734 hymnis
1261 2662 1320 2717 in
1349 2662 1600 2718 ecclesia
1627 2662 1886 2718 ccenobii
1916 2662 2044 2719 Mel-

382 2751 689 2808 bodiensis
721 2768 925 2807 coram
957 2751 1126 2807 altari
1158 2751 1429 2821 gloriosa:
1479 2751 1776 2820 genitricis
1809 2751 2042 2806 Domini

382 2841 573 2897 Nostri
604 2844 740 2896 Jesu
775 2840 987 2895 Christi
1029 2839 1647 2906 Mariae,incumbebat
1674 2839 2038 2912 suppliciter.

383 2931 450 2986 Et
495 2929 785 3002 quoniam
814 2929 982 2983 illum
1025 2929 1087 2983 in
1136 2929 1249 2983 hac
1288 2928 1407 2983 vita
1437 2927 1693 2983 multum
1731 2927 2038 2994 dilexerat,

382 3023 586 3090 utpote
637 3018 809 3087 cujus
865 3016 1138 3072 doctrina
1187 3015 1450 3071 culmina
1499 3017 1783 3072 virtutum
1832 3017 2042 3073 edocta

384 3105 835 3173 conscenderat,
859 3105 1093 3160 Domini
1121 3105 1430 3160 salvatoris
1452 3105 1641 3175 gratia
1668 3105 1947 3161 revelavit
1966 3105 2038 3172 ei,

385 3199 441 3250 et
470 3195 643 3264 cujus
681 3197 836 3248 esset
859 3193 1071 3260 meriti,
1103 3209 1285 3265 quem
1311 3195 1723 3250 exhortantem
1773 3211 2044 3268 suscepe-

385 3289 506 3351 rat;
541 3289 598 3340 et
626 3283 793 3356 quod
824 3283 924 3339 illa
953 3289 1300 3356 sequeretur
1349 3283 1409 3338 in
1438 3284 1734 3356 proximo,
1767 3302 1888 3358 quo
1919 3285 2041 3340 dux

385 3372 480 3428 ille
529 3372 926 3446 praecedebat.
990 3375 1177 3429 Orans
1234 3373 1412 3440 enim,
1457 3374 1517 3428 in
1567 3375 1783 3430 exstasi
1828 3375 2043 3430 mentis

385 3462 631 3530 elevata,
667 3462 1189 3535 contemplabatur
1246 3479 1453 3519 senem
1492 3464 1706 3532 virum,
1739 3480 1890 3520 cano
1922 3481 2042 3520 ver-

387 3553 495 3608 tice
521 3552 939 3620 reverendum,
973 3551 1446 3608 sacerdotalibus
1496 3558 1551 3608 et
1590 3553 1891 3626 praeclaris
1918 3571 2044 3609 ves-

316 3706 326 3712 _
384 3641 543 3697 tibus
585 3642 884 3709 indutum,
917 3641 1203 3698 baculum
1237 3657 1422 3697 manu
1473 3647 1793 3699 tenentem.
1825 3642 1902 3698 ad
1945 3659 2042 3697 su-

382 3747 572 3804 perna
601 3731 872 3797 transire,
924 3730 1287 3802 turbamque
1341 3731 1653 3803 copiosam
1703 3731 2043 3788 albatorum

383 3825 518 3876 ante
543 3823 600 3875 et
627 3825 764 3893 post
806 3835 947 3875 eum
997 3821 1106 3875 iter
1151 3819 1373 3875 habere
1443 3820 1745 3892 :seipsam
1801 3836 2044 3892 quoque

381 3908 548 3977 virgo
602 3911 810 3964 sancta
857 3907 1175 3963 laetabatur
1202 3907 1263 3963 in
1303 3908 1515 3964 eodem
1548 3909 1835 3964 comitatu
1867 3908 2045 3964 simul

382 4011 727 4068 properare.
761 3999 1029 4068 Cumque
1077 3997 1384 4069 requisita,
1413 3997 1550 4069 quis
1601 4013 1734 4052 esse
1779 3997 1902 4052 dux
1951 3997 2044 4053 ille

384 4088 508 4139 tam
540 4083 814 4153 gloriosae
840 4084 1681 4158 multitudinis,respondisset
1701 4103 1763 4142 se
1788 4087 2040 4157 nescire,

385 4173 470 4227 sic
501 4172 751 4243 angelus
790 4173 983 4246 inquit
1015 4192 1026 4229 :
1061 4175 1350 4231 Amabilis
1381 4178 1498 4231 Deo
1529 4175 1843 4232 Amandus
1871 4192 1907 4232 a
1939 4194 2043 4232 sae-

385 4261 519 4317 culo
550 4262 845 4331 migravit,
871 4269 924 4320 ct
950 4265 1243 4337 quoniam
1272 4265 1332 4320 in
1357 4265 1479 4321 vita
1509 4282 1619 4322 sua
1645 4266 1770 4322 sine
1802 4267 2042 4323 macula

384 4350 652 4422 seipsum
669 4352 859 4422 gratia
881 4353 981 4408 Dei
1006 4369 1242 4409 servare
1272 4353 1518 4423 curavit,
1541 4358 1720 4428 atque
1751 4354 1862 4412 sibi
1883 4371 2043 4411 com-

380 4440 568 4496 missa
599 4441 818 4498 talenta
838 4441 1250 4516 dispensando
1278 4442 1529 4499 ﬁdeliter
1550 4444 1898 4517 duplicavit,
1916 4461 2046 4501 mo-

381 4529 461 4585 do
491 4546 631 4586 cum
663 4531 885 4588 sanctis
916 4531 1258 4595 animabus,
1288 4549 1441 4606 quas
1463 4533 1648 4590 verbo
1679 4539 1735 4590 et
1765 4535 2042 4608 exemplo

382 4618 634 4675 Domino
658 4619 992 4692 acquisivit,
1025 4620 1102 4676 ad
1133 4621 1356 4690 gaudia
1381 4620 1474 4676 sui
1505 4620 1736 4677 domini
1759 4628 1878 4678 tam
1914 4623 2041 4693 glo-

379 4707 573 4764 riosus
589 4709 877 4766 ascendit.
895 4710 1060 4765 Hanc
1072 4709 1364 4766 visionem
1385 4709 1858 4782 prudentissima
1875 4712 2043 4781 virgo

381 4797 528 4853 nulli
581 4814 783 4854 secum
839 4797 1241 4854 habitantium
1272 4814 1342 4854 eo
1392 4797 1488 4853 die
1540 4797 2042 4868 revelanIs-ﬁbeato

382 4887 616 4943 Gisleno
641 4887 968 4953 mandavit,
1000 4892 1063 4942 ut
1089 4903 1228 4942 cum
1258 4902 1459 4942 sorore
1492 4903 1604 4941 sua
1653 4887 1830 4944 beata
1881 4887 2044 4942 Wal-

381 4975 631 5032 detrude
663 4975 853 5044 gratia
902 4974 1144 5030 visionis
1193 4975 1271 5031 ad
1321 4992 1382 5030 se
1431 4973 1777 5043 dignaretur
1819 4975 2039 5044 venire,

383 5062 610 5128 Quibus
640 5063 1016 5120 venientibus
1041 5063 1102 5118 in
1139 5063 1365 5131 locum,
1391 5062 1492 5136 qui
1531 5062 1744 5119 dicitur
1790 5065 2043 5121 Meruius

383 5153 534 5221 (600)
588 5151 880 5208 festinavit
944 5151 1191 5207 obviam
1262 5152 1364 5207 ire.
1429 5153 1699 5224 Cumque
1750 5153 2041 5208 visionem

383 5256 556 5296 suam
607 5240 759 5295 inter
788 5241 905 5296 alia
959 5241 1166 5296 salutis
1220 5241 1520 5313 colloquia
1573 5240 1751 5298 beato
1810 5241 2042 5299 Gisleno

383 5328 840 5397 manifestasset,
897 5328 1229 5400 intelligens
1274 5330 1362 5385 vir
1416 5329 1537 5398 Dei,
1569 5330 1716 5403 quid
1769 5330 1869 5387 illa
1897 5331 2042 5388 visio

455 5454 599 5525 (600)
623 5457 690 5525 In,
716 5452 865 5508 vitas
897 5454 952 5507 S.
987 5452 1222 5520 Gisleni,
1246 5461 1486 5511 auctore
1533 5457 1778 5510 Reinero
1828 5471 2039 5511 mona-

383 5523 518 5596 cho,
551 5523 646 5580 hic
677 5523 848 5580 locus
870 5530 1118 5582 vocatur
1138 5527 1486 5584 Meinrivus.

454 5597 600 5672 (601)
629 5596 818 5654 Vitam
845 5597 902 5653 S.
930 5597 1270 5670 Humbertz’,
1303 5616 1489 5672 quam
1519 5615 1591 5655 ex
1613 5598 1857 5656 vetustis
1882 5597 2041 5654 codi-

2076 260 2123 310 Α
2151 256 2559 327 ρι’ξεείεηωθῐ,
2591 257 2705 313 alte
2755 256 3061 329 suspirans
3095 273 3107 310 :
3143 257 3186 310 Ο
3211 252 3571 309 charissima
3618 268 3815 321 soror,

2151 345 2363 418 inquit,
2389 345 2664 401 amabilis
2685 351 2743 402 et
2772 346 2989 401 devota
3020 359 3244 416 sponsa
3275 342 3447 412 Regis
3469 342 3681 396 aeterni
3709 345 3819 397 Do-

2151 434 2296 490 mini
2329 435 2522 490 Nostri
2549 439 2685 490 Jesu
2713 435 2943 502 Christi,
2969 433 3186 505 gratias
3217 448 3328 502 age
3358 431 3484 486 sine
3512 431 3816 485 intermis-

2152 523 2316 578 sione
2346 522 2562 581 divinae
2584 523 2936 593 dignationi,
2962 539 3096 596 quae
3120 521 3224 576 tibi
3249 519 3590 575 dulcissimi
3618 526 3820 592 pasto-

2151 612 2230 667 ris
2256 617 2312 668 et
2339 614 2468 683 jam
2520 612 2742 669 factum
2773 613 2851 668 ad
2891 612 3152 668 cmlestia
3181 609 3523 679 transitum,
3557 614 3617 664 et
3643 615 3816 664 tuum

2151 702 2210 756 in
2242 703 2518 774 proximo
2570 702 2859 764 futurum,
2891 699 3392 775 praemonstravit.
3448 699 3623 754 Unde
3670 699 3817 770 quia

2151 791 2407 847 caelestis
2428 792 2557 862 jam
2588 792 2969 848 dulcedinem
3000 790 3203 864 patrias
3235 805 3666 862 saporemque,
3705 791 3815 844 Do-

2151 882 2314 936 mino
2342 882 2660 951 revelante,
2692 881 3093 955 prtegustasti,
3141 879 3554 935 necessarium
3610 884 3725 944 est,
3757 885 3819 934 ut

2151 971 2315 1026 omni
2347 970 2626 1026 instantia
2657 971 2714 1026 in
2747 972 2876 1042 ejus
2903 970 3192 1042 obsequio
3220 985 3588 1041 perseveres,
3619 973 3816 1024 donec

2150 1077 2221 1114 ea
2247 1077 2383 1132 quae
2439 1077 2501 1115 se
2550 1059 2934 1130 diligentibus
2964 1058 3303 1132 repromisit
3349 1058 3641 1114 merearis
3691 1057 3815 1113 adi-

2151 1164 2320 1220 plSCl.

2220 1278 2308 1329 26.
2354 1273 2502 1328 Vidit
2549 1273 2729 1329 etiam
2779 1272 3106 1345 aliquando
3141 1271 3316 1328 beata
3345 1269 3727 1341 Aldegundis
3755 1271 3814 1325 in

2149 1363 2300 1428 visu,
2325 1362 2774 1418 demonstrante
2807 1362 3078 1425 Domino,
3121 1361 3290 1417 valde
3316 1361 3550 1417 tristem
3579 1360 3814 1430 generis

2149 1447 2398 1503 humani
2429 1449 2740 1505 inimicum
2765 1468 2777 1504 :
2807 1467 2878 1506 ac
2917 1454 3312 1523 percunctans
3343 1445 3514 1504 illuin
3544 1447 3811 1514 sollicite,

2150 1537 2453 1609 requisivit
2481 1555 2614 1611 quae
2645 1543 2808 1595 tanta
2835 1544 3040 1595 contra
3073 1555 3262 1609 genus
3287 1539 3632 1593 humanum
3664 1541 3814 1592 esset

2150 1628 2278 1697 ejus
2310 1628 2644 1699 pervicacia
2669 1630 2696 1684 ‘?
2728 1629 2881 1694 Quid
2929 1627 3318 1684 emolumenti
3375 1627 3492 1682 sibi
3541 1626 3811 1680 futurum

2151 1721 2432 1788 speraret,
2465 1718 2612 1772 dum
2643 1722 2728 1773 tot
2782 1717 2968 1773 millia
3022 1717 3341 1773 hominum
3393 1716 3477 1772 ad
3507 1715 3810 1770 infernum

2150 1805 2451 1878 impellere
2486 1822 2609 1862 non
2652 1807 2960 1863 cessaret?
2991 1808 3098 1862 Cui
3148 1806 3449 1875 malignus
3480 1804 3808 1876 respondit,

2150 1893 2384 1948 invidiae
2410 1910 2531 1950 non
2558 1895 2811 1951 modicte
2843 1911 2904 1950 se
2921 1894 3126 1950 dolore
3144 1894 3402 1966 torqueri
3424 1897 3638 1948 contra
3662 1892 3809 1946 ﬁlios

2149 1983 2323 2049 Adae;
2357 1999 2478 2054 quo
2517 1983 2784 2056 quotidie
2828 1983 2943 2039 illic
2971 1982 3380 2050 ascenderent,
3426 1981 3588 2036 unde
3635 1981 3810 2035 miser

2148 2070 2274 2142 ipse
2302 2089 2441 2126 cum
2468 2073 2590 2127 suis
2621 2072 2938 2128 exsularet.

2219 2196 2306 2246 27.
2353 2190 2799 2247 Studiosissima
2827 2189 3233 2262 divinte~legis,
3253 2189 3666 2246 indesinenter
3685 2205 3811 2244 esu-

2149 2279 2308 2334 riens
2336 2279 2517 2334 verbo
2549 2279 2771 2335 caelesti
2796 2279 3016 2346 satiari,
3049 2280 3436 2350 virorumque
3465 2283 3811 2333 sanctorum

2151 2384 2220 2423 ac
2252 2367 2670 2437 religiosorum
2725 2370 2909 2424 vitam
2958 2367 3204 2441 cupiens
3254 2367 3496 2433 imitari,
3529 2367 3814 2422 Humber.

2151 2461 2277 2512 tum
2305 2457 2452 2528 (601)
2480 2456 2644 2528 apud
2676 2457 2982 2512 Maricolas
3011 2457 3402 2524 habitantem,
3429 2457 3623 2511 virum
3683 2471 3813 2510 san-

2150 2545 2343 2600 ctitate
2395 2544 2808 2615 magniﬁcum,
2871 2545 3227 2601 illustratum
3281 2545 3532 2600 scientia
3594 2544 3813 2599 divinae

2154 2634 2489 2705 Scripturae,
2541 2633 2781 2704 signum
2814 2634 3005 2690 crucis
3056 2633 3132 2689 ab
3173 2633 3391 2704 angelo
3442 2634 3816 2705 impressum

2151 2727 2484 2792 gestantem
2538 2722 2598 2777 in
2641 2723 2880 2790 vertice,
2913 2723 3083 2792 virgo
3139 2723 3408 2795 prudens
3453 2722 3812 2778 visitaverat.

2151 2811 2376 2866 Pabulo
2407 2811 2592 2866 divini
2623 2811 2788 2866 verbi
2819 2828 2926 2884 per
2955 2810 3179 2884 aliquot
3207 2811 3335 2866 dies
3381 2811 3687 2866 aﬂluentis
3736 2810 3816 2864 ab

2151 2916 2253 2955 ore
2283 2901 2411 2970 ejus
2441 2899 2698 2972 epulata,
2733 2918 2872 2956 cum
2904 2901 3003 2958 illo
3033 2902 3187 2956 circa
3239 2901 3438 2956 vicina
3464 2899 3816 2957 monasterii

2151 2990 2418 3062 quadam
2463 2990 2589 3046 vice
2634 2990 3106 3047 deambulabat:
3142 2991 3244 3046 sed
3281 2996 3532 3047 aestante
3585 2991 3815 3046 fervore

2152 3079 2289 3149 diei,
2348 3095 2487 3134 cum
2542 3095 2696 3152 pene
2754 3080 2847 3136 siti
2900 3079 3195 3149 deﬁceret,
3253 3086 3463 3136 orante
3523 3080 3654 3135 viro
3716 3079 3818 3134 Dei

2152 3184 2290 3224 cum
2321 3169 2452 3242 ipsa
2485 3169 2730 3240 virgine,
2764 3169 2899 3225 fons
2927 3169 3081 3226 illico
3107 3169 3300 3224 dulcis
3331 3176 3390 3225 et
3421 3175 3577 3225 terra
3618 3181 3817 3224 novus

2152 3259 2458 3314 emanavit
2485 3275 2497 3313 :
2521 3258 2690 3329 virgo
2720 3258 2982 3314 reﬁcitur
3009 3278 3020 3326 ;
3049 3259 3181 3315 fons
3215 3276 3408 3332 usque
3451 3260 3513 3314 in
3541 3275 3820 3331 praesens

2153 3363 2275 3402 non
2305 3347 2520 3402 deﬁcit.
2552 3349 2765 3403 Beatus
2793 3353 2994 3404 autem
3027 3349 3388 3404 Humbertus
3413 3347 3820 3420 depositionis

2153 3453 2274 3490 suae
2328 3435 2488 3491 diem
2556 3452 2960 3509 prwnoscens,
3009 3437 3197 3493 lineas
3270 3444 3464 3493 vestes
3533 3437 3614 3493 ad
3667 3455 3819 3492 usus

2152 3527 2574 3597 exsequiarum
2603 3542 2854 3581 suarum
2881 3526 2959 3582 ab
2998 3526 3130 3598 ipsa
3177 3527 3408 3596 virgine
3439 3526 3772 3599 postulavit
3802 3547 3814 3582 :

2153 3619 2394 3686 propter
2450 3631 2603 3687 quas
2660 3615 2806 3670 dum
2855 3615 3110 3672 mitteret
3155 3615 3540 3683 deferendas,
3594 3618 3820 3672 missus

2153 3703 2299 3759 alter
2329 3720 2366 3759 a
2408 3704 2632 3773 virgine
2691 3720 2967 3776 praesaga
3013 3704 3212 3776 futuri,
3250 3705 3447 3777 legato
3499 3705 3662 3762 beati
3706 3707 3819 3761 viri

2153 3792 2213 3847 in
2269 3793 2469 3848 medio
2518 3793 2723 3849 itinere
2785 3810 2926 3850 cum
2986 3794 3256 3850 vestibus
3321 3795 3646 3868 postulatis
3720 3813 3821 3851 oc-

2153 3882 2353 3937 currit.

2231 3994 2312 4044 -8.
2357 3991 2535 4046 Beata
2556 3989 2731 4060 igitur
2750 3989 3138 4061 Aldegundis,
3168 4005 3304 4063 quae
3331 3990 3444 4046 sibi
3488 3991 3822 4048 Dominum

2155 4078 2513 4134 salvatorem
2545 4078 2801 4150 elegerat
2832 4095 3144 4152 sponsum,
3174 4079 3586 4153 frequentibus
3637 4097 3828 4153 ange-

2155 4166 2350 4222 lorum
2403 4168 2737 4224 confortata
2785 4169 3136 4237 visionibus,
3199 4170 3301 4242 qui
3371 4171 3589 4244 saepius
3646 4171 3828 4229 illam

2155 4256 2356 4312 multis
2385 4257 2602 4325 modis,
2631 4263 2833 4330 utpote
2879 4274 3231 4315 conservam
3281 4264 3338 4315 et
3381 4260 3696 4317 concivem
3735 4277 3829 4316 re-

2155 4351 2603 4416 cognoscentes,
2671 4347 3037 4403 famillariter
3105 4347 3590 4421 alloquebantur,
3656 4366 3827 4422 prte-

2155 4435 2346 4491 sciens
2390 4452 2463 4491 ex
2514 4435 2873 4492 revelatione
2921 4436 3168 4510 Spiritus
3216 4438 3406 4494 sancti
3435 4438 3825 4495 dormitionis

2153 4541 2276 4581 suae
2323 4526 2483 4581 diem
2539 4526 3047 4600 appropinquare,
3103 4527 3424 4600 deprecata
3471 4534 3559 4585 est
3613 4531 3828 4586 Domi-

2152 4632 2323 4684 num,
2377 4621 2438 4672 ut
2485 4617 2589 4688 qui
2621 4621 2860 4673 sanctos
2894 4617 3224 4675 sanctiﬁcat
3262 4618 3481 4687 adhuc,
3514 4625 3573 4676 et
3619 4619 3829 4683 iustos

2147 4704 2436 4776 justiﬁcat
2482 4704 2681 4762 adhuc
2737 4706 2946 4776 (Apoc.
2979 4723 3092 4774 xxi,
3130 4707 3239 4778 ll),
3294 4713 3350 4763 et
3392 4708 3497 4781 qui
3552 4709 3831 4779 ﬂagellat

2153 4808 2397 4849 omnem
2444 4793 2634 4849 ﬁlium
2676 4810 2860 4867 quem
2889 4794 3096 4868 recipit
3125 4795 3330 4865 (Hebr.
3361 4814 3460 4859 xu,
3504 4798 3578 4869 6),
3606 4797 3832 4868 digna-

2152 4888 2313 4938 retur
2342 4882 2623 4939 ancillam
2672 4899 2847 4939 suam
2892 4885 2953 4940 in
2998 4885 3297 4956 praesenti,
3331 4886 3417 4941 sic
3449 4887 3829 4958 tlagellando

2154 4989 2419 5044 carnem,
2488 4989 2767 5045 purgare,
2826 4979 3124 5047 quatenus
3199 4975 3408 5031 anima
3465 4983 3601 5049 post
3656 4978 3831 5036 hanc

2154 5063 2339 5120 vitam
2372 5063 2432 5119 in
2461 5063 2732 5137 requiem
2791 5064 3024 5121 Domini
3071 5064 3160 5120 sui
3207 5065 3333 5121 sine
3372 5067 3615 5124 macula
3657 5069 3834 5127 vale-

2152 5158 2240 5209 ret
2291 5153 2550 5209 introire.
2613 5153 2844 5210 Sciebat
2889 5155 3048 5210 enim
3097 5154 3400 5212 neminem
3434 5157 3494 5211 in
3526 5157 3638 5214 hac
3702 5161 3836 5218 vita

2153 5246 2276 5298 tam
2347 5243 2676 5315 perfectum
2757 5260 2906 5309 esse,
2967 5244 3071 5316 qui
3144 5250 3350 5316 posset
3413 5248 3617 5302 omnis
3689 5265 3835 5322 pec—

2153 5332 2268 5388 cati
2318 5331 2824 5388 contaminatione
2854 5349 3102 5405 prorsus
3147 5349 3370 5390 carere.
3403 5338 3536 5391 Non
3595 5337 3837 5396 distulit

2153 5455 2324 5510 cibus
2347 5455 2706 5511 nobilissimi
2730 5456 3094 5512 Maricolensi
3125 5457 3381 5514 coenobii
3407 5460 3588 5516 nobis
3615 5463 3838 5519 St’mon

2152 5528 2532 5599 Rosquz’erus,
2557 5527 2829 5599 ejusdem
2860 5528 2973 5584 loci
3006 5528 3222 5599 abbas,
3266 5535 3400 5586 ante
3434 5547 3635 5589 annos
3664 5551 3841 5592 com-

2152 5597 2353 5670 plures
2379 5597 2638 5655 describi
2668 5599 2915 5656 curavit.
