4000 6190
215 135 324 188 873

1418 132 1579 187 VITA
1614 132 1667 187 S.
1700 133 2137 188 ALDEGUNDIS
2177 132 2480 187 VIRGINIS

3592 156 3698 208 874-

213 257 427 312 divina
459 257 697 312 bonitas
735 259 1020 327 praestare
1067 254 1558 325 misericorditer,
1593 255 1757 328 quod
1800 255 1900 310 illa
1932 259 1976 309 A
2009 271 2145 310 cum
2167 254 2377 310 eadem
2400 254 2564 309 hora
2588 257 2858 314 tenebrae
2873 263 3063 319 totam
3077 273 3442 339 occuparent
3455 275 3694 330 terram.

216 345 431 418 petivit
487 345 800 400 humiliter.
845 347 992 400 Nam
1039 344 1099 399 in
1143 343 1402 400 dextera
1453 344 1720 402 mamilla
1777 361 1899 400 non

216 440 359 507 post
387 435 646 489 multum
673 439 903 505 tempus
938 433 1222 497 morbus,
1250 432 1355 503 qui
1391 439 1636 490 vocatur
1665 450 1896 500 cancer,

218 523 512 578 subortus
542 528 648 588 est,
680 523 780 596 qui
808 539 1052 578 carnem
1081 521 1252 576 illius
1303 525 1677 595 excrucians,
1710 539 1899 596 usque

217 613 303 668 ad
336 611 617 668 ultimum
659 611 816 666 diem
861 611 996 665 vitae
1046 610 1347 682 depastus
1401 617 1506 668 est.
1543 613 1714 682 Virgo
1763 629 1899 668 vero

217 702 514 777 prudens,
575 700 845 773 exemplo
873 699 1032 758 beati
1076 701 1190 756 Job
1245 699 1623 775 aliorumque
1663 706 1898 759 sancto-

220 808 382 857 rum,
418 790 715 862 patienter
745 788 1094 852 sustinebat,
1118 793 1179 843 et
1213 794 1506 861 tanquam
1535 796 1780 864 accepto
1819 791 1902 845 di-

219 881 449 936 vinitus
480 880 646 935 dono
676 877 1086 948 congaudens,
1119 894 1399 950 supernae
1445 880 1776 951 dignationi
1806 897 1899 937 sa-

221 969 463 1042 pienter
496 968 719 1038 gratias
752 966 987 1035 agebat.

296 1063 386 1114 29.
413 1061 566 1115 Cum
610 1062 809 1113 autem
849 1055 1060 1112 adesse
1090 1061 1328 1128 tempus
1367 1059 1745 1114 resolutionis
1773 1059 1901 1129 ejus

221 1145 482 1216 angelus
521 1144 1003 1218 praemonuisset,
1033 1144 1445 1218 praedictoque
1467 1147 1562 1202 die
1583 1147 1749 1202 nulla
1772 1163 1900 1202 mo-

219 1235 399 1290 lestia
421 1234 693 1307 corporis
711 1248 846 1287 eam
863 1231 1156 1303 fatigaret,
1193 1239 1523 1305 apparente
1547 1236 1660 1290 sibi
1692 1252 1902 1290 rursus

221 1324 470 1394 angelo,
490 1323 671 1395 ccepit
691 1322 858 1394 queri
875 1338 1012 1377 cum
1037 1339 1128 1391 eo,
1147 1339 1254 1378 cur
1278 1323 1615 1380 differretur
1641 1342 1677 1382 a
1714 1341 1902 1396 regno

225 1414 342 1468 sibi
364 1417 606 1486 parato.
642 1412 743 1470 Cui
765 1411 891 1466 ille:
926 1411 1111 1479 Scias,
1136 1412 1351 1484 inquit,
1389 1420 1628 1470 sanctos
1657 1415 1903 1484 angelos

221 1503 339 1558 hoc
364 1502 475 1557 tibi
503 1517 539 1556 a
582 1501 831 1557 Domino
851 1500 1224 1573 impetrasse,
1251 1507 1317 1556 ut
1362 1503 1440 1558 ad
1476 1503 1903 1575 perfectionem

2008 343 2358 412 Manefacto,
2375 341 3037 414 colloquentibusinde
3055 355 3361 412 sororibus
3389 363 3444 413 et
3473 360 3696 416 miran-

2010 430 2482 499 tibus,inte]lexit
2505 429 2697 490 beata
2709 439 2876 508 virgo
2906 457 3153 497 causam
3172 445 3312 500 tanti
3337 446 3692 518 splendoris,

2008 520 2154 576 nulli
2167 525 2363 577 tamen
2387 534 2623 576 earum
2643 527 3222 597 tundmanifestavit.
3241 537 3362 588 Non
3384 541 3518 606 post
3541 537 3694 591 mul-

2010 613 2137 664 tum
2166 607 2419 666 accessit
2447 608 2518 660 et
2551 608 2707 668 alius
2740 618 2898 672 testis
2937 619 3148 674 harum
3185 621 3498 695 visionum,
3533 625 3691 680 afﬁr-

2010 715 2186 755 mans
2241 699 2320 754 illi
2378 712 2446 753 se
2520 696 2743 760 Vidisse
2792 707 3109 763 Dominum
3164 715 3430 767 nostrum
3484 716 3686 768 Jesum

2012 787 2306 844 Christum
2327 800 2484 843 cum
2511 793 2770 849 exercitu
2793 796 3164 866 angelorum,
3187 804 3322 852 ante
3338 815 3522 855 cornu
3543 801 3687 856 alta-

2010 878 2089 932 ris
2119 878 2232 952 ipsi
2264 871 2494 946 virgini
2527 879 2986 955 colloquentem.
3020 886 3342 957 chuirens
3377 893 3576 944 autem
3603 889 3682 944 ab

2009 967 2251 1024 homine
2309 964 2568 1022 visionis
2611 969 2838 1044 horam,
2873 973 3215 1043 recognovit
3255 973 3450 1045 ipsam
3499 977 3680 1032 fuisse

2011 1071 2134 1128 qua
2164 1055 2388 1112 viderat
2421 1056 2748 1115 Dominum
2778 1061 2836 1116 in
2870 1061 3118 1116 visione.
3154 1063 3376 1125 Quarto
3406 1062 3498 1118 die
3544 1068 3681 1135 post

2011 1144 2138 1200 haec
2164 1149 2409 1200 sanatus
2441 1148 2532 1199 est
2561 1163 2730 1218 puer,
2760 1155 2823 1205 ut
2849 1166 3034 1222 supra
3064 1150 3291 1205 dictum
3318 1155 3423 1205 est.

2083 1232 2170 1287 31.
2207 1232 2500 1288 Sacerdos
2529 1235 2776 1304 quidam
2800 1237 2941 1292 boni
2964 1237 3304 1305 testimonii,
3331 1237 3458 1292 sine
3481 1254 3676 1310 repre-

2011 1320 2298 1377 hensione
2329 1325 2802 1380 conversabatur
2847 1326 3027 1396 (Phil.
3063 1342 3143 1391 lll,
3179 1327 3234 1394 6)
3282 1341 3352 1380 eo
3406 1330 3674 1398 tempore

2011 1409 2071 1464 in
2105 1411 2468 1467 monasterio
2499 1427 2532 1466 a
2561 1413 2812 1484 pueritia
2841 1429 3031 1484 usque
3064 1413 3138 1467 ad
3172 1412 3495 1484 perfectam
3537 1419 3674 1470 aeta-

2013 1503 2153 1554 tem.
2188 1499 2296 1562 Qui
2321 1501 2536 1556 referre
2571 1501 2818 1568 solebat,
2851 1507 3032 1556 noctu
3065 1518 3126 1556 se
3167 1502 3378 1557 vidisse
3423 1502 3672 1571 globum

221 1592 517 1647 virtutum
530 1590 728 1646 adhuc
742 1589 967 1645 habeas
981 1591 1244 1662 spatium
1261 1591 1614 1663 temporalis
1630 1592 1903 1649 vitas.Sed
1937 1611 1982 1662 Β
2013 1587 2258 1657 igneum
2284 1589 2662 1646 descendisse
2693 1592 2766 1645 de
2816 1590 2966 1644 cmlo
3011 1607 3192 1662 super
3240 1591 3671 1659 habitaculum,

219 1697 364 1736 cum
395 1679 730 1752 aliquando
753 1678 1000 1735 tertiana
1013 1679 1173 1735 febre
1185 1679 1906 1752 laboraret,hehdomada

221 1769 723 1836 transacta,circa
747 1768 1007 1823 mediam
1028 1774 1265 1824 noctem
1281 1769 1638 1825 immittente
1659 1770 1904 1827 diabolo

219 1865 432 1915 tantus
454 1858 619 1914 illam
641 1857 762 1913 sitis
779 1857 1208 1925 ardorinvasit,
1241 1864 1326 1929 ut,
1354 1860 1468 1915 nisi
1481 1877 1620 1914 mox
1649 1860 1901 1928 biberet,

218 1950 527 2004 videretur
549 1947 896 2004 exanimari.
923 1950 1194 2021 Cumque
1238 1949 1486 2005 viriliter
1516 1949 1836 2025 reluctans,
1868 1966 1904 2005 a

227 2042 383 2111 potu
434 2037 607 2093 vellet
655 2037 972 2105 abstinere,
1015 2038 1260 2111 vimque
1308 2039 1510 2106 febris,
1545 2055 1666 2094 non
1717 2039 1903 2095 hostis

218 2129 620 2185 tentationem
651 2132 968 2200 reputaret,
1007 2129 1275 2200 confugit
1323 2131 1402 2186 ad
1447 2130 1804 2186 orationem.
1839 2133 1905 2186 Et

218 2233 364 2272 ecce
397 2222 534 2271 ante
563 2215 758 2270 lucem
787 2214 945 2271 videt
989 2216 1310 2288 antiquum
1355 2217 1610 2287 hostem,
1649 2223 1798 2274 tetra
1847 2223 1903 2274 et

214 2304 526 2361 horrenda
573 2303 720 2359 faeie
753 2303 862 2358 sibi
893 2304 1251 2367 adstantem,
1285 2306 1390 2377 qui
1440 2306 1608 2361 fateri
1655 2313 1901 2362 coactus

214 2402 330 2456 est,
353 2395 521 2468 quod
546 2399 777 2450 tantum
795 2395 916 2450 sitis
951 2395 1397 2452 illiimmisisset
1413 2397 1714 2452 ardorem:
1735 2398 1900 2452 addi-

213 2486 428 2558 ditque
459 2483 872 2556 blasphemus,
905 2484 1111 2541 dicens
1160 2486 1355 2542 bene
1403 2486 1640 2556 virgini,
1674 2491 1897 2542 restare

212 2574 422 2630 adhuc
446 2572 761 2628 illiduram
787 2577 965 2645 atque
1012 2579 1236 2630 arctam
1267 2575 1448 2640 viam,
1479 2575 1895 2648 incertumque

211 2679 350 2720 esse
374 2667 573 2718 utrum
595 2662 656 2717 in
697 2663 796 2717 Dei
827 2662 1060 2719 servitio
1100 2667 1534 2736 perseveraret.
1573 2664 1677 2720 Cui
1727 2665 1894 2734 virgo

211 2758 590 2810 constanter:
615 2752 918 2819 Dominus,
944 2753 1156 2826 inquit,
1194 2753 1342 2808 mihi
1366 2753 1463 2823 adj
1477 2760 1607 2809 utor
1636 2759 1743 2824 est,
1767 2770 1890 2810 non

213 2859 364 2900 curo
391 2842 588 2898 minas
620 2846 772 2897 tuas.
808 2843 1100 2898 Continuo
1129 2845 1386 2898 Satanas
1415 2843 1647 2913 aufugit
1685 2845 1890 2900 confu-

2014 1676 2074 1731 in
2101 1693 2224 1748 quo
2255 1678 2478 1734 famula
2511 1679 2718 1736 Christi
2745 1678 3096 1746 aagrotabat.
3131 1682 3264 1734 Post
3290 1679 3549 1750 hymnos
3575 1696 3677 1737 au-

2014 1770 2132 1820 tem
2163 1772 2510 1835 nocturnos,
2544 1783 2666 1822 una
2695 1768 2769 1822 de
2800 1766 3230 1822 maturioribus
3289 1767 3527 1823 ancillis
3558 1771 3600 1824 D
3624 1769 3676 1826 ei

2014 1854 2322 1911 modicum
2355 1857 2587 1929 soporis
2616 1855 2965 1926 degustans,
3017 1855 3179 1913 videt
3215 1856 3455 1914 beatam
3503 1858 3676 1915 Alde-

2015 1944 2301 2013 gundem,
2333 1951 2468 2002 ante
2497 1945 2680 2001 altare
2703 1946 2762 1999 in
2790 1945 2922 2000 loco
2950 1947 3274 2002 sacerdotis
3314 1948 3674 2020 adstantem,

2015 2048 2232 2106 corpus
2265 2034 2499 2089 Domini
2530 2034 2590 2088 in
2620 2033 2800 2089 calice
2830 2033 3100 2102 fregisse,
3134 2035 3365 2108 sibique
3396 2037 3612 2094 dixisse
3659 2059 3671 2095 :

2014 2121 2194 2191 Vade,
2223 2122 2335 2187 eia,
2367 2121 2462 2176 die
2495 2120 2810 2187 sacerdoti,
2845 2125 2908 2175 ut
2935 2121 2993 2175 in
3026 2122 3142 2177 hoc
3173 2123 3353 2178 calice
3393 2127 3678 2196 mysteria

2015 2209 2249 2264 Domini
2277 2208 2489 2265 Christi
2520 2207 2833 2263 conficiat:
2869 2211 2922 2262 et
2952 2211 3243 2280 quoniam
3273 2211 3396 2268 heri
3423 2229 3544 2286 prae
3573 2231 3677 2272 va-

2010 2295 2272 2352 letudine
2303 2295 2574 2368 corporis
2627 2297 3074 2354 communicare
3108 2316 3231 2356 non
3277 2302 3463 2374 potui,
3495 2303 3676 2360 hodie

2010 2385 2309 2458 particeps
2339 2385 2486 2439 fiam
2520 2383 2787 2454 corporis
2817 2390 2873 2441 et
2901 2389 3215 2456 sanguinis
3245 2391 3497 2449 Domini.
3535 2396 3674 2451 Fac-

2011 2476 2068 2527 ta
2116 2473 2232 2544 die,
2267 2472 2558 2545 processit
2603 2473 2902 2538 sacerdos,
2951 2476 3199 2534 missam
3253 2479 3572 2538 celebravit
3619 2490 3678 2539 et

2007 2562 2490 2633 interagendum‘
2524 2561 2707 2616 cernit
2735 2563 2977 2620 calicem
3007 2565 3068 2622 in
3101 2584 3240 2625 aera
3270 2569 3671 2640 sublevatum,

2004 2651 2162 2708 illico
2192 2653 2252 2708 in
2287 2666 2398 2706 suo
2431 2649 2722 2706 resedisse
2751 2652 2901 2710 loco.
2936 2657 3098 2712 Tune
3128 2658 3411 2730 praedicta
3442 2659 3675 2716 famula

2004 2742 2106 2797 Dei
2132 2743 2433 2798 visionem
2463 2754 2647 2810 quam
2678 2741 2926 2815 viderat,
2955 2750 3012 2801 et
3051 2748 3330 2804 sacerdos
3370 2749 3444 2804 de
3487 2748 3672 2805 calice

1999 2832 2060 2886 in
2114 2847 2255 2887 aere
2289 2841 2606 2898 suspenso,
2634 2831 2710 2885 ad
2760 2833 2967 2890 Christi
3015 2851 3306 2907 sponsam
3351 2842 3672 2910 utrumque

212 2951 343 2998 sus,
374 2937 428 2988 et
458 2931 580 2987 sitis
615 2931 693 2987 ab
723 2947 794 2986 ea
820 2932 1077 2987 recessit.
1121 2935 1253 2988 Post
1303 2932 1691 2988 tentationem
1741 2949 1884 2989 vero
1923 2964 1962 3018 ρ
1997 2919 2293 3018 ςῙθῐυῙςξῖθ,
2326 2915 2734 3017 εθΐΐίῑιξάίῐιθῐη
2783 2921 3074 2980 habentes
3107 2926 3218 2981 has
3248 2925 3503 2982 Visiones
3545 2926 3674 2983 Obi-

209 3022 604 3091 diabolicam,
636 3021 807 3078 adest
848 3020 1252 3093 multipliciter
1291 3021 1626 3077 consolatio
1655 3022 1877 3078 divina.

210 3111 387 3167 Videt
415 3111 571 3167 enim
601 3111 660 3165 in
702 3109 828 3166 visu
862 3115 1151 3182 tanquam
1195 3126 1231 3165 a
1281 3111 1532 3166 Domino
1563 3127 1625 3165 se
1675 3115 1880 3184 postu—

208 3200 441 3256 lantem
472 3201 531 3255 in
558 3200 686 3270 ejus
716 3215 918 3255 amore
946 3199 1476 3272 perseverantiam,
1501 3215 1572 3254 ac
1593 3199 1751 3256 velut
1777 3217 1877 3274 ap-

208 3291 526 3363 parentem
557 3287 667 3344 sibi
698 3287 1068 3343 sacerdotem
1101 3287 1302 3359 ipsum
1339 3288 1680 3358 Dominum,
1711 3289 1879 3362 quod

209 3378 480 3452 petebat,
511 3377 830 3434 clementer
859 3382 1245 3432 annuentem.
1282 3376 1451 3432 Videt
1475 3377 1658 3433 etiam
1689 3381 1749 3434 Β.
1787 3383 1881 3435 Pe-

210 3473 378 3524 trum
409 3467 767 3539 apostolum,
802 3465 914 3521 sibi
964 3481 1188 3538 panem
1237 3464 1566 3522 candidum
1613 3466 1881 3523 deferen-

211 3562 360 3625 tem,
391 3572 569 3629 seque
599 3555 674 3610 de
719 3570 903 3610 manu
935 3553 1091 3610 illius
1120 3553 1288 3609 illum
1317 3570 1457 3609 cum
1484 3554 1711 3625 ingenti
1735 3556 1883 3612 laeti-

213 3647 299 3704 tia
330 3646 678 3718 suscepisse.
709 3648 886 3702 Soror
914 3659 1157 3717 quoque
1203 3644 1334 3714 ejus
1382 3644 1611 3699 audivit
1653 3645 1886 3702 caelitus

209 3752 324 3810 per
353 3750 628 3807 soporem
659 3737 716 3790 et
741 3747 914 3788 suam
947 3749 983 3788 a
1022 3731 1276 3787 Domino
1326 3736 1641 3804 acceptam
1691 3735 1886 3806 pugni-

212 3822 485 3889 tentiam,
517 3827 575 3879 et
602 3837 873 3878 sororem
901 3836 1074 3876 suam
1118 3819 1417 3890 virginem
1468 3819 1886 3891 Aldegundem

210 3927 511 3984 sponsum
536 3908 939 3984 promeruisse
977 3907 1298 3965 Christum.

862 4037 1087 4092 CAPUT
1126 4037 1240 4090 Vll.

630 4135 856 4200 Obitus,
891 4139 945 4190 et
975 4135 1039 4189 in
1069 4149 1133 4190 eo
1161 4135 1491 4190 miracula.

293 4260 384 4318 30.
420 4262 664 4327 Interea,
696 4259 846 4314 dum
885 4257 1133 4330 virginis
1181 4258 1422 4314 animus
1470 4258 1893 4329 hujuscemodi

216 4348 554 4406 visionibus
585 4348 825 4404 assidue
847 4352 1212 4420 pasceretur,
1235 4353 1292 4404 et
1322 4348 1402 4404 ad
1441 4348 1705 4406 cmlestia
1755 4366 1892 4406 con-

212 4443 341 4496 tem
349 4438 572 4511 planda
593 4437 1035 4506 sublimaretur,
1059 4437 1305 4493 offertur
1326 4437 1378 4492 ei
1395 4437 1702 4510 parvulus,
1720 4440 1892 4510 cujus

208 4529 350 4602 jam
378 4545 413 4583 a
441 4528 562 4583 suis
593 4528 714 4583 vita
744 4527 1198 4600 desperabatur.
1235 4528 1425 4594 Quem
1453 4527 1589 4600 ipsa
1617 4529 1890 4600 protinus

216 4623 363 4674 ante
396 4632 582 4672 cornu
631 4615 833 4673 altaris
863 4615 1073 4689 projici
1101 4615 1296 4686 jussit.
1346 4616 1520 4682 Quod
1560 4621 1623 4672 ut
1667 4616 1891 4673 factum

214 4710 334 4772 est,
362 4705 670 4760 confestim
692 4703 960 4761 redditus
991 4709 1079 4760 est
1100 4703 1357 4759 sanitati.
1384 4707 1653 4776 Cumque
1679 4721 1894 4760 renun-

213 4795 472 4852 tiaretur
510 4795 726 4865 virgini
759 4794 834 4850 de
886 4794 1083 4850 subita
1108 4793 1358 4849 sanitate
1397 4793 1660 4861 infantis,
1699 4811 1892 4851 recor-

214 4885 370 4941 data
415 4889 500 4939 est
549 4883 792 4940 visionis
842 4899 986 4951 suae,
1029 4888 1085 4939 et
1131 4882 1549 4939 animadvertit
1589 4883 1704 4938 hoc
1757 4883 1892 4940 ideo

217 4971 568 5042 contigisse,
602 4973 769 5046 quod
798 4971 966 5028 illum
990 4971 1300 5043 contigerit
1327 4971 1552 5042 locum,
1583 4989 1707 5046 quo
1739 4973 1892 5030 vide-

213 5066 316 5118 rat
336 5065 470 5116 ante
492 5077 718 5134 paucos
749 5060 875 5116 dies
898 5059 1181 5116 transisse
1201 5060 1544 5116 Dominum.
1572 5061 1744 5130 Quid,
1781 5062 1891 5118 nisi

217 5151 348 5206 Deo
370 5149 589 5219 gratias
613 5150 862 5220 ageret?
888 5149 1125 5205 Viderat
1154 5149 1315 5206 enim
1344 5165 1468 5205 non
1506 5149 1696 5206 multo
1733 5155 1890 5222 ante,

215 5238 399 5312 quasi
417 5237 670 5295 staretin
687 5237 980 5310 platea,ac
1005 5237 1164 5294 velut
1180 5237 1391 5308 igneus
1407 5237 1623 5307 globus
1646 5238 1720 5294 de
1743 5239 1893 5295 cmlo

213 5344 403 5400 super
433 5344 492 5383 se
523 5327 769 5383 veniret.
795 5329 1019 5392 Quarto
1051 5344 1192 5383 vero
1225 5327 1319 5382 die
1356 5331 1496 5399 post
1526 5328 1671 5394 haec,
1699 5328 1896 5384 media

213 5423 396 5476 nocte
416 5418 744 5487 Dominica,
767 5434 905 5473 cum
920 5417 999 5473 ad
1028 5417 1255 5488 vigilias
1282 5417 1692 5488 ingrederetur
1713 5418 1898 5473 eccle-

217 5509 402 5570 siam,
433 5523 553 5562 una
586 5508 660 5562 de
697 5506 1006 5563 sororibus
1046 5506 1498 5577 egressacernit
1524 5507 1806 5580 plateam,
1839 5508 1897 5562 in

213 5612 348 5672 qua
360 5596 510 5653 visio
534 5595 698 5670 prius
721 5600 1103 5670 apparuerat,
1121 5595 1309 5652 nimia
1330 5595 1462 5652 luce
1487 5595 1898 5668 splendentem

520 5698 769 5753 Puncr.
804 5698 1027 5753 CXXXII

1995 3014 2122 3065 tum
2155 3009 2322 3066 illius
2349 3007 2728 3081 preesignare.

2063 3103 2153 3155 32.
2189 3101 2352 3156 Inter
2379 3097 2500 3154 alta
2529 3097 2701 3171 signa
2731 3100 3036 3172 virtutum,
3068 3120 3204 3176 quae
3234 3105 3498 3176 potentia
3543 3106 3670 3162 Sal-

1988 3191 2222 3247 vatoris
2277 3207 2385 3264 per
2433 3191 2713 3248 ancillam
2771 3192 2880 3249 sibi
2933 3193 3213 3250 dilectam
3280 3196 3665 3268 operabatur,

1988 3277 2185 3335 homo
2220 3281 2475 3354 quidam
2506 3286 2703 3338 mente
2731 3287 2942 3356 captus
2974 3287 3076 3338 aut
3120 3284 3243 3339 suis
3293 3284 3669 3354 exigentibus

1992 3365 2218 3438 culpis,
2272 3373 2395 3435 aut,
2428 3375 2493 3425 ut
2540 3371 2692 3426 fides
2732 3370 2976 3440 virginis
3030 3371 3526 3439 manifestaretur,
3560 3388 3670 3444 per

1992 3453 2308 3515 insaniam
2337 3459 2544 3532 capitis
2565 3478 2718 3532 pene
2746 3476 2934 3532 usque
2957 3460 3033 3514 ad
3055 3466 3318 3516 extrema
3343 3462 3666 3533 perductus

1995 3546 2103 3596 est.
2133 3545 2409 3618 Cumque
2439 3554 2718 3619 parentes
2755 3549 2885 3618 ejus
2916 3547 2990 3602 de
3017 3547 3137 3603 vita
3164 3548 3352 3620 ipsius
3383 3549 3664 3622 despera-

1996 3637 2149 3699 rent,
2183 3635 2570 3692 adduxerunt
2593 3637 2760 3692 illum
2787 3637 2863 3693 ad
2886 3638 3319 3694 monasterium
3345 3639 3664 3694 sanctimo-

1998 3721 2275 3792 nialium,
2328 3724 2672 3781 intimantes
2732 3727 2921 3781 beatae
2966 3726 3180 3797 virgini
3227 3744 3363 3784 cum
3414 3728 3660 3799 gemitu,

1999 3810 2206 3883 qualia
2230 3811 2326 3867 ille
2357 3813 2538 3868 miser
2567 3818 2882 3886 pateretur.
2917 3819 2986 3870 At
3015 3814 3115 3872 illa
3158 3815 3485 3872 visceribus
3534 3817 3659 3888 pie-

1999 3899 2135 3956 tatis
2166 3901 2497 3958 condolens
2527 3902 2766 3972 misero,
2796 3903 2929 3960 fecit
2953 3920 3092 3960 eum
3123 3905 3199 3961 ad
3231 3921 3292 3961 se
3322 3907 3661 3980 vespertino

2000 3992 2270 4062 tempore
2325 3991 2593 4063 perduci.
2649 3993 2849 4049 Oravit
2893 4009 3004 4066 pro
3051 4010 3142 4060 eo,
3176 3999 3232 4050 et
3278 3994 3434 4052 facto
3491 3995 3662 4066 signo

2001 4077 2192 4144 crucis
2225 4095 2408 4152 super
2437 4095 2598 4150 eum,
2629 4081 2883 4137 domum
2910 4081 3101 4138 redire
3127 4083 3324 4152 jussit.
3361 4084 3470 4150 Qui
3519 4101 3662 4142 mox

2001 4166 2444 4240 eonvalescens,
2478 4171 2784 4226 restitutus
2834 4175 2922 4226 est
2952 4172 3207 4228 sanitati.
3261 4175 3476 4239 Quinto
3523 4192 3663 4231 vero

2001 4255 2095 4310 die
2118 4261 2254 4312 ante
2284 4257 2475 4314 beatae
2502 4259 2747 4329 virginis
2760 4260 3012 4329 obitum,
3038 4277 3207 4318 soror
3229 4261 3416 4335 ipsius
3438 4264 3664 4320 famula

2005 4345 2236 4401 Domini
2274 4348 2462 4403 nostri
2490 4349 2630 4405 Jesu
2678 4350 2887 4406 Christi
2945 4351 3353 4419 Waldetrudis,
3401 4358 3662 4408 contem-

2000 4435 2264 4508 platione
2321 4437 2651 4494 coalestium
2711 4439 3040 4508 sublevata,
3098 4440 3259 4496 videt
3313 4440 3372 4495 in
3429 4441 3660 4496 visione

2003 4523 2327 4595 gloriosam
2361 4526 2594 4582 Domini
2639 4527 2827 4582 nostri
2872 4531 3012 4583 Jesu
3059 4527 3265 4583 Christi
3315 4529 3658 4597 genitricem

2003 4631 2139 4670 cum
2168 4621 2516 4672 sanctorum
2545 4616 2889 4685 agminibus
2920 4617 3254 4672 venientem
3301 4622 3478 4690 atque
3526 4635 3655 4688 ger-

2001 4720 2250 4761 manam
2283 4722 2459 4761 suam
2485 4705 2771 4774 virginem
2795 4705 3208 4776 Aldegundem
3231 4722 3435 4763 secum
3459 4709 3537 4764 ad
3568 4725 3664 4764 su-

2000 4793 2212 4850 blimia
2242 4795 2659 4850 deducentem.

2073 4889 2159 4939 53.
2196 4885 2260 4938 In
2301 4882 2668 4939 monasterio
2718 4898 2960 4956 quoque
3005 4881 3256 4951 Nivellte,
3308 4885 3410 4941 ubi
3455 4893 3662 4943 sancta

2003 4971 2303 5028 Gertrudis
2334 4988 2581 5044 corpore
2613 4971 2946 5043 requiescit,
2991 4973 3458 5032 sanctimonialis.
3498 4994 3663 5050 quae.-

2001 5061 2144 5116 dam
2174 5059 2370 5116 nimiae
2413 5059 2804 5133 simplicitatis
2852 5064 2908 5116 et
2950 5060 3302 5118 obedientiae
3347 5065 3426 5121 ab
3458 5083 3663 5124 amore

2003 5149 2215 5206 mundi
2269 5153 2404 5205 ante
2460 5149 2718 5204 tribunal
2747 5149 2824 5204 ad
2884 5165 3154 5206 amorem
3187 5153 3422 5210 Domini
3472 5157 3661 5212 nostri

2002 5243 2138 5295 Jesu
2194 5238 2406 5294 Christi
2453 5237 2709 5311 perfecte
2763 5254 3072 5309 conversa,
3122 5247 3287 5298 sexta
3332 5243 3477 5301 feria
3531 5252 3666 5302 ante

2006 5328 2166 5383 diem
2199 5327 2444 5384 Sabbati
2473 5332 2530 5382 et
2560 5326 2935 5384 dormitionis
2965 5329 3206 5386 famulae
3241 5334 3341 5389 Dei
3371 5335 3668 5406 Aldegun-

2008 5415 2100 5470 dis
2131 5415 2288 5470 circa
2317 5416 2586 5471 medium
2616 5416 2824 5483 noctis,
2854 5416 3000 5473 vidit
3028 5418 3088 5472 in
3113 5419 3249 5475 visu
3282 5423 3664 5493 splendorem

2019 5503 2167 5558 lucis
2197 5503 2495 5572 ingentem
2531 5503 2784 5560 intrasse
2815 5505 3133 5562 ecclesiam
3168 5511 3224 5563 Β.
3261 5511 3664 5581 Petri,ubijam

2014 5594 2189 5649 beata
2217 5593 2373 5648 dicta
2400 5594 2700 5650 Gertrudis
2734 5595 3024 5654 tumulata
3049 5602 3160 5665 est,
3191 5598 3270 5653 ita
3317 5601 3381 5654 ut
3426 5615 3462 5655 a
3507 5598 3665 5671 pavi-

3305 5701 3369 5749 :28
