4000 6190
204 143 335 222 e77-

1634 167 1789 223 VITA
1832 166 1887 221 S.
1931 164 2251 222 LEBWINI.

3563 198 3674 251 8‘78

207 292 272 347 in
333 302 587 347 morum
645 305 817 346 sacra
862 289 1251 348 institutione.
1309 294 1487 349 Porro
1528 291 1789 363 logicum
1824 289 1886 345 in
1916 293 1963 346 Α
2001 290 2175 355 Quod
2205 290 2333 347 dixi
2362 298 2534 365 potes
2560 295 2620 353 in
2652 297 2798 355 Vitae
2827 301 3050 360 rescire
3078 304 3281 365 libello

208 379 547 438 eminentia
575 378 901 436 caelestium
927 396 994 435 ac
1019 380 1372 437 sublimium
1393 382 1693 439 rationum
1721 381 1891 437 lima-

210 470 314 537 vit,
350 473 416 524 ut
439 467 594 525 dum
627 467 805 524 unius
831 468 1194 540 stupendum
1215 468 1575 541 probitatem
1624 470 1888 543 pandere

210 559 527 625 niteretur,
587 554 983 630 plurimorum
1033 557 1201 614 rudis
1255 557 1494 627 ignavia
1533 559 1885 617 erudiretur.

216 651 447 706 Revera
471 648 654 717 igitur
684 662 921 704 sacram
950 646 1013 703 in
1056 647 1228 704 vobis
1261 648 1624 721 Scripturam
1656 647 1889 722 impleri

213 738 528 805 novimus,
559 753 698 809 quas
726 735 869 792 dicit
921 753 934 791 :
988 738 1081 793 Da
1132 738 1397 806 sapienti
1444 740 1806 795 occasionem
1834 743 1890 794 et

217 826 484 884 addetur
511 828 569 882 ei
593 826 912 894 sapientia.
949 825 1086 895 Legi
1114 840 1258 894 ergo
1282 826 1538 882 nitidum
1568 827 1741 882 vestri
1767 842 1890 883 ser—

219 915 421 971 monis
472 914 704 982 ﬂorem,
754 918 811 970 et
862 914 1064 969 inveni
1120 915 1285 985 quod
1335 914 1583 971 omnino
1620 916 1887 985 mirarer,

218 1022 343 1061 non
369 1004 543 1076 quod
574 1004 866 1060 ullatenus
890 1004 1299 1060 emendarem.
1323 1004 1547 1061 Divinis
1576 1004 1891 1077 protectio-

219 1095 318 1149 nis
345 1093 623 1149 custodia
654 1092 1057 1163 fulgurantem
1089 1099 1298 1150 vestras
1330 1094 1636 1165 sapientiae
1663 1094 1893 1167 lampa-

214 1184 360 1239 dem
395 1186 686 1255 perpetuo
714 1182 890 1237 nobis
920 1182 1263 1238 incolumen
1303 1187 1616 1239 conservet
1638 1184 1715 1240 ad
1748 1199 1891 1239 san-

215 1278 328 1328 ctre
358 1270 697 1344 profectum
730 1270 1025 1325 Ecclesiae.
1068 1273 1281 1327 Arnen.

219 1362 665 1428 EPISTULA
712 1364 918 1428 001/.
929 1361 1148 1427 ONIS
1168 1360 1503 1428 εωηοὸίτω
1521 1363 1740 1429 sancti
1757 1367 1892 1429 Me-

445 1464 647 1534 dardz
680 1468 922 1558 episco;
948 1469 977 1533 ’ἱ
1008 1467 1366 1534 Ηησὺαίίίο
1401 1466 1672 1535 directa.

443 1584 455 1595 '
746 1572 931 1644 (l‘irca
960 1588 1188 1628 annum
1221 1574 1372 1645 940).

2075 378 2357 437 Liaﬂirini
2388 385 2579 441 sancti
2608 390 3113 465 magnanimique
3144 398 3348 455 Patris.

1999 468 2173 523 Hunc
2197 467 2354 526 bene
2380 472 2428 527 si
2457 474 2691 553 recitas,
2715 477 2978 536 offendis
3009 482 3165 558 seria
3191 486 3367 558 plura

2074 560 2219 649 Quae
2245 558 2448 649 rhetor
2478 565 2620 621 serit
2641 565 2737 622 hic
2766 556 3325 649 grammaticusque
3356 580 3556 638 simul.

2001 647 2141 704 Etsi
2167 647 2398 719 judicio
2428 653 2609 710 calles
2637 654 2979 715 discernere
3003 660 3199 735 docte,

2077 738 2288 792 Sermo
2315 743 2700 812 evangelicus
2727 745 2909 801 currit
2937 753 2999 804 et
3022 750 3359 814 historicus.

2001 830 2197 883 Omne
2226 829 2448 885 etenim
2472 835 2737 905 spatium
2764 835 2846 890 sic
2874 838 3089 907 regula
3116 840 3317 914 dirigit
3344 848 3505 917 artis,

2076 919 2158 971 Ne
2187 931 2372 987 quem
2403 919 2567 979 fallat
2590 924 2718 995 iter,
2743 928 2847 980 aut
2866 925 2963 982 via
2993 928 3273 1003 decipiat.

2004 1007 2071 1061 Et
2102 1003 2313 1060 similis
2342 1007 2640 1068 Ciceronis
2668 1012 2825 1069 inest
2852 1020 3220 1077 constructio
3247 1022 3427 1081 docta

2078 1094 2449 1164 Augustinus
2478 1105 2535 1157 et
2561 1102 2659 1158 hic
2689 1106 2757 1157 ut
2786 1101 2964 1161 docet
2989 1106 3280 1169 invenies.

2000 1182 2350 1272 Dummodo
2380 1188 2684 1259 cordatus,
2718 1204 2841 1245 non
2870 1190 3137 1265 invidus,
3169 1202 3349 1272 atque
3375 1201 3676 1260 detractor

2077 1271 2250 1362 Hunc
2276 1274 2535 1333 recitans
2561 1278 2788 1350 volvat,
2821 1284 3005 1354 atque
3025 1284 3231 1356 legens
3250 1271 3511 1362 replicat.

2000 1360 2303 1427 Quocirca
2327 1365 2605 1439 quisquis
2635 1367 2787 1438 legis
2815 1368 2947 1427 hinc
2976 1388 3101 1430 non
3129 1360 3600 1449 corde—sinistro,

2075 1452 2226 1506 Cum
2253 1453 2506 1513 Judione
2526 1456 2711 1513 simul
2729 1472 2805 1515 ex
2832 1460 3040 1519 animo
3068 1466 3280 1535 rogita.

2003 1539 2388 1599 Hucbaldum
2416 1548 2571 1602 Deus
2600 1546 2765 1602 hunc
2794 1547 2960 1606 dona
2988 1551 3206 1610 durare
3231 1571 3340 1628 per
3366 1573 3582 1629 annos,

214 1661 521 1719 Libellum
548 1661 621 1717 de
660 1632 785 1716 Vita
818 1662 1013 1715 sancti
1036 1661 1299 1731 Libuini,
1333 1632 1515 1733 [quem
1568 1662 1622 1719 ei
1675 1664 1881 1720 erami-
1924 1645 1963 1697 Β
2005 1632 2211 1733 mp?“
2241 1634 2939 1733 πηονίθιηεδιζηίεριξηεθ
2968 1639 3187 1733 ἀθῑιὶιξο
3212 1643 3465 1714 superis.

420 1752 688 1808 nandum
716 1750 977 1818 miserat,
1013 1766 1144 1806 cum
1175 1752 1355 1807 laude
1385 1750 1702 1821 approbat.

295 1839 513 1896 Priscae
546 1836 847 1909 gravitatis
879 1842 1079 1895 tenore
1112 1840 1462 1912 conspicuo,
1496 1844 1605 1895 etc.
1639 1842 1891 1913 Reliqua

219 1930 364 1988 vide
388 1942 577 1998 supra
604 1930 667 1983 in
690 1928 951 1984 ODILDNE.

236 2020 585 2087 VERSUS
626 2018 1050 2087 JUDIONIS
1076 2018 1143 2083 in
1189 2018 1703 2102 conﬁrmatione
1736 2040 1889 2108 ope-

316 2149 483 2194 rum
513 2124 824 2213 magistri
842 2123 952 2191 sui
978 2122 1313 2191 [Iucbaldi
1365 2122 1671 2192 Baidrzco
1719 2147 1891 2214 prte-

315 2232 459 2300 suli
486 2231 834 2299 destinati.

218 2345 291 2396 In
320 2338 536 2412 primis
563 2338 713 2409 (604)
743 2337 1030 2407 Baldrice,
1059 2337 1213 2400 vale,
1268 2336 1602 2392 clarissime
1648 2334 1889 2409 praesul,

300 2428 551 2485 Nomine
580 2441 763 2500 reque
786 2427 992 2497 decus,
1027 2424 1350 2482 nobilitatis
1377 2442 1551 2499 opus.

218 2518 355 2574 Hoc
377 2531 535 2589 opus
563 2520 656 2571 est
681 2521 849 2571 actus
874 2516 1121 2571 Lebuini
1148 2513 1334 2570 Patris
1360 2514 1610 2570 amandi

302 2606 650 2663 Hucbaldus
679 2606 887 2662 doctor
916 2605 1084 2679 quod
1111 2606 1357 2662 decorat
1383 2604 1639 2661 calamo.

221 2697 382 2752 Hinc
408 2695 574 2751 cmlis
600 2694 822 2765 dignus
848 2695 1021 2751 terris
1049 2694 1487 2750 memorandus
1518 2693 1791 2759 habetur,

300 2785 422 2841 Sed
442 2788 508 2841 tu
536 2784 714 2840 laude
740 2798 854 2840 sua
879 2784 1121 2853 dignior
1140 2798 1493 2854 exsuperas.

218 2875 415 2946 Cujus
441 2873 523 2929 ob
550 2872 888 2945 auspicium
913 2872 1049 2928 fecit
1073 2871 1243 2944 quod
1269 2870 1404 2927 fecit
1427 2871 1715 2945 idipsum,

303 2962 454 3017 Hinc
482 2976 730 3017 consors
760 2960 958 3033 operis
977 2958 1261 3016 laudibus
1285 2958 1551 3030 erigaris.

224 3052 380 3109 Hinc
406 3051 490 3107 ita
517 3050 593 3106 de
623 3049 850 3122 reliquo
879 3050 1053 3105 vobis
1082 3048 1257 3105 liceat
1283 3049 1433 3104 mihi
1456 3064 1660 3106 coram

305 3137 530 3195 Lectori
560 3142 751 3194 vestro
774 3137 971 3193 dicere
996 3152 1135 3209 quae
1161 3136 1361 3208 cupio,

225 3232 442 3286 Lector
466 3226 575 3283 erit
598 3231 792 3283 vester
820 3226 1111 3296 Nitgerus,
1139 3226 1359 3281 charus
1384 3225 1707 3298 adelphus,

302 3318 442 3389 Ipse
469 3316 623 3373 adeo
645 3315 870 3371 studuit
894 3321 959 3371 ut
980 3316 1274 3385 legeretur
1302 3330 1480 3387 opus.

226 3410 393 3464 Dum
415 3405 627 3461 vestris
645 3403 856 3460 crebro
884 3404 1238 3476 scriptorem
1261 3403 1467 3458 mulsit
1495 3403 1785 3472 amicum,

304 3497 374 3550 Et
401 3493 646 3550 tandem
668 3492 926 3548 obtinuit
947 3491 1115 3564 quod
1138 3490 1294 3547 bene
1319 3491 1640 3564 concupiit.

229 3585 360 3641 Hoc
386 3598 502 3653 ego
526 3587 663 3656 post
679 3582 902 3638 lectum
930 3580 1081 3637 mihi
1103 3580 1483 3654 praecipiente
1509 3581 1798 3651 magistro

300 3677 560 3731 Carmen
588 3671 903 3742 subsigno,
929 3676 1072 3727 tunc
1102 3669 1280 3726 simul
1308 3670 1425 3726 hoc
1452 3669 1664 3740 jubilo.

212 3762 323 3829 ,ΝΗ
351 3760 588 3828 melius,
616 3760 826 3828 fateor,
856 3759 993 3830 legi,
1027 3758 1112 3815 mi
1138 3758 1320 3815 lector
1349 3758 1563 3826 amice,

304 3850 408 3908 liis
434 3866 567 3923 quis
594 3848 941 3906 Hucbaldus
968 3847 1211 3920 scripsit
1239 3850 1294 3904 et
1319 3846 1577 3904 edocuit.

2005 1720 2075 1773 Ut
2104 1723 2158 1773 te
2186 1734 2328 1773 cum
2361 1723 2580 1779 sanctis
2609 1722 2822 1779 laudet
2844 1740 2954 1796 per
2973 1727 3194 1784 saecula
3223 1736 3457 1788 cuneta.

2078 1806 2189 1871 Qui
2214 1809 2370 1862 Deus
2403 1825 2582 1879 unus,
2611 1810 2778 1879 ades,
2803 1811 2995 1868 trinus
3026 1818 3086 1871 et
3108 1814 3237 1887 ipse
3262 1833 3493 1875 manes.

2186 1898 2403 1953 Amen.

2082 1989 2199 2043 Deo
2226 1987 2470 2057 gratias.

2368 2079 2646 2134 Vetorum
2672 2082 2833 2136 Deus
2855 2079 3079 2137 arbiter

2291 2167 2435 2231 Quae
2461 2166 2612 2222 dant
2639 2167 2853 2225 ﬁdeles
2881 2168 3126 2243 pariter,

2292 2258 2595 2326 Rogamus
2624 2257 2851 2314 nostris
2882 2257 3129 2314 vocibus

2291 2345 2360 2399 Ut
2387 2359 2624 2400 annuas
2650 2346 2970 2419 propitius.

2361 2434 2466 2487 Per
2496 2432 2732 2489 Libuini
2759 2434 2976 2491 merita

2286 2522 2414 2584 Quo
2444 2526 2655 2578 nostra
2683 2521 2888 2579 solvas
2915 2525 3187 2595 crimina,

2287 2608 2516 2675 Quibus
2545 2610 2725 2683 quasi
2755 2613 3173 2686 compedibus,

2289 2698 2600 2770 Illaqueati
2627 2700 2954 2758 cernimur.

2362 2786 2476 2843 Sed
2502 2787 2674 2859 quod
2704 2790 3031 2862 nequimus
3058 2794 3344 2866 consequi

2290 2878 2477 2932 Reatu
2504 2876 2698 2932 multo
2723 2879 2918 2935 saucii

2294 2963 2357 3019 ld
2382 2963 2636 3021 Libuino
2660 2965 2915 3039 tribuas,

2288 3051 2400 3117 Qui
2429 3052 2653 3109 sanctis
2681 3054 2800 3111 tuis
2830 3056 2979 3114 nihil
2996 3072 3206 3129 negas.

2363 3139 2463 3196 Hic
2492 3141 2668 3198 nobis
2693 3142 2821 3200 dux
2848 3150 2910 3203 et
2938 3147 3198 3219 praevius

2292 3227 2374 3285 Sit
2399 3228 2462 3284 in
2492 3229 2729 3301 periclis
2756 3233 3064 3305 omnibus,

2293 3317 2481 3388 Hujus
2511 3324 2762 3390 precatu
2788 3323 3024 3381 territus

2289 3406 2569 3464 Facessat
2597 3408 2788 3466 hostis
2817 3411 3075 3469 invidus.

2362 3493 2462 3550 Hic
2492 3510 2605 3551 nos
2631 3502 2922 3569 purgatos
2952 3500 3232 3558 sordibus

2291 3582 2579 3639 Restituat
2606 3584 2945 3644 caclastibus

2290 3670 2401 3727 Ubi
2429 3670 2582 3728 felici
2611 3673 2835 3743 gaudio

2293 3760 2587 3816 Fruamur
2609 3776 2741 3818 levo
2767 3761 3111 3822 intermino.

2326 3885 2341 3896 -
2396 3848 2612 3906 Amen.

1042 4289 1446 4376 INCIPIT
1532 4288 1789 4376 VITA
1868 4288 2249 4379 SANCTI
2336 4288 2857 4380 LEBWINI.

318 4744 374 4798 1.
410 4742 701 4800 Dominus
756 4747 965 4801 noster
1005 4747 1175 4801 lesus
1214 4743 1481 4802 Christus
1533 4748 1778 4817 propter
1818 4744 1906 4800 ni-
1930 4749 1971 4799 ι)
2010 4745 2294 4812 tionibus,
2352 4760 2515 4801 nunc
2563 4749 2765 4800 autem
2806 4744 3263 4814 manifestatum
3308 4744 3370 4815 (Ι
3396 4744 3546 4800 Ten.
3584 4748 3670 4814 iu)

226 4834 432 4893 niam
462 4833 814 4891 claritatem
837 4849 1032 4902 suam,
1064 4849 1189 4907 qua
1214 4833 1421 4891 dilexit
1440 4848 1556 4891 nos
1592 4834 1657 4889 in
1682 4833 1908 4891 saecula
2010 4838 2104 4889 est
2132 4833 2350 4890 sanctis
2378 4832 2763 4906 suis,quibus
2792 4830 3173 4890 voluitnotas
3196 4833 3403 4903 facere
3428 4832 3671 4891 divitias

228 4922 628 4994 seculorum,
680 4939 807 4980 non
864 4923 1066 4980 solum
1103 4940 1214 4997 pro
1254 4923 1458 4993 nobis,
1488 4923 1595 4980 sed
1622 4922 1807 4980 etiam
1836 4939 1911 4979 ex

222 5012 425 5072 nobis
454 5012 644 5070 factis
672 5013 881 5084 homo,
908 5029 1082 5070 verus
1108 5017 1171 5070 et
1190 5013 1490 5087 perfectus
1522 5012 1685 5070 idem
1728 5011 1908 5083 Deus,

218 5107 370 5161 Rex
395 5105 599 5159 noster
616 5106 757 5160 ante
782 5103 1026 5173 saecula,
1043 5119 1182 5159 cum
1210 5118 1320 5175 per
1342 5102 1695 5176 passionem
1720 5101 1913 5159 crucis

228 5192 894 5266 rasum-actionemque
924 5208 961 5249 a
1002 5192 1258 5249 mortuis
1302 5191 1643 5249 secundum
1698 5206 1913 5249 nomen

224 5295 426 5340 om
481 5288 763 5352 operatus
817 5287 961 5340 esset
1019 5283 1274 5339 salutem
1323 5286 1590 5339 nostram
1621 5282 1685 5336 in
1721 5281 1913 5338 medio

222 5376 429 5430 tam
452 5370 647 5443 (Psal.
681 5374 900 5444 Lxxm),
931 5375 1361 5429 consummato
1413 5370 1601 5427 divini
1642 5368 1915 5442 mysterii

224 5472 454 5534 opere,
478 5462 641 5533 quod
668 5462 1083 5519 absconditum
1105 5462 1231 5532 fuit
1258 5477 1301 5520 a
1327 5462 1559 5518 seculis
1586 5466 1642 5517 et
1672 5473 1917 5529 genera-

2016 4924 2382 4980 sacramenti
2428 4923 2613 4994 wits
2664 4921 2817 4993 (Col.
2864 4926 2927 4989 ι),
2971 4922 3298 4980 ascendens
3333 4923 3402 4979 in
3455 4924 3672 4991 αιεωω,

2017 5013 2317 5081 captivam
2342 5011 2523 5068 dcta-it
2552 5011 2963 5081 captivitatem
3021 5012 3216 5082 (Psat.
3252 5012 3451 5084 uva),
3504 5016 3568 5069 et
3610 5015 3677 5075 ut

2018 5100 2101 5157 ait
2130 5100 2446 5174 Apostolus
2476 5118 2492 5156 :
2531 5101 2701 5158 Dedit
2732 5101 2998 5170 gratiam
3034 5102 3358 5173 unicuique
3402 5101 3675 5161 ﬁdelium

2021 5190 2289 5247 Ecclesia;
2337 5189 2663 5247 secundum
2734 5203 3078 5246 mansuram
3130 5190 3474 5251 donationis
3524 5206 3673 5259 sum,

2018 5280 2169 5335 alios
2189 5279 2506 5349 apostolos,
2538 5278 2689 5334 alios
2711 5277 3227 5347 pmpltetas,alios
3250 5281 3672 5350 wangelistas,

2020 5370 2172 5424 alios
2200 5373 2466 5437 pastores
2498 5365 2868 5422 constituens
2894 5372 2951 5422 et
2978 5366 3249 5426 doctores
3274 5369 3518 5439 (Epaes.
3570 5371 3673 5437 iv).

2018 5460 2175 5512 inter
2199 5472 2333 5528 quas
2356 5455 2675 5512 innumera
2698 5455 2829 5525 ejus
2858 5455 3170 5526 beneﬁcia,
3200 5473 3340 5530 quae
3387 5457 3514 5530 ipse
3558 5455 3677 5512 lar-

324 5652 479 5728 (604)
516 5656 621 5714 Hic
652 5656 957 5714 Baldricus
988 5656 1097 5712 fuit
1122 5656 1446 5729 episcopus
1474 5656 1894 5728 Trajectensis,
1922 5653 2017 5710 cui
2043 5651 2397 5709 Hucbaldus
2427 5651 2626 5709 Vitam
2653 5654 2712 5708 S.
2744 5650 2980 5708 Libuini
3004 5646 3241 5710 dicavit.
