3950 6178
470 126 571 177 879

1076 119 1620 187 HUCBALDLMON.
1666 119 1719 173 S.
1768 117 2034 172 AMANDI
2075 117 2223 173 OPP.
2266 120 2444 178 PARS
2483 122 2525 177 Ι.
2568 154 2637 161 -
2677 121 3256 178 HAGIOGRAPHICA.
3665 135 3736 188 880

471 263 581 316 gus
612 246 786 301 dator
812 259 916 315 per
951 242 1222 297 universa
1250 246 1540 298 terrarum
1566 241 1803 297 diffudit
1827 242 2038 315 spatia,
2061 241 2122 296 in
2151 242 2200 295 A
2230 242 2397 300 istius
2432 245 2762 327 specialiter
2791 245 2982 316 gentis
3011 246 3170 302 ﬁeret
3196 247 3492 319 Apostolus.
3522 251 3652 315 Quod
3672 270 3737 326 pa-

471 339 831 391 Francorum
861 346 1100 403 quoque
1135 332 1560 403 Saxonumque
1591 331 1664 386 de
1695 330 1844 386 coelo
1875 347 2123 403 prospe-

466 424 550 479 xit
571 422 794 495 patrias
831 438 842 473 :
875 418 1096 491 quibus
1126 419 1434 475 salvandis
1466 425 1521 476 et
1542 420 1670 490 lege
1693 421 1822 491 ejus
1852 419 2122 475 imbuen-

467 513 576 577 dis,
618 508 879 581 atquein
903 509 1348 580 perseverantia
1376 509 1521 565 boni
1543 510 1738 582 operis
1764 510 2122 565 conﬁrman-

464 601 573 666 dis,
608 602 744 670 post
771 598 930 654 clara
960 597 1357 668 plurimorum
1383 598 1960 654 lumina'doctorum
1985 615 2120 670 quae

462 687 622 743 idem
657 686 753 743 Sol
780 686 1020 757 justitiaa
1052 690 1115 741 ut
1164 687 1494 742 Occidentis
1549 687 1912 759 depellerent
1958 690 2119 743 tene-

459 777 625 846 bras,
654 776 898 849 proprio
928 774 1317 831 irradiaverat
1360 775 1609 845 fulgore,
1650 781 1711 831 ut
1767 781 1824 833 et
1867 776 1979 849 ipsi
2016 776 2119 831 lux

461 870 658 921 essent
680 865 863 936 hujus
894 864 1126 929 mundi,
1161 881 1350 920 unum
1379 881 1622 937 quoque
1640 865 1804 920 sidus
1830 865 2117 921 eximium

456 957 584 1027 jam
643 971 793 1027 pene
850 954 1382 1026 advesperascente
1430 955 1596 1010 istius
1637 954 1835 1011 saeculi
1873 955 1990 1020 die,
2026 955 2118 1010 sui

462 1044 794 1117 splendoris
825 1042 1014 1113 gratia
1034 1043 1343 1115 perfusum
1376 1044 1783 1115 copiosissime
1809 1044 1887 1100 ad
1908 1060 2115 1099 eorum

458 1132 956 1188 illuminationem
982 1131 1266 1201 dignatus
1299 1137 1387 1187 est
1412 1149 1708 1204 promere,
1765 1133 2112 1189 Lebwinum

456 1220 728 1276 videlicet
765 1220 1014 1276 charum
1042 1220 1151 1275 sibi
1185 1220 1470 1290 amicum,
1514 1222 1687 1291 juxta
1735 1222 1960 1277 idioma
2003 1238 2113 1276 no—

457 1310 636 1364 minis
664 1309 774 1365 sibi
804 1309 1028 1381 optime
1055 1310 1455 1379 congruentis.
1494 1314 1693 1366 Fertur
1722 1312 1881 1366 enim
1914 1328 1947 1367 a
1990 1328 2112 1366 suae

456 1399 657 1471 peritis
688 1399 929 1470 linguze,
958 1399 1123 1470 quod
1152 1398 1441 1471 Liefvuyn
1472 1400 1776 1470 patriotice
1827 1400 1900 1455 sit
1941 1416 2113 1455 voca-

456 1494 573 1558 tus,
607 1487 773 1561 quod
805 1487 1085 1561 Romanis
1117 1491 1309 1558 sonat,
1342 1489 1562 1544 Chai-us
1593 1490 1817 1545 amicis.
1854 1489 2113 1561 Demptis

456 1593 593 1651 vero
624 1576 715 1632 vel
742 1560 1061 1631 demutatis
1094 1576 1171 1631 ad
1202 1576 1550 1632 latinitatem
1580 1566 1946 1649 quibuslibet
1961 1560 2110 1634 litte-
2141 1597 2180 1648 Β

455 1666 535 1721 ris
564 1665 757 1721 dictus
790 1669 876 1720 est
909 1664 1207 1720 LibWinus
1273 1666 1387 1721 Sed
1435 1684 1567 1722 ecce
1612 1684 1797 1739 quam
1827 1668 2111 1737 dignitate

455 1753 669 1825 plenus
697 1752 863 1808 istius
889 1752 1165 1808 vocabuli
1194 1755 1578 1825 praesagium,
1610 1755 1757 1810 dum
1805 1756 1971 1828 quod
2020 1757 2110 1812 fu-

455 1846 622 1897 turus
653 1846 777 1898 erat
801 1858 1000 1914 opere,
1030 1842 1157 1912 jam
1181 1843 1310 1912 ejus
1335 1844 1767 1914 prresignatum
1803 1849 1890 1899 est
1915 1845 2107 1899 nomi-

453 1947 549 1986 ne.
577 1931 631 1987 Si
663 1932 821 1985 enim
853 1934 1152 2002 quaeratur
1174 1931 1344 2001 cujus
1376 1924 1463 1986 vir
1494 1932 1602 1987 iste
1635 1933 1915 1989 exstiterit
1963 1934 2109 1989 ami-

452 2036 557 2074 cus
588 2039 598 2075 :
630 2034 1020 2091 nequaquam
1060 2021 1533 2088 mundanorum,
1567 2022 1661 2076 vel
1686 2022 1897 2077 mundi
1918 2022 2104 2091 istius,

452 2109 547 2164 cui
584 2124 707 2163 non
734 2108 929 2163 solum
960 2108 1068 2163 fuit
1096 2108 1392 2176 inimicus,
1428 2110 1531 2164 sed
1562 2111 1742 2166 etiam
1764 2112 2103 2181 cruciﬁxus,

450 2198 600 2253 sicut
624 2197 797 2253 docet
825 2197 1143 2270 Apostolus
1195 2216 1208 2252 :
1264 2199 1376 2264 Qui
1421 2199 1669 2255 voluerit
1709 2200 1944 2263 amicus.
1977 2215 2105 2254 esse

447 2287 629 2357 hujus
664 2285 886 2356 saeculi,
917 2285 1195 2341 inimicus
1230 2287 1331 2342 Dei
1369 2288 1746 2343 constituitur
1797 2290 1945 2355 (Jac.
1977 2289 2051 2357 iv)
2089 2306 2102 2355 ;

449 2376 553 2431 sed
576 2374 776 2448 potius
805 2375 1017 2430 mundi
1048 2375 1381 2431 Conditoris
1412 2393 1616 2432 servus
1664 2377 1913 2449 quidam
1964 2376 2105 2432 fide-

444 2464 709 2520 lissimus
743 2465 934 2519 :inter
963 2480 1064 2520 eos
1100 2481 1247 2532 vero
1292 2465 1392 2537 qui
1449 2466 1655 2521 audire
1709 2469 2054 2521 meruerunt
2087 2483 2098 2519 :

439 2557 569 2609 Jam
624 2570 746 2609 non
794 2553 993 2609 dicam
1046 2570 1154 2610 vos
1210 2570 1436 2621 servos,
1494 2556 1599 2611 sed
1656 2555 1882 2611 amicos
1932 2572 2100 2611 meos

442 2645 642 2711 (Joan.
675 2644 792 2714 xv),
848 2643 1057 2698 merito
1102 2659 1224 2698 suae
1270 2644 1562 2699 servitutis
1613 2647 2095 2699 connumeratur.

440 2734 555 2786 Nec
587 2731 664 2787 ab
695 2748 757 2787 re
788 2730 1071 2804 cuiquam
1099 2731 1391 2798 videatur,
1426 2732 1591 2804 quod
1622 2731 1882 2787 nominis
1929 2730 2097 2786 istius

438 2820 841 2893 interpretatio
898 2837 934 2876 a
986 2821 1160 2876 nobis
1207 2821 1471 2877 studiose
1519 2821 1894 2893 perquiritur.
1931 2820 2099 2876 Novi-

437 2928 574 2965 mus
606 2911 866 2983 denique
896 2910 1262 2983 quibusdam
1291 2911 1774 2977 Patribus,etiam
1792 2916 1925 2965 ante
1959 2925 2097 2965 con-
2134 2948 2173 3002 Ο

436 3001 772 3072 ceptionem
797 3000 983 3055 indita
1015 3000 1198 3056 fuisse
1228 2999 1520 3055 vocabula
1548 3019 1560 3067 ;
1591 3000 1958 3072 quibusdam
1982 3015 2093 3071 po-

435 3095 560 3145 stea
583 3089 917 3159 immutata,
947 3106 1081 3161 quae
1108 3106 1179 3145 ex
1205 3089 1461 3161 propriis
1492 3089 1705 3155 causis,
1740 3093 1842 3144 aut
1872 3104 2091 3161 przece-

432 3178 733 3246 dentibus,
768 3184 869 3234 aut
897 3178 1108 3234 futuris
1138 3183 1371 3234 constat
1414 3178 1570 3233 illius
1621 3178 1800 3234 fuisse
1850 3194 2091 3250 compe-

431 3269 633 3324 tentia.
662 3272 797 3333 Quae
829 3271 885 3323 et
912 3267 1049 3323 ideo
1082 3283 1254 3323 sacra
1282 3267 1460 3323 nobis
1489 3271 1610 3323 tam
1640 3267 1882 3323 solerter
1912 3267 2093 3323 deno-

430 3362 515 3413 tat
572 3357 891 3430 Scriptura,
946 3361 1009 3412 ut
1057 3360 1330 3429 patenter
1377 3356 1605 3421 innuat,
1656 3370 1779 3411 non
1817 3356 2000 3412 modo
2030 3356 2092 3411 in

429 3447 578 3513 istis,
613 3446 718 3502 sed
743 3451 799 3502 et
827 3447 887 3502 in
920 3445 1049 3502 aliis
1078 3445 1446 3519 quibusdam
1501 3449 1845 3501 sanctorum
1896 3444 2090 3500 nomi-

429 3537 609 3591 nibus
638 3552 774 3608 qute
804 3536 981 3592 nobis
1015 3539 1153 3591 sunt
1173 3535 1729 3592 animadvertenda.
1751 3536 1904 3591 Satis
1930 3534 2088 3590 enim

430 3627 639 3682 talium
668 3625 938 3681 indicant
967 3630 1100 3682 acta
1128 3625 1216 3681 vel
1244 3625 1403 3680 dicta
1429 3624 1577 3698 quid
1630 3640 1839 3681 eorum
1886 3624 2090 3697 praesi-

430 3715 743 3786 gnaverint
792 3715 1059 3771 nomina.
1112 3715 1276 3769 Unde
1326 3714 1478 3770 sicut
1513 3710 1759 3781 intelligi
1807 3713 2002 3781 datur,
2036 3718 2092 3768 et

427 3805 523 3860 hic
555 3805 643 3859 vir
673 3809 913 3859 sanctus
962 3803 1231 3876 quodam
1273 3802 1568 3875 praesagio
1605 3802 1944 3858 futurorum
1977 3801 2091 3858 tale

426 3907 650 3947 nomen
672 3897 759 3947 est
784 3891 1041 3957 sortitus,
1074 3896 1139 3946 ut
1162 3891 1369 3960 lingua
1398 3890 1592 3963 patria
1638 3894 1953 3946 vocaretur
1987 3883 2095 3947 Dei

429 3980 644 4035 charus
676 3980 925 4036 amicus.
960 3980 1094 4035 Haec
1126 3980 1265 4036 satis
1295 3980 1452 4035 dicta
1490 3979 1564 4034 de
1615 3978 1858 4034 nomine
1878 3978 2085 4051 ipsius.

426 4072 557 4124 Jam
586 4085 747 4124 nunc
773 4069 851 4126 ad
882 4070 1011 4140 ejus
1044 4073 1210 4138 gesta
1237 4071 1356 4124 Deo
1402 4069 1697 4142 bonisque
1723 4068 1941 4141 placita
1987 4070 2091 4126 ho-

426 4160 712 4226 minibus,
743 4158 879 4214 licet
905 4158 1157 4214 stolidus
1188 4163 1389 4213 noster
1412 4158 1691 4214 decurrat
1721 4158 1931 4229 stylus.

497 4250 561 4305 ΙΙ.
606 4254 669 4304 In
701 4247 827 4303 salo
849 4247 1095 4320 quidem
1122 4246 1403 4319 reposita,
1440 4246 1655 4302 nobilis
1702 4251 1904 4302 tamen
1962 4247 2088 4303 vul-

424 4343 683 4411 gataque
725 4337 1022 4393 Britannia
1053 4335 1262 4392 oceani
1292 4334 1506 4407 insula,
1532 4336 1818 4392 interfuso
1849 4336 2001 4393 mari
2050 4352 2086 4392 a

423 4431 543 4483 toto
574 4427 720 4483 orbe
747 4426 955 4493 divisa,
988 4425 1139 4480 inter
1168 4426 1634 4497 septentrionem
1691 4430 1746 4481 et
1798 4441 2083 4481 occasum

423 4516 553 4584 sita,
584 4533 619 4572 a
649 4514 947 4571 vocabulo
997 4531 1116 4569 suae
1170 4513 1362 4581 gentis
1418 4514 1868 4583 cognominata.
1916 4517 1978 4568 ln
2008 4529 2081 4569 ea

419 4606 610 4661 multa
665 4608 721 4661 et
767 4619 992 4674 magna
1036 4602 1309 4670 ﬂumina,
1361 4602 1554 4658 fontes
1587 4601 1781 4670 calidi,
1815 4602 2082 4659 metallo-

416 4711 553 4750 rum
600 4694 770 4765 larga
821 4697 877 4749 et
952 4691 1117 4748 varia
1182 4691 1402 4764 copia;
1479 4692 1719 4748 achates
1784 4690 1937 4763 lapis
2001 4690 2083 4747 ibi

418 4784 715 4855 plurimus
772 4787 829 4838 et
883 4781 1264 4851 margaritae;
1323 4781 1419 4836 cui
1467 4780 1702 4851 adjacet
1749 4779 1943 4836 Scotia
2000 4780 2076 4835 si-

417 4890 489 4928 ve
536 4871 831 4944 Hyliernia
892 4889 905 4926 :
963 4875 1101 4927 sunt
1152 4887 1294 4927 vero
1348 4869 1429 4924 ibi
1467 4869 1676 4941 populi
1727 4869 1920 4940 multi,
1962 4869 2075 4925 Bri-

418 4965 605 5028 tones,
656 4964 956 5029 Saxones,
1017 4960 1202 5027 Picti,
1256 4958 1447 5029 Angli.
1510 4958 1640 5014 Haec
1724 4958 2073 5015 animalium

417 5049 825 5121 messiumque
872 5049 1037 5104 ferax
1096 5048 1279 5103 ubere
1336 5045 1529 5116 fertili,
1586 5046 1691 5101 diu
1720 5046 1921 5102 dedita
1951 5050 2077 5103 erat

415 5136 712 5192 idolorum
746 5137 944 5192 cultui.
979 5139 1302 5209 Postquam
1334 5152 1475 5192 vero
1505 5134 1663 5191 venit
1691 5135 2074 5207 praedestina—

416 5230 543 5281 tum
572 5242 607 5279 a
636 5228 752 5279 Deo
785 5231 1010 5293 tempus
1042 5228 1122 5280 mi
1133 5226 1364 5281 serendi
1393 5228 1519 5294 ejus
1556 5226 1746 5295 (Psal.
1788 5225 1868 5294 Χ),
1924 5225 2074 5280 sicut

414 5317 473 5371 in
502 5312 905 5371 laudabilibus
939 5314 1041 5367 viri
1074 5314 1545 5386 eloquentissimi
1587 5314 1847 5383 Gregorii
1896 5330 2069 5386 papa:

414 5406 595 5477 gestis
625 5402 899 5472 legimus,
933 5402 1073 5455 data
1106 5402 1217 5455 sibi
1247 5395 1559 5458 occasione
1580 5402 1892 5475 inspiravit
1915 5405 2071 5457 Deus

412 5496 575 5553 cordi
634 5493 821 5559 illitis,
893 5495 988 5557 ut,
1062 5491 1349 5561 quoniam
1417 5495 1541 5563 ipse
1616 5492 1925 5548 dicebatur
1980 5492 2071 5546 vir

412 5584 799 5660 apostolicus,
832 5580 1033 5654 illique
1064 5577 1461 5635 commissum
1491 5585 1615 5637 erat
1642 5581 1717 5636 de
1761 5580 2063 5650 omnibus,

2178 332 2187 339 “
2231 335 2462 391 storalis
2489 354 2645 392 curae
2680 335 2945 391 ofﬁcium
2975 352 3154 407 quam
3183 336 3421 393 studiose
3449 338 3586 395 fuerit
3608 343 3664 398 ab
3693 362 3737 399 eo

2230 422 2715 482 administratum
2742 428 2922 497 atque
2951 429 3270 497 peractum,
3291 433 3592 498 cooperante
3613 432 3735 499 gratia

2231 511 2326 567 Dei
2356 514 2608 581 coalitus,
2640 531 2749 569 nos
2782 513 3081 583 sigillatim
3124 513 3326 570 referre
3370 517 3733 587 supersedemus,

2226 603 2516 674 quoniam
2546 607 2604 660 in
2637 604 2835 660 libello
2865 604 2998 659 vitae
3028 603 3209 676 ipsius
3237 608 3316 660 ter
3356 604 3493 660 beati
3529 607 3734 678 pontificis

2227 692 2488 762 Gregorii
2515 693 2660 749 satis
2688 691 3067 765 propalatum
3106 691 3419 748 recolimus.
3459 695 3558 749 Hoc
3582 700 3733 753 tantum

2226 780 2480 837 sufﬁciat
2507 797 3033 849 commemorasse,
3061 781 3335 854 quoniam
3360 780 3535 837 directi
3563 783 3622 838 ab
3651 784 3733 855 ipso

2223 867 2405 923 fortes
2434 873 2491 925 et
2513 868 2720 924 ﬁdeles
2750 868 3025 939 agricolre
3064 868 3426 925 excoluerunt
3472 870 3635 941 optimi
3659 888 3734 926 cor-

2222 956 2314 1011 dis
2342 962 2560 1013 terram
2588 963 2822 1014 strenue
2846 958 2999 1013 bene
3029 958 3208 1030 polito
3245 956 3442 1026 linguae
3475 974 3575 1013 suae
3609 975 3733 1014 vome

2221 1060 2303 1111 re,
2329 1046 2705 1117 sparsimque
2735 1045 2982 1101 dilatato
3011 1044 3194 1100 divini
3220 1044 3375 1101 verbi
3402 1046 3603 1101 semine.
3617 1053 3671 1102 Ac
3689 1064 3733 1102 ne

2221 1133 2372 1189 foret
2397 1138 2461 1190 ut
2488 1134 2690 1209 diplici
2719 1133 3013 1207 deperiret
3040 1134 3293 1203 laesione,
3340 1138 3393 1189 et
3431 1134 3661 1190 malarum
3677 1152 3734 1189 co-

2222 1220 2574 1290 gitationum
2635 1222 2766 1278 trito
2818 1222 2965 1278 calle
3025 1227 3083 1277 et
3127 1221 3418 1277 volucrum
3452 1222 3731 1295 spiritualium

2219 1311 2498 1382 nequitiae
2530 1312 2918 1381 comestione,
2975 1311 3150 1367 tutari
3203 1302 3521 1367 studuerunt
3556 1311 3729 1366 sollicite.

2222 1404 2469 1471 Insuper
2493 1415 2568 1455 ne
2592 1400 2707 1456 cito
2733 1404 3006 1456 exortum
3052 1416 3254 1456 semen
3297 1404 3510 1473 propter
3545 1399 3731 1455 duritiam

2220 1494 2423 1562 petrte,
2478 1489 2591 1545 hoc
2650 1495 2757 1559 est,
2815 1490 3032 1546 mentis
3083 1489 3392 1556 indomitae,
3451 1488 3528 1544 vel
3576 1494 3731 1560 propter

2220 1580 2436 1633 testum
2468 1578 2860 1634 tentationum
2888 1583 3092 1650 posset
3116 1593 3367 1633 arescere
3396 1577 3531 1647 (Luc.
3558 1577 3656 1647 vm),
3691 1575 3732 1629 ir-

2218 1664 2564 1734 rigaverunt
2591 1664 2734 1721 illud
2765 1664 3140 1721 indeﬁciente
3170 1668 3376 1720 sanctae
3403 1663 3637 1719 charitatis
3668 1663 3732 1716 hu-

2217 1770 2402 1810 more.
2434 1755 2521 1809 Ad
2551 1758 2943 1827 postremum,
2992 1754 3096 1810 ubi
3145 1753 3309 1809 fuerit
3352 1768 3574 1813 necesse,
3602 1750 3731 1806 exstir-

2216 1849 2358 1916 pato
2389 1844 2719 1917 spinarum,
2749 1844 2807 1899 id
2835 1849 2923 1899 est
2944 1843 3301 1907 divitiarum,
3333 1859 3468 1915 quas
3490 1857 3613 1897 nunc
3634 1839 3729 1893 solli-

2217 1933 2435 1999 citudo,
2471 1949 2631 1988 nunc
2684 1933 2960 2005 voluptas
3006 1934 3331 1999 comitatur,
3377 1946 3577 2001 angore,
3612 1926 3729 1997 gavisi

2216 2026 2354 2077 sunt
2401 2021 2626 2077 bonam
2680 2027 2898 2077 terram
2956 2038 3067 2077 suo
3124 2021 3308 2076 labori
3360 2018 3673 2092 respondisse,
3696 2022 3727 2069 et

2213 2110 2549 2166 uberrimos
2580 2111 2806 2166 fructus
2836 2110 3117 2180 edidisse,
3164 2110 3372 2167 scilicet
3396 2110 3674 2179 tmgesimum
3693 2106 3727 2159 in

2214 2203 2378 2254 casto
2409 2198 2671 2268 conjugii
2702 2198 2945 2268 ﬁndere,
2976 2200 3394 2270 sexagesimum
3428 2198 3479 2251 in
3500 2211 3593 2251 non
3612 2208 3727 2267 parvo

2213 2288 2567 2343 sufferentiaz
2641 2288 3076 2343 continentium
3152 2287 3379 2351 labore,
3465 2285 3725 2341 centesimum

2211 2377 2450 2447 (Matth.
2475 2377 2592 2449 xiu)
2624 2377 2684 2432 in
2716 2377 3099 2450 perceptione
3127 2375 3414 2448 virginalis
3431 2390 3629 2431 corona.
3661 2374 3725 2427 Cu-

2204 2465 2303 2535 jus
2325 2466 2566 2521 seminis
2597 2482 2668 2521 ac
2692 2466 2904 2521 messis
2934 2468 3230 2523 intantum
3261 2462 3490 2521 excrevit
3526 2460 3724 2519 cumulus,

2207 2558 2273 2610 ut
2295 2570 2417 2610 non
2447 2554 2630 2611 modo
2652 2555 2933 2626 indigena
2965 2555 3124 2611 illius
3152 2553 3349 2627 patriae
3368 2553 3575 2612 satiaret,
3594 2564 3725 2604 verum

2206 2659 2449 2716 quoque
2479 2648 2821 2700 exterarum
2854 2645 3173 2716 regionum
3216 2642 3491 2699 famelicos
3533 2640 3723 2711 pasceret

2207 2732 2347 2797 Quis
2374 2732 2535 2788 enim
2561 2737 2742 2805 queat
2770 2732 3071 2805 explicare
3099 2737 3247 2806 quot
3268 2729 3471 2787 lumina
3511 2727 3724 2782 doctorum

2204 2819 2402 2875 verbis
2449 2825 2506 2876 et
2575 2819 2861 2893 exemplis
2926 2826 3324 2893 periculorum
3372 2815 3642 2891 prodierunt
3674 2810 3725 2864 in-
3808 2842 3809 2891 ᾖ

2204 2909 2278 2965 de
2301 2910 2327 2963 ?
2360 2911 2519 2975 Quos
2548 2915 2755 2967 nostra
2785 2911 3009 2980 gaudet
3040 2910 3284 2967 Francia
3310 2925 3367 2965 se
3390 2912 3446 2963 ut
3462 2920 3593 2962 veros
3627 2898 3724 2956 Chii»

2205 2998 2279 3053 sti
2310 2998 2618 3070 apostolos
2647 2999 2906 3072 hospitio
2940 3005 3244 3068 gratanter
3270 2996 3540 3070 recepisse,
3573 2991 3721 3046 animo

2202 3087 2317 3142 niis
2370 3087 2749 3144 abundanter
2806 3089 3112 3157 refovisse,
3163 3092 3336 3144 rebus
3365 3102 3425 3143 ac
3459 3077 3722 3140 facultatibus

2201 3175 2629 3232 honorabiliter
2657 3192 3029 3245 munerasse,
3064 3177 3434 3250 praedicantw
3458 3172 3643 3228 libenter
3660 3181 3721 3219 au-

2202 3264 2362 3320 disse
2415 3265 2729 3338 magisque
2786 3267 3179 3323 mouentibus
3225 3282 3284 3321 se
3340 3260 3592 3320 salubriter
3637 3253 3721 3310 obe-

2201 3353 2362 3409 disse
2410 3373 2422 3410 :
2469 3370 2704 3411 necnon
2761 3360 2818 3412 et
2867 3356 3081 3413 beatas
3137 3361 3456 3412 sanctorum
3506 3358 3719 3419 corponlm

2201 3444 2451 3499 exuvias
2481 3460 2542 3499 se
2573 3444 2805 3501 laetatur
2843 3446 3137 3502 hactenus
3191 3445 3267 3501 ad
3315 3456 3527 3500 suorum
3559 3429 3717 3510 palmei-

2200 3532 2369 3588 nium
2400 3536 2753 3589 veneranter
2781 3534 3108 3602 custodire,
3139 3537 3427 3608 sperantes
3453 3544 3539 3602 pro
3560 3524 3624 3581 his
3641 3535 3717 3575 om-

2200 3621 2380 3677 nibus
2408 3638 2470 3678 se
2499 3628 2732 3695 partem
2760 3624 3077 3681 habituros
3101 3641 3240 3682 cum
3276 3626 3354 3679 eis
3379 3621 3433 3677 in
3455 3622 3615 3674 aeterna
3630 3611 3715 3666 δεδ-

2202 3711 2469 3768 titudine.
2533 3715 2611 3767 De
2652 3729 2911 3786 quorum
2960 3715 3337 3771 sanctissimo
3384 3709 3518 3766 fulsit
3556 3697 3712 3792 collegio

2200 3805 2440 3856 sanctus
2494 3801 2834 3869 Lebwinus,
2894 3818 2967 3858 ex
3010 3803 3259 3875 praefata
3303 3797 3575 3870 Anglorum
3594 3791 3712 3883 Ρλξξίδ

2199 3888 2531 3959 oriundus;
2579 3890 2657 3947 ab
2686 3890 2830 3964 ipsis
2882 3908 3130 3966 quoque
3182 3890 3427 3965 pueritiae
3466 3875 3711 3955 crepundiis,

2198 3978 2485 4035 exercitiis
2512 3982 2701 4035 Deum
2730 3980 2965 4037 colendi
2994 3981 3252 4038 deditus.
3307 3982 3425 4035 Jam
3472 3972 3592 4030 enim
3625 3977 3714 4037 pm

2195 4067 2480 4125 tendebat
2526 4084 2766 4125 morum
2817 4069 3157 4137 conatibus,
3223 4067 3405 4143 qualis
3440 4063 3531 4138 piis
3563 4058 3713 4114 futurus

2195 4160 2352 4213 esset
2399 4158 2653 4225 actibus,
2713 4162 2778 4213 ut
2822 4162 3096 4231 patenter
3139 4160 3371 4216 daretur
3402 4147 3594 4218 intelligi
3614 4144 3713 4239 Illinc

2194 4262 2400 4302 verum
2434 4247 2533 4303 Dei
2554 4230 2843 4304 cultorem
2870 4248 2992 4305 fore
3021 4250 3129 4321 qui
3173 4250 3233 4305 in
3274 4248 3393 4316 lege
3430 4243 3535 4313 eius
3555 4230 3717 4325 mam?

2192 4338 2354 4390 retur
2378 4336 2473 4392 die
2501 4352 2572 4392 ac
2601 4342 2772 4392 nocte
2802 4337 2989 4408 (Psal.
3019 4340 3083 4408 ι),
3143 4336 3290 4392 sicut
3336 4337 3387 4390 et
3430 4328 3643 4388 Salomon
3677 4329 3713 4369 ω

2192 4423 2521 4480 Proverbiis
2554 4424 2815 4495 generali
2865 4426 3160 4483 sententia
3197 4422 3405 4497 promit
3442 4419 3505 4475 de
3538 4410 3712 4497 talibus?

2191 4513 2291 4567 Ex
2316 4513 2528 4568 studiis
2565 4494 2687 4568 suis
2718 4514 3085 4585 intelligitur
3122 4494 3279 4584 puer
3321 4512 3369 4567 si
3411 4510 3545 4564 recta
3577 4498 3658 4554 sint
3681 4494 3714 4544 εί

2190 4600 2418 4657 munda
2457 4616 2639 4670 opera
2664 4604 2793 4671 ejus
2822 4602 3020 4672 (Prov.
3053 4606 3176 4669 xx).
3628 4671 3653 4680 η

2263 4690 2350 4745 ΙΙΙ.
2395 4689 2538 4746 Hinc
2590 4689 2934 4747 liberalibus
2991 4707 3063 4747 ac
3118 4690 3312 4765 potius
3351 4683 3509 4743 sacris

2191 4778 2398 4834 studiis
2444 4779 2794 4851 litterarum,
2852 4754 3140 4847 inhians:
3168 4784 3233 4836 ut
3280 4778 3357 4835 ait
3398 4754 3715 4851 Scripturaﬂfd

2188 4868 2487 4924 sciendum
2571 4845 2924 4938 sapientiam
2956 4913 2969 4938 ,
3048 4845 3131 4926 ad
3199 4860 3547 4936 intelligenda
3598 4845 3712 4944 υεν

2179 4959 2521 5027 Prudentia:
2572 4964 2629 5015 et
2682 4960 3121 5030 suscipiendam
3174 4957 3525 5016 eruditionem
3569 4944 3713 5000 ἄρσενι·

2186 5063 2299 5115 me,
2348 5050 2652 5117 justitiam
2709 5056 2763 5106 et
2809 5051 3111 5119 judicium
3157 5055 3213 5106 et
3238 5048 3537 5120 wquitatem
3580 5033 3709 5120 (Ρνθίξῖ

2183 5136 2259 5208 il;
2317 5114 2382 5191 ut
2438 5136 2552 5193 sibi
2602 5114 2856 5210 parvulo
2908 5138 3149 5195 daretur
3191 5114 3412 5201 astutia,
3451 5114 3710 5216 molestae-mi

2184 5225 2427 5281 scientia
2455 5231 2510 5280 et
2537 5226 2866 5283 intellectus
2895 5246 2907 5296 ;
2952 5229 3246 5298 Vigilabat
3280 5224 3356 5281 ad
3378 5222 3517 5291 forat
3556 5217 3709 5298 MPF”

2182 5316 2278 5370 ίίίε
2308 5317 2587 5385 quotidie,
2623 5318 2940 5374 observans
2967 5295 3047 5373 ad
3066 5322 3264 5387 postes
3299 5312 3423 5369 ostii
3464 5308 3566 5376 ejus
3602 5295 3705 5365 (δαρ-

2179 5409 2280 5464 IX).
2306 5406 2574 5477 Cumque
2605 5422 2707 5461 eos
2728 5412 3025 5463 exerceret
3052 5406 3305 5474 assidue,
3336 5396 3549 5472 Optabat
3570 5391 3617 5443 ut
3647 5393 3708 5433 τεο

2175 5494 2326 5548 niret
2396 5494 2452 5549 in
2502 5512 2564 5550 se
2619 5496 2857 5567 spiritus
2927 5496 3228 5570 sapientiae
3260 5537 3272 5561 ,
3340 5480 3705 5570 ἀθρΐθϐᾂωείξυθ

2177 5584 2364 5637 Deum
2415 5599 2488 5638 ex
2548 5560 2683 5640 totis
2740 5560 3082 5657 praecordiis
3135 5560 3318 5640 dixit:
3348 5579 3433 5633 Da
3468 5568 3599 5635 mihi,
3631 5560 3705 5616 Βο-
