4000 6190
226 172 332 227 881

1645 168 1803 223 νΙΤΑ
1844 167 1900 222 8.
1943 163 2224 220 LEBWIN
2231 164 2271 219 Ι.

3585 178 3687 230 882

228 297 418 361 mine,
433 294 673 351 sedium
697 298 941 349 tuarum
967 291 1325 347 assistricem
1348 293 1701 361 sapientiam
1732 305 1754 363 ;
1778 292 1913 347 mit-
1949 293 1997 345 Α
2027 289 2202 346 tionis
2233 290 2520 359 efﬁcacia,
2554 298 2619 350 ut
2652 294 2816 350 velut
2846 292 3155 349 oculatum
3179 292 3403 351 animal
3447 301 3581 354 ante
3633 304 3690 355 et

233 394 295 444 te
324 387 508 443 illam
537 385 615 440 de
640 383 805 439 caelis
836 382 1060 438 sanctis
1095 382 1302 450 tuis,et
1332 396 1370 437 a
1398 381 1530 438 sede
1552 382 1916 452 magnitudi-

231 478 332 534 nis
356 483 499 543 tuae,
526 480 592 529 ut
621 488 853 529 mecum
884 471 963 526 sit
983 475 1039 526 et
1065 485 1294 526 mecum
1329 470 1575 537 laboret,
1608 477 1675 527 ut
1728 472 1914 527 sciam

235 567 389 639 quid
408 570 724 633 acceptum
755 562 833 617 sit
862 575 1062 616 coram
1098 564 1154 615 te
1183 559 1347 628 (Sap.
1380 558 1475 631 vr).
1515 561 1643 614 Haec
1685 576 1756 615 eo
1805 574 1915 613 sae-

236 656 380 729 pius
405 654 792 727 deprecante,
817 647 1076 706 occurrit
1105 648 1159 703 ei
1183 648 1339 722 ipsa,
1365 664 1502 720 quae
1524 648 1729 704 circuit
1757 663 1919 721 quae-

237 761 381 801 rens
411 743 632 813 dignos
655 756 738 807 se,
758 743 815 795 et
835 736 1095 794 ostendit
1125 753 1187 792 se
1208 736 1290 792 illi
1315 736 1600 805 hilariter,
1634 741 1691 793 et
1713 735 1920 792 obvia-

238 836 323 892 vit
350 834 436 891 illi
465 832 645 906 quasi
673 834 866 887 mater
890 826 1308 895 honoriﬁcata,
1343 831 1511 882 stans
1539 826 1603 882 in
1661 824 1918 882 summis

240 924 616 995 excelsisque
673 918 1020 989 verticibus,
1074 917 1137 972 in
1194 916 1409 972 mediis
1476 916 1704 972 semitis
1746 916 1920 986 juxta

239 1017 453 1087 portas
481 1008 738 1067 civitatis
759 1007 821 1063 in
854 1006 998 1080 ipsis
1030 1004 1277 1061 foribus.
1313 1006 1451 1059 Erat
1478 1008 1776 1072 autem,ut
1790 1003 1920 1074 jam

242 1106 385 1159 ante
414 1115 530 1156 nos
548 1112 656 1171 per
676 1094 1008 1169 quemdam
1026 1092 1118 1148 sui
1141 1095 1478 1148 amatorem
1498 1090 1576 1146 de
1599 1107 1671 1148 ea
1689 1090 1919 1146 dictum

241 1197 356 1259 est,
390 1185 699 1245 reverendi
731 1182 1067 1240 admodum
1088 1180 1308 1247 vultus,
1326 1178 1519 1236 oculis
1542 1178 1917 1245 ardentibus,

240 1285 301 1338 et
322 1279 484 1337 ultra
511 1290 903 1334 communem
932 1270 1249 1328 hominum
1294 1267 1631 1324 valentiam
1685 1266 1919 1341 perspi-

240 1369 514 1438 cacibus,
543 1365 740 1422 colore
769 1362 992 1428 vivido,
1049 1363 1228 1431 atque
1268 1357 1617 1413 inexhausti
1671 1355 1920 1425 vigoris,

241 1463 549 1534 quatenus
575 1455 659 1522 ita
679 1453 788 1509 sevi
819 1451 997 1525 plena
1026 1448 1174 1504 foret
1201 1452 1267 1501 ut
1286 1444 1457 1534 nullo
1479 1445 1680 1534 modo
1699 1447 1923 1534 nostrae

243 1531 590 1605 crederetur
617 1542 825 1607 aetatis,
878 1543 1103 1596 statura
1148 1531 1530 1591 discretionis
1595 1532 1921 1601 ambigute.

2024 383 2180 434 retro
2208 380 2506 438 incederet
2534 384 2596 438 in
2629 383 2904 439 omnibus
2945 382 3253 437 mandatis
3292 390 3346 439 et
3395 387 3691 454 justiﬁca—

2025 469 2282 524 tionibus
2320 472 2563 527 Domini
2585 474 2712 528 sine
2738 471 2984 542 querela
3019 472 3186 538 (Luc.
3221 476 3286 537 ι).
3340 475 3476 529 Erat
3530 475 3691 531 enim

2021 557 2112 612 vir
2149 574 2384 627 magnae
2414 560 2809 627 abstinentiae,
2831 558 2945 614 sibi
2970 574 3191 631 parcus
3229 562 3434 629 egenis
3460 562 3687 632 largus,

2023 662 2124 701 ore
2156 663 2423 718 serenus,
2454 666 2705 723 corpore
2737 653 2966 719 castus,
2997 648 3353 705 lectionibus
3376 653 3580 723 sacris,
3608 654 3694 709 vi-

2024 735 2176 805 giliis
2207 741 2263 791 et
2282 739 2654 794 orationibus
2682 736 3382 807 indesinenterintentus,
3412 757 3690 797 sermone

2017 826 2344 896 jucundus,
2373 827 2656 900 qualitate
2689 843 2937 884 morum
2964 825 3220 894 sobrius,
3246 830 3531 903 omnique
3586 831 3692 887 bo-

2022 914 2203 970 nitate
2228 917 2639 987 preeditus.His
2663 922 2718 972 et
2739 915 3099 987 hujusmodi
3119 915 3351 988 pollens
3371 919 3689 975 virtutibus

2025 1003 2278 1075 adeptus
2308 1009 2396 1060 est
2418 1006 2709 1063 honorem
2736 1005 3076 1061 clericatus.
3121 1006 3315 1069 Quam
3342 1006 3692 1077 dignitatem

2025 1093 2249 1163 gradus
2281 1098 2338 1149 et
2364 1095 2644 1151 vocabuli
2673 1095 2929 1151 credens
2955 1093 3239 1149 divinitus
3267 1095 3695 1167 collatam,sibi

2025 1182 2244 1252 agebat
2272 1183 2466 1239 studio
2512 1184 2804 1257 pervigili,
2863 1198 2941 1239 ne
2993 1198 3233 1238 morum
3288 1186 3553 1257 operatio
3584 1202 3695 1241 suo

2024 1270 2257 1327 nomini
2278 1271 2635 1329 dissentiret.
2670 1272 2873 1346 Κλήρος
2901 1274 3065 1327 enim
3094 1274 3438 1343 Graece,sors
3462 1274 3557 1330 vel
3580 1275 3698 1330 lite-

2027 1360 2250 1417 reditas
2280 1360 2495 1417 dicitur
2529 1362 2750 1418 Latine.
2786 1362 2957 1418 Unde
2990 1365 3048 1417 et
3078 1362 3459 1435 appellantur
3479 1363 3696 1432 clerici,

2028 1449 2193 1522 quod
2220 1450 2294 1504 de
2326 1456 2481 1507 sorte
2510 1451 2744 1507 Domini
2777 1455 2926 1506 sunt
2946 1454 3004 1506 et
3030 1452 3205 1523 quasi
3235 1452 3309 1508 de
3342 1453 3469 1524 ejus
3516 1454 3701 1508 haere-

2029 1538 2210 1594 ditate
2239 1539 2543 1610 peculiari,
2570 1540 2719 1595 sicut
2742 1539 2804 1594 in
2831 1542 3217 1595 Testamento
3265 1541 3453 1597 Veteri
3492 1541 3701 1597 levitas

245 1640 405 1694 Nam
429 1649 594 1691 nunc
623 1630 871 1704 quidem
901 1627 980 1684 ad
1033 1638 1424 1682 communem
1478 1637 1545 1676 se
1601 1621 1923 1677 hominum
1958 1640 1999 1694 Β
2031 1638 2103 1678 ex
2128 1624 2263 1679 ﬁliis
2285 1627 2462 1683 Israel
2490 1633 2553 1683 ut
2585 1627 2866 1700 proprios
2899 1629 3235 1701 assumpsit
3258 1629 3389 1696 sibi,
3413 1629 3508 1685 vel
3562 1629 3700 1685 ideo

243 1739 604 1784 mensuram
635 1719 991 1786 cohibebat;
1022 1731 1184 1772 nunc
1213 1729 1354 1769 vero
1390 1710 1644 1783 pulsare
1697 1710 1921 1766 coelum

245 1815 478 1873 summi
505 1810 740 1869 verticis
771 1806 1082 1866 cacumine
1111 1803 1448 1859 videbatur.
1483 1804 1629 1866 Qua:
1660 1816 1802 1856 cum
1835 1799 1921 1855 al-

247 1907 370 1963 tius
395 1907 579 1975 caput
607 1898 931 1967 extulisset,
956 1895 1158 1968 ipsum
1190 1892 1369 1947 etiam
1390 1889 1614 1945 coelum
1638 1893 1922 1962 penetra-

242 1996 381 2063 bat,
403 1988 969 2064 respicientiumque
985 1982 1302 2039 hominum
1326 1978 1726 2034 trustrabatur
1747 1978 1925 2033 intui-

244 2085 406 2135 tum.
439 2079 585 2134 Haec
615 2075 1019 2143 ardiﬁcaverat
1045 2071 1158 2126 sibi
1185 2069 1446 2130 domum,
1480 2066 1584 2121 ubi
1611 2066 1924 2122 exciderat

246 2170 369 2225 sibi
399 2170 711 2224 columnas
744 2168 983 2233 septem,
1032 2165 1212 2231 atque
1268 2155 1594 2212 immolans
1641 2155 1921 2210 victimas

249 2274 402 2313 suas
434 2254 673 2312 miscuit
692 2252 902 2308 vinum
931 2254 990 2304 et
1015 2245 1216 2321 posuit
1246 2259 1521 2299 mensam
1575 2258 1772 2312 suam,
1814 2242 1923 2313 mi-

249 2348 457 2418 sitque
488 2341 736 2400 ancillas
763 2355 910 2395 suas
943 2342 1010 2393 ut
1033 2337 1318 2392 vocarent
1364 2332 1444 2387 ad
1490 2347 1690 2387 arcem
1740 2336 1799 2387 et
1845 2332 1925 2387 ad

251 2435 486 2492 muenia
515 2430 786 2495 civitatis,
814 2428 1019 2484 dicens
1045 2443 1057 2481 :
1092 2426 1162 2481 Si
1187 2426 1319 2495 quis
1350 2428 1436 2478 est
1478 2422 1776 2490 parvulus
1830 2436 1924 2477 ve-

253 2528 391 2581 niat
421 2524 503 2580 ad
548 2534 685 2591 me;
711 2520 973 2590 itemque
1005 2512 1424 2587 insipientibus
1458 2527 1472 2564 :
1518 2511 1925 2576 Venite,come-

252 2616 385 2671 dite
398 2627 621 2683 panem
658 2623 875 2674 meum,
926 2609 985 2661 et
1040 2604 1215 2659 bibite
1271 2602 1469 2657 vinum
1513 2600 1671 2670 quod
1711 2600 1930 2655 miscui

256 2702 442 2758 vobis.
476 2697 818 2768 Relinquite
843 2694 1172 2764 infantiam
1201 2697 1257 2747 et
1285 2688 1498 2755 venite,
1530 2692 1583 2743 et
1622 2688 1928 2745 ambulate

253 2807 371 2862 per
400 2791 526 2846 vias
552 2786 895 2858 prudentiae
923 2785 1125 2848 (Prov.
1151 2782 1248 2851 1x).
1282 2781 1442 2833 Tunc
1468 2777 1620 2831 inter
1647 2790 1928 2830 numero-

257 2897 361 2936 sos
394 2878 654 2951 copiosae
673 2872 867 2947 plebis
906 2871 1210 2927 auditores
1234 2865 1473 2941 placido
1527 2865 1692 2920 vultu
1742 2864 1927 2937 respi-

257 2970 426 3024 ciens
452 2963 743 3022 humilem
778 2960 1125 3017 Lebwinum
1146 2973 1329 3030 quem
1360 2959 1497 3011 ante
1529 2952 1750 3009 saecula
1779 2969 1928 3025 praa-
1955 2987 1996 3040 Ο

259 3059 479 3114 scierat
507 3060 564 3111 et
595 3051 1124 3127 praedestinaverat
1160 3048 1286 3103 fore
1331 3045 1442 3101 sibi
1486 3045 1739 3099 charum
1773 3043 1924 3099 ami-

260 3163 430 3211 cum,
461 3159 609 3200 voce
641 3139 946 3198 amicabili
972 3136 1155 3194 aﬂata
1184 3140 1276 3191 est
1301 3134 1469 3189 illum
1504 3134 1690 3203 :Ego,
1709 3131 1922 3204 inquit,

261 3239 580 3307 diligentes
611 3247 704 3287 me
731 3231 940 3300 diligo,
971 3233 1024 3283 et
1046 3226 1151 3299 qui
1186 3240 1361 3281 mane
1408 3223 1790 3294 vigilaverint
1845 3221 1927 3277 ad

260 3341 360 3382 me
384 3323 686 3379 invenient
713 3334 803 3374 me
835 3318 1038 3385 (Prov.
1060 3314 1201 3386 Vill).
1230 3313 1595 3385 Principium
1642 3326 1737 3366 me
1795 3310 1924 3366 adi-

260 3411 562 3488 piscendi,
585 3411 764 3465 timor
793 3405 1029 3463 Domini
1063 3422 1074 3459 :
1109 3404 1457 3459 Intellectus
1507 3402 1691 3457 bonus
1744 3400 1927 3456 omni-

267 3506 376 3559 bus
402 3499 767 3571 facientibus
798 3512 929 3552 eum
964 3495 1149 3565 (Psal.
1184 3496 1295 3563 cx).
1340 3492 1475 3546 Haec
1508 3506 1650 3546 aure
1682 3489 1930 3545 audien-

260 3593 326 3649 di
357 3591 609 3648 audiens
631 3590 874 3644 sanctus
894 3585 983 3640 vir
1022 3582 1359 3647 Lebwinus,
1385 3578 1700 3636 exsultavit
1724 3579 1785 3634 in
1813 3582 1927 3634 Do-

263 3681 435 3737 mino
466 3694 567 3733 cor
594 3677 724 3747 ejus
747 3678 805 3729 et
831 3672 1017 3727 dixit:
1058 3671 1187 3741 Ego
1217 3684 1419 3725 servus
1480 3675 1616 3723 tuus
1661 3673 1712 3722 et
1764 3667 1926 3733 ﬁlius

262 3770 511 3828 ancilla?
543 3773 661 3823 tua:
692 3763 884 3830 (Psal.
916 3766 1067 3825 cxv).
1102 3760 1350 3815 Gressus
1408 3773 1562 3815 meos
1614 3756 1809 3826 dirige
1844 3770 1929 3811 se-

265 3860 532 3918 cundum
559 3854 859 3925 eloquium
892 3857 1057 3906 tuum
1088 3856 1151 3904 ut
1179 3864 1299 3904 non
1321 3848 1660 3903 dominetur
1682 3846 1799 3901 mei
1812 3860 1931 3900 om-

263 3950 364 4004 nis
392 3944 714 4016 injustitia.
740 3940 939 3996 Deduc
967 3953 1060 3993 me
1091 3939 1150 3992 in
1182 3937 1451 3992 semitam
1502 3934 1926 3991 mandatorum

266 4045 529 4105 tuorum,
559 4034 705 4105 quia
729 4031 919 4100 ipsam
948 4028 1130 4085 volui.
1194 4027 1347 4082 Ecce
1396 4025 1710 4093 concupivi
1762 4038 1930 4078 man-

264 4129 419 4184 data
449 4132 573 4190 tua,
606 4124 668 4178 in
697 4120 977 4191 aequitate
1002 4122 1107 4172 tua
1138 4116 1371 4184 viviﬁca
1388 4130 1478 4170 me
1509 4113 1926 4184 (Psal.cxvm).

267 4213 498 4271 Exinde
526 4212 653 4266 oleo
693 4208 921 4265 laetitia:
974 4204 1163 4276 (Psal.
1195 4203 1347 4274 xuv)
1404 4201 1682 4274 perfusus
1713 4200 1791 4256 ab
1836 4216 1927 4268 ea,

263 4300 625 4378 proﬁciebat
643 4298 719 4353 de
742 4295 838 4351 die
868 4296 930 4349 in
954 4293 1115 4349 diem
1146 4291 1419 4347 amicitias
1450 4292 1578 4362 ejus
1622 4290 1831 4361 gratia.
1864 4292 1931 4345 Et

266 4409 351 4451 ne
380 4390 514 4464 quis
543 4389 691 4444 forte
716 4389 903 4459 putet,
935 4382 1267 4456 postposita
1295 4397 1495 4436 rerum
1522 4384 1826 4449 gestarum
1844 4395 1932 4435 se-

266 4483 360 4540 rie
376 4495 487 4536 nos
511 4476 793 4551 quaedam
825 4472 1003 4528 veluti
1039 4469 1318 4526 fabulosa
1341 4485 1410 4525 ac
1439 4468 1673 4541 frivola,
1707 4474 1772 4524 ut
1824 4468 1931 4523 iste

267 4572 488 4627 beatus
518 4565 605 4622 vir
616 4563 694 4621 ad
704 4560 975 4619 notitiam
988 4558 1335 4614 semitarum
1349 4556 1652 4629 sapientiae
1682 4556 1734 4627 ej
1744 4572 1933 4628 usque

270 4656 643 4729 agnitionem
670 4647 1041 4708 contenderit
1064 4650 1500 4703 commentatos
1535 4660 1699 4699 esse:
1750 4644 1798 4698 si
1843 4659 1935 4699 so-

269 4747 445 4804 brius
458 4743 641 4799 lector
662 4739 751 4796 vel
771 4737 1008 4795 auditor
1031 4734 1329 4799 exstiterit,
1355 4732 1631 4788 volumus
1641 4748 1752 4805 pro
1775 4736 1934 4788 certo

271 4834 506 4894 noverit
533 4829 699 4888 haud
725 4828 893 4884 aliter
919 4826 1135 4897 cuique
1165 4824 1423 4878 inerrato
1450 4821 1743 4877 viandum
1781 4838 1932 4892 esse,

273 4931 342 4983 ut
361 4924 548 4997 ipsius
578 4916 1036 4976 desiderabilem
1073 4918 1255 4986 queat
1305 4912 1565 4984 speciem
1618 4911 1932 4983 inspicere.

276 5016 522 5073 Constat
551 5009 711 5066 enim
740 5004 1100 5069 ﬁrmissime,
1130 5002 1423 5073 quoniam
1442 5000 1576 5073 quis
1607 5000 1935 5072 praesigna-

276 5110 373 5162 tos
392 5096 815 5172 hujuscemodi
839 5090 1328 5168 progressionum
1362 5089 1585 5159 gradus
1614 5089 1836 5162 quibus
1860 5090 1939 5146 ad

278 5207 419 5250 eam
445 5185 848 5245 incedendum
878 5178 1318 5247 conscenditur,
1351 5178 1794 5251 praetermiserit
1840 5195 1938 5234 ve-

281 5282 525 5352 stigare,
552 5282 609 5333 et
636 5274 799 5331 nullo
831 5271 1012 5328 modo
1033 5267 1591 5343 philosophandum
1624 5283 1775 5323 esse.

354 5371 424 5424 IV
477 5369 632 5436 Ergo
659 5362 952 5436 quoniam
976 5358 1072 5414 hic
1100 5358 1313 5414 beatus
1373 5356 1451 5413 ab
1498 5356 1739 5412 ineunte
1769 5362 1940 5414 (etate

284 5464 411 5518 toto
435 5453 752 5513 conamine
777 5452 888 5507 has
919 5452 1272 5521 prosecutus
1304 5452 1392 5503 est
1425 5446 1553 5501 vias
1586 5447 1940 5520 prudentie,

284 5551 371 5609 sic
402 5546 734 5605 maximam
751 5538 1080 5615 promeruit
1104 5538 1561 5611 praerogativam
1577 5536 1793 5593 divinae
1816 5554 1943 5610 gra-

286 5642 406 5699 tiaa.
446 5640 553 5694 Per
570 5635 729 5692 hanc
756 5629 1016 5701 denique
1036 5627 1226 5684 inerat
1254 5628 1306 5684 ei
1330 5632 1517 5684 cautae
1550 5627 1942 5702 circumspec-

2031 1711 2173 1782 quia
2196 1712 2457 1769 vicissim
2483 1714 2563 1768 illi
2592 1715 2697 1786 qui
2721 1731 2863 1770 vere
2881 1720 3026 1770 sunt
3056 1715 3251 1771 clerici
3281 1720 3495 1788 praeter
3514 1719 3703 1771 Deum

2033 1799 2262 1855 nullam
2287 1806 2716 1873 concupiscant
2747 1802 3162 1859 haereditatem
3193 1804 3255 1859 in
3294 1804 3407 1859 hac
3458 1803 3702 1872 regione

2033 1890 2290 1959 mortali,
2321 1897 2729 1961 exspectantes
2750 1892 2893 1947 viva
2925 1908 3033 1965 spe
3054 1893 3156 1948 illa
3184 1894 3703 1963 incorruptibilem

2033 1987 2088 2035 et
2137 1981 2674 2037 incontaminatam
2725 1988 2779 2036 et
2838 1982 3415 2050 immarcescibilem,
3475 1999 3708 2040 conser-

2034 2075 2233 2126 vatam
2264 2074 2325 2125 in
2357 2072 2519 2127 caelis
2542 2072 2602 2139 (Ι
2623 2073 2788 2126 Petr.
2822 2074 2890 2140 ι),
2924 2087 3037 2140 per
3068 2074 3261 2141 ipsum
3291 2078 3346 2128 et
3390 2088 3523 2127 cum
3576 2075 3703 2143 ipso

2033 2166 2085 2214 et
2122 2160 2183 2214 in
2212 2162 2338 2229 ipso
2366 2160 2553 2229 (Rom.
2581 2162 2640 2229 ιι)
2667 2175 2728 2213 se
2760 2175 2945 2230 posse
2977 2159 3289 2233 consequi,
3313 2160 3463 2216 sicut
3492 2164 3549 2217 et
3574 2161 3703 2233 ipse

2032 2249 2116 2305 eis
2135 2248 2733 2321 repromittitdicens:
2756 2250 2888 2318 Ego
2903 2251 3223 2305 hiereditas
3244 2266 3446 2305 eorum
3461 2251 3700 2316 (Ezech.

2032 2339 2205 2407 xuv),
2259 2336 2611 2392 meditantes
2656 2336 2884 2406 jugiter
2945 2343 3003 2393 et
3055 2338 3362 2394 dicentes:
3412 2340 3702 2395 Dominus

2026 2440 2174 2494 pars
2206 2426 2576 2483 hmreditatis
2608 2440 2751 2481 mea?
2780 2432 2839 2481 et
2862 2427 3072 2482 calicis
3101 2428 3232 2494 mei,
3269 2434 3331 2482 tu
3362 2443 3418 2484 es
3475 2430 3580 2499 qui
3606 2445 3701 2485 re-

2032 2516 2237 2570 stitues
2271 2513 2680 2570 hiereditatem
2709 2529 2907 2569 meam
2938 2515 3107 2570 mihi.
3134 2515 3330 2571 Funes
3361 2517 3703 2573 ceciderunt

2033 2603 2182 2658 mihi
2210 2604 2272 2657 in
2292 2603 2610 2672 praeclaris
2636 2604 2890 2658 .'etenim
2915 2603 3233 2661 haereditas
3254 2621 3383 2661 mea
3390 2608 3703 2675 prceclara

2033 2699 2118 2748 est
2145 2693 2296 2748 mihi
2324 2693 2511 2759 (Psal.
2535 2692 2654 2763 xv).
2691 2691 2789 2746 His
2811 2691 3075 2748 intentus
3096 2693 3186 2748 vir
3216 2699 3457 2751 sanctus
3484 2696 3702 2751 [.ebwi-

2033 2798 2148 2838 nus
2179 2798 2249 2838 ac
2281 2781 2490 2838 sedulo
2515 2781 2787 2837 recolens
2817 2782 2967 2854 quid
2993 2783 3068 2838 de
3120 2783 3471 2841 clericorum
3521 2787 3702 2841 mori-

2034 2874 2150 2929 bus
2180 2872 2274 2928 his
2302 2887 2453 2944 pene
2482 2871 2683 2927 verbis
2711 2888 2749 2927 a
2770 2873 2994 2929 sanctis
3014 2873 3349 2930 institutum
3398 2876 3471 2931 sit
3513 2876 3701 2932 Patri-

2036 2963 2173 3029 bus,
2207 2962 2495 3017 abstinuit
2523 2976 2557 3015 a
2587 2961 2822 3030 vulgari
2860 2962 2982 3018 vita
3029 2968 3086 3018 et
3137 2965 3605 3033 conversatione,
3665 2984 3704 3022 a

2036 3051 2250 3107 mundi
2274 3049 2684 3122 voluptatibus
2701 3054 2765 3106 et
2780 3052 3199 3123 spectaculis,a
3215 3054 3414 3109 saeculi
3435 3055 3700 3126 pompis,

2036 3158 2073 3198 a
2094 3140 2380 3197 conviviis
2408 3138 2684 3212 publicis,
2700 3140 2781 3196 ab
2802 3142 3001 3196 usuris
3027 3147 3082 3197 et
3112 3143 3377 3215 turpium
3397 3143 3706 3200 lucrorum

2036 3229 2557 3303 occupationibus,
2592 3244 2628 3284 a
2658 3228 2978 3286 fraudibus
3038 3236 3094 3287 et
3141 3232 3218 3286 ab
3271 3232 3405 3304 ipsa
3463 3238 3709 3288 cuncto-

2036 3337 2171 3376 rum
2201 3319 2522 3374 criminum
2544 3321 2735 3373 matre
2760 3320 3013 3375 avaritia
3046 3339 3058 3388 ;
3090 3336 3215 3376 non
3244 3320 3441 3376 ofﬁcia
3473 3336 3543 3377 ac
3602 3338 3708 3377 ne-

2039 3409 2200 3478 gotia
2224 3407 2555 3476 saecularia,
2590 3423 2713 3462 non
2747 3408 2972 3478 gradus
3000 3409 3300 3464 honorum
3331 3414 3567 3464 sectans
3597 3425 3708 3481 per

2038 3497 2451 3561 ambitionem,
2485 3510 2606 3550 non
2637 3511 2749 3566 pro
2780 3496 3084 3551 beneﬁciis
3107 3496 3418 3552 medicina:
3436 3496 3535 3551 Dei
3558 3513 3705 3570 eap-

2039 3591 2171 3642 tans
2200 3600 2453 3639 munera
2483 3601 2498 3649 ;
2530 3582 2703 3638 dolos
2732 3589 2787 3639 et
2808 3584 3705 3654 conjurationes,odium,aemu-

2037 3674 2341 3739 lationem,
2371 3671 2833 3728 obtrectationes
2858 3673 3094 3740 fugiens
3125 3677 3302 3744 atque
3348 3672 3641 3729 invidiam
3685 3695 3698 3743 ;

2038 3778 2161 3818 non
2182 3761 2354 3829 vagis
2383 3760 2591 3825 oculis,
2624 3776 2749 3815 non
2780 3761 2994 3816 infreni
3024 3760 3231 3830 lingua
3279 3763 3382 3816 aut
3411 3758 3704 3831 petulanti

2039 3850 2391 3922 tumidoque
2422 3848 2704 3905 incedens
2736 3853 2906 3919 gestu
2935 3867 2948 3915 ;
2983 3848 3091 3905 sed
3140 3848 3354 3903 mentis
3404 3847 3701 3919 pudorem

2039 3946 2218 4013 atque
2243 3938 2691 4006 verecundiam,
2735 3938 2993 4011 simplici
3037 3938 3357 3994 ostendens
3405 3936 3617 3992 habitu
3645 3940 3705 3992 et

2039 4030 2300 4098 incessu,
2378 4027 2808 4084 obscenitatem
2893 4028 2977 4083 sic
3046 4027 3372 4083 verborum
3446 4024 3596 4080 sicut
3648 4029 3705 4081 et

2040 4134 2293 4191 operum
2323 4123 2560 4190 penitus
2590 4133 2931 4187 exsecrans,
2963 4116 3327 4174 visitationes
3374 4115 3701 4171 viduarum

2041 4225 2111 4264 ac
2139 4207 2463 4277 virginum,
2494 4224 2562 4263 ac
2586 4208 2981 4264 contubernia
3000 4213 3420 4264 extranearum
3452 4206 3703 4262 femina-

2040 4314 2176 4354 rum
2206 4296 2546 4353 nullatenus
2577 4301 2887 4370 appetens,
2907 4297 3325 4354 castimoniam
3346 4295 3700 4352 immacula-

2040 4386 2082 4442 ti
2109 4384 2307 4441 cordis
2334 4389 2389 4440 et
2414 4385 2680 4457 corporis
2708 4389 2999 4458 perpetuo
3017 4399 3371 4439 conservare
3400 4383 3697 4438 studebat.

2042 4480 2196 4531 Inter
2240 4476 2369 4530 haec
2426 4474 2693 4530 debitam
2737 4474 3015 4546 praebens
3059 4471 3392 4528 senioribus
3419 4470 3698 4525 obedien-

2043 4565 2209 4633 tiam,
2242 4564 2406 4619 nullo
2434 4580 2496 4619 se
2519 4562 2818 4635 jactantiae
2878 4562 3016 4618 vitio
3049 4560 3387 4629 extollebat,
3438 4564 3494 4614 et
3550 4559 3701 4632 quid

2044 4655 2275 4728 plura?
2316 4652 2711 4714 Lectionibus,
2766 4651 3074 4721 doctrinis,
3136 4649 3402 4722 psalmis,
3457 4647 3703 4721 hymnis

2046 4743 2411 4814 canticisque
2438 4740 2845 4814 spiritualibus
2903 4738 3178 4795 exercitio
3211 4737 3343 4809 jugi
3370 4736 3698 4805 insistebat,

2044 4833 2309 4906 profecto
2332 4830 2522 4887 sciens
2552 4829 2695 4902 quia
2716 4828 2862 4884 tales
2891 4832 3125 4900 oportet
3153 4826 3396 4883 clericOS
3427 4841 3578 4893 esse,
3597 4825 3705 4897 qui

2046 4922 2261 4977 divinis
2291 4919 2547 4976 cultibus
2577 4935 2638 4973 se
2668 4916 3107 4989 mancipandos
3135 4914 3374 4971 student
3399 4914 3699 4971 exhibere.

2048 5010 2213 5067 Unde
2267 5014 2323 5064 et
2371 5007 2498 5080 ipse
2551 5009 2669 5064 Deo
2728 5006 2907 5062 talem
2936 5005 3225 5062 exhibens
3246 5020 3329 5073 se,
3361 5009 3499 5076 post
3522 5008 3702 5061 tantae

2048 5097 2474 5155 continentiam
2506 5097 2641 5153 vitae
2670 5096 2913 5152 detonso
2941 5110 3196 5165 rasaque
3225 5094 3421 5163 capite
3450 5110 3569 5149 non
3603 5108 3703 5150 ca-

2045 5190 2227 5258 pillos
2255 5187 2449 5256 posuit
2480 5185 2736 5242 urendos
2766 5184 3053 5251 sacriﬁcii
3080 5183 3292 5239 veteris
3318 5184 3457 5251 igne
3500 5183 3699 5252 (Num.

2053 5281 2148 5348 Vl),
2183 5276 2290 5332 sed
2322 5280 2382 5331 ut
2401 5292 2577 5331 verus
2617 5276 2930 5330 Nazaraeus
2981 5287 3342 5329 consecrans
3390 5270 3703 5344 perfectio-

2049 5378 2189 5418 nem
2219 5362 2553 5418 devotionis
2586 5378 2711 5417 suse
2741 5360 2955 5417 obtulit
2983 5365 3172 5417 totum
3211 5376 3274 5416 se
3332 5361 3582 5417 hostiam
3623 5360 3705 5414 vi-

2051 5457 2277 5509 ventem
2306 5453 2742 5520 sanctam,Deo
2779 5453 3112 5520 placentem
3169 5450 3356 5520 (Rom.
3380 5448 3517 5518 xxx),
3566 5462 3701 5517 quae

2052 5546 2318 5598 ureretur
2348 5542 2589 5598 assidue
2612 5542 2799 5598 sancti
2827 5541 3076 5615 Spiritus
3104 5541 3259 5611 igne,
3286 5543 3351 5593 ut
3364 5538 3530 5593 ﬁeret
3549 5535 3705 5590 obse-

2056 5634 2259 5705 quium
2290 5636 2418 5704 ejus
2447 5632 2806 5691 rationabile
2835 5633 3025 5705 (Rom.
3057 5631 3175 5701 xu),
3203 5632 3261 5685 et
3286 5626 3434 5683 illud
3463 5625 3702 5693 signum
