4000 6190
285 116 388 170 883

888 107 1240 163 HUCBALDI
1279 108 1447 161 MON.
1492 106 1550 161 S.
1594 104 1863 160 AMANDI
1905 102 2056 159 OPP.
2098 106 2275 162 PARS
2321 108 2359 160 l.
2391 137 2459 145 —-
2501 103 3106 161 HAHIOGRAPHICA.

3629 102 3752 155 ω

284 242 571 307 tonsurte,
607 233 777 306 quod
806 230 1181 301 ﬁgurabatur
1208 229 1270 285 in
1302 242 1555 301 corpore
1581 231 1860 298 ageretur
1886 225 1950 283 in
1982 231 2030 282 A
2058 235 2263 298 gentes
2288 230 2450 299 (Gal.
2489 230 2555 301 ιι)
2585 246 2601 285 :
2635 229 2719 285 ita
2754 232 2815 284 et
2839 242 2952 284 nos
2977 226 3229 283 ﬁdenter
3257 226 3336 281 de
3364 225 3485 281 hoc
3525 227 3757 280 nostro

288 327 410 394 illo,
440 325 501 382 in
526 339 652 397 quo
683 321 949 380 Christus
987 318 1220 374 habitat
1247 318 1310 375 in
1365 317 1631 373 interiori
1684 315 1952 385 homine,

2060 316 2261 374 dicere
2289 317 2632 376 audeamus
2662 316 2957 391 apostolo,
2990 316 3136 389 quia
3186 319 3245 371 et
3292 314 3423 389 ipse
3446 316 3757 387 operatus

287 413 567 472 videlicet
591 415 659 469 ut
709 407 966 467 exterius
1021 406 1312 463 abscissis
1366 406 1655 472 crinibus,
1706 404 1955 461 interius
2061 408 2152 461 est
2179 404 2465 461 Lebwino
2492 406 2646 461 inter
2671 408 2928 461 Francos
2957 408 3016 460 et
3041 405 3331 461 Saxones.
3362 401 3537 457 Unde
3590 400 3757 473 quia

288 502 519 561 cunctis
545 498 786 556 resectis
816 494 1192 563 criminibus,
1223 496 1573 553 enitesceret
1617 493 1819 550 denuo
1870 491 1957 548 in-

290 589 527 648 novatis
554 585 832 643 sensibus
863 583 1041 657 quasi
1089 583 1280 640 comis
1336 584 1609 640 rudibus.
1671 585 1957 638 Praeterea

289 681 531 749 gestans
568 675 746 748 quasi
776 674 994 730 tiaram
1062 673 1190 728 veri
1239 671 1558 729 sacerdotii
1583 670 1646 727 in
1702 669 1958 726 detonsa

291 763 586 839 superiori
610 762 825 836 capitis
852 764 1045 835 parte,
1078 776 1315 818 necnon
1345 759 1689 834 exprimens
1717 758 1778 813 in
1816 758 1961 813 infe—

286 853 427 910 riori
454 852 814 923 dignitatem
837 848 1057 919 regalis
1087 863 1345 915 coronae,
1377 846 1683 917 gaudebat
1729 861 1958 902 munus

288 941 526 1016 impleri
554 940 619 997 in
647 956 713 996 se
741 940 857 996 hac
886 937 1089 1011 typica
1120 937 1525 1005 similitudine,
1548 935 1718 1009 quod
1742 935 1960 991 beatus

294 1029 608 1105 apostolus
638 1031 841 1085 Petrus
869 1026 1199 1083 universali
1244 1024 1529 1083 collatum
1579 1023 1805 1095 gaudet
1859 1025 1961 1078 Ec-

294 1118 514 1176 clesiae.
555 1119 684 1186 Vos,
709 1115 924 1189 inquit,
955 1115 1092 1172 estis
1120 1130 1309 1185 genus
1338 1116 1615 1182 electum,
1646 1113 1851 1183 regale
1873 1126 1966 1167 sa-

295 1209 625 1266 cerdotium
652 1206 710 1277 (Ι
734 1208 903 1262 Petr.
934 1208 1020 1273 ιι).

364 1317 429 1370 V.
457 1313 644 1384 Igitur
669 1312 760 1368 vir
792 1311 1032 1368 Domini
1063 1311 1400 1382 Lebwinus,
1464 1312 1525 1366 in
1573 1309 1793 1367 talibus
1845 1309 1963 1365 vir-

294 1406 494 1460 tutum
518 1399 911 1475 profectibus,
942 1403 1112 1457 setate
1143 1400 1323 1456 simul
1372 1405 1431 1456 et
1482 1399 1779 1473 probitate
1832 1412 1964 1454 mo-

296 1506 435 1548 rum
464 1489 732 1559 adultus,
754 1503 890 1545 vere
920 1504 1031 1563 per
1057 1488 1265 1545 omnia
1288 1488 1825 1563 irreprehensibilis
1855 1487 1965 1543 cle-

2064 492 2145 548 ad
2175 492 2427 550 eosdem
2456 493 2765 551 docendos
2785 492 2864 548 ab
2893 508 2964 548 eo
2987 494 3078 548 est
3104 491 3440 548 destinatus
3469 505 3587 561 pro
3648 489 3755 545 sui

2064 580 2354 654 qualitate
2378 581 2563 637 ofﬁcii
2590 596 2715 637 non
2761 580 3245 637 inconvenienter
3296 579 3535 635 dicetur
3590 592 3751 649 apo-

2065 670 2280 738 stolus,
2307 670 2475 743 quod
2503 670 2566 727 in
2589 670 2798 741 lingua
2830 669 3030 726 Latina
3058 672 3236 725 sonat
3261 671 3479 724 missus
3512 684 3528 722 :
3564 665 3755 723 Deni-

2066 776 2187 833 que
2210 760 2361 816 sicut
2392 760 2515 817 suis
2537 760 2667 833 ipse
2694 759 2976 832 prmcepit
2992 757 3321 830 discipulis,
3351 757 3565 814 dicens
3591 775 3605 811 :
3633 756 3757 823 Ite,

2069 851 2272 906 docete
2302 864 2500 907 omnes
2554 855 2781 920 gentes,
2815 849 3182 918 baptizantes
3223 863 3319 904 eos
3373 849 3438 903 in
3498 847 3761 902 nomine

2071 939 2279 995 Patris
2305 944 2359 995 et
2381 940 2534 994 Filii
2557 944 2613 995 et
2638 939 2902 1009 Spiritus
2930 938 3138 1004 sancti,
3166 937 3445 993 docentes
3467 951 3568 992 eos
3624 950 3761 992 ser-

2074 1040 2220 1083 vare
2285 1028 2484 1084 omnia
2538 1041 2906 1099 quascunque
2950 1025 3239 1082 mandavi
3269 1025 3433 1080 vobis
3492 1023 3757 1093 (Matth.

2076 1120 2299 1181 xxvm).
2340 1118 2418 1171 Ita
2443 1116 2681 1172 ethunc
2711 1130 2889 1170 suum
2935 1114 3152 1171 affatus
3182 1112 3581 1185 discipulum,
3647 1127 3761 1166 ve-

2074 1203 2163 1259 lut
2187 1203 2400 1260 eodem
2444 1203 2697 1276 imperio
2747 1202 3030 1276 praecepit
3078 1202 3131 1258 ei
3187 1200 3471 1275 praefatae
3526 1200 3764 1257 docere

2076 1299 2282 1363 gentes
2312 1292 2617 1349 catholicae
2649 1296 3024 1348 sacramenta
3043 1290 3204 1357 ﬁdei,
3238 1291 3466 1361 tingere
3516 1289 3762 1361 baptis-

2081 1398 2181 1439 mo
2212 1382 2453 1439 salutari
2481 1389 2539 1438 et
2593 1382 2807 1437 exinde
2860 1381 3183 1454 praecipere
3236 1380 3443 1436 omnia
3499 1394 3757 1435 servare

2080 1472 2370 1531 mandata
2422 1471 2554 1527 sibi.
2620 1474 2683 1526 Et
2727 1471 2878 1526 sicut
2923 1470 2999 1525 de
3050 1468 3232 1525 Paulo
3287 1474 3346 1524 et
3373 1466 3665 1525 Barnaba
3694 1467 3760 1522 in

299 1580 459 1637 ricus
492 1556 747 1650 singulis
771 1556 993 1634 sensim
1028 1578 1367 1634 secundum
1390 1556 1657 1635 instituta
1677 1576 1963 1633 canonica
1998 1580 2042 1632 Β
2077 1561 2493 1650 δροειοιονυω
2513 1560 2761 1650 Atil-ibus
2783 1558 2998 1650 108i“?
3020 1558 3188 1650 Q‘lOd
3212 1556 3605 1650 ίωΡθξδΥθξίῖ
3625 1556 3763 1628 δρί-

303 1667 607 1737 dignitatis
638 1665 1058 1723 ecclesiasticae
1088 1667 1433 1722 conscensis
1466 1666 1776 1735 gradibus,
1802 1664 1968 1735 eligi-

307 1762 403 1813 tur
428 1756 509 1812 ad
536 1754 806 1812 ofﬁcium
834 1755 1310 1827 presbyteratus,
1352 1759 1419 1810 ut
1460 1754 1563 1826 qui
1622 1754 1866 1810 scientia
1913 1757 1972 1809 et

307 1844 654 1919 operatione
703 1843 1002 1917 perfectus
1057 1847 1205 1911 erat,
1264 1848 1508 1899 caeteros
1559 1842 1831 1899 doctrina
1882 1843 1971 1898 in-

308 1936 580 2003 strueret,
610 1931 887 2004 exemplo
917 1930 996 1986 ad
1041 1930 1195 1987 bene
1240 1931 1545 2003 agendum
1594 1935 1968 2004 provocaret.

310 2020 597 2077 Liberalis
626 2020 927 2093 siquidem
957 2020 1051 2074 sui
1079 2019 1343 2076 nominis
1374 2025 1431 2076 et
1452 2020 1759 2076 commissi
1791 2020 1973 2076 ofﬁcii

307 2112 609 2176 executor,
643 2107 962 2179 satagebat
989 2108 1238 2164 sollicite
1264 2124 1392 2165 esse
1423 2113 1479 2165 et
1506 2108 1689 2165 videri
1722 2108 1973 2182 presby-

308 2202 415 2266 ter,
442 2196 507 2253 id
535 2202 627 2253 est
654 2196 892 2252 senior:
924 2211 1050 2252 non
1075 2196 1313 2255 dierum
1363 2196 1701 2270 prolixitate
1759 2212 1974 2253 nume-

308 2285 522 2357 rosior,
541 2298 669 2342 non
688 2284 905 2342 canitie
934 2284 1146 2358 capitis
1170 2285 1537 2356 honoratior,
1558 2286 1661 2341 sed
1690 2300 1977 2356 augmen—

310 2380 371 2431 to
422 2374 756 2446 meritoque
805 2373 1097 2429 virtutum
1137 2374 1497 2446 provectior,
1520 2379 1589 2430 ut
1637 2375 1712 2430 de
1763 2389 1973 2431 eorum

310 2462 479 2519 ﬁeret
500 2477 758 2518 numero
786 2460 893 2534 qui
924 2476 963 2517 a
991 2464 1208 2535 Moyse,
1246 2462 1657 2535 praecipientes
1697 2463 1971 2531 Domino,

312 2552 632 2622 eliguntur.
669 2552 1004 2622 Congrega,
1034 2551 1248 2624 inquit,
1288 2553 1443 2608 mihi
1482 2554 1867 2624 septuaginta
1894 2554 1979 2609 vi-

312 2656 410 2697 ros
431 2640 507 2696 de
527 2640 858 2696 senioribus
888 2641 1100 2708 Israel,
1121 2655 1267 2711 quos
1298 2647 1361 2697 tu
1392 2642 1569 2711 nosti,
1601 2642 1762 2712 quod
1813 2655 1975 2698 senes

305 2727 526 2798 populi
548 2728 667 2785 sint
688 2742 762 2784 ac
785 2729 1085 2800 magistri,
1109 2732 1218 2784 etc.
1253 2730 1457 2800 (Num.
1494 2729 1589 2799 XI).
1613 2729 1781 2785 Tales
1807 2745 1976 2786 nam-

312 2834 431 2891 que
461 2817 796 2891 presbyteri
822 2833 947 2876 non
980 2818 1386 2888 subrogantur
1411 2819 1473 2873 in
1508 2808 1841 2877 sacerdotio
1895 2820 1978 2875 fa-

312 2922 456 2963 vore
486 2906 785 2979 populari,
822 2906 928 2963 sed
958 2906 1259 2976 eliguntur
1287 2923 1318 2963 a
1344 2909 1541 2979 Moyse
1566 2908 1720 2963 duce
1766 2909 1972 2981 populi
2010 2932 2049 2988 ρ

314 2995 652 3062 Christiani,
678 3010 835 3066 quos
879 2994 1011 3067 ipse
1055 2995 1243 3062 novit,
1301 2996 1407 3067 qui
1465 2999 1550 3051 eis
1612 2996 1789 3052 talem
1840 3011 1974 3067 gra-

311 3083 462 3138 tiam
486 3081 756 3149 contulit,
781 3082 951 3154 quod
976 3083 1285 3155 sapientia;
1308 3088 1367 3139 et
1397 3084 1730 3140 sanctitatis
1760 3086 1975 3141 merito

314 3186 488 3227 senes
515 3170 635 3226 sint
654 3170 884 3243 populi.
917 3174 984 3227 Et
1030 3172 1175 3244 quia
1225 3175 1384 3228 stant
1434 3190 1640 3230 coram
1690 3188 1761 3229 eo
1819 3180 1975 3231 statu

317 3255 562 3327 justitise
588 3256 926 3327 inﬂexibili,
952 3262 1258 3314 merentur
1312 3260 1443 3330 ejus
1473 3260 1715 3332 spiritus
1743 3262 1979 3333 partici-

312 3346 557 3420 patione
612 3347 940 3418 munerari,
995 3347 1447 3420 completurque
1503 3350 1562 3404 in
1610 3350 1756 3421 ipsis
1807 3350 1977 3423 quod

312 3435 457 3491 dicit
482 3435 873 3508 Omnipotens
897 3436 977 3492 ad
1006 3436 1169 3493 Heli:
1203 3436 1622 3508 Gloriﬁcantes
1662 3455 1754 3496 me
1796 3447 1976 3497 emnt

312 3525 642 3595 gloriﬁcati
688 3524 749 3596 (Ῑ
780 3525 927 3597 Reg.
958 3526 1018 3597 ιι)
1076 3527 1344 3592 Quorum
1393 3542 1607 3582 senum
1657 3526 1866 3597 gloria,
1900 3528 1975 3584 si-

311 3618 412 3671 cut
455 3613 671 3671 dicitur
723 3614 786 3671 in
839 3614 1170 3671 Proverbiis
1223 3631 1356 3685 cap.
1397 3632 1498 3683 xx,
1551 3619 1797 3675 canities
1839 3626 1977 3675 est:

309 3700 477 3759 haud
532 3702 789 3761 dubium
837 3703 940 3760 illa
981 3704 1057 3761 de
1108 3719 1233 3777 qua
1282 3703 1499 3776 legitur
1558 3705 1702 3762 alibi
1757 3726 1769 3762 :
1821 3707 1976 3763 Cani

309 3796 451 3847 sunt
480 3794 634 3849 enim
666 3807 870 3850 sensus
897 3793 1067 3864 (Sap.
1103 3793 1201 3864 ιγ),
1233 3793 1295 3849 id
1349 3798 1457 3861 est,
1515 3794 1825 3866 sapientiae
1862 3794 1975 3850 viri

314 3882 372 3935 et
400 3884 543 3937 mtas
569 3880 893 3938 senectutis
922 3881 1048 3938 vita
1072 3881 1483 3938 immaculata.
1518 3882 1619 3938 His
1663 3898 1805 3953 ergo
1862 3883 1974 3939 do-

318 3966 412 4023 nis
453 3968 866 4041 spiritualibus
893 3969 1237 4042 praedictus,
1269 3970 1449 4042 digne
1500 3970 1721 4041 dignus
1775 3987 1973 4027 sacer-

312 4054 426 4111 dos
445 4055 692 4114 eﬁ‘eetus
713 4063 803 4114 est
832 4058 1144 4115 Lebwinus
1189 4059 1438 4133 explens
1468 4059 1665 4116 verbis
1723 4065 1780 4117 et
1833 4061 1975 4117 acti-

309 4141 427 4199 bus
447 4158 675 4202 nomen
705 4151 764 4202 et
785 4145 1053 4204 ofﬁcium
1090 4148 1242 4205 sacri
1285 4147 1559 4217 ducatus,
1593 4164 1750 4219 pura
1776 4154 1976 4206 mente

309 4231 679 4305 mundisque
733 4234 1041 4306 manibus,
1117 4240 1182 4292 ut
1247 4236 1489 4309 expedit
1562 4237 1975 4294 sacerdotibus

311 4321 735 4392 cooperatione
806 4322 1057 4396 Spiritus
1090 4323 1278 4380 sancti
1337 4324 1683 4388 conﬁciens.
1715 4330 1772 4382 et
1815 4324 1973 4382 dans

313 4414 691 4467 sacramenta
756 4410 989 4469 viviﬁca
1032 4411 1272 4485 populis
1330 4412 1632 4485 ﬁdelibus,
1692 4414 1983 4485 congruis

310 4511 814 4572 unumquemque
840 4500 1065 4558 docens
1092 4502 1626 4571 exhortationibus,
1687 4518 1796 4576 pro
1851 4520 1974 4559 suae

310 4584 706 4658 professionis
748 4604 819 4645 ac
842 4606 1087 4646 morum
1115 4589 1528 4664 qualitatibus.

386 4766 472 4822 VI.
504 4767 820 4824 Enimvero
840 4768 893 4824 is
918 4769 1024 4842 qui
1066 4773 1354 4843 operatur
1405 4768 1468 4824 in
1526 4768 1651 4824 suis
1703 4770 1976 4827 omnibus

311 4860 367 4911 et
398 4857 553 4913 velle
577 4861 633 4913 et
681 4859 972 4927 perﬁcere
1018 4874 1135 4928 pro
1167 4858 1321 4914 bona
1347 4858 1661 4913 voluntate
1686 4858 1873 4929 (Phil.
1910 4862 1975 4931 ιι)

311 4960 422 4999 suo
452 4945 710 5013 gratuito
741 4961 991 5002 munere
1020 4949 1309 5019 operatus
1337 4949 1426 5002 est
1460 4946 1523 5001 in
1576 4944 1806 5003 famulo
1861 4947 1977 5005 sibi

308 5032 473 5089 ﬁdeli
497 5034 779 5092 Lebwino
801 5036 951 5092 illud
976 5035 1125 5093 velle
1151 5035 1319 5107 quod
1374 5034 1717 5092 nullatenus
1772 5053 1811 5093 a
1861 5053 1975 5094 suo

309 5122 462 5180 velle
491 5128 723 5196 poterat
744 5124 1090 5197 discrepare
1114 5143 1129 5193 ;
1156 5123 1333 5181 saluti
1353 5123 1631 5181 videlicet
1654 5125 1974 5183 lucranda-

308 5228 448 5269 rum
477 5212 1058 5285 animarumjugiter
1079 5212 1332 5281 inhiare,
1365 5217 1424 5270 et
1446 5212 1796 5271 continuam
1832 5215 1974 5272 huic

309 5300 609 5359 desiderio
632 5317 886 5375 operam
904 5300 1072 5365 dare,
1105 5306 1171 5358 ut
1196 5302 1352 5360 sicut
1374 5302 1450 5359 de
1481 5302 1724 5375 speciali
1781 5304 1975 5375 gratia

312 5392 687 5464 apostolatus
708 5390 902 5448 beatri
924 5392 1073 5448 Petri
1102 5397 1160 5449 et
1179 5393 1269 5450 sui
1320 5393 1512 5467 ipsius
1567 5394 1787 5451 Paulus
1838 5408 1975 5468 pro-

311 5484 578 5551 testatur,
604 5479 812 5538 dicens
842 5498 857 5537 :
893 5480 1009 5550 Qui
1031 5491 1312 5554 operatus
1335 5491 1423 5543 est
1453 5486 1517 5541 in
1540 5485 1727 5542 Petro
1744 5487 1808 5542 in
1824 5501 1969 5556 apo-

312 5572 595 5628 stolatum
617 5572 1091 5632 circumcisionis
1113 5582 1392 5647 operatus
1420 5581 1507 5634 est
1537 5582 1595 5633 et
1632 5577 1783 5633 mihi
1814 5581 1974 5633 inter

2077 1649 2225 1705 ritus
2247 1654 2490 1705 sanctus
2519 1666 2533 1704 :
2564 1648 2904 1719 Segregate,
2942 1647 3242 1719 inquiens,
3301 1648 3455 1702 mihi
3508 1648 3763 1703 Barna—

2078 1739 2212 1794 bam
2262 1745 2317 1795 et
2369 1738 2622 1795 Saulum
2664 1754 2726 1792 in
2784 1752 2931 1806 cpus
2981 1753 3097 1808 quo
3120 1737 3422 1805 assumpsi
3463 1750 3562 1791 eos
3616 1736 3759 1801 (Ac.

2079 1830 2230 1898 xxv),
2286 1827 2490 1899 sicque
2534 1826 2614 1883 ad
2659 1826 2968 1882 docendas
3022 1824 3277 1899 profecti
3332 1830 3478 1881 sunt
3537 1828 3757 1893 gentes

2079 1916 2278 1985 simili,
2305 1921 2372 1972 ut
2398 1917 2482 1972 ita
2516 1916 2743 1972 dictum
2800 1916 2895 1979 sit,
2956 1914 3161 1981 modo,
3220 1912 3499 1985 ejusdem
3557 1914 3755 1969 sancti

2080 2006 2330 2078 Spiritus
2384 2004 2660 2078 imperio,
2713 2004 2818 2077 qui
2888 2004 3161 2059 dividens
3219 2003 3502 2073 singulis,
3555 2008 3746 2071 prout

2081 2097 2231 2160 vult,
2266 2100 2556 2164 operatur
2583 2096 2781 2150 omnia
2814 2095 2877 2147 in
2906 2093 3179 2149 omnibus
3218 2093 3276 2160 (Ι
3300 2093 3439 2148 Cor.
3498 2092 3625 2160 xu),
3660 2089 3759 2145 ille

2080 2184 2277 2240 fidelis
2308 2199 2518 2239 servus
2546 2199 2617 2239 ac
2646 2182 2813 2238 fortis
2842 2186 3120 2255 operator
3152 2181 3471 2237 Lebwinus
3500 2180 3565 2235 in
3597 2195 3758 2251 opus

2081 2273 2194 2329 sibi
2223 2288 2259 2328 a
2286 2273 2539 2329 Domino
2561 2273 2643 2343 inj
2655 2278 2900 2329 unctum
2928 2276 3280 2341 segregatus
3310 2274 3400 2326 est
3428 2276 3485 2325 et
3518 2285 3758 2325 assum-

2084 2367 2242 2435 pms.

2154 2507 2266 2562 Vll.
2301 2504 2405 2562 Cui
2433 2505 2614 2562 etiam
2636 2510 2700 2562 ut
2726 2521 2849 2561 non
2875 2503 3071 2561 solum
3103 2521 3242 2560 cum
3293 2502 3616 2577 apostolis,
3649 2502 3755 2558 sed

2082 2598 2142 2649 et
2170 2610 2304 2649 cum
2339 2592 2695 2666 patriarchis
2726 2592 2910 2663 digna
2942 2592 3093 2648 foret
3118 2592 3317 2666 operis
3371 2591 3755 2656 communio,

2080 2680 2268 2755 ipsius
2300 2681 2522 2737 summi
2572 2681 2897 2738 sacerdOtis
2926 2680 3179 2738 Abrahae
3227 2678 3592 2754 proponitur
3620 2678 3754 2735 imi-

2082 2771 2247 2827 tatio.
2283 2774 2429 2827 Nam
2484 2771 2794 2844 quomodo
2824 2770 2906 2827 illi
2952 2775 3315 2844 praeceptum
3371 2775 3461 2824 est
3510 2785 3546 2825 a
3594 2771 3753 2824 Deo:

2082 2861 2209 2917 Exi
2234 2861 2307 2917 de
2338 2867 2501 2918 terra
2534 2866 2586 2917 et
2618 2861 2971 2931 cognatione
2998 2866 3126 2929 tua,
3150 2866 3201 2915 et
3234 2861 3371 2916 veni
3407 2860 3470 2913 in
3528 2864 3754 2915 terram

2084 2965 2260 3022 quam
2295 2949 2405 3005 tibi
2431 2955 2838 3005 monstravere
2861 2950 3025 3018 (Gen.
3061 2956 3181 3019 xu),
3211 2953 3270 3003 et
3290 2948 3423 3019 ejus
3473 2947 3755 3020 protinus

2084 3037 2179 3095 ille
2201 3036 2399 3111 paruit
2426 3037 2677 3111 imperio
2702 3055 2715 3105 ;
2747 3038 2827 3093 ita
2857 3041 2913 3092 et
2939 3037 3049 3093 iste
3078 3036 3165 3093 vir
3219 3035 3587 3092 venerabilis
3642 3035 3758 3091 hoc

2085 3125 2289 3184 audito
2311 3143 2380 3183 ac
2412 3125 2585 3182 veluti
2613 3126 2723 3182 sibi
2758 3124 3092 3199 specialiter
3113 3125 3410 3195 delegato,
3445 3123 3527 3180 ad
3560 3140 3763 3180 exem-

2085 3216 2255 3290 plum
2284 3215 2445 3273 beati
2471 3202 2849 3290 patriarchae,
2881 3215 3019 3272 huic
3050 3212 3539 3281 irrefragabiliter
3571 3214 3758 3269 inhae-

2085 3308 2158 3363 sit
2187 3306 2400 3363 edicto.
2432 3307 2645 3363 Exiens
2665 3321 2806 3376 ergo
2850 3304 3103 3378 impigre
3125 3303 3202 3361 de
3254 3310 3415 3361 terra
3446 3310 3506 3359 et
3535 3319 3757 3375 cogna-

2086 3396 2245 3453 tione
2308 3413 2438 3464 sua,
2522 3395 2867 3469 posthabita
2947 3395 3141 3451 insula
3192 3393 3554 3465 Anglorum,
3630 3409 3759 3449 eve-

2088 3485 2281 3541 ctione
2313 3483 2511 3542 navali
2549 3485 2883 3555 Trajectum
2941 3471 3145 3556 petii,
3179 3490 3449 3539 castrum
3486 3480 3759 3537 Wiltem-

2085 3574 2243 3644 burg
2299 3572 2628 3646 antiquitus
2675 3571 2926 3643 dictum,
2978 3570 3159 3628 modo
3194 3587 3335 3626 vero
3367 3570 3706 3642 Trajectum
3741 3589 3755 3637 ;

2085 3663 2191 3720 ubi
2219 3662 2520 3735 reperiens
2551 3660 2884 3734 quemdam
2927 3659 3333 3716 venerabilem
3389 3660 3592 3715 virum
3652 3675 3753 3714 no-

2085 3751 2245 3808 mine
2276 3749 2646 3823 Gregorium,
2696 3768 2765 3806 ex
2810 3749 2992 3805 nobili
3054 3736 3424 3806 Francorum
3461 3747 3757 3819 sanguine

2083 3846 2487 3915 procreatum,
2517 3857 2551 3896 a
2580 3839 2753 3895 leato
2788 3838 3089 3895 Bonifacio
3122 3837 3584 3911 archiepiscopo
3612 3834 3756 3892 olim

2084 3947 2122 3986 a
2163 3927 2416 4003 pueritia
2468 3928 2816 3998 enutritum,
2875 3926 3068 3995 gradu
3121 3926 3532 3984 ecclesiastico
3593 3943 3732 4000 pres

2085 4018 2387 4091 byterum,
2473 4017 2575 4073 sed
2632 4022 2771 4073 tunc
2855 4033 2964 4089 pro
3040 4022 3310 4090 tempore
3392 4012 3758 4089 episcopalis

2082 4104 2263 4164 officii
2314 4108 2373 4163 in
2418 4105 2630 4163 eodem
2655 4112 2847 4162 castro
2880 4105 2967 4162 vel
3012 4106 3194 4161 etiam
3243 4105 3535 4179 parochia
3593 4103 3756 4159 vica-

2082 4195 2260 4262 rium,
2295 4193 2576 4267 exposuit
2607 4195 2658 4249 ei
2686 4209 2926 4249 onmem
2964 4210 3087 4248 suae
3120 4190 3629 4265 peregrinationis
3677 4191 3759 4246 si-

2007 4291 2047 4343 D
2082 4284 2263 4358 bique
2295 4283 2631 4339 commissae
2670 4280 3110 4355 praedicationis
3142 4286 3392 4337 textum.

2155 4428 2292 4482 Vlll.
2348 4426 2498 4492 Quia
2546 4438 2687 4480 vero
2739 4424 2928 4493 gratia
2986 4423 3248 4491 Gregorii
3299 4421 3445 4478 boni
3472 4422 3757 4494 discipuli

2085 4510 2310 4566 mentio
2342 4508 2551 4582 optimi
2579 4509 2736 4565 facta
2763 4511 2820 4563 et
2846 4507 3117 4577 magistri
3144 4506 3449 4576 Bonlfacii,
3486 4520 3611 4560 non
3667 4507 3758 4560 ln-

2084 4598 2337 4668 dignum
2358 4597 2596 4652 videtur
2629 4596 2769 4651 tanti
2801 4594 3075 4668 praesulis
3106 4594 3356 4665 dignam
3388 4598 3751 4649 cunctorum

2086 4687 2397 4756 memoria,
2429 4686 2563 4741 licet
2592 4684 2910 4751 succincte,
2944 4682 3293 4738 relationem
3320 4681 3468 4737 ﬁeri.
3508 4681 3607 4736 Hic
3652 4680 3755 4736 de-

2084 4776 2267 4848 nique
2300 4776 2387 4830 vir
2415 4786 2488 4830 ex
2504 4772 2792 4847 praedicta
2815 4771 3140 4842 Anglorum
3159 4771 3353 4843 patria
3373 4769 3750 4842 progenitus,

2085 4881 2121 4921 a
2148 4864 2404 4936 pueritia
2432 4864 2551 4918 Deo
2577 4863 2829 4931 dicatus,
2877 4876 3015 4916 cum
3072 4859 3507 4915 succrescentis
3560 4860 3755 4915 (etatis

2082 4953 2452 5028 profectibus
2481 4952 2555 5008 de
2581 4952 2677 5007 die
2708 4953 2765 5007 in
2794 4951 2955 5007 diem
2984 4949 3292 5022 sapientiai
3313 4954 3369 5005 et
3400 4948 3585 5004 totius
3610 4962 3753 5003 san-

2084 5043 2299 5100 ctitatis
2344 5046 2663 5111 augeretur
2715 5040 3101 5112 profectibus,
3154 5045 3377 5095 sancta
3424 5041 3756 5110 pauperta-

2083 5132 2156 5188 tis
2187 5147 2257 5187 ac
2278 5146 2400 5187 suae
2437 5129 2938 5203 peregrinationis
2998 5132 3397 5200 spontaneam
3456 5126 3618 5180 viam
3662 5125 3748 5180 in.

2083 5234 2346 5293 gressus,
2376 5219 2641 5276 ofﬁcium
2683 5232 2927 5291 quoque
2973 5216 3249 5289 plurimis
3294 5214 3753 5283 evangelizandi

2082 5310 2342 5385 populis,
2375 5309 2472 5365 Dei
2502 5309 2693 5379 gratia
2720 5307 2830 5363 sibi
2851 5309 3230 5378 cooperante,
3263 5318 3609 5375 aggressus,
3637 5304 3754 5359 sub

2084 5396 2486 5455 Carlomanno
2524 5401 2580 5453 et
2622 5397 2870 5470 Pippino
2912 5398 3272 5451 Francorum
3307 5392 3758 5466 principibusa-

2082 5486 2212 5560 pud
2233 5487 2627 5559 apostolicam
2653 5486 2855 5542 sedem
2872 5484 3169 5555 legatione
3194 5482 3552 5539 Germanica
3579 5481 3753 5537 func-

2088 5575 2553 5643 tus,discretioni
2567 5575 2919 5641 clericorum
2944 5587 3014 5629 ac
3029 5571 3220 5630 favori
3233 5570 3605 5645 populorum
3644 5585 3757 5627 an-
