4000 6190
239 149 349 203 885

1661 144 1829 198 νιΤΑ
1874 142 1934 199 S.
1982 144 2297 203 LEBWlNl.

3586 153 3689 209 886

236 267 580 327 nuentibus
599 265 860 340 praefatis
896 266 1286 339 principibus,
1319 269 1399 324 ab
1421 267 1559 339 ipso
1587 281 1755 339 papa
1775 268 1917 321 (.ire-
1950 268 1997 320 Α
2033 276 2268 339 spector
2295 273 2586 331 mentium
2620 276 2777 333 Deus
2791 274 2936 343 fecit
2956 274 3054 331 illi
3078 287 3299 343 magna
3321 274 3461 344 quia
3481 280 3689 343 potens

238 359 412 430 gorio
459 359 668 413 Graeca
708 356 1029 428 Latineque
1074 356 1281 427 lingua
1325 357 1473 413 satis
1518 355 1775 423 erudito,
1808 353 1922 427 qui

239 447 497 505 alterius
523 445 788 514 Gregorii
820 460 1128 501 successor
1158 446 1238 501 ab
1281 446 1383 503 illo
1413 444 1677 501 mirabili
1705 444 1919 500 docto-

238 553 305 593 re
351 534 631 597 Ecclesiae
680 534 857 591 beato
907 534 1188 604 Gregorio
1236 534 1565 605 Anglorum
1615 532 1917 607 apostolo,

240 624 457 680 ordine
485 621 874 695 pontiﬁcatus
908 621 1020 678 fuit
1067 622 1386 679 vicesimus
1418 625 1639 677 sextus.
1674 623 1919 689 Mogun-

240 712 339 769 tiee
366 710 593 771 civitati
641 710 949 767 ordinatur
974 710 1485 784 archiepiscopus,
1516 712 1575 764 et
1602 708 1706 787 qui
1736 712 1921 764 antea

238 802 582 860 vocabatur
611 799 958 867 Winfridus;
1005 800 1195 870 gratia
1240 800 1572 872 meritoque
1610 797 1915 854 bonorum

238 892 567 957 factorum,
602 894 665 946 ut
693 888 942 962 quidam
966 888 1189 958 volunt,
1216 888 1413 945 dictus
1432 892 1521 943 est
1550 885 1911 943 Bonifacius.

239 982 353 1047 Qui
404 981 518 1050 vir,
573 980 725 1037 sicut
778 978 853 1033 de
910 994 981 1035 eo
1037 977 1273 1048 legitur,
1322 976 1750 1051 praedicatione
1802 991 1915 1032 sua

236 1071 601 1139 Thuringos,
638 1072 849 1127 Hessos
892 1072 1071 1140 atque
1101 1066 1440 1124 Austrasios
1490 1065 1569 1125 ad
1612 1064 1798 1121 fidem
1827 1080 1913 1120 re-

235 1162 401 1215 ctam
430 1157 904 1229 religionemque
935 1156 1358 1226 Christianam,
1391 1172 1428 1212 a
1457 1172 1580 1230 qua
1608 1154 1713 1210 diu
1743 1154 1911 1209 aber-

230 1255 518 1305 raverant
538 1246 846 1315 convertit,
862 1262 1095 1303 necnon
1120 1251 1173 1301 et
1198 1245 1564 1303 monasteria
1583 1245 1910 1301 monacho-

226 1355 374 1395 rum
422 1344 481 1394 et
529 1337 829 1406 virginum
876 1336 1109 1409 primus
1159 1336 1219 1395 in
1274 1335 1598 1395 Austrasiae
1635 1334 1908 1406 partibus

229 1427 586 1487 construxit.
657 1426 761 1481 Hic
822 1428 1005 1484 etiam
1076 1427 1225 1483 inter
1300 1425 1542 1496 egregia
1603 1425 1907 1484 bonorum

227 1524 487 1575 actuum
508 1516 786 1585 insignia,
824 1522 886 1573 ut
909 1532 1032 1573 non
1064 1517 1248 1572 modo
1281 1533 1391 1573 sua
1426 1515 1532 1572 sed
1562 1518 1619 1571 et
1649 1514 1905 1571 aliorum

2032 364 2115 415 est
2145 359 2309 431 (Luc.
2344 364 2385 433 ι)
2424 363 2487 419 in
2539 362 2847 427 omnibus,
2878 365 2944 421 ut
2976 359 3405 430 evangelizaret
3453 362 3689 420 Francis

2030 450 2087 502 et
2145 451 2480 507 Saxonibus
2540 458 2811 509 sanctum
2867 456 2921 507 et
2977 450 3244 508 terribile
3296 465 3509 511 nmen
3561 452 3688 521 eius

2032 536 2216 604 (Psal.
2248 542 2354 611 cx).
2389 540 2673 596 Adhibuit
2713 554 2957 613 quoque
3004 537 3085 597 illi
3128 538 3327 596 abbas
3370 539 3687 611 Gregorius

2030 627 2255 685 socium
2278 629 2605 701 quemdam
2628 626 3027 685 venerabilem
3053 627 3251 685 virum
3277 644 3349 687 ex
3378 626 3688 701 discipulis

2030 715 2220 770 sancti
2272 716 2546 788 praesulis
2580 713 2956 777 Willibrordi,
2986 713 3228 771 nomine
3258 713 3682 773 Marcellinum.
3784 764 3791 773 .

2029 802 2212 867 Sed,o
2242 820 2426 877 quam
2443 804 2598 860 inira
2625 802 2928 861 alacritate
2959 806 3161 859 noster
3182 807 3396 860 aestuat
3420 803 3681 872 animus,

2024 889 2179 949 facta
2232 892 2342 948 sibi
2386 893 2688 950 mentione
2737 906 2917 965 super
2972 889 3191 947 talibus
3242 890 3402 959 viris,
3432 907 3543 948 nec
3585 908 3685 966 pa-

2024 981 2160 1035 titur
2184 981 2327 1052 quin
2381 982 2592 1039 saltem
2634 996 2741 1055 per
2768 979 3087 1036 transitum
3116 978 3192 1035 de
3228 982 3399 1037 tanto
3426 977 3683 1052 praesule

2024 1068 2393 1127 Willibrordo
2449 1069 2597 1143 quid
2656 1085 2803 1125 suus
2858 1068 3157 1141 exprimat
3203 1067 3415 1142 stylus.
3470 1068 3536 1124 Et
3584 1065 3683 1122 hic

2018 1158 2196 1213 ctiam
2225 1159 2314 1217 vir
2353 1162 2469 1214 Deo
2518 1158 2752 1232 plenus,
2784 1158 2859 1214 de
2898 1156 3195 1215 Britannia
3236 1155 3429 1231 gentis
3459 1154 3680 1226 Anglo-

2016 1264 2149 1303 rum
2182 1264 2553 1320 progressus,
2590 1264 2699 1321 pro
2731 1254 2954 1304 aeterna
2990 1246 3183 1318 patria
3226 1264 3261 1307 a
3289 1262 3400 1303 sua
3423 1244 3684 1319 peregri-

2018 1352 2154 1404 nus,
2189 1336 2444 1393 Romam
2475 1336 2635 1397 venit
2674 1336 2832 1392 beati
2864 1335 3048 1405 Sergii
3077 1351 3253 1409 papae
3278 1332 3676 1407 temporibus,

2014 1424 2119 1496 qui
2158 1441 2194 1481 a
2227 1425 2407 1482 beato
2446 1426 2689 1481 doctore
2722 1424 3005 1494 Gregorio
3056 1440 3218 1497 papa
3260 1422 3476 1480 exstitit
3525 1421 3679 1478 vice-

2014 1512 2223 1577 simus,
2270 1513 2495 1586 quique
2545 1512 2817 1582 angelica
2869 1511 3209 1569 visitatione
3249 1509 3679 1580 commonitus,
3764 1514 3769 1517 “

226 1622 486 1680 quoque
512 1604 839 1677 praasulum
878 1604 1181 1675 vigilantia
1212 1604 1505 1663 catholica
1535 1618 1903 1676 propagare-
1937 1628 1975 1679 Β
2014 1606 2285 1657 sanctum
2334 1602 2493 1661 hunc
2534 1599 2861 1657 honorifice
2912 1599 3242 1672 suscipiens
3271 1598 3487 1666 virum,
3519 1597 3678 1653 ordi-

228 1700 351 1762 tur,
380 1698 868 1765 augmentaretur
893 1700 1072 1765 atque
1116 1693 1576 1751 confirmaretur
1625 1691 1900 1760 Ecclesia,

227 1787 540 1841 annuente
567 1781 679 1839 sibi
708 1781 1130 1849 Carlomanno,
1162 1782 1511 1845 auctoritate
1544 1781 1725 1838 fultus
1758 1798 1900 1853 apo-

224 1872 463 1937 stolica,
512 1871 573 1929 in
623 1875 822 1929 castro
853 1870 1257 1939 Wittenburg,
1287 1871 1453 1943 quod
1499 1887 1658 1927 nunc
1710 1872 1902 1942 Traje-

222 1967 398 2021 ctum
429 1961 663 2027 dicitur,
691 1959 991 2017 constituit
1022 1966 1087 2017 ut
1123 1959 1483 2032 episcopalis
1512 1964 1667 2016 esset
1697 1960 1895 2017 cathe-

220 2051 360 2109 dra.
412 2054 679 2120 Cumque
717 2048 881 2104 idem
921 2048 1222 2117 gloriosus
1268 2048 1706 2107 Carlomannus
1745 2048 1896 2107 felici

217 2137 485 2194 nimium
543 2135 1009 2197 commutatione
1082 2142 1382 2193 terrenum
1437 2152 1506 2193 ac
1564 2137 1894 2210 temporale

218 2225 555 2297 respuisset
600 2239 856 2294 regnum
904 2229 970 2280 ut
1021 2224 1255 2281 caeleste
1292 2229 1613 2280 mereretur
1642 2223 1893 2297 adipisci

216 2314 393 2386 quod
461 2318 550 2369 est
621 2320 944 2379 internum,
1003 2313 1424 2386 profectusque
1492 2315 1743 2368 Romam
1812 2312 1891 2368 ad

216 2403 540 2459 beatorum
586 2402 796 2459 limina
844 2401 1279 2473 apostolorum,
1311 2401 1620 2458 clericatus
1668 2400 1748 2456 ibi
1795 2418 1891 2457 su-

218 2491 417 2563 scepit
474 2490 746 2551 habitum
802 2506 925 2546 non
984 2495 1121 2562 post
1172 2489 1430 2545 multum
1485 2490 1771 2561 temporis
1826 2489 1890 2551 in

215 2586 429 2635 monte
471 2583 706 2637 Soracte
752 2580 1049 2637 aedificato
1100 2578 1463 2639 monasterio
1512 2578 1589 2635 ad
1633 2595 1888 2635 summie

214 2667 599 2740 perfectionis
643 2667 979 2727 ascendens
1025 2666 1284 2737 gradum
1329 2667 1389 2721 in
1421 2665 1697 2722 emnobio
1730 2666 1885 2725 beati

217 2755 519 2812 Benedicti
574 2756 881 2827 professus
937 2758 1336 2820 monachum,
1395 2754 1691 2826 optimam
1745 2771 1881 2811 cum

212 2845 402 2903 Maria
428 2843 721 2905 dilectrice
749 2859 818 2899 ac
850 2841 1067 2901 dilecta
1097 2843 1331 2899 Domini
1362 2843 1524 2898 visus
1563 2847 1652 2898 est
1681 2842 1887 2912 elegis-

2012 1690 2175 1745 navit
2231 1706 2367 1747 eum
2428 1689 2739 1749 Frisonum
2808 1687 2971 1757 genti
3027 1687 3403 1760 episcopum,
3452 1701 3677 1741 vocans
3778 1760 3786 1767 ‘

2009 1784 2411 1847 cognomento
2459 1778 2847 1835 Clementem.
2901 1778 2952 1832 Is
3000 1781 3225 1845 autem,
3286 1773 3510 1831 credito
3563 1774 3676 1831 sibi

2007 1884 2132 1925 non
2184 1870 2393 1945 dispar
2446 1866 2667 1938 ofﬁcio,
2723 1871 2789 1922 ut
2836 1866 3080 1940 sapiens
3134 1864 3508 1932 architectus,
3552 1880 3676 1920 non

2008 1974 2152 2014 suas
2183 1957 2471 2031 imposuit
2516 1970 2733 2029 operas
2777 1971 2961 2028 super
3004 1954 3268 2013 alienum
3318 1952 3675 2010 fundamen-

2004 2051 2172 2115 tum;
2208 2047 2317 2104 sed
2348 2045 2650 2105 eradicato
2694 2044 2964 2117 primum
3008 2044 3196 2105 denso
3226 2057 3445 2113 aggere
3473 2042 3672 2115 spina-

2002 2153 2160 2207 rum,
2205 2136 2354 2192 fodit
2408 2135 2470 2191 in
2524 2134 2740 2204 altum,
2771 2139 2826 2190 et
2882 2149 3064 2207 super
3100 2132 3361 2197 firmam,
3406 2147 3539 2205 quae
3584 2136 3671 2188 est

2006 2226 2290 2293 Christus,
2346 2228 2578 2295 petram
2631 2222 2847 2280 stabile
2898 2221 3039 2279 ﬁdei
3096 2219 3410 2281 collocavit
3460 2218 3671 2277 funda-

1999 2318 2290 2375 mentum.
2346 2315 2495 2369 Tum
2550 2310 2785 2384 lapides
2855 2327 2886 2368 e
2938 2308 3189 2367 diversis
3246 2308 3531 2379 colligens
3584 2308 3670 2364 di-

2000 2419 2302 2460 versarum
2335 2399 2637 2474 qualitatis
2669 2405 2726 2455 et
2746 2400 3100 2473 quantitatis
3117 2398 3195 2456 ad
3214 2396 3490 2455 eamdem
3509 2402 3666 2455 stru-

1998 2498 2228 2550 cturam
2287 2489 2665 2556 coadunans,
2708 2505 2817 2546 eos
2871 2490 2976 2563 qui
3034 2487 3289 2545 scabiosi
3338 2493 3395 2545 et
3441 2487 3668 2549 sordidi

1996 2586 2187 2643 erant,
2220 2595 2383 2652 aqua
2424 2578 2657 2641 munda
2692 2578 3015 2651 puriﬁcare
3065 2577 3310 2641 studuit.
3346 2576 3668 2647 Satagebat

1996 2675 2198 2727 autem
2228 2667 2325 2727 ille
2355 2666 2520 2723 fortis
2551 2666 2871 2739 operarius
2927 2671 2990 2724 ut
3033 2664 3366 2725 circumcisi
3398 2664 3664 2740 undique

1996 2756 2394 2832 conquadrati
2424 2754 2633 2815 ﬁerent
2679 2759 2869 2829 atque
2894 2756 3079 2829 politi,
3112 2756 3171 2817 in
3217 2756 3337 2811 suis
3380 2756 3663 2815 commis-

1996 2849 2148 2905 suris
2191 2846 2314 2921 apti
2362 2844 2443 2905 ad
2489 2844 2786 2903 fabricam
2837 2845 3035 2919 operis
3091 2845 3201 2902 sui.
3261 2848 3326 2903 Et
3370 2845 3661 2920 quoniam

212 2950 279 2988 se
307 2939 543 3005 partem
574 2950 711 3005 (μω
734 2934 908 3003 juxta
957 2931 1192 2989 Domini
1237 2932 1689 3030 promissum,a
1718 2932 1882 2991 nullo
1911 2978 1955 3030 Ο
1992 2954 2115 2995 non
2164 2934 2501 2999 materiales
2548 2939 2719 2991 erant
2768 2934 2849 2993 illi
2902 2934 3156 3009 lapides,
3206 2935 3312 2993 sed
3367 2933 3660 2995 animales

210 3021 543 3083 electorum
595 3038 731 3078 eam
768 3025 1222 3094 perseveranter
1269 3019 1741 3081 desiderantium
1781 3037 1883 3085 au-

208 3112 435 3168 feretur
484 3112 549 3167 in
601 3116 891 3169 internum
946 3113 1113 3179 (Luc.
1176 3112 1250 3182 χ).
1298 3111 1482 3182 Regni
1526 3127 1667 3167 vero
1713 3112 1881 3187 quod

208 3206 353 3256 ante
385 3200 728 3270 diviserant,
763 3206 818 3261 et
868 3200 1241 3272 principatus
1285 3199 1379 3255 sui
1424 3199 1674 3273 Pippino
1714 3200 1878 3257 fratri

207 3290 394 3345 cessit
424 3289 745 3359 fastigium.
775 3290 889 3347 Sed
922 3290 1211 3365 lfippinus
1234 3289 1413 3345 totius
1442 3289 1680 3345 ditionis
1713 3306 1874 3347 com-

205 3395 324 3451 pos
356 3378 623 3446 eﬁectus,
653 3379 929 3435 consultu
959 3394 1133 3451 papa:
1183 3378 1480 3435 Zacharia:
1519 3382 1577 3439 et
1605 3380 1876 3439 unanimi

208 3472 596 3536 Francorum,
630 3485 927 3524 consensu
969 3484 1076 3540 per
1123 3468 1466 3524 unctionem
1517 3470 1873 3527 sanctissimi

204 3556 644 3630 archiepiscopi
686 3556 967 3613 Bonifacii
1006 3556 1346 3612 Suessionis
1390 3556 1626 3613 civitate
1665 3558 1871 3614 habito

202 3651 528 3711 conventu.
560 3662 660 3703 rex
700 3646 1037 3719 appellatus
1084 3646 1132 3702 ei
1178 3644 1361 3714 regali
1392 3650 1481 3701 est
1510 3645 1652 3701 sede
1681 3646 1870 3707 dona-

202 3741 320 3799 tus,
356 3730 669 3806 repudiato
709 3751 782 3791 ac
822 3739 1131 3793 tonsurato
1173 3733 1523 3802 Childerico,
1562 3733 1668 3809 qui
1697 3750 1867 3791 casso

198 3824 451 3880 nomine
504 3831 678 3885 antea
724 3841 826 3880 rex
872 3824 1220 3883 vocabatur.
1250 3827 1320 3883 At
1348 3823 1453 3879 ubi
1508 3826 1569 3878 Β.
1600 3823 1867 3898 pontifex

196 3913 547 3969 Bonifacius
605 3914 855 3971 verbum
917 3913 1015 3970 Dei
1062 3912 1476 3981 evangelizans
1524 3912 1867 3971 Frisouibus

193 4020 344 4059 cum
403 4019 579 4059 casso
637 4004 880 4063 nomine
955 4007 1132 4060 antea
1204 4019 1307 4061 rex
1384 4003 1735 4063 vocabatur.
1797 4008 1869 4060 At

194 4094 304 4149 ubi
336 4093 547 4148 beatus
590 4093 858 4166 pontifex
898 4092 1234 4151 Bonifacius
1267 4091 1522 4151 verbum
1552 4093 1651 4151 Dei
1682 4108 1861 4150 evan-

192 4183 480 4253 gelizans,
522 4184 867 4240 Frisonibus
921 4200 1059 4239 cum
1113 4183 1236 4239 suis
1293 4182 1747 4254 comministris,
1800 4188 1863 4241 ut

190 4273 418 4338 ferunt,
444 4272 884 4344 quinquaginta
910 4271 1154 4327 duobus
1180 4272 1471 4343 martyrio
1498 4276 1587 4329 est
1614 4271 1874 4329 corona-'

191 4366 315 4426 tus,
344 4360 472 4430 jam
515 4361 711 4417 dictus
758 4362 847 4417 vir
896 4360 1209 4430 Gregorius
1253 4360 1384 4431 ejus
1435 4361 1744 4435 quondam
1776 4360 1862 4417 di-

188 4448 486 4521 scipulus,
516 4450 579 4505 in
608 4450 856 4522 prmfato
886 4449 1154 4507 residens
1199 4453 1415 4517 castro,
1447 4449 1645 4509 bonus
1673 4450 1861 4515 imita-

188 4544 289 4594 tor
338 4538 625 4609 magistri,
649 4539 815 4610 quod
843 4539 924 4597 ab
961 4555 1034 4595 eo
1072 4538 1381 4609 didicerat,
1411 4539 1667 4613 impiger
1695 4556 1860 4601 exse-

186 4633 370 4683 cutor
393 4628 726 4687 exercebat.

266 4718 352 4775 IX.
396 4716 501 4773 Cui
529 4733 672 4775 cum
701 4721 943 4775 sanctus
970 4716 1304 4784 Lebwinus,
1335 4716 1539 4787 utjam
1570 4715 1851 4791 diximus,

182 4803 508 4873 retulisset,
540 4804 686 4876 quid
717 4805 1054 4861 secundum
1103 4804 1201 4863 Dei
1228 4803 1596 4863 voluntatem
1630 4810 1859 4876 gereret

180 4892 528 4960 animo,ille
550 4893 791 4961 gavisus
813 4894 873 4948 in
894 4894 1165 4953 Domino.
1182 4891 1515 4951 animatum
1537 4892 1783 4951 consilio
1801 4900 1860 4953 et

180 4982 387 5041 fotum
403 4982 624 5039 auxilio
643 4982 855 5038 direxit
867 4999 1005 5041 eum
1028 4983 1107 5039 ad
1121 4982 1322 5039 locum
1336 4982 1448 5041 sibi
1463 4982 1746 5045 divinitus
1759 4983 1857 5041 de-

175 5075 593 5131 monstratum
606 5087 777 5128 secus
797 5072 1007 5129 iselam
1030 5071 1713 5137 fluvium,utfieretvelut
1728 5073 1856 5147 qui—

174 5162 338 5217 dam
369 5158 543 5219 limes
577 5160 944 5221 certissimus
979 5166 1157 5233 atque
1198 5159 1560 5223 fortissimus
1586 5161 1647 5217 in
1684 5165 1856 5227 Fran-

175 5265 400 5307 corum
425 5252 852 5323 Saxonumque
874 5250 1156 5317 conﬁnio,
1181 5255 1245 5306 ut
1275 5250 1428 5317 sicut
1450 5250 1603 5324 lapis
1633 5252 1853 5311 media-
1902 5320 1911 5327 ρ

177 5338 383 5394 stinus
404 5339 530 5395 vice
550 5338 768 5411 lapidis
789 5338 948 5396 illius
966 5339 1103 5406 vivi,
1118 5338 1679 5409 summi,angularis
1692 5340 1855 5413 posi-

176 5436 304 5493 tus,
334 5432 398 5483 ut
415 5428 613 5500 etipse
635 5429 781 5484 duos
804 5429 868 5483 in
892 5442 1072 5484 unam
1096 5428 1385 5499 reciperet
1407 5428 1582 5487 ﬁdem
1600 5430 1854 5498 populos

176 5519 488 5575 vernantes
510 5533 585 5575 ex
614 5518 847 5575 diverso.
878 5519 934 5585 (Ι
958 5518 1125 5573 Petr.
1160 5518 1241 5590 ιι).
1273 5517 1447 5575 Chari
1477 5517 1737 5591 denique
1762 5518 1855 5575 sui

179 5605 460 5667 Lebwini
491 5606 603 5667 sibi
649 5606 934 5671 devotam
982 5605 1305 5683 respiciens
1346 5606 1741 5667 humilitatem
1770 5607 1856 5665 in-

1891 4326 1936 4379 D

1992 3031 2048 3084 et
2090 3023 2504 3093 rationabiles,
2533 3022 2892 3087 hortabatur
2920 3040 3022 3081 eos
3066 3023 3260 3081 verbis
3302 3023 3462 3083 beati
3506 3023 3658 3080 Petri

1990 3116 2232 3172 dicens:
2284 3115 2654 3185 Depouentes
2700 3129 2929 3171 omnem
2980 3115 3279 3173 malitiam
3323 3119 3377 3173 et
3422 3128 3654 3169 omnem

1989 3206 2214 3271 dolum,
2248 3209 2302 3259 et
2347 3202 2779 3261 simulationes.
2827 3208 2881 3259 et
2926 3202 3206 3267 invidias,
3240 3208 3294 3259 et
3338 3202 3656 3261 detractio-

1990 3310 2111 3357 nes,
2164 3294 2318 3349 sicut
2365 3291 2536 3349 modo
2590 3293 2762 3363 genti
2813 3293 3098 3363 infantes,
3140 3291 3549 3356 rationabiles,
3580 3293 3655 3349 si-

1988 3399 2064 3440 ne
2093 3383 2229 3439 dolo
2257 3382 2357 3440 lac
2377 3382 2798 3452 concupiscite,
2822 3388 2887 3441 ut
2918 3384 2978 3438 in
3001 3398 3066 3440 eo
3098 3381 3375 3439 crescatis
3402 3382 3462 3437 in
3490 3380 3655 3441 salu-

1987 3478 2100 3528 tem
2124 3484 2145 3540 ,'
2173 3472 2226 3527 si
2252 3476 2451 3536 tamen
2493 3471 2775 3541 gustatis,
2805 3472 3089 3541 quoniam
3115 3470 3310 3526 dulcis
3339 3474 3422 3527 est
3452 3470 3651 3527 Domi-

1983 3576 2116 3617 nus.
2147 3559 2247 3617 Ad
2281 3574 2450 3631 quem
2493 3558 2837 3615 accedentes
2880 3558 3151 3628 lapidum
3194 3559 3389 3614 vivum
3435 3562 3488 3613 et
3532 3556 3653 3626 ipsi

1981 3656 2272 3720 tanquam
2302 3647 2529 3717 lapides
2562 3647 2681 3703 vivi
2712 3646 3276 3715 superavdiﬁeamini
3302 3645 3365 3701 in
3403 3645 3643 3702 domum

1978 3736 2354 3808 spiritualem
2386 3736 2439 3806 (Ι
2462 3736 2628 3791 Petr.
2657 3736 2736 3806 ιι).
2772 3735 2870 3792 llis
2903 3739 3082 3807 atque
3131 3733 3260 3793 aliis
3291 3732 3643 3805 hujusmodi

1977 3825 2197 3883 sanctis
2247 3822 2777 3898 praedicationibus
2822 3823 2946 3885 fera
2995 3823 3307 3895 gentilium
3345 3821 3640 3881 edomans

1975 3914 2181 3987 corda,
2220 3914 2542 3971 innumera
2588 3913 2897 3971 diabolicae
2949 3914 3102 3987 parti
3147 3912 3524 3979 detrimenta,
3583 3916 3641 3968 et

1972 4021 2095 4062 non
2122 4004 2374 4063 modicae
2408 4002 2751 4061 Christianae
2787 4003 3053 4061 societati
3070 4002 3270 4061 intulit
3286 4008 3635 4070 augmenta.

1974 4098 2041 4152 Et
2064 4094 2209 4168 quia
2253 4093 2364 4151 sibi
2395 4091 2614 4153 tradita
2659 4092 2894 4153 Domini
2945 4093 3041 4151 sui
3081 4090 3334 4150 ﬁdeliter
3370 4090 3639 4161 erogavit

1972 4182 2215 4249 talenta,
2241 4182 2374 4254 jure
2406 4185 2471 4237 ut
2498 4180 2696 4239 bonus
2738 4185 2796 4238 et
2832 4180 3025 4239 ﬁdelis
3070 4196 3278 4239 servus
3310 4178 3502 4253 ipsius
3536 4194 3637 4255 pe-

1969 4277 2205 4330 netrare
2256 4272 2474 4328 meruit
2510 4271 2751 4341 gaudia.
2787 4270 3107 4331 Praelibatis
3151 4268 3501 4329 summatim
3537 4268 3632 4326 bis

1971 4360 2183 4435 paucis
2242 4376 2354 4436 pro
2414 4360 2988 4418 commemoratione
3050 4357 3425 4427 Willibrordi,
3470 4356 3631 4415 beati

1968 4448 2245 4523 praesulis
2274 4447 2439 4507 chari
2466 4449 2654 4509 nostri
2684 4448 2942 4507 Lebwini
2975 4447 3324 4505 insistemus
3354 4445 3554 4517 gestis.

2038 4542 2098 4596 Χ.
2139 4537 2394 4597 Veniens
2426 4537 2606 4608 igitur
2648 4541 2734 4594 vir
2780 4537 2878 4595 Dei
2909 4553 3049 4593 cum
3089 4552 3199 4593 suo
3230 4534 3461 4607 collega
3481 4536 3626 4593 Mar-

1967 4627 2181 4685 cellino
2195 4627 2273 4687 ad
2295 4643 2561 4700 prazmon
2570 4631 2822 4687 stratum
2839 4625 2953 4687 sibi
2970 4625 3169 4685 locum
3194 4642 3230 4689 a
3242 4627 3381 4692 Deo,
3395 4640 3541 4681 usus
3561 4638 3625 4681 es

1966 4716 2321 4791 aliquandiu
2344 4715 2536 4771 viduis
2558 4714 2903 4786 cujusdam,
2930 4730 3066 4788 quae
3093 4712 3422 4773 Abachilda
3450 4729 3625 4771 voca-

1964 4806 2166 4875 batur,
2187 4803 2468 4879 hospitio,
2490 4809 2546 4862 et
2564 4804 2707 4861 nihil
2732 4804 2953 4861 veritus
2976 4803 3416 4863 animositatem
3428 4803 3623 4875 gentis

1963 4895 2123 4952 illius
2151 4893 2478 4955 insudabat
2506 4893 2772 4966 quotidie
2805 4893 3172 4963 Evangelicm
3192 4892 3621 4967 pradicationi,

1964 4983 2288 5043 instantius
2309 4982 2654 5053 ostendens,
2679 4982 2946 5055 neglecto
2960 4986 3077 5043 Deo
3107 4983 3239 5041 vivo
3263 4987 3323 5043 et
3340 4999 3502 5050 vero,
3524 5000 3623 5043 va-

1965 5072 2092 5128 cuis
2114 5088 2185 5129 ac
2205 5087 2311 5145 per
2322 5071 2528 5128 omnia
2556 5070 2874 5145 superﬂuis
2894 5072 3182 5130 inservire
3199 5088 3305 5128 eos
3323 5071 3626 5131 idolorum

1965 5160 2246 5219 cultibus.
2282 5159 2436 5226 Quid
2482 5161 2768 5219 immorer
2811 5161 3050 5219 multis?
3091 5160 3462 5218 Salutaribus
3494 5163 3627 5235 ejus

1966 5249 2208 5307 monitis
2251 5248 2444 5306 edocti
2484 5248 2863 5309 crediderunt
2904 5254 3205 5329 quotquot
3231 5250 3313 5308 ad
3340 5255 3627 5310 aeternam

1964 5339 2148 5397 vitam
2196 5343 2367 5395 erant
2403 5339 2807 5412 praeordinati.
2849 5342 3111 5407 Quorum
3159 5340 3339 5403 etiam
3383 5347 3628 5415 sumptu

1967 5432 2350 5500 compactum
2397 5432 2485 5484 est
2524 5428 2721 5502 primo
2760 5430 3152 5491 oratoriolum
3175 5430 3239 5489 in
3261 5430 3397 5490 loco
3425 5431 3629 5505 Wilpa

1965 5515 2249 5587 vocitato,
2268 5531 2477 5574 versus
2494 5518 2930 5583 occidentalem
2955 5521 3117 5580 lselas
3146 5520 3415 5579 ﬂuminis
3431 5535 3625 5577 oram.

1965 5609 2082 5664 Nec
2117 5606 2315 5673 multo
2346 5613 2500 5682 post,
2534 5614 2907 5671 accrescente
2938 5611 3165 5673 sensim
3204 5625 3456 5669 numero
3486 5608 3630 5666 ﬁde-
3740 5635 3753 5653 ι
