3950 6178
380 189 481 242 887

990 180 1336 235 HUCBALDI
1375 181 1542 237 MON.
1587 180 1642 235 S.
1685 177 1957 233 AMANDl
1997 177 2146 233 OPP.
2187 178 2363 234 PARS
2407 180 2444 233 Ι.
2485 207 2554 216 --
2594 172 3186 232 HAGIOGRAPHICA.
3625 184 3704 236 838

381 308 551 379 lium,
585 304 749 363 aliud
778 304 976 376 majus
1001 318 1205 358 versus
1249 303 1600 359 orientalem
1630 301 1901 374 ejusdem
1928 301 2035 356 ﬂu-
2070 308 2116 360 Α
2147 301 2391 371 contigit
2433 300 2739 357 divertisse
2789 298 2867 355 ad
2915 297 3165 353 domum
3201 297 3493 368 cujusdam
3518 299 3704 360 illustris

382 395 561 453 minis
588 397 821 467 partem
852 391 903 446 ei
931 394 1389 447 construxerunt
1412 391 1761 457 oratorium,
1791 394 1848 445 et
1866 390 2038 461 juxta

382 485 530 541 illud
556 485 684 555 ejus
716 478 1069 536 habitationi
1096 496 1428 552 congruam
1454 481 1735 537 domum:
1772 479 1874 536 ubi
1906 494 2039 534 san~

385 578 513 630 ctus
551 568 785 626 Domini
824 566 1176 640 quotidiana
1223 568 1557 640 vigiliarum
1597 586 1667 626 ac
1716 570 2039 624 missarum

384 661 636 719 Domino
658 662 797 713 vota
824 656 1226 730 persolvebat,
1246 663 1303 714 et
1327 659 1695 714 conﬂuentes
1721 657 1799 714 ad
1827 674 1889 713 se
1915 672 2040 712 ver-

380 751 444 806 bi
472 747 659 805 divini
686 762 845 820 pane
890 745 1132 802 cibabat
1173 747 1519 820 cunctisque
1551 763 1612 803 se
1662 746 2041 803 cernentibus

384 838 713 909 gratiosum
739 836 925 903 vultu,
953 835 1152 891 verbis
1175 852 1244 893 ac
1267 836 1536 892 moribus
1561 836 1899 892 exhibebat.
1931 838 2040 891 Un-

383 927 458 982 de
501 930 558 982 et
608 939 795 997 quam
843 923 1115 996 plurimis
1165 940 1372 980 eorum
1420 924 1597 981 etiam
1646 922 2040 981 nobilioribus

385 1013 626 1088 speciali
658 1012 969 1068 affectione
996 1012 1215 1067 charus
1242 1018 1385 1069 erat.
1420 1014 1646 1069 Interea
1674 1012 1861 1069 hostis
1890 1011 2042 1069 anti-

385 1120 563 1176 quus,
593 1102 770 1158 totius
802 1116 1039 1173 semper
1087 1101 1366 1158 bonitatis
1395 1101 1654 1172 invidus,
1687 1117 1937 1158 cernens
1970 1100 2044 1156 si-

386 1192 446 1248 bi
477 1192 689 1259 minui,
712 1206 866 1264 quos
890 1206 998 1262 per
1020 1189 1266 1246 beatum
1285 1190 1634 1247 Lebwinum
1658 1191 1885 1247 Christo
1908 1206 2045 1245 con-

387 1281 583 1337 stabat
612 1278 962 1347 consociari,
984 1279 1196 1349 sategit
1222 1295 1327 1352 per
1358 1296 1481 1335 sure
1513 1280 1896 1351 malignitatis
1920 1279 2044 1335 fau-

386 1375 560 1438 tores,
577 1373 642 1424 ut
669 1367 927 1424 multum
957 1366 1031 1423 de
1063 1384 1133 1423 eo
1150 1368 1388 1424 furiosae
1415 1369 1861 1442 conquestionis
1886 1383 2046 1422 mur—

384 1475 522 1514 mur
573 1457 895 1514 haberetur
942 1457 1093 1513 inter
1128 1459 1473 1532 populares.
1530 1458 1784 1515 Aiebant
1839 1457 2042 1513 enim:

389 1547 689 1614 Quidnam
721 1552 809 1603 est
844 1546 990 1602 illud
1017 1547 1382 1618 phantasma
1412 1548 1853 1619 vagabundum
1883 1546 2049 1620 quod

2146 397 2216 446 a‘c
2248 392 2501 464 potentis
2530 390 2661 463 viri,
2689 389 2933 446 nomine
2966 388 3264 459 Foleberti,
3293 390 3449 460 cujus
3470 392 3597 448 inter
3615 395 3707 466 plu-

2145 496 2241 536 res
2271 497 2424 553 quos
2470 481 2685 537 charos
2734 477 3018 547 habebat,
3051 477 3381 551 quibusque
3406 478 3517 551 ipse
3543 481 3706 539 charus

2147 572 2290 637 erat,
2323 567 2612 625 familiare
2660 566 2985 641 praestabat
3013 565 3471 622 contubernium.
3498 569 3587 634 Qui
3610 587 3707 628 cum

2148 658 2416 714 maximo
2461 657 2631 714 illum
2684 655 2987 729 excipiens
3045 655 3268 726 gaudio
3321 654 3432 711 ait:
3486 658 3708 727 Gratulor,

2147 746 2414 819 quidem,
2447 748 2530 803 mi
2559 745 2789 816 dilecte,
2812 748 3149 818 opportune
3178 749 3229 800 te
3259 760 3410 801 nunc
3438 744 3707 816 advenisse;

2148 835 2407 909 denique
2460 836 2629 907 mihi,
2678 851 2787 908 pro
2847 839 2901 891 te
2954 833 3223 899 sollicito,
3276 837 3489 904 gratam
3528 836 3711 892 exhibes

2150 930 2314 981 tuam
2345 925 2745 998 praesentiam.
2772 923 2887 981 Sed
2912 940 3207 997 quorsum
3228 921 3451 991 tendas,

2149 1013 2260 1070 das
2291 1013 2488 1070 velim.
2521 1012 2629 1069 Cui
2671 1012 2758 1069 vir
2800 1015 3077 1068 sanctus:
3134 1014 3246 1081 Est,
3295 1010 3490 1084 inquit,
3516 1012 3709 1079 animus,

2151 1118 2412 1175 superna
2434 1103 2685 1174 juvante
2726 1101 2936 1173 gratia,
2969 1099 3283 1157 concilium
3322 1098 3546 1156 invisere
3579 1102 3710 1157 Saxo-

2151 1209 2319 1249 num.
2352 1192 2442 1247 Ad
2471 1208 2654 1266 quem
2697 1191 2830 1248 ille:
2887 1193 3035 1248 Cum
3080 1196 3197 1246 tuae
3240 1189 3536 1245 sanctitatis
3560 1191 3711 1245 merito

2153 1280 2613 1355 quamplurimis
2649 1283 2995 1336 nostrorum
3031 1282 3310 1350 acceptus
3349 1277 3606 1342 habearis,
3628 1293 3710 1333 non

2153 1370 2364 1440 ignoro
2392 1369 2697 1442 quosdam
2728 1368 2831 1424 tibi
2859 1367 3170 1431 inimicari,
3211 1371 3266 1423 et
3308 1367 3427 1423 vitae
3451 1371 3551 1423 tua:
3585 1366 3712 1422 libeu~

2155 1465 2242 1516 ter
2283 1458 2570 1515 insidiari.
2622 1458 2793 1514 Unde
2822 1473 2989 1528 rogo,
3022 1461 3107 1523 ut,
3137 1472 3233 1512 me
3265 1455 3473 1523 audito,
3496 1455 3711 1511 aliorsum

2156 1553 2211 1604 te
2242 1554 2433 1618 vertas
2464 1547 2669 1616 modo,
2700 1547 2796 1602 vel
2827 1546 3081 1602 domum
3122 1544 3351 1614 redeas,
3380 1544 3464 1601 vel
3502 1549 3637 1600 tuum
3658 1544 3713 1598 fa-

387 1637 513 1692 suis
568 1636 882 1710 praestigiis
931 1637 1151 1692 alienat
1202 1643 1451 1706 mentes,
1506 1638 1760 1694 infatuat
1812 1653 2046 1706 sensus,
2083 1661 2121 1713 B
2159 1636 2453 1693 miliarem
2502 1638 2804 1692 Davonem
2833 1639 3027 1708 petas,
3059 1649 3375 1708 quousque
3401 1637 3604 1706 peracto
3622 1647 3714 1687 cou-

391 1740 590 1780 mores
636 1724 916 1796 pervertit
944 1727 1329 1782 nostrorum?
1374 1729 1580 1782 Nonne
1625 1725 1860 1782 cernitis
1885 1723 2052 1798 quod

381 1813 513 1882 jam
561 1811 782 1868 multos
822 1827 859 1866 a
897 1829 1022 1867 suae
1076 1813 1378 1884 qualitatis
1428 1818 1583 1869 statu
1626 1812 1954 1887 corruperit
1999 1819 2055 1869 et

388 1900 564 1972 quasi
595 1899 813 1955 deliros
838 1899 1138 1957 effecerit?
1170 1904 1320 1971 Ergo
1347 1906 1673 1974 antequam
1701 1918 1813 1957 nos
1843 1916 2056 1957 omnes

388 1991 448 2067 in
481 1994 791 2062 posterum
839 1988 935 2045 ille
975 1989 1384 2046 fascinationis
1432 2008 1553 2046 suae
1604 1990 1921 2047 fraudibus
1951 1989 2057 2045 cir-

386 2078 749 2145 cumveniat,
782 2077 947 2134 ocius
990 2080 1392 2151 perquiratur,
1437 2079 1752 2150 effugetur,
1807 2084 1910 2136 aut
1950 2095 2057 2152 po-

386 2167 502 2222 tius
534 2165 956 2238 pessundetur,
985 2166 1079 2222 vel
1110 2182 1249 2222 cum
1284 2184 1396 2223 sua
1441 2167 1541 2224 illa
1589 2168 1832 2238 magica
1876 2183 2056 2223 scena

388 2253 717 2327 [magicali]
745 2253 908 2310 virus
939 2254 1203 2311 ﬂammis
1252 2255 1587 2312 addicatur.
1619 2258 1715 2312 His
1746 2256 2055 2313 continua-

389 2344 459 2400 tis
489 2344 743 2412 irruunt,
777 2346 834 2399 et
863 2345 1143 2417 apposito
1173 2344 1311 2415 igne
1343 2344 1604 2401 ecclesiae
1635 2346 1896 2401 domum
1918 2360 2056 2401 con-

389 2436 677 2499 cremant,
709 2436 766 2488 et
794 2449 1191 2506 quoscunque
1223 2433 1585 2490 Christianos
1618 2434 1846 2491 ibidem
1884 2450 2054 2507 repe-

387 2521 567 2587 riunt,
602 2520 682 2576 ab
712 2520 927 2577 eodem
973 2520 1106 2577 loco
1147 2522 1497 2579 insectando
1543 2523 1783 2593 longius
1816 2528 2053 2596 protur-

390 2609 558 2665 bant.
594 2608 884 2664 Dominus
909 2614 1110 2666 autem
1138 2611 1241 2682 qui
1282 2612 1539 2667 custodit
1570 2627 1771 2668 omnes
1798 2612 2054 2681 diligen-

394 2706 476 2755 tes
506 2714 565 2755 se
596 2698 786 2767 (Psal.
811 2700 992 2773 cxuv)
1020 2700 1319 2756 famulum
1341 2718 1518 2757 suum
1550 2702 1628 2758 ab
1658 2718 1869 2758 eorum
1899 2702 2054 2757 inse-

393 2787 648 2845 ctatione
693 2788 909 2862 eripuit
937 2793 1115 2863 atque
1153 2791 1231 2847 ad
1266 2790 1593 2848 multorum
1626 2792 1879 2847 salutem
1920 2790 2057 2846 illm-

397 2894 532 2933 sum
565 2878 898 2934 custodivit.
936 2879 1052 2935 Sed
1078 2894 1275 2952 neque
1313 2880 1525 2937 beatus
1557 2881 1645 2936 vir
1673 2881 1913 2937 illorum
1941 2885 2055 2936 ter-

400 2968 547 3023 ritus
596 2967 822 3024 saevitia
863 2967 940 3023 ab
988 2968 1431 3038 evangelizandi
1470 2970 1724 3025 cessavit
1752 2968 2053 3037 instantia,

404 3056 513 3111 sed
540 3060 605 3112 ut
650 3056 814 3112 fortis
848 3055 1067 3113 athleta
1095 3065 1329 3128 sumpto
1355 3059 1501 3128 ﬁdei
1539 3065 1706 3114 scuto
1747 3064 1803 3114 et
1844 3059 2057 3114 salutis

350 3159 356 3165 '
399 3134 575 3217 galea
606 3146 846 3216 (Ephes.
876 3147 951 3214 γι)
982 3145 1060 3202 ad
1088 3146 1302 3203 iterum
1327 3147 1591 3204 rediviva
1608 3152 1787 3220 atque
1817 3146 2058 3203 fortiora

404 3249 467 3290 se
496 3234 859 3307 praeparavit
886 3234 1252 3292 discrimina.

469 3323 555 3379 Xl.
600 3326 663 3377 In
719 3325 1023 3380 Saxonum
1072 3328 1247 3394 gente
1295 3324 1503 3397 priscis
1547 3324 1919 3397 temporibus
1960 3340 2061 3381 ne-

399 3427 518 3484 que
550 3411 773 3467 summi
806 3411 1152 3486 caelestique
1199 3413 1355 3484 regis
1404 3413 1592 3470 inerat
1634 3413 1844 3470 notitia
1872 3419 1935 3468 ut
1968 3412 2058 3468 di-

402 3516 522 3571 gna
553 3499 738 3556 cultui
769 3501 899 3572 ejus
925 3501 1301 3558 exhiberetur
1326 3503 1688 3558 reverentia:
1724 3518 1918 3576 neque
1954 3506 2061 3558 ter-

404 3582 532 3643 reni
562 3588 816 3659 alicujus
844 3588 1003 3660 regis
1051 3589 1312 3661 dignitas
1352 3594 1407 3647 et
1457 3590 1932 3661 honorificentia,
1965 3607 2063 3646 cu-

399 3678 499 3749 jus
550 3683 853 3748 regeretur
897 3679 1296 3752 providentia,
1344 3680 1734 3752 corrigeretur
1786 3694 2058 3750 censura,

404 3767 822 3825 defenderetur
849 3769 1172 3837 industria;
1206 3770 1312 3827 sed
1357 3774 1483 3826 erat
1530 3786 1676 3841 gens
1706 3771 1855 3843 ipsa,
1890 3769 2062 3826 sicuti

405 3872 567 3913 nunc
590 3873 782 3929 usque
810 3858 1086 3925 constitit,
1121 3859 1329 3915 ordine
1355 3859 1646 3932 tripartito
1673 3860 1883 3915 divisa.
1916 3858 2064 3917 Sunt

409 3945 670 4017 denique
712 3945 794 4000 ibi
823 3946 928 4018 qui
956 3946 1196 4002 illorum
1243 3948 1461 4019 linguae
1507 3948 1760 4018 Edlingi,
1793 3954 1931 4004 sunt
1959 3948 2064 4019 qui

411 4030 672 4100 Frilingi,
705 4037 844 4087 sunt
889 4033 993 4105 qui
1034 4033 1178 4090 lassi
1226 4035 1525 4104 dicuntur,
1559 4035 1723 4109 quod
1764 4035 1825 4091 in
1856 4037 2064 4092 Latina

411 4121 590 4174 sonat
623 4116 853 4188 lingua,
896 4121 1128 4177 nobiles
1167 4123 1567 4195 [ingenuiles],
1598 4124 1845 4196 ingenui
1886 4128 2063 4198 atque

417 4206 676 4262 serviles.
709 4208 823 4263 Pro
854 4225 963 4264 suo
1013 4226 1149 4266 vero
1195 4212 1385 4279 libitu,
1417 4212 1667 4269 consilio
1706 4229 1969 4287 quoque,
2000 4218 2067 4270 ut

415 4295 529 4351 sibi
571 4294 906 4365 videbatur,
937 4298 1236 4370 prudenti,
1270 4300 1518 4371 singulis
1555 4300 1727 4375 pagis
1769 4303 2064 4375 principes

412 4388 709 4458 praeerant
732 4367 967 4457 singuli.
986 4389 1214 4446 Statuto
1234 4367 1477 4464 quoque
1507 4367 1787 4466 tempore.
1805 4367 2065 4449 anni-se-
2095 4367 2139 4422 θ

413 4474 532 4530 mel
559 4490 632 4530 ex
680 4475 929 4545 singulis
976 4478 1169 4550 pagis,
1197 4484 1375 4553 atque
1406 4497 1480 4536 ex
1507 4481 1719 4538 iisdem
1758 4483 2069 4539 ordinibus

412 4563 739 4637 tripertitis,
780 4564 1123 4636 singillatim
1165 4568 1276 4624 viri
1320 4568 1643 4626 duodecim
1688 4571 1874 4640 electi,
1915 4578 1972 4628 et
2008 4572 2070 4627 in

410 4670 600 4710 unum
633 4654 883 4724 collecti,
914 4656 975 4713 in
1001 4658 1201 4716 media
1233 4662 1492 4718 Saxonia
1521 4678 1691 4718 secus
1717 4661 1944 4719 ﬂumen
1964 4662 2074 4718 Wi-

411 4759 608 4800 seram
640 4747 697 4800 et
743 4744 945 4801 locum
976 4748 1196 4806 Marklo
1242 4755 1683 4825 nuncupatum,
1716 4751 2074 4810 exercebant

411 4833 689 4903 generale
713 4835 1054 4904 concilium,
1070 4842 1409 4912 tractantes,
1430 4841 1763 4898 sancientes
1781 4846 1838 4899 et
1857 4858 2075 4915 propa-

409 4920 604 4978 lantes
638 4924 979 4981 communis
1003 4929 1328 4985 commoda
1379 4930 1660 5001 utilitatis,
1688 4932 1859 5002 juxta
1893 4931 2074 5005 placi-

410 5013 542 5064 tum
588 5026 624 5066 a
649 5028 710 5067 se
741 5017 973 5071 statutae
1004 5015 1174 5085 legis.
1203 5019 1318 5075 Sed
1348 5019 1454 5075 etsi
1485 5019 1634 5075 forte
1663 5020 1802 5077 belli
1832 5026 2076 5078 terreret

416 5096 683 5168 exitium,
717 5100 763 5153 si
797 5103 963 5175 puris
1007 5106 1294 5164 arrideret
1337 5109 1650 5179 gaudium,
1683 5111 2078 5167 consulebant
2120 5107 2129 5119 ’

416 5184 495 5240 ad
518 5186 646 5241 haec
689 5208 824 5262 ,uui
851 5193 958 5249 sit...
1026 5198 1166 5253 "oret
1193 5197 1518 5269 agendum.
1551 5199 1718 5254 Hunc
1749 5200 1940 5255 sciens
1970 5200 2077 5255 im-

418 5273 642 5330 minore
687 5286 1047 5340 conventum
1098 5287 1307 5343 Christi
1365 5287 1536 5344 miles
1584 5288 1919 5359 Lebwinus,
1976 5288 2078 5345 de-

417 5363 658 5420 stinavit
685 5365 888 5423 animo
934 5387 995 5426 se
1024 5371 1162 5430 illuc
1191 5376 1438 5445 iturum,
1469 5394 1592 5450 quo
1641 5382 1745 5434 aut
1788 5395 1898 5434 suo
1950 5377 2078 5447 regi

417 5454 751 5526 acquireret
797 5457 1108 5529 copiosum
1158 5465 1235 5516 ti-I
1261 5465 1351 5521 ilis
1390 5467 1683 5524 exercitus
1729 5484 2075 5537 numerum,

417 5547 521 5599 aut
548 5542 773 5601 fortiter
814 5551 1023 5605 contra
1057 5549 1224 5609 hoste-
1296 5555 1612 5624 dimicans,
1642 5557 1969 5628 gloriosum
1996 5557 2082 5613 vi—

417 5633 615 5691 ctoriae
646 5652 769 5692 suae
810 5642 1138 5713 reportaret
1175 5642 1285 5699 triu
1315 5646 1569 5721 nphum.
1603 5648 1841 5707 Interim
1875 5652 2077 5710 tamen.

2162 1727 2294 1783 cilio
2350 1726 2531 1783 tutius
2577 1741 2688 1782 nos
2743 1736 2986 1799 quoque
3035 1724 3279 1780 revises.
3313 1725 3550 1795 Cumque
3573 1722 3714 1791 hujus

2164 1816 2331 1872 modi
2372 1815 2751 1872 sermonibus
2804 1813 3157 1871 dissuadere
3215 1817 3505 1869 conaretur
3550 1810 3714 1866 athleta

2164 1905 2395 1975 Christi,
2455 1909 2660 1961 sancto
2714 1921 2835 1977 quo
2889 1903 3183 1974 agebatur
3231 1902 3435 1976 Spiritu
3477 1899 3711 1959 animatus,

2166 1998 2509 2051 constanter
2535 1994 2882 2066 respondit:
2923 1991 3269 2048 Nullatenus
3309 1989 3571 2064 praeterire
3591 2002 3711 2060 queo.

2168 2084 2272 2139 sed
2298 2099 2493 2156 neque
2524 2082 2720 2139 audeo
2753 2081 2919 2155 quod
2946 2081 3076 2154 ipse
3110 2097 3280 2137 meus
3307 2096 3402 2136 rex
3433 2078 3645 2134 Christus
3660 2078 3715 2130 Je-

2166 2191 2268 2229 sus
2312 2175 2467 2229 Deus
2498 2177 2556 2229 et
2585 2173 2872 2228 Dominus
2903 2170 3050 2226 mihi
3087 2170 3384 2241 agendum
3413 2166 3631 2231 instituit,
3652 2179 3715 2219 cu-

2124 2272 2129 2277 ·
2159 2262 2259 2332 jus
2288 2260 2671 2334 praetergredi
2718 2259 3078 2316 mandatum
3123 2257 3290 2314 nefas
3325 2272 3444 2313 esse
3471 2251 3711 2328 perpendo.

2164 2354 2235 2404 At
2262 2349 2355 2404 ille
2380 2368 2393 2404 :
2427 2349 2587 2417 Vitae,
2616 2348 2827 2421 inquit,
2861 2351 2973 2403 tuae
3002 2346 3210 2402 timeo.
3248 2349 3312 2400 Et
3338 2344 3418 2400 vir
3440 2344 3552 2399 Dei:
3586 2340 3713 2395 Domi-

2163 2454 2297 2502 nus,
2331 2438 2430 2504 ait,
2463 2437 2616 2492 mihi
2638 2436 2923 2506 adjutor;
2950 2451 3073 2491 non
3107 2434 3314 2491 timebo
3332 2433 3465 2505 quid
3477 2432 3627 2501 faciat
3643 2428 3714 2482 mi-

2166 2527 2231 2584 hi
2271 2527 2443 2583 homo
2473 2526 2662 2595 (Psal.
2703 2526 2893 2597 cxvn).
2941 2524 3032 2579 Sic
3083 2524 3215 2594 ejus
3255 2522 3526 2577 firmatam
3561 2514 3716 2590 perspi-

2164 2615 2325 2671 ciens
2352 2613 2583 2682 faciem,
2617 2629 2843 2669 moesus
2873 2611 3122 2668 tandem
3155 2609 3451 2683 acquievit.
3482 2668 3489 2673 ,

2237 2706 2344 2758 th.
2378 2706 2635 2759 Instante
2662 2702 2840 2771 igitur
2873 2699 3161 2772 temporis
3188 2696 3440 2762 arﬁculo,
3464 2709 3566 2767 quo
3587 2690 3714 2763 ipsius

2166 2791 2399 2848 concilii
2413 2790 2622 2847 afforet
2632 2789 3097 2860 concio,adsunt
3115 2804 3369 2862 quorum
3386 2787 3624 2845 intererat,
3635 2794 3713 2834 ca!-

2168 2886 2230 2938 tu
2274 2881 2542 2954 undique
2589 2896 2793 2936 secum
2841 2878 3277 2950 agglomerato.
3314 2875 3474 2932 Adest
3511 2876 3557 2928 et
3579 2869 3712 2954 bonus

2166 2971 2335 3027 miles
2357 2952 2693 3038 Lebwinus,
2712 2984 2833 3024 non
2858 2972 2919 3023 ut
2943 2967 3204 3036 ignavus
3224 2965 3309 3022 vel
3334 2952 3712 3021 desidiosus,sed

2169 3064 2232 3115 ut
2258 3065 2537 3115 strenuus
2557 3063 2614 3114 et
2629 3056 2956 3125 officiosus,
2970 3056 3217 3113 lumbos
3236 3054 3438 3111 mentis
3457 3065 3557 3105 suae
3566 3048 3609 3103 in
3621 3042 3717 3099 veri-

2168 3154 2284 3205 tate
2303 3147 2656 3214 succinctus,
2670 3146 2855 3202 lorica
2871 3145 3112 3217 justitiae
3130 3138 3545 3215 indutus,pedes
3557 3137 3601 3192 in
3610 3147 3711 3207 pm-

2165 3237 2478 3312 paratione
2500 3235 2803 3307 Evangelii
2817 3235 2983 3308 pacis
3006 3234 3327 3300 calceatus,
3341 3235 3489 3287 scuto
3506 3224 3613 3316 liin
3627 3236 3712 3316 ρι’(ξ-

2165 3331 2376 3398 tectus,
2396 3324 2566 3396 galea
2588 3323 2794 3379 salutis
2820 3322 3138 3396 capitatus,
3160 3323 3453 3393 assumpto
3471 3312 3625 3387 gladio
3637 3312 3711 3381 spi-

2168 3417 2314 3472 ritus
2342 3414 2508 3488 quod
2537 3418 2626 3470 est
2654 3413 2902 3469 verbum
2933 3413 3055 3482 Dei,
3089 3413 3274 3469 armis
3296 3408 3508 3481 justitire
3532 3398 3711 3458 virtutis

2166 3521 2284 3579 que
2333 3505 2463 3576 eius
2525 3520 2562 3560 a
2607 3503 2828 3559 dextris
2881 3507 2936 3559 et
3007 3518 3045 3558 a
3098 3501 3345 3558 sinistris
3413 3489 3711 3584 circumdatus

2171 3594 2411 3664 (Ephes.
2444 3593 2551 3664 γι).
2604 3595 2668 3648 Et
2714 3608 2852 3648 cum
2891 3590 2984 3647 his
3032 3590 3316 3647 omnibus
3364 3583 3631 3642 muniretur
3657 3589 3711 3628 1n-

2171 3682 2487 3749 trinsecus,
2522 3697 2645 3737 non
2695 3685 2891 3735 tamen
2937 3678 3336 3752 competentia
3371 3673 3576 3731 deerant
3594 3676 3710 3721 orna-

2171 3774 2374 3826 menta
2391 3786 2629 3825 morum
2650 3768 3034 3824 extrinsecus.
3061 3751 3323 3822 Clericali
3342 3759 3589 3835 siquidem
3604 3751 3710 3807 sche-

2171 3866 2329 3915 mate
2358 3858 2696 3930 insignitus,
2721 3855 3071 3913 sacerdotali
3095 3870 3335 3930 quoque
3361 3849 3523 3908 infula
3544 3844 3710 3930 decore-

2172 3954 2289 4020 tus,
2313 3965 2382 4004 ac
2412 3925 2571 4003 velut
2599 3925 2746 4020 quid
2761 3946 3032 4002 divinum
3048 3925 3416 4019 praesignans
3436 3937 3614 4006 fulgore
3629 3925 3711 4022 n11:

2172 4044 2288 4105 tus,
2319 4037 2511 4094 crucis
2545 4036 2785 4108 signum
2816 4035 3173 4109 praeferebat
3192 4031 3473 4097 manibus,
3491 4027 3712 4111 utpote-stt!

2170 4128 2327 4198 regis
2354 4107 2780 4199 antesignanus
2799 4107 2828 4195 ;⁷
2855 4141 3091 4182 necnon
3111 4129 3169 4180 et
3191 4118 3539 4191 Evangelium
3557 4107 3713 4199 Christi.

2172 4196 2339 4289 (lu—0d
2384 4196 2606 4288 ,ἱιιείῐέιδ
2648 4220 2845 4272 mente
2874 4214 3197 4281 recolebat,
3226 4228 3323 4267 ore
3351 4200 3660 4284 praedicabat,
3680 4196 3717 4288 et

2176 4322 2354 4380 opere
2384 4305 2717 4376 exercebat,
2748 4304 2998 4361 brachio
3034 4317 3276 4376 quoque
3304 4289 3717 4380 gestabat-Omnis

2177 4377 2378 4470 itaque
2428 4394 2835 4451 concessionis
2891 4393 3046 4449 illius
3099 4387 3406 4448 multitudo
3447 4399 3508 4439 ex
3546 4377 3717 4432 diver515

2177 4484 2448 4560 partibus
2477 4488 2704 4554 coacta,
2735 4482 2929 4555 primo
2958 4496 3209 4536 suorum
3239 4484 3559 4552 proavorum

2177 4558 2241 4631 re
2268 4572 2572 4630 contendit
2601 4571 2886 4636 instituta,
2918 4568 3269 4625 numinibus
3297 4561 3530 4619 videlicet
3552 4558 3719 4649 suing

2179 4667 2240 4720 ta
2270 4662 2503 4719 solvens
2533 4678 2602 4718 ac
2630 4660 2940 4717 sacriﬁcia.
2958 4658 3100 4720 Quae
3131 4671 3370 4713 cernens
3393 4650 3477 4720 agi
3501 4639 3718 4703 sacrilegia

2181 4752 2519 4823 Lebwinus,
2549 4749 2760 4806 Christi
2814 4748 2981 4805 fortis
3031 4747 3269 4815 athleta,
3300 4742 3412 4799 zelo
3457 4735 3628 4793 zelatus
3648 4734 3719 4823 pr?

2181 4808 2454 4908 Domino,
2488 4808 2552 4896 ut
2594 4839 2738 4895 olim
2793 4837 2946 4894 Elias
2999 4808 3289 4909 propheta
3336 4829 3444 4902 ([[Ι
3476 4808 3719 4917 Regini!)

2180 4932 2242 4988 in
2268 4930 2466 4987 media
2503 4929 2738 4985 illorum
2767 4926 3107 5002 prorumpit
3136 4922 3388 4994 agmina,
3417 4921 3466 4971 et
3487 4928 3547 4968 ex

2181 5025 2314 5078 viso
2370 5020 2720 5089 vociferans,
2779 5017 2998 5074 exaltat
3044 5030 3249 5072 vocem
3313 5023 3467 5065 suam
3518 5004 3568 5056 ut
3609 4990 3720 5048 (αὕθ’

2183 5108 2549 5167 annuntians
2594 5106 2798 5179 palam
2847 5110 2903 5160 et
2944 5103 3303 5173 redarguens
3333 5094 3530 5153 scelera
3560 5091 3720 5179 θοτξηίξς

2184 5197 2414 5265 Audite,
2445 5172 2658 5269 inquit,
2692 5210 2923 5263 omnes,
2955 5172 3154 5249 audite
3193 5206 3304 5250 me,
3333 5190 3383 5242 et
3424 5193 3529 5238 non

2187 5302 2283 5344 me
2313 5259 2609 5360 quantum
2639 5259 2779 5342 eum
2801 5259 3190 5356 qui'loquitur
3208 5276 3367 5334 vobis
3389 5286 3483 5346 per
3504 5278 3603 5360 111?:
3614 5259 3719 5360 Πεξίξ

2187 5353 2511 5433 data-illius
2539 5374 2712 5431 vobis
2758 5353 3029 5447 profero,
3049 5371 3219 5441 cuius
3245 5362 3433 5423 omnia
3458 5353 3718 5449 sunt'itupf

2185 5429 2506 5539 saga;
2540 5429 2779 5536 adici;
2816 5429 3103 5534 subjecta.
3128 5429 3221 5514 'Ad
3270 5456 3388 5511 haec
3429 5458 3545 5539 cun}
3575 5429 3720 5539 ίμξξξ

2188 5556 2358 5613 toniti
2397 5524 2822 5630 respexissent,
2852 5524 3278 5624 aspectumque
3321 5539 3420 5597 viri
3459 5537 3507 5632 ei

2195 5611 2980 5713 mirantes,‘conticuissent,
3011 5638 3107 5695 ille
3151 5611 3413 5708 praefatus
3458 5622 3525 5677 sic
3548 5611 3718 5671 institui
