3950 6178
170 186 266 241 889

1567 188 1736 245 VlTA
1775 189 1830 245 S.
1874 191 2186 254 LEBWINI.

3480 212 3587 270 890

169 308 534 403 Auscultate,
562 310 850 403 attendite
879 316 938 369 et
960 314 1165 399 scitote
1183 316 1328 389 quia
1345 316 1635 373 Dominus
1658 328 1816 370 crea-
1850 319 1898 369 A
1928 315 2073 375 lium
2119 325 2341 381 montis
2401 325 2478 381 ad
2528 326 3025 400 praecipitandum
3073 329 3418 403 perductus,
3458 349 3583 389 suae

168 403 254 454 tor
294 397 426 454 coeli
480 402 538 454 et
587 402 776 469 terrae,
830 404 1015 459 maris
1063 392 1137 460 et'
1162 406 1435 462 omnium
1483 422 1620 479 quae
1644 404 1705 460 in
1736 404 1819 460 eis

168 490 321 556 sunt,
354 486 485 559 ipse
516 486 681 543 solus
709 504 868 545 unus
897 496 954 547 et
975 508 1154 548 verus
1196 498 1284 549 est
1311 497 1485 549 Deus.
1516 495 1649 563 Ipse
1672 490 1817 562 fecit

166 591 266 631 nos
292 580 348 631 et
377 590 498 631 non
529 577 647 645 ipsi
675 577 858 648 (Psat.
891 581 1067 652 xcrx),
1100 596 1295 654 neque
1321 586 1410 638 est
1430 581 1583 638 alius
1606 582 1820 653 praeter

167 679 322 719 eum.
351 663 681 721 Simulacra
708 682 845 738 quae
878 667 1026 724 deos
1053 684 1182 725 esse
1210 670 1453 742 putatis,
1474 684 1753 743 quosque
1783 682 1819 723 a

164 751 401 808 diabolo
422 751 655 825 decepti
684 756 1029 813 venerando
1060 757 1271 827 colitis,
1319 774 1537 815 aurum
1588 757 1683 813 vel
1727 772 1818 812 ar-

166 844 554 911 gentum.a3s,
584 842 756 916 lapis,
792 849 893 901 aut
915 844 1146 915 lignum
1192 851 1363 915 sunt;
1418 829 1541 903 non
1588 846 1815 915 vivunt,

164 945 282 985 non
309 935 626 987 moventur
653 948 848 1005 neque
879 935 1160 991 sentiunt.
1196 937 1390 1008 Opera
1415 936 1575 992 enim
1626 935 1819 991 homi-

164 1034 307 1074 num
332 1024 489 1086 sunt,
518 1035 629 1076 nec
659 1021 944 1094 cuiquam
970 1023 1087 1091 alii,
1123 1040 1233 1080 nec
1262 1025 1375 1081 sibi
1402 1029 1662 1098 possunt
1708 1040 1817 1080 au-

162 1106 369 1163 xiliari.
402 1110 555 1178 Ergo
584 1112 736 1166 Deus
763 1111 925 1167 solus
951 1111 1172 1179 bonus,
1208 1113 1373 1169 solus
1394 1114 1611 1185 justus,
1644 1113 1817 1184 cujus

163 1197 567 1255 misericordia
597 1204 655 1256 et
681 1201 898 1257 veritas
928 1208 1132 1260 manet
1160 1204 1220 1259 in
1253 1208 1559 1275 zeternum,
1599 1203 1820 1259 condo-

158 1285 287 1342 lens
309 1290 432 1342 tam
466 1288 791 1346 miserabili
810 1307 920 1346 vos
938 1292 1288 1349 daemonum
1314 1293 1591 1350 seductos
1620 1308 1817 1348 errore

160 1374 270 1430 hac
295 1390 393 1431 me
422 1377 706 1449 prtecepit
730 1377 899 1449 fungi
918 1379 1237 1451 legatione,
1267 1386 1333 1437 ut
1387 1381 1603 1437 vetusti
1632 1380 1818 1453 poeni-

160 1467 346 1520 tentes
367 1466 585 1521 erroris
607 1467 687 1523 ad
711 1483 850 1523 eum
872 1471 1303 1526 convertamini
1322 1474 1484 1526 recta
1505 1474 1563 1525 et
1586 1470 1818 1525 sincera

158 1550 295 1617 ﬁde,
328 1553 502 1623 cujus
531 1554 713 1610 creati
740 1556 881 1612 estis
928 1556 1213 1613 bonitate.
1276 1562 1336 1613 In
1380 1558 1514 1631 ipso
1558 1557 1818 1629 denique

1926 405 2155 465 virtutis
2209 414 2473 483 potentia
2522 417 2817 471 transiens
2873 432 2981 489 per
3032 419 3300 475 medium
3344 419 3584 477 illorum

1926 493 2053 552 ibat
2071 497 2291 556 illaesus
2320 502 2484 572 (Luc.
2519 504 2622 573 iv),
2656 504 2738 559 sic
2764 509 2821 561 et
2848 506 2956 562 iste
2986 507 3249 563 famulus
3274 524 3419 564 suus
3462 510 3586 581 eju-

1929 584 2100 642 sdem
2155 590 2415 646 Domini
2450 591 2543 647 sui
2598 593 2933 650 munimine
2989 596 3422 669 circumseptus
3478 613 3585 671 per

1926 674 2195 733 medium
2216 694 2277 734 se
2305 695 2519 736 necare
2550 680 2920 754 cupientium
2980 689 3035 740 et
3080 685 3208 757 ipse
3233 685 3465 742 transiit
3499 686 3587 742 in-

1926 766 2136 822 tactus.
2194 771 2349 824 Inter
2398 770 2565 842 ipsos
2623 775 2826 827 tamen
2877 772 3130 845 quidam
3160 772 3397 831 fuerant
3424 791 3585 832 sanae

1925 854 2160 925 mentis,
2214 871 2476 927 quorum
2534 859 2720 915 corda
2775 855 2929 916 Deus
2978 860 3267 931 tetigerat,
3316 865 3420 935 qui
3456 864 3585 919 haec

1925 940 2051 997 fieri
2078 942 2137 999 in
2166 951 2441 1002 sanctum
2474 948 2573 1004 Dei
2599 948 2966 1005 omnimodis
2993 949 3415 1022 prohibebant.
3435 953 3588 1017 Quo-

1924 1045 2060 1086 rum
2091 1048 2249 1088 unus
2281 1035 2505 1090 caeteris
2533 1036 2901 1107 honoratior,
2923 1037 3168 1094 nomine
3200 1040 3397 1109 Bruto,
3421 1042 3586 1095 stans

1926 1118 1987 1174 in
2037 1122 2411 1179 eminentiori
2462 1124 2616 1196 loco,
2669 1126 2754 1183 ita
2798 1131 3164 1200 protestatus
3214 1131 3303 1183 est
3333 1145 3346 1183 :
3381 1128 3425 1183 Ο
3452 1125 3584 1195 viri,

1925 1210 2270 1284 quicunque
2299 1212 2520 1269 adestis
2541 1215 2790 1286 cordati,
2818 1215 3066 1273 auribus
3088 1215 3588 1290 percipite,verba

1927 1297 2046 1352 oris
2074 1298 2193 1354 mei
2224 1317 2237 1354 :
2266 1302 2621 1374 Frequenter
2651 1303 2729 1359 ad
2757 1319 2869 1360 nos
2888 1304 3298 1377 quarumdam
3319 1302 3586 1374 gentium

1926 1390 2458 1451 Nortmannorum.
2518 1392 2867 1449 Sclavorum
2923 1410 2994 1449 ac
3048 1394 3359 1449 Frisonum
3413 1407 3589 1448 vene-

1927 1478 2065 1530 runt
2091 1475 2291 1547 legati,
2324 1494 2479 1550 quos
2504 1496 2671 1535 more
2704 1480 2875 1536 solito
2933 1498 3072 1537 cum
3127 1496 3276 1553 pace
3329 1480 3588 1552 suscepi-

1930 1580 2089 1635 mus,
2119 1565 2306 1623 verba
2335 1566 2650 1637 legationis
2703 1568 3015 1639 diligenter
3062 1567 3467 1634 tractavimus,
3530 1571 3588 1624 et

157 1656 263 1696 vos
289 1645 347 1698 et
368 1658 476 1699 nos
505 1658 717 1699 omnes
751 1646 1000 1703 vivimus
1026 1663 1334 1704 movemur
1357 1654 1413 1704 et
1436 1664 1639 1704 sumus
1660 1648 1815 1718 (Act.
1849 1667 1889 1721 Β
1927 1653 2254 1711 honoriﬁce
2314 1662 2522 1713 auctos
2570 1658 2920 1714 muneribus
2964 1658 3043 1714 ad
3088 1657 3334 1730 propria
3362 1656 3588 1712 remisi-

157 1732 320 1802 xvu).
354 1732 409 1787 Si
447 1730 616 1788 illum
664 1732 916 1791 fideliter
962 1740 1360 1806 agnoscentes
1409 1736 1817 1809 paenitentiam

157 1818 417 1889 egeritis,
448 1823 506 1875 et
532 1819 815 1894 baptizati
839 1823 901 1878 in
930 1825 1174 1880 nomine
1223 1824 1426 1891 Patris,
1477 1829 1535 1880 et
1582 1824 1725 1893 Filii,
1763 1828 1819 1879 et

158 1907 409 1980 Spiritus
429 1910 616 1966 sancti
648 1909 894 1979 fueritis,
927 1905 984 1969 et
1013 1914 1302 1970 mandata
1348 1915 1479 1985 ejus
1532 1914 1817 1970 obedien-

157 2002 242 2051 ter
272 1998 665 2066 servaveritis,
698 2001 827 2073 ipse
856 2018 966 2057 vos
990 2003 1069 2058 ab
1095 2004 1382 2059 omnibus
1407 2004 1667 2060 servabit
1696 2019 1817 2059 ma-

152 2085 246 2153 lis,
280 2092 339 2143 et
385 2089 722 2146 concedens
776 2092 1265 2165 tranquillitatem
1313 2094 1481 2166 pacis
1527 2093 1697 2149 dabit
1723 2092 1819 2149 hic

151 2175 476 2245 jucundari
502 2180 933 2251 temporalibus
978 2183 1186 2254 copiis,
1246 2188 1303 2237 et
1348 2183 1409 2237 in
1456 2182 1656 2238 futura
1702 2182 1820 2236 vita

153 2264 442 2321 omnibus
471 2267 826 2324 tetemaliter
848 2269 1073 2342 perfrui
1101 2270 1299 2325 bonis.
1345 2271 1401 2326 Si
1427 2276 1629 2327 autem
1675 2286 1823 2343 prte-

150 2357 333 2425 cepta
377 2355 506 2423 ejus
557 2355 951 2413 saluberrima
988 2358 1151 2428 nihil.
1194 2358 1443 2415 feceritis
1513 2358 1823 2430 [nulliﬁca-

147 2441 385 2516 veitis]
414 2447 471 2498 et
497 2443 687 2516 iniqui
712 2446 908 2501 cordis
928 2463 1191 2503 errorem
1231 2448 1525 2517 corrigere
1554 2440 1823 2503 'nolueri-

155 2530 256 2597 tis,
285 2531 490 2588 scitote
518 2533 663 2605 quia
687 2534 999 2605 patiemini
1024 2536 1320 2607 judicium
1357 2552 1549 2610 prensa
1596 2536 1823 2606 gravio-

152 2620 239 2675 ris
283 2620 359 2676 de
416 2626 759 2695 contempta
787 2624 1195 2682 admonitione
1247 2627 1378 2697 ejus
1418 2626 1820 2698 benignitatis.

156 2711 308 2763 Ecce
339 2709 500 2765 enim
527 2726 601 2766 ex
626 2714 921 2769 sententia
951 2714 1072 2769 oris
1101 2716 1250 2786 ejus,
1275 2724 1428 2787 'quee
1468 2720 1555 2771 est
1601 2716 1821 2771 immu-

153 2796 358 2853 tabilis
386 2799 712 2871 pronuntio
744 2801 935 2871 vobis,
987 2803 1149 2875 quia,
1178 2804 1293 2860 nisi
1320 2804 1415 2859 his
1451 2804 1690 2860 monitis
1719 2803 1824 2859 ob-

153 2888 652 2959 temperaveritis,
670 2889 801 2959 jam
822 2890 1128 2947 celerrime
1152 2892 1351 2948 veniet
1388 2892 1562 2947 vobis
1589 2890 1821 2947 malum

152 2974 479 3047 inopinatae
508 2976 925 3034 tribulationis.
959 2979 1385 3036 Praeordinavit
1404 2996 1669 3052 namque
1700 2982 1821 3035 Rex

155 3063 446 3120 caelorum
476 3066 750 3122 omnium
781 3067 1160 3134 saeculorum,
1184 3084 1387 3139 regem
1414 3068 1649 3139 fortem,
1679 3085 1820 3141 pru-

154 3150 420 3225 dentem,
471 3159 529 3210 et
575 3155 957 3223 acerrimum,
1011 3172 1136 3213 non
1179 3158 1254 3213 de
1301 3158 1652 3231 longinquo,
1714 3158 1820 3213 sed

154 3239 229 3297 de
253 3242 556 3315 proximo,
581 3243 770 3300 instar
798 3247 1071 3301 torrentis
1096 3246 1459 3319 rapidissimi
1489 3261 1818 3320 properan-

156 3335 272 3386 tem
298 3332 381 3388 ad
403 3332 831 3390 emolliendam
854 3334 990 3390 duri
1021 3335 1219 3391 cordis
1246 3337 1428 3392 vestri
1458 3336 1821 3393 ferocitatem

155 3425 210 3474 et
237 3421 766 3493 comprimendam
790 3422 997 3494 rigidae
1048 3425 1292 3480 cervicis
1351 3424 1818 3481 contumaciam.

157 3509 267 3573 Qui
300 3510 570 3581 (Carolus
602 3512 872 3582 Magnus)
921 3513 1259 3569 vehementi
1299 3513 1529 3586 impetu
1558 3518 1823 3569 vestram

155 3599 519 3668 aggrediens
548 3600 877 3670 regionem,
923 3601 1146 3671 gladio,
1204 3604 1494 3669 vastitate,
1545 3603 1823 3658 incendio

155 3690 209 3742 et
236 3688 597 3744 exterminio
626 3693 843 3745 cuncta
874 3688 1361 3761 depopulabitur,
1403 3694 1460 3745 et
1490 3694 1556 3745 ut
1601 3689 1825 3745 vindex

155 3774 256 3831 irae
288 3776 395 3832 Dei
423 3793 607 3849 quem
659 3794 897 3850 semper
946 3778 1370 3844 exacerbastis,
1428 3796 1534 3834 vos
1578 3780 1823 3852 quidem

157 3867 381 3939 partim
410 3884 699 3925 mucrone
729 3869 1053 3925 concidens
1100 3870 1370 3942 perimet,
1421 3871 1639 3943 partim
1688 3885 1824 3939 ege-

160 3960 308 4011 state
340 3955 640 4012 tabescere
664 3956 857 4024 faciet,
890 3956 1110 4029 partim
1140 3958 1413 4030 perpetui
1451 3957 1638 4014 exsilii
1681 3975 1828 4013 mo:-

159 4060 290 4101 rore
318 4049 658 4101 consumet.
675 4046 975 4116 Conjuges
1001 4050 1231 4102 vestras
1256 4062 1327 4102 ac
1350 4046 1570 4104 liberos
1591 4046 1828 4120 passim

158 4132 233 4188 ad
267 4133 651 4189 serviendum
678 4133 1016 4204 distribuet,
1048 4138 1105 4190 et
1131 4135 1181 4190 si
1206 4135 1311 4207 qui
1335 4135 1559 4191 residui
1589 4135 1826 4200 fuerint,

160 4220 604 4291 ignominiosos
635 4239 745 4279 suo
776 4221 1049 4279 dominio
1081 4223 1456 4295 subjugahit,
1490 4230 1555 4280 ut
1606 4224 1680 4280 de
1733 4240 1846 4280 vo-.

1931 1759 2084 1799 mus.
2144 1747 2207 1800 Et
2266 1761 2402 1802 ecce
2451 1763 2615 1803 nunc
2660 1747 2892 1819 legatus
2930 1747 3152 1803 summi
3185 1746 3286 1802 Dei
3314 1745 3588 1802 deferens

1927 1831 2103 1888 nobis
2136 1834 2425 1891 mandata
2449 1835 2583 1890 vitae
2613 1852 2684 1891 ac
2713 1839 2931 1892 nostrae
2960 1835 3188 1905 salutis,
3219 1851 3344 1891 non
3390 1834 3588 1891 solum

1930 1926 2167 1993 spretus
2199 1927 2255 1979 et
2284 1928 2664 1997 contemptus
2695 1929 2839 1981 esta
2864 1924 3062 1991 nobis,
3122 1924 3230 1980 sed
3278 1923 3459 1980 etiam
3502 1923 3591 1978 in-

1928 2015 2187 2067 sectatus
2216 2012 2474 2083 injuriis,
2508 2030 2578 2070 ac
2607 2030 2761 2086 pene
2800 2013 2980 2070 subiit
3009 2013 3331 2069 discrimen
3356 2012 3589 2068 mortis.

1930 2099 2124 2162 Quam
2156 2117 2299 2156 vero
2332 2101 2407 2156 sit
2434 2108 2672 2174 potens,
2703 2101 2810 2174 qui
2839 2101 3009 2157 illum
3039 2100 3359 2157 destinavit
3385 2104 3592 2172 poten-

1929 2190 2017 2241 ter
2066 2188 2326 2244 ostendit
2368 2206 2508 2245 cum
2560 2189 2634 2245 de
2692 2189 2974 2245 manibus
3025 2189 3239 2245 nostris
3283 2204 3423 2245 eum
3468 2192 3589 2243 tam

1929 2279 2202 2347 potenter
2258 2282 2316 2333 et
2367 2278 2716 2334 mirabiliter
2770 2278 3003 2350 eripuit.
3058 2277 3222 2334 Unde
3269 2280 3327 2331 et
3354 2291 3426 2332 ea
3453 2290 3591 2347 quae

1932 2363 2362 2421 comminando
2385 2365 2556 2421 vobis
2584 2366 2961 2439 prophetavit
3006 2365 3223 2434 futura,
3283 2364 3406 2419 sive
3455 2378 3594 2418 ven-

1932 2456 2067 2507 tura
2092 2453 2302 2523 procul
2330 2454 2517 2510 dubio
2543 2454 2931 2528 experiemini
2956 2454 3213 2509 nimium
3237 2467 3400 2521 vera,
3444 2450 3593 2508 dum

1933 2555 2005 2595 ea
2023 2541 2251 2611 judicio
2284 2543 2384 2598 Dei
2414 2546 2527 2610 sui,
2554 2544 2660 2616 qui
2689 2548 2812 2600 tam
2842 2548 3055 2616 potens
3084 2546 3191 2609 est,
3242 2540 3417 2597 nobis
3464 2539 3592 2595 fue-

1932 2629 2049 2685 rint
2075 2629 2260 2686 illata.
2293 2631 2721 2702 Hujuscemodi
2774 2630 3214 2701 redargutionis
3270 2645 3340 2685 ac
3393 2628 3593 2701 potius

1931 2718 2169 2774 terroris
2227 2720 2609 2776 seanonibus
2660 2720 2971 2793 perculsus
3026 2718 3467 2792 aliquantulum
3505 2721 3595 2774 est

1931 2806 2369 2864 immansuetus
2397 2825 2606 2865 eorum
2639 2812 2901 2876 animus,
2953 2813 3010 2864 et
3038 2807 3347 2864 communi
3396 2806 3596 2862 decre-

1930 2900 2144 2951 verunt
2196 2913 2497 2953 consensu
2547 2914 2622 2954 ne
2667 2914 2705 2953 a
2741 2913 3054 2971 quoquam
3084 2897 3468 2969 impeteretur
3493 2894 3591 2951 ille

1932 2984 2031 3039 Dei
2058 2984 2325 3052 nuntius,
2358 2986 2463 3041 sed
2501 3001 2867 3059 quocunque
2898 2984 3072 3041 vellet
3097 2985 3179 3040 ire
3204 2984 3439 3057 absque
3468 2982 3593 3039 ulla

1929 3071 2178 3128 laesione
2200 3078 2474 3145 pergeret
2503 3090 2773 3130 securus.

2000 3160 2144 3217 XIV.
2179 3162 2363 3231 Igitur
2386 3168 2632 3219 sanctus
2665 3169 2723 3219 et
2750 3162 2994 3219 humilis
3024 3161 3204 3219 corde
3258 3160 3593 3225 Lebwinus,

1931 3249 2010 3305 ab
2037 3249 2425 3308 insectatione
2454 3252 2911 3323 malignantium
2942 3252 3147 3308 divina
3175 3251 3386 3307 virtute
3408 3254 3594 3317 tutus,

1930 3339 2323 3396 benedicebat
2352 3341 2674 3397 Dominum
2698 3341 2845 3413 quia
2873 3339 3195 3396 laudabilis
3216 3344 3273 3396 et
3302 3338 3596 3409 gloriosus

1932 3432 2021 3482 est
2048 3427 2109 3483 in
2140 3428 2458 3484 saeculum.
2488 3428 2704 3484 Videns
2731 3432 2932 3484 autem
2964 3444 3025 3484 se
3050 3442 3175 3483 non
3213 3442 3390 3499 posse
3439 3441 3596 3481 asse-

1933 3516 2038 3588 qui
2066 3516 2351 3588 ponendo
2382 3533 2493 3589 pro
2519 3516 2802 3572 fratribus
2832 3515 3102 3571 animam
3131 3530 3314 3595 quem
3332 3529 3599 3569 summo-

1933 3620 2074 3676 pere
2093 3604 2481 3661 desiderabat
2500 3604 2771 3677 martyrii
2790 3603 3211 3671 fructum,licet
3230 3600 3598 3671 abnegando

1936 3693 2199 3764 seipsum
2223 3697 2281 3749 et
2304 3693 2567 3749 tollendo
2599 3709 2839 3749 crucem
2878 3708 3055 3748 suam
3093 3695 3231 3765 post
3275 3690 3595 3757 Christum,

1937 3780 2343 3850 cruciﬁgendo
2374 3797 2616 3837 carnem
2644 3798 2783 3837 cum
2815 3781 2967 3837 vitiis
2998 3785 3055 3836 et
3095 3778 3597 3851 concupiscentiis

1935 3869 1997 3924 in
2026 3869 2186 3925 fame
2217 3875 2275 3925 et
2300 3868 2413 3940 siti,
2439 3870 2501 3925 in
2530 3870 2746 3940 vigiliis
2785 3887 2855 3925 ac
2880 3870 3123 3941 jejuniis
3175 3873 3233 3924 et
3283 3866 3594 3923 laboribus

1936 3956 2229 4030 plurimis,
2263 3973 2400 4030 quae
2430 3963 2646 4014 cuncta
2666 3957 2917 4014 libenter
2940 3973 3010 4012 ac
3032 3956 3322 4030 patienter
3336 3953 3594 4027 pertulit,

1936 4046 2188 4115 longum
2217 4047 2279 4101 in
2307 4062 2455 4119 pace
2508 4047 2682 4103 traxit
2728 4047 3106 4118 martyrium.
3157 4044 3599 4101 lndeﬁcientem

1940 4138 2142 4189 tamen
2190 4134 2252 4189 in
2306 4149 2368 4189 se
2426 4134 2685 4191 retinens
2742 4134 2990 4207 plenum
3037 4133 3267 4189 fervore
3297 4132 3600 4189 charitatis

1942 4222 2237 4292 animum,
2289 4222 2627 4294 injunctum
2685 4222 2799 4278 sibi
2846 4239 2884 4278 a
2921 4225 3041 4278 Deo
3084 4222 3175 4278 sui
3229 4220 3602 4296 apostolatus

160 4309 253 4365 bis
277 4310 654 4382 jamdudum
688 4312 823 4383 jure
850 4311 1204 4385 praedictum
1254 4313 1441 4368 videri
1494 4314 1682 4386 possit
1708 4331 1721 4367 ε
1750 4314 1832 4369 Et
1864 4373 1903 4386 ἢ
1944 4311 2261 4368 efﬁcaciter
2289 4312 2749 4368 administrabat
2777 4311 3061 4368 ofﬁcium.
3079 4312 3219 4378 Quis
3241 4311 3402 4367 enim
3422 4309 3602 4380 digne

154 4401 351 4469 pauci
372 4400 529 4469 facti
552 4407 694 4456 sunt
713 4406 768 4457 et
801 4402 1005 4457 vexati
1024 4408 1162 4456 sunt
1203 4418 1240 4457 a
1286 4403 1676 4459 tribulatione
1704 4418 1831 4458 ma-
1867 4399 1907 4426 ”
1947 4400 2429 4474 suﬂicienterque
2460 4402 2656 4457 valeat
2686 4402 2816 4473 ejus
2844 4400 3131 4457 doctrinae
3174 4406 3232 4456 et
3276 4399 3602 4455 verborum

166 4490 366 4545 imm
404 4495 458 4545 et
486 4490 693 4546 dolore
723 4490 911 4557 (Psat.
940 4490 1072 4561 cvi).

234 4578 388 4633 XIII.
429 4578 593 4634 Talia
644 4578 823 4634 beato
880 4577 1007 4633 viro
1056 4578 1396 4651 prophetali
1435 4580 1645 4653 spiritu
1687 4596 1834 4652 prae-

166 4670 446 4732 conautc,
477 4664 965 4721 illidaamoniaco
1012 4665 1342 4722 bachantes
1387 4668 1619 4740 spiritu,
1673 4668 1833 4739 pleni

168 4753 387 4810 furoris
437 4760 495 4810 et
535 4754 783 4810 insaniae
836 4757 1218 4827 perstrepunt
1265 4755 1533 4828 undique
1572 4756 1834 4812 clamore

168 4842 464 4898 confuso:
500 4846 584 4899 En
612 4859 749 4899 ecce
797 4843 971 4899 adest
1020 4843 1301 4899 seductor
1353 4843 1469 4911 ille,
1526 4860 1837 4900 sacrorum

168 4937 518 4987 nostrorum
544 4936 602 4988 et
626 4932 805 4988 totius
838 4930 1118 4987 inimicus
1166 4932 1375 5004 patriae
1406 4950 1417 4986 :
1452 4948 1697 5005 aequum
1749 4936 1838 4988 cst

171 5025 234 5075 ut
256 5020 494 5077 debitas
525 5027 726 5077 sumat
749 5037 860 5076 suo
891 5021 1186 5091 sanguine
1209 5037 1441 5094 poenas.
1495 5024 1643 5077 Tum
1694 5037 1836 5077 vero

169 5124 242 5165 ex
270 5110 566 5183 proximis
598 5110 844 5183 sepibus
874 5109 1048 5182 palos
1076 5110 1338 5182 rapiunt,
1378 5110 1737 5167 detruncant
1781 5116 1839 5167 et

170 5204 493 5267 exacuunt,
524 5204 591 5255 ut
617 5199 799 5255 veluti
827 5199 1047 5255 assolet
1072 5198 1201 5255 ﬁeri
1225 5199 1550 5271 lapidibus,
1584 5200 1667 5256 sic
1696 5216 1837 5256 eum

172 5288 287 5343 illis
320 5287 573 5345 sudibus
598 5288 975 5361 perimerent.
1029 5288 1144 5344 Sed
1191 5288 1380 5345 taliter
1426 5288 1837 5345 inardescente

174 5376 469 5433 adversus
515 5377 711 5433 virum
768 5381 1043 5433 sanctum
1103 5377 1300 5433 furore
1354 5377 1835 5447 malignantium,

177 5468 333 5521 Deus
358 5482 607 5522 suorum
638 5470 936 5539 protector
961 5466 1227 5522 ﬁdelium
1256 5467 1510 5539 protexit
1535 5467 1704 5522 illum
1727 5467 1841 5523 sub

174 5554 516 5613 velamento
572 5555 805 5612 alarum
865 5571 1133 5611 suarum.
1189 5556 1452 5629 Denique
1501 5556 1652 5612 sicut
1710 5556 1839 5629 ipse

178 5644 468 5702 Dominus
494 5647 663 5702 Iesus
687 5644 831 5701 olim
863 5660 901 5700 a
929 5642 1174 5716 perﬁdis
1196 5644 1416 5702 Judaeis
1464 5645 1543 5703 ad
1582 5646 1841 5720 superci-

1945 4490 2169 4559 gratias
2198 4506 2478 4547 enarrare
2511 4489 2733 4562 quibus
2763 4488 2986 4544 multos
3016 4488 3095 4544 ab
3118 4488 3427 4560 iniquitate
3465 4500 3604 4541 con-

1947 4579 2157 4635 vertit?
2182 4581 2261 4635 De
2291 4579 2407 4635 hoc
2436 4593 2703 4650 namque
2727 4576 2857 4632 vico
2888 4580 3043 4632 recte
3090 4591 3205 4649 per
3242 4574 3604 4647 prophetam

1944 4666 2297 4739 praedictum
2347 4669 2436 4722 est
2495 4684 2507 4720 :
2569 4666 2694 4721 Lex
2737 4665 3007 4721 veritatis
3062 4665 3181 4733 fuit
3230 4665 3291 4718 in
3325 4677 3433 4718 ore
3475 4663 3604 4731 ejus

1944 4753 2113 4824 (Mat.
2156 4755 2236 4824 ιι).
2282 4757 2547 4824 Itemque
2589 4768 2601 4807 :
2645 4752 2833 4808 Labia
2891 4752 3214 4808 sacerdotis
3261 4749 3606 4807 custodiunt

1943 4844 2250 4899 scientiam
2277 4848 2331 4898 et
2365 4843 2549 4912 legem
2578 4841 2897 4911 requiruut
2922 4855 2997 4896 ex
3021 4854 3123 4895 ore
3149 4842 3296 4910 ejus,
3328 4838 3471 4909 quia
3501 4852 3605 4893 an-

1943 4932 2111 5000 gelus
2132 4931 2373 4984 Domini
2390 4930 2757 4985 exercituum
2792 4934 2876 4983 est
2908 4928 3129 4999 (Ibid.).
3182 4929 3311 4993 Quo
3353 4940 3608 4996 evange-

1944 5018 2153 5074 lizante
2182 5017 2434 5073 verbum
2467 5017 2678 5072 veritas
2702 5021 2928 5086 parata
2952 5020 3035 5072 est
3061 5016 3221 5072 sedes
3251 5016 3363 5071 Dei
3388 5014 3449 5069 in
3480 5030 3607 5069 cor-

1946 5110 2021 5165 de
2050 5107 2259 5181 populi
2284 5106 2397 5162 sibi
2426 5105 2741 5175 credentis,
2775 5110 2831 5161 et
2858 5106 3195 5162 testimonia
3239 5107 3367 5175 ejus
3414 5103 3606 5159 credi-

1947 5199 2092 5255 bilia
2118 5200 2290 5269 facta
2318 5202 2459 5252 sunt
2491 5196 2666 5251 nimis
2696 5195 2885 5265 (Psat.
2919 5196 3074 5264 xcn).
3108 5196 3314 5251 Sermo
3342 5192 3606 5265 denique

1945 5287 2134 5360 ipsius
2158 5286 2466 5342 audientes
2491 5299 2703 5339 omnes
2726 5283 2787 5338 in
2814 5282 2933 5339 ﬁde
2972 5288 3028 5339 et
3057 5298 3235 5355 opere
3267 5281 3609 5339 aediﬁcabat

1947 5382 2004 5433 et
2031 5375 2327 5431 fervorem
2357 5377 2580 5429 sanctae
2600 5371 2902 5428 charitatis
2923 5371 3363 5427 inﬂammabat.
3378 5369 3468 5426 Ad
3489 5369 3606 5424 hoc

1946 5465 2093 5522 illud
2124 5461 2520 5520 concurrebat
2547 5460 2714 5533 quod
2736 5460 2999 5516 maxime
3021 5476 3362 5516 sermonem
3389 5458 3606 5513 docen-

1948 5554 2097 5610 tium
2154 5551 2520 5618 corroborat,
2567 5550 2711 5622 quia
2748 5551 2915 5622 quod
2945 5565 3046 5605 ore
3078 5548 3383 5616 monebat,
3423 5558 3603 5617 opere

1946 5642 2278 5700 exercebat.
2336 5644 2471 5697 Post
2522 5641 2842 5697 innumera
2888 5638 3066 5709 igitur
3101 5637 3180 5694 ab
3209 5636 3340 5709 ipso
3370 5635 3605 5706 patrata
