3950 6178
415 178 514 234 891

1037 181 1392 239 HUCBALDI
1432 187 1596 242 MON.
1642 189 1697 244 S.
1741 187 2011 244 AMANDI
2049 186 2197 241 OPP.
2239 184 2416 243 PARS
2456 187 2493 239 l.
2536 217 2604 225 —
2646 182 3232 241 HAGIOGRAPHICA.
3644 198 3719 253 κη

414 306 765 359 sanctarum
795 303 1079 361 virtutum
1126 305 1491 363 documenta
1538 311 1760 381 pariter
1795 315 1851 366 et
1880 326 2079 366 exem-
2107 310 2156 363 Α
2190 312 2356 363 verat
2380 308 2539 364 velut
2569 308 2790 365 cmlesti
2821 323 3046 365 manna
3062 308 3604 371 humorerecouditur
3623 333 3719 375 cum

412 389 535 462 pla,
567 407 703 447 cum
734 392 952 448 nullius
977 409 1129 465 pene
1158 395 1443 467 temporis
1488 395 1915 471 interpolarent
1943 414 2076 469 spu-

414 479 497 537 tia
553 479 774 551 quibus
831 484 934 535 aut
983 480 1075 536 sui
1125 487 1229 538 aut
1280 483 1459 539 simul
1496 485 1749 545 aliorum
1777 486 2077 559 profectus

414 583 537 626 non
571 572 858 638 quaereret
883 569 1310 639 emolumenta,
1344 574 1851 647 exempliﬁcatum
1882 574 2077 629 virum

416 654 858 712 Sanctissimum
908 657 969 714 in
1019 659 1198 715 totius
1247 676 1430 716 sacrae
1480 662 1800 734 religionis,
1834 665 2077 735 Dquue

412 741 800 816 beneplacitae
859 748 1331 809 conversationis
1379 751 1589 819 gratia,
1643 753 1772 823 jam
1830 751 2076 821 agmina

412 834 813 905 reposcebant
867 836 1092 905 ccelica,
1152 838 1460 896 concivem
1514 840 1623 897 sibi
1688 842 1960 899 debitum
2021 846 2079 896 et

412 921 935 994 praedestinatione
965 926 1170 983 divina
1191 932 1248 983 et
1284 928 1743 997 morigeratione
1784 928 1897 986 sibi
1940 945 2078 985 con-

418 1011 625 1079 digna.

490 1119 621 1175 XV.
663 1122 1183 1179 Praesentabantur
1230 1141 1473 1199 quoque
1512 1128 1632 1201 Deo
1673 1126 1944 1197 angelico
1973 1126 2080 1181 mi-

416 1207 657 1264 nisterio
688 1210 853 1266 chari
883 1211 1145 1268 Lebwini
1172 1218 1334 1283 vota,
1366 1232 1499 1287 quae
1539 1221 1735 1272 mente
1791 1220 1851 1271 et
1898 1230 2079 1288 opere

415 1296 581 1353 vocis
608 1314 732 1353 suae
763 1305 935 1356 erant
959 1301 1290 1359 harmoniae
1322 1306 1736 1369 consonantia,
1772 1304 1855 1360 sic
1885 1305 1962 1360 ad
1991 1304 2078 1376 ip—

418 1402 555 1442 sum
601 1387 822 1457 jugiter
874 1390 1312 1461 proclamantia
1346 1413 1358 1444 -.
1397 1396 1585 1462 Quam
1636 1396 1857 1451 dilecta
1915 1401 2075 1461 sunt,

415 1477 664 1532 Domine
693 1479 1003 1547 virtutum,
1032 1481 1423 1539 tabernacula
1456 1487 1594 1540 tua!
1622 1485 2001 1554 Concupiseil
2023 1489 2077 1539 et

416 1564 613 1632 deﬁcit
638 1566 702 1620 in
736 1566 827 1623 his
857 1573 1061 1625 anuna
1086 1586 1215 1626 mea
1244 1574 1430 1641 (Psal.
1463 1575 1715 1643 ωῑχχιυ).
1755 1577 2018 1644 Itemque
2061 1591 2074 1628 :

2187 397 2390 453 debita
2421 397 2875 459 honoriﬁcentia
2889 398 2951 455 in
2970 397 3208 453 ecclesia
3224 403 3414 468 portus
3435 403 3721 462 Daventriea

2191 486 2289 541 sis.
2353 486 2457 541 Cui
2509 486 2639 541 loco
2691 486 2808 541 hoc
2853 484 3106 541 inditum
3145 489 3364 541 constat
3386 489 3721 550 vocabuluma

2187 577 2425 629 Davone
2464 573 2755 646 quodam,
2809 573 3136 629 honorifico
3181 588 3248 628 ac
3294 576 3495 643 potenti
3532 577 3644 643 viro,
3681 584 3717 637 ὃ.

2188 662 2489 731 Lebwino,
2513 662 2662 719 dum
2693 659 2895 717 adhuc
2920 659 3149 726 viveret,
3201 660 3620 719 familiarissime.
3655 668 3720 722 Ec-

2185 751 2364 807 clesia
2391 755 2593 807 autem
2617 751 2749 823 ipsa
2779 749 2858 806 ab
2887 749 3099 806 eodem
3125 755 3324 805 sancto
3352 750 3467 805 viro
3483 756 3530 807 et
3550 754 3723 824 quibus-

2184 840 2327 897 dam
2386 838 2696 907 ﬁdelibus,
2757 844 2821 895 ut
2857 839 2987 910 jam
3026 838 3298 907 diximus,
3324 844 3720 909 constructa,sed

2187 926 2265 981 ab
2293 926 2634 984 inﬁdelibus
2678 932 2907 997 exusta,
2958 928 3284 999 iterumque
3327 932 3409 987 est
3438 929 3721 995 reasdiﬁesta,

2189 1014 2407 1072 scilicet
2430 1022 2697 1089 tempore
2717 1033 2845 1090 quo
2863 1017 3125 1088 primum
3140 1017 3217 1071 ad
3241 1016 3478 1071 dandam
3499 1019 3722 1075 scientiam

2185 1105 2400 1161 salutis
2415 1105 2950 1177 (Luc.t)incredulis
2963 1105 3103 1162 olim
3115 1103 3722 1177 Saxonibus,perbeatum

2185 1193 2491 1250 doctorem
2526 1195 2872 1251 Lebwinum
2901 1194 3156 1253 visitavit
3183 1210 3284 1249 eos
3319 1194 3497 1251 oriens
3538 1193 3722 1265 splendi-

2186 1282 2474 1339 dissimus
2492 1284 2829 1340 illuminare
2852 1286 2915 1339 in
2946 1283 3217 1345 tenebris,
3237 1289 3287 1339 et
3307 1284 3366 1337 in
3383 1281 3562 1338 wabra
3585 1290 3723 1338 mortis

2189 1372 2556 1439 sedentibus,
2580 1377 2644 1428 ut
2668 1373 2727 1427 in
2760 1373 2917 1429 viam
2945 1373 3114 1441 pacis
3143 1371 3406 1439 dirigeret
3426 1386 3598 1426 eorum
3618 1386 3723 1439 gres-

2189 1479 2291 1517 sus
2309 1462 2441 1534 ipse
2461 1462 2550 1518 sol
2564 1461 2805 1533 justitiee
2828 1461 3115 1531 Christus,
3148 1462 3205 1515 in
3233 1458 3436 1515 saecula
3466 1458 3725 1515 benedictus

2188 1552 2406 1623 (Ibid).
2445 1556 2700 1607 Decursa
2728 1550 2924 1620 igitur,
2954 1554 3256 1621 utcunque
3280 1549 3568 1622 potuimus,
3590 1548 3645 1603 dc
3663 1563 3724 1616 ge

418 1653 621 1708 Sitivit
647 1655 712 1709 in
745 1660 801 1711 te
838 1658 1041 1714 anima
1072 1674 1223 1714 mea.
1251 1635 1257 1641 ‘
1282 1662 1470 1727 Quam
1511 1635 1940 1732 multipliciter:
1973 1663 2075 1717 tibi

2189 1641 2294 1696 stis
2346 1640 2507 1697 beati
2553 1639 2910 1697 confessoris
2956 1638 3166 1696 Christi
3196 1636 3438 1694 Lebwini
3454 1635 3723 1732 narrationis

421 1756 564 1797 caro
601 1758 731 1799 mea
789 1750 854 1800 ut
913 1747 1142 1803 videam
1200 1752 1476 1806 virtutem
1525 1758 1691 1807 tuam
1735 1758 1787 1807 et
1820 1753 2079 1821 gloriam

423 1837 588 1886 tuam
621 1833 807 1901 (Psal.
842 1836 1017 1905 um);
1049 1841 1104 1891 et
1132 1837 1346 1894 iterum
1378 1857 1391 1894 :
1441 1840 1643 1895 Sitivit
1694 1843 1897 1897 anima
1949 1856 2080 1896 mea

423 1920 505 1975 ad
532 1922 718 1977 Deum
749 1924 971 1992 vivum,
1001 1928 1243 1995 quando
1274 1930 1505 1984 veniam
1533 1936 1587 1984 et
1617 1931 1920 1999 apparebo
1942 1936 2083 1986 ante

422 2008 642 2077 faciem
679 2010 793 2065 Dei
844 2014 1006 2066 mei?
1058 2013 1242 2083 (Psal.
1302 2019 1439 2085 xu).
1482 2018 1594 2073 Sed
1638 2018 1782 2090 quia
1811 2019 1925 2073 hoc
1951 2019 2081 2089 ejus

419 2096 781 2168 inexplebile
808 2099 1172 2158 desiderium
1201 2104 1418 2159 mentis
1470 2106 1816 2162 retardabat
1845 2107 2081 2162 sarcina

421 2202 724 2258 corporeae
754 2187 953 2253 molis,
998 2206 1109 2245 nec
1150 2191 1318 2248 aliter
1361 2194 1610 2266 adipisci
1640 2199 1872 2266 poterat
1901 2194 2080 2251 adiﬁ-

421 2274 721 2330 cationem
745 2292 817 2331 ex
850 2279 990 2347 Deo,
1022 2280 1260 2337 domum
1292 2297 1412 2337 non
1452 2285 1866 2353 manufactam
1908 2290 2076 2340 aiter-

420 2377 562 2418 nam
592 2380 655 2419 in
695 2366 857 2421 cretis
887 2366 1092 2436 (Hebr.
1122 2368 1181 2439 ι),
1201 2369 1315 2425 nisi
1341 2368 1507 2426 ﬁeret
1521 2372 1833 2428 dissolutio
1859 2372 2078 2428 domus

421 2461 545 2501 suae
597 2448 885 2504 terrestris
939 2451 1119 2521 hujus
1166 2453 1493 2511 mundanae
1536 2456 1941 2524 habitationis,
1982 2457 2077 2513 ille

418 2534 524 2605 qui
553 2541 643 2592 est
668 2537 880 2607 igneus
908 2538 1044 2595 fons
1071 2541 1434 2611 animarum,
1466 2545 1570 2617 qui
1620 2546 1678 2600 in
1717 2545 2077 2615 efﬁgiatione

418 2624 680 2680 hominis
709 2626 919 2684 fovens
948 2628 1262 2699 elementa,
1295 2632 1542 2691 dissona
1570 2635 1734 2690 dedit
1762 2651 1890 2690 esse
1938 2651 2076 2690 con-

420 2728 589 2781 sona,
619 2713 883 2772 decrevit
912 2718 1035 2773 haec
1060 2719 1122 2775 in
1150 2719 1330 2777 beato
1358 2722 1507 2791 viro,
1552 2728 1617 2779 ut
1637 2724 1767 2793 jam
1818 2723 2077 2779 resoluta

421 2817 695 2859 seorsum
727 2805 1002 2877 proprios
1034 2815 1459 2866 revocarentur
1486 2812 1546 2867 in
1570 2818 1734 2868 ortus
1766 2816 1823 2868 et
1847 2828 1989 2868 caro
2015 2812 2075 2867 in

423 2905 596 2947 suam
627 2893 995 2963 redigeretur
1023 2896 1336 2969 originem,
1364 2900 1602 2972 spiritus
1650 2901 1755 2957 iret
1811 2902 1888 2957 ad
1936 2919 2076 2957 eum

416 2980 519 3052 qui
549 2981 709 3037 misit
736 2982 1126 3040 illum.Missis
1151 3002 1294 3056 ergo
1324 2988 1401 3043 ad
1429 2990 1815 3061 exsequenda
1844 2991 2077 3063 conspi-

417 3067 546 3122 cuis
600 3085 725 3122 suae
775 3070 1185 3142 dispositionis
1235 3077 1746 3147 cooperatoribus,
1794 3078 1900 3149 qui
1938 3084 2077 3134 sunt

417 3155 925 3213 administratorii
942 3161 1283 3228 spiritusin
1309 3166 1705 3221 ministerium
1735 3168 1901 3222 missi
1938 3183 2072 3235 pro-

410 3249 551 3312 pter
577 3258 672 3299 ρος
702 3246 808 3314 qui
827 3247 1230 3306 hereditatem
1258 3253 1507 3319 capiunt
1532 3255 1748 3310 salutis
1770 3256 1975 3326 (Hebr.
2013 3257 2071 3326 ι),

412 3331 583 3400 jubet
611 3332 864 3389 rescindi
893 3334 1180 3404 ligamina
1211 3340 1484 3410 pectoris.
1504 3342 1868 3399 Relaxantur
1886 3349 2073 3413 artus,

417 3420 812 3490 expediuntur
866 3422 1130 3495 latebrae,
1187 3427 1528 3501 animaeque
1567 3429 1836 3488 difﬁciles
1866 3449 2069 3488 morae.

416 3506 520 3562 Illa
547 3508 789 3565 tandem
823 3513 1099 3568 reseratis
1121 3514 1232 3572 sibi
1260 3516 1655 3574 claustrorum
1676 3520 2076 3589 januis,exilit

414 3595 647 3664 alacris,
680 3614 750 3654 ac
778 3598 911 3655 luce
942 3600 1158 3659 clarius
1206 3604 1564 3663 mirantibus
1601 3609 1872 3679 jungitur
1919 3610 2074 3666 coeli-

413 3684 681 3741 colarum
712 3688 944 3760 turmis,
985 3706 1122 3746 cum
1177 3693 1399 3765 quibus
1442 3697 1849 3767 hymnizando
1897 3715 2075 3771 pene-

412 3777 527 3830 trat
554 3774 758 3831 aulam
788 3778 955 3845 regni
985 3779 1261 3851 ccclesiis,
1318 3784 1507 3855 pridie
1539 3785 1676 3841 Idus
1707 3788 1933 3842 mensis
1965 3791 2073 3843 No-

411 3863 692 3928 vembris,
726 3869 782 3919 et
811 3866 1062 3938 percipit
1092 3884 1128 3924 a
1158 3869 1419 3941 benigno
1466 3881 1913 3930 remuneratore
1960 3892 2073 3931 suo

416 3951 819 4008 haereditatem
865 3956 1381 4027 incorruptibilem
1429 3969 1483 4018 et
1535 3964 2071 4021 incontaminatam

414 4045 469 4094 et
513 4041 1058 4101 immarcescibilem
1112 4049 1165 4117 (Ι
1186 4050 1351 4105 Petr.
1384 4054 1445 4117 ι).
1503 4058 1921 4109 conservatam
1960 4054 2071 4109 sibi

414 4143 552 4183 cum
575 4129 857 4186 omnibus
892 4135 1133 4204 sanctis,
1160 4154 1339 4208 quam
1366 4142 1575 4195 oculus
1606 4158 1723 4197 non
1759 4144 1925 4212 vidit,
1968 4160 2075 4200 nec

414 4218 581 4272 auris
606 4218 837 4275 audivit
894 4237 1003 4277 nec
1050 4225 1112 4279 in
1141 4242 1244 4281 cor
1272 4228 1526 4284 hominis
1555 4232 1843 4297 ascendit,
1886 4249 2071 4303 quam

413 4300 496 4358 illi
517 4309 574 4360 et
601 4306 885 4364 omnibus
906 4326 967 4367 se
985 4313 1371 4383 diligentibus
1394 4321 1547 4375 Deus
1596 4320 1674 4375 ab
1703 4300 1927 4376 aeterno
1966 4322 2075 4376 mi-

415 4392 790 4451 sericorditer
808 4404 1182 4468 praeparavit
1209 4405 1348 4475 (Isa.
1382 4422 1550 4475 Lx1v;
1579 4409 1615 4463 Ι
1625 4409 1761 4463 Cor.
1791 4412 1873 4477 n),
1893 4414 2071 4481 atque

413 4488 814 4554 praeparatam
865 4486 1005 4544 huic
1056 4491 1230 4561 juxta
1274 4511 1366 4549 sui
1411 4497 1771 4566 praesagium
1810 4497 2072 4553 nominis

414 4571 526 4627 sibi
552 4572 738 4630 charo
769 4577 964 4632 amico
994 4579 1314 4649 dignanter
1343 4584 1626 4649 attribuit,
1656 4585 1872 4642 affatus
1903 4587 2070 4642 illum

413 4660 677 4734 alloquio
703 4664 1047 4724 amicabili:
1090 4671 1276 4741 Euge,
1326 4674 1502 4728 chare
1552 4674 1655 4737 mi,
1705 4690 1868 4745 euge,
1909 4691 2075 4731 serve

416 4750 563 4809 bone
591 4758 649 4808 et
677 4754 886 4824 ﬁdelis,
918 4759 1063 4827 quia
1091 4775 1271 4828 super
1292 4777 1493 4830 pauca
1516 4766 1693 4834 fuisti
1715 4764 1929 4832 ﬁdelis,
1981 4780 2073 4819 su-

408 4853 524 4906 per
552 4842 744 4897 multa
779 4849 834 4899 te
862 4847 1409 4913 constituam,intra
1436 4852 1497 4905 in
1523 4853 1814 4920 gaudium
1837 4853 2078 4907 Domini

396 4928 506 4987 _tui
531 4928 771 4997 (Matth.
808 4937 967 4999 xxv).
992 4934 1132 4991 Hinc
1155 4936 1253 4992 illa
1284 4943 1492 4993 sancta
1522 4940 1709 4994 sancti
1739 4939 1849 4994 viri
1870 4940 2074 4996 anima

415 5017 800 5074 secretarium
852 5020 1047 5078 laudis
1101 5029 1335 5081 aeternae
1406 5027 1698 5097 ingressa,
1757 5029 2073 5101 primaque

412 5102 602 5158 beatae
627 5105 1088 5167 immortalitatis
1119 5114 1269 5170 stola
1298 5116 1530 5182 induta,
1572 5116 1858 5172 ineffabili
1914 5118 2073 5173 exhi-

414 5191 605 5249 larata
632 5193 849 5263 laetitia,
905 5206 1105 5272 utpote
1137 5206 1386 5276 perenni
1435 5208 1644 5262 vivens
1683 5206 1890 5277 gloria,
1936 5223 2075 5263 con-

416 5281 675 5337 cinnenti
701 5300 840 5340 cum
869 5289 1155 5345 omnibus
1202 5295 1426 5350 sanctis
1469 5295 1772 5368 spiritibus
1816 5295 2074 5350 melodia

414 5369 744 5427 decantans
774 5377 1045 5447 alleluia,
1074 5380 1293 5450 jugiter
1314 5384 1497 5439 Deum
1526 5386 1585 5439 in
1604 5390 1824 5441 aeterna
1854 5384 2075 5440 collau-

414 5458 519 5514 dat
539 5461 779 5517 saecula.

486 5550 615 5603 XVI.
654 5551 807 5609 Sane
835 5570 989 5627 pura
1018 5572 1089 5613 ac
1114 5558 1345 5615 munda
1379 5561 1643 5632 corporis
1673 5562 1802 5632 ejus
1829 5578 1983 5619 urna
2011 5562 2071 5617 in

414 5654 537 5710 qua
558 5642 818 5714 reposita
837 5643 1032 5703 fuerat
1049 5646 1190 5704 felix
1217 5648 1443 5720 anima,
1471 5664 1597 5721 qua
1642 5650 1865 5707 multos
1908 5652 2069 5709 ciba-

2189 1729 2357 1798 serie,
2384 1728 2526 1785 libet
2553 1744 2751 1800 pauca
2775 1727 2853 1785 de
2881 1727 3221 1783 inventione
3240 1726 3361 1796 ejus
3389 1725 3678 1785 subnectere.

2260 1819 2414 1874 XVII.
2461 1821 2592 1874 Post
2633 1817 2864 1873 felicem
2914 1816 3073 1877 illius
3112 1816 3191 1873 ad
3237 1814 3474 1871 scelestis
3497 1812 3723 1871 transitum

2188 1909 2379 1964 hostis
2404 1907 2685 1963 instinctu
2715 1906 2960 1975 maligni
2992 1905 3235 1976 contigit
3263 1907 3519 1972 Saxones,
3539 1917 3722 1973 quorum

2188 1994 2454 2050 maxima
2481 2011 2622 2066 pars
2646 1994 2847 2051 adhuc
2875 1994 2937 2051 in
2965 1992 3308 2049 infidelitate
3333 1988 3571 2054 durabat,
3595 1986 3724 2042 basili-

2189 2100 2321 2140 cam
2349 2100 2474 2157 qua
2501 2100 2739 2141 sacrum
2767 2099 2988 2155 corpus
3011 2082 3253 2153 jacebat
3278 2078 3725 2143 humatum,iterum

2189 2174 2570 2242 succendere,
2603 2179 2660 2229 et
2690 2178 2907 2229 cuncta
2959 2172 3415 2243 circumquaque
3460 2171 3658 2223 vastare.
3685 2166 3726 2219 Et

2189 2279 2327 2318 cum
2356 2278 2463 2336 per
2492 2262 2756 2319 triduum
2777 2262 2906 2332 ejus
2944 2265 3278 2333 quaererent
3309 2257 3618 2330 sepulcrum,
3652 2257 3727 2308 Deo

2187 2351 2553 2422 providente,
2594 2350 2851 2423 reperire
2880 2350 3296 2422 nequiverunt.
3342 2346 3486 2404 Unde
3509 2342 3671 2400 accidit
3688 2344 3727 2397 ut

2187 2440 2348 2496 idem
2376 2440 2545 2496 locus
2573 2439 2677 2495 diu
2708 2438 3101 2496 solitudinem
3124 2442 3424 2508 pateretur.
3668 2478 3689 2507 ,

2258 2549 2428 2603 XVII.
2469 2551 2695 2603 Interea
2721 2547 3001 2617 Gregorio
3032 2542 3354 2601 venerabili
3377 2540 3576 2605 abbate,
3612 2536 3728 2606 cujus

2187 2652 2370 2709 supra
2398 2636 2763 2692 mentionem
2797 2636 3069 2703 fecimus,
3089 2635 3170 2691 ab
3192 2634 3304 2689 hac
3322 2629 3548 2688 instabili
3570 2624 3725 2719 habita-

2184 2726 2343 2781 tione
2372 2726 2432 2780 in
2464 2726 2717 2781 domum
2742 2724 3087 2780 aeternitatis
3120 2723 3446 2792 migrantes,
3465 2727 3726 2782 consangui-

2185 2830 2335 2869 neus
2368 2815 2498 2885 ejus
2523 2813 2795 2869 Albricus
2822 2812 3179 2882 dignitatem
3217 2809 3458 2881 suscepit
3495 2805 3728 2875 Trajecten-

2186 2905 2265 2958 sis
2292 2904 2606 2959 cathedrae.
2644 2903 2754 2969 Qui
2794 2919 2932 2957 cum
2980 2903 3233 2957 haberet
3272 2897 3560 2971 quemdam
3596 2892 3724 2947 vimm

2137 3012 2149 3059 ;
2188 2996 2305 3048 Deo
2336 2992 2609 3062 dignum,
2643 2990 2756 3047 sibi
2783 2990 3030 3056 speciali
3061 2990 3279 3045 affectu
3328 2986 3631 3043 devinctum.
3663 2993 3728 3034 ne

2186 3082 2347 3137 mine
2395 3080 2754 3150 Ludgerum,
2802 3079 3203 3152 postmodum
3253 3072 3540 3149 pontiﬁcali
3571 3071 3727 3162 honore

2189 3169 2602 3235 sublimatum,
2626 3169 2709 3224 sic
2732 3168 2949 3223 affatus
2977 3171 3071 3222 est
3096 3183 3236 3223 eum
3260 3185 3272 3221 :
3299 3164 3364 3223 lii
3391 3162 3565 3219 fretur
3580 3158 3729 3213 charis-

2184 3259 2332 3313 sime
2360 3258 2645 3326 Ludgere,
2674 3273 2815 3312 cum
2845 3255 3122 3312 noverim
3153 3271 3226 3311 ea
3269 3267 3397 3326 quae
3431 3249 3498 3306 ad
3543 3245 3727 3301 divinam

2181 3346 2481 3419 pertinent
2506 3344 2854 3413 religionem
2886 3343 3162 3399 studiose
3188 3342 3496 3415 exquirere,
3514 3337 3663 3424 hortor
3682 3342 3727 3424 at

2185 3434 2444 3507 postulo,
2467 3435 2598 3490 loco
2622 3433 2705 3489 illi
2732 3449 2856 3505 quo
2881 3449 3126 3489 sacrum
3158 3447 3369 3504 corpus
3398 3420 3725 3484 Lebwinichri-

2184 3524 2226 3580 ti
2250 3523 2575 3579 sacerdotis
2610 3523 2985 3578 reconditum
3017 3521 3152 3589 fuit,
3172 3525 3221 3578 te
3244 3534 3437 3577 curam
3463 3508 3725 3587 impendere,

2185 3619 2241 3670 et
2266 3619 2333 3670 ut
2360 3630 2395 3670 a
2422 3619 2496 3682 te,
2532 3617 2649 3669 Deo
2675 3612 2996 3679 revelante,
3037 3612 3288 3667 inveniri
3332 3608 3522 3669 valeat,
3557 3611 3724 3668 magno—

2183 3720 2322 3777 pere
2353 3703 2661 3759 elaborare
2693 3708 2872 3774 atque
2899 3701 2978 3757 ad
3007 3699 3447 3757 concinnand'is
3470 3698 3565 3751 Deo
3584 3685 3724 3781 lende!

2182 3792 2470 3865 templum
2500 3792 2644 3847 inibi
2676 3807 2859 3864 super
2882 3789 3029 3846 illud
3059 3790 3373 3847 aediﬁcare.
3390 3783 3560 3851 Qualis
3579 3782 3721 3834 etenim

2182 3887 2565 3955 quantusque
2598 3880 2685 3939 vir
2714 3879 2905 3950 fuerit,
2941 3884 3046 3935 tua
3098 3876 3423 3934 fraternitas
3453 3870 3626 3946 optime
3654 3876 3723 3917 n0-

2183 3971 2281 4026 vit.
2340 3970 2439 4025 Hic
2482 3970 2868 4042 acquiescens
2907 3967 3156 4023 monitis
3205 3967 3463 4036 egregius
3497 3957 3723 4023 Ladmus,

2182 4059 2347 4115 omni
2378 4058 2647 4115 adhibita
2679 4056 3103 4124 sollicitudine,
3132 4071 3345 4125 agrum
3364 4053 3421 4107 in
3446 4063 3549 4139 quo
3568 4045 3725 4139 thesalr

2181 4165 2283 4205 rus
2308 4147 2403 4202 ille
2434 4151 2557 4202 erat
2587 4146 2978 4201 absconditus
3007 4145 3227 4201 excolit
3254 4159 3359 4216 pro
3384 4137 3730 4229 viribusyusm‘

2180 4237 2251 4292 lis
2274 4235 2502 4290 homini
2530 4235 2757 4290 bonam
2788 4233 3181 4303 margaritam
3214 4220 3728 4310 qurerentistudiosus-

2184 4328 2249 4379 Et
2279 4323 2556 4395 quamvis
2587 4321 2835 4378 minime
2865 4321 3031 4393 quod
3071 4318 3445 4377 desiderabat
3467 4311 3728 4395 valeret"):

2182 4390 2405 4482 venire,
2433 4418 2681 4467 moestus
2727 4390 2953 4483 oppido
3002 4415 3209 4466 tamen
3263 4408 3406 4464 intra
3429 4390 3730 4487 spatiumlcfl

2181 4518 2304 4574 quo
2328 4478 2655 4573 putabatur
2703 4478 3010 4566 contineri,
3062 4499 3243 4571 ccepit
3300 4492 3575 4578 basilice!!!

2182 4572 2345 4644 c—are;
2362 4588 2473 4643 Sed
2501 4588 2663 4643 bono
2693 4587 2817 4642 viro
2846 4586 3007 4642 bona
3032 4582 3325 4658 quaerenti
3351 4594 3463 4637 non
3487 4572 3634 4631 defuit
3647 4577 3730 4664 .ma:

2183 4677 2480 4733 nifestatio
2507 4676 2788 4731 bonitatis
2818 4654 3072 4729 Domini:
3119 4675 3321 4729 Visum
3364 4666 3587 4736 denique
3620 4656 3657 4745 ei
3677 4654 3733 4745 est

2182 4768 2243 4821 in
2272 4766 2499 4821 somnis
2532 4763 2979 4821 sanctissimum
2993 4762 3206 4818 Christi
3222 4758 3558 4816 sacerdotem
3584 4743 3734 4835 1181?“?

2182 4872 2331 4910 num
2362 4870 2566 4912 secum
2597 4853 2782 4924 loqui,
2815 4856 2871 4907 et
2901 4848 3512 4919 suidetergerelocum
3534 4831 3732 4931 sepulcri,

2186 4960 2368 5016 seque
2385 4945 2464 4999 ita
2481 4943 2683 4999 affari:
2705 4940 3046 5011 Laudabile,
3067 4940 3281 5013 inquit,
3310 4953 3377 4994 ac
3403 4938 3506 4991 Deo
3529 4926 3734 5024 Ρλξθίψ

2184 5038 2349 5087 tuum
2406 5032 2680 5102 approbo
2729 5030 3018 5100 studium,
3073 5030 3157 5085 mi
3198 5028 3373 5085 frater
3421 5018 3735 5102 amantissime

2186 5098 2470 5189 Ludgere,
2490 5098 2667 5190 quod
2697 5119 2775 5175 ad
2798 5098 3093 5175 honorem
3121 5117 3379 5174 nominis
3410 5112 3498 5169 Dei
3524 5098 3735 5173 ιθωριιιω

2177 5209 2306 5279 jam
2328 5207 2468 5262 olim
2488 5206 2765 5263 derutum
2788 5207 3023 5263 conaris
3044 5210 3351 5262 restruere.
3370 5200 3463 5258 Mei
3478 5209 3597 5253 vero
3609 5196 3736 5283 miti-‘1'

2183 5297 2292 5352 bra
2325 5295 2660 5367 corpusculi
2693 5295 2951 5367 reperies
2978 5298 3209 5350 remoto
3250 5294 3361 5348 hoc
3402 5299 3560 5360 quem
3599 5285 3733 5369 θηξιῇ

2181 5386 2402 5458 pariete
2432 5353 2699 5440 australi.
2731 5353 2802 5440 A‘t
2825 5401 3031 5440 servus
3062 5382 3297 5439 Domini
3342 5353 3608 5443 Luaflews
3638 5353 3735 5458 nihil

2180 5446 2270 5529 hue
2279 5474 2460 5529 sitans
2482 5473 2556 5528 de
2577 5472 2826 5541 visione,
2841 5472 3146 5543 aggregati
3160 5469 3363 5528 Christi
3380 5462 3642 5539 plebisque
3654 5446 3738 5521 phl‘

2179 5563 2333 5617 rima
2364 5562 2651 5618 concione
2682 5565 2858 5635 atque
2905 5560 3154 5616 subruta
3198 5572 3374 5631 quem
3419 5545 3736 5635 etimit”?

2180 5651 2345 5722 riete,
2361 5651 2423 5707 in
2446 5651 2580 5708 loco
2599 5651 2712 5707 sibi
2729 5632 3117 5723 praeostenso,
3148 5647 3315 5720 quod
3336 5632 3675 5701 desideer
3694 5633 3736 5675 ⁸⁸
