4000 6190
171 209 273 265 893

911 204 1463 265 COMMENTARIUS
1504 212 1593 266 DE
1634 209 1691 265 S.
1730 202 1985 262 JONATO
2023 202 2333 260 ABBATE
2374 207 2926 271 MARCHIANENSI.

3533 225 3638 282 89b

170 329 417 400 gavisus
437 327 863 385 estinvenisse.
890 325 1104 385 Oblata
1127 326 1330 400 itaque
1354 333 1491 401 Deo,
1505 338 1569 388 ut
1592 332 1843 401 dignum
1879 331 1923 380 Α
1952 340 2141 415 usque
2162 328 2240 381 in
2256 341 2543 397 praesens
2559 333 2739 400 signis
2750 334 3082 393 declaratur
3092 353 3160 395 ac
3172 340 3486 398 virtutibus
3500 360 3634 415 quae

168 424 313 487 erat,
348 418 408 477 in
437 418 688 491 hymnis
718 421 777 473 et
797 416 1052 490 psalmis
1079 418 1411 485 gratiarum
1433 419 1843 487 actione,dila-

168 510 279 569 tari
297 509 438 566 fecit
458 508 730 581 spatium
756 506 995 563 aediﬁcii
1036 506 1196 562 illius
1222 514 1524 581 quatenus
1556 511 1704 567 inibi
1725 511 1845 567 lau—

167 600 412 658 daretur
431 598 758 655 thesaurus
780 612 816 653 a
833 612 917 663 se,
939 596 1198 651 Domino
1215 598 1536 670 revelante,
1554 605 1842 674 repertus.

169 693 472 758 Quantum
530 687 795 760 denique
846 686 920 742 sit
966 686 1268 759 pretiosus
1326 688 1408 744 ab
1457 707 1528 746 eo
1580 696 1846 763 tempore

179 885 184 888 .
196 878 311 890 ,ρο-ν-

1951 429 2055 487 per
2076 414 2240 511 ejus
2288 419 2503 511 merita
2539 422 2597 476 in
2625 439 2765 479 suos
2792 425 2990 481 ﬁdeles
3021 430 3252 500 operari
3284 414 3633 503 semperdi-

1951 507 2173 574 gnatur
2212 507 2553 567 inetfabilis
2580 513 2841 583 potentia
2866 514 3110 585 benigni
3151 520 3287 573 Jesu
3325 519 3425 574 Dei
3446 525 3504 576 et
3524 522 3633 578 Do-

1954 592 2098 650 mini
2130 594 2377 650 nostri.
2414 599 2677 663 Quicum
2726 604 2891 659 Patre
2921 608 2977 659 et
3008 605 3225 676 Spiritu
3257 611 3462 662 sancto
3491 609 3633 667 vivit

1953 687 2011 739 et
2034 685 2280 750 regnat
2303 699 2411 755 per
2429 687 2657 745 inﬁnita
2687 690 2904 748 38301118
2936 693 3311 751 saeculorum.
3343 696 3554 752 Amen.

2129 868 2341 881 ...ο-

955 1011 1540 1125 MONITUM
1613 1021 1743 1124 IN
1823 1015 2144 1120 OPUS
2248 1015 2836 1138 SEQUENS.

253 1228 763 1290 Commentarium
819 1227 1171 1288 historicum
1229 1226 1300 1287 de
1355 1239 1563 1287 sancto
1620 1229 1851 1288 Jonato
1912 1227 1997 1287 ad
2052 1227 2210 1287 diem
2282 1229 2305 1285 1
2382 1230 2655 1307 Augusti
2704 1229 3019 1291 edederunt
3079 1229 3496 1303 Bollandz'stze,
3566 1235 3628 1291 in

167 1347 286 1407 quo
368 1328 849 1388 z‘nlermz'scentur
893 1325 1240 1404 fragmenta
1293 1327 1582 1385 sermonis
1636 1323 1967 1384 Hucbaldz'
2021 1325 2093 1384 de
2152 1326 2352 1385 eodem
2400 1338 2629 1397 sancto,
2687 1339 2741 1387 et
2774 1328 2855 1388 ad
2902 1330 3122 1389 calcem
3176 1330 3398 1406 legitur
3451 1328 3632 1390 histo-

168 1426 266 1485 ria
323 1426 670 1486 elevattom's
729 1424 994 1503 corporis
1045 1424 1247 1483 sancti
1296 1423 1511 1482 Jonatz'
1555 1421 1630 1481 ab
1692 1418 2031 1479 H’ucbaldo
2086 1424 2335 1501 scripta.
2400 1422 2888 1503 Dz‘squisz’tz’onem
2948 1425 3105 1486 hanc
3163 1426 3627 1488 erudz'tzssz'mam

167 1522 268 1582 lu'c
317 1522 683 1591 exhibemus,
736 1539 866 1600 quae
923 1530 1060 1578 sunt
1113 1517 1419 1578 Hucbaldt
1479 1516 1713 1575 Italico
1782 1512 2137 1576 charactere
2186 1519 2642 1599 dz'stz'nguentes.

648 1850 828 1965 UE
913 1843 1472 1967 SANCTO
1560 1839 2157 1964 .IONATO
2243 1844 3165 1972 CONFESSOBE

1240 2067 1515 2120 ABBATE
1556 2064 1579 2116 Ι
1621 2064 2162 2122 MARCHIANENSI
2203 2070 2271 2122 ΙΝ
2308 2068 2563 2125 BELGIO

980 2206 1973 2298 COMMENTARIUS
2054 2142 2895 2303 HISTORIGUSb

1361 2373 1565 2447 (Apud
1597 2372 1895 2442 Bolland.,
1929 2375 2006 2430 ad
2040 2375 2199 2431 diem
2234 2377 2252 2430 l
2292 2380 2471 2449 Aug.)

305 2745 342 2804 §
368 2739 408 2793 Ι.
427 2770 497 2778 -—
525 2739 757 2794 Nomia
791 2738 907 2793 loci
933 2742 990 2793 et
1017 2736 1234 2797 sancti,
1268 2736 1513 2803 ejusque
1541 2734 1703 2799 gesta

887 2851 942 2901 et
967 2851 1130 2900 aetas.

255 2971 300 3026 l.
337 2974 414 3027 De
443 2970 664 3027 celebri
694 2970 809 3027 hoc
839 2969 1138 3034 coenobio,
1166 2984 1201 3023 a
1232 2982 1368 3022 vero
1399 2960 1574 3032 Belgii
1606 2962 1844 3033 aposto-

165 3060 231 3116 lo
266 3062 324 3116 S.
360 3060 637 3117 Amando
669 3077 808 3116 cum
836 3065 920 3115 tot
947 3058 1075 3115 aliis
1106 3056 1367 3117 condito.
1395 3050 1559 3125 quod
1591 3050 1842 3104 Martia-

165 3164 287 3215 ηε,
320 3149 644 3205 Marcenice
673 3153 731 3205 et
756 3150 1058 3205 Muraenae
1098 3146 1347 3217 aliisque
1370 3141 1564 3199 modis
1596 3138 1840 3193 inﬂecti-

164 3244 288 3301 tur,
333 3238 466 3309 jam
499 3238 668 3293 toties
720 3238 781 3293 in
830 3238 987 3293 Actis
1018 3234 1239 3291 nostris
1288 3230 1660 3305 loquendum
1706 3225 1834 3294 fuit,

163 3332 299 3381 tum
352 3326 686 3397 praesertim
745 3341 885 3379 eum
934 3324 1007 3379 de
1040 3323 1236 3397 primo
1268 3321 1398 3392 ejus
1429 3322 1668 3374 auctore
1699 3314 1773 3370 ad
1806 3319 1836 3369 6

166 3414 499 3479 Februarii,
534 3418 654 3469 tam
685 3413 758 3469 de
790 3414 919 3485 ejus
950 3398 1219 3467 dotatore
1251 3415 1306 3463 et
1335 3404 1618 3462 dotatrice
1668 3403 1837 3458 Adal-

160 3501 357 3557 baldo
404 3506 436 3557 2
484 3501 788 3568 februarii,
841 3505 896 3556 et
946 3502 1000 3557 S.
1035 3497 1310 3555 Rictrude
1348 3497 1409 3551 12
1441 3494 1567 3550 Maii
1602 3492 1732 3546 fuse
1766 3508 1835 3546 ac

162 3591 397 3647 erudite
425 3590 799 3664 disputatum
830 3594 917 3646 est
946 3608 958 3659 ;
989 3586 1509 3662 quemadmodum
1540 3589 1594 3637 et
1628 3581 1728 3636 ubi
1759 3581 1831 3635 de

167 3680 430 3736 Eusebia
464 3680 583 3736 tilia
642 3679 703 3735 16
736 3679 955 3747 Martii;
1004 3678 1194 3743 toties,
1224 3677 1494 3747 inquam,
1528 3669 1829 3739 agendum

160 3769 295 3841 fuit,
358 3774 425 3824 ut
466 3770 561 3825 hic
611 3768 887 3842 pluribus
922 3765 1312 3841 supersedere
1346 3777 1683 3836 possemus,
1720 3758 1831 3812 nisi

158 3857 432 3930 paucula
480 3857 692 3913 saltem
747 3856 1161 3929 praemittenda
1220 3854 1430 3917 forent,
1490 3865 1623 3924 qum
1691 3863 1828 3901 cum

157 3947 365 4021 primo
398 3945 517 4002 loci
548 3946 764 4002 abbate
797 3944 1083 4015 singulari
1110 3942 1377 4017 quadam
1414 3939 1630 3995 unione
1685 3952 1825 4006 con-

154 4039 506 4091 nectuntur.
536 4036 601 4090 Et
626 4035 803 4090 situm
822 4033 1066 4107 quidem
1096 4032 1237 4087 satis
1265 4028 1520 4086 breviter
1547 4025 1827 4081 describit

152 4123 426 4180 coenobii
453 4122 723 4195 ejusdem
755 4122 1271 4195 chronographus,
1300 4121 1359 4174 in
1390 4120 1500 4172 hac
1534 4122 1697 4189 parte
1720 4113 1827 4168 mi-

148 4215 324 4269 nime
350 4217 683 4285 suspectus,
713 4211 861 4287 dum
884 4212 964 4267 ait
998 4229 1008 4265 :
1040 4234 1065 4259 ‹‹
1092 4209 1601 4268 Marchianensem
1622 4204 1823 4258 locum

148 4301 718 4359 circumﬂuentibus
767 4300 940 4375 aquis
996 4306 1052 4355 et
1095 4298 1343 4373 palustri
1392 4294 1683 4351 arundine
1712 4293 1822 4347 cir-

147 4391 461 4461 cumdari,
526 4391 869 4463 habereque
934 4405 1146 4444 versus
1206 4386 1549 4459 aquilonem
1613 4383 1822 4439 silvam

146 4479 483 4554 grandem,
517 4478 594 4535 ad
617 4478 951 4536 Australem
977 4483 1206 4552 partem
1234 4475 1484 4530 ﬂuvium
1513 4476 1821 4545 Scarpam,

146 4572 265 4645 qui
296 4569 524 4627 labitur
552 4570 628 4626 ad
666 4569 976 4633 orientem,
1022 4585 1093 4623 ex
1124 4565 1294 4638 cujus
1354 4570 1604 4637 utraque
1659 4566 1845 4639 parte__

146 4662 447 4735 adjacent
496 4664 666 4734 prata
714 4659 915 4716 herbis
963 4656 1328 4734 palustribus
1362 4659 1620 4710 strata.»
1666 4656 1823 4708 Jacet

148 4755 315 4809 inter
352 4753 618 4807 Duacum
639 4756 695 4806 et
718 4750 1003 4806 Elnonem
1035 4748 1156 4804 sive
1185 4741 1649 4817 Amandapolim
1679 4756 1824 4808 (non

146 4839 720 4913 Audomaropolim,
750 4843 815 4894 ut
860 4854 997 4893 cum
1026 4836 1157 4892 aliis
1202 4833 1356 4889 male
1402 4831 1603 4887 scribit
1632 4829 1827 4886 Mabil—

144 4930 385 5002 Ionius)
423 4929 603 4985 tribus
635 4928 862 4985 circiter
892 4925 1169 4999 utrinque
1199 4922 1382 4979 leucis
1413 4920 1709 4975 dissitum.
1749 4922 1823 4974 De

141 5019 375 5094 primis
417 5034 617 5075 rerum
674 5016 989 5088 angustiis,
1038 5014 1232 5086 deque
1265 5009 1652 5083 amplissimis
1684 5024 1821 5080 pos-

146 5106 554 5177 sessionibus,
587 5106 810 5180 quibus
840 5103 1227 5180 postmodum
1262 5119 1297 5158 a
1331 5103 1384 5157 S.
1430 5099 1701 5155 Rictrude
1734 5098 1816 5152 di-

146 5204 357 5255 tatum
388 5201 498 5262 est,
531 5195 899 5252 consulenda
928 5194 1057 5267 ejus
1095 5190 1246 5255 V’ita,
1279 5206 1410 5264 cap.
1445 5194 1499 5244 2.

230 5312 288 5362 2.
346 5305 683 5361 Chronicon
714 5303 878 5377 apud
931 5318 1041 5357 nos
1085 5317 1197 5356 ms.
1237 5299 1320 5355 ita
1351 5314 1479 5354 rem
1514 5295 1773 5369 explicat
1805 5312 1817 5351 :

142 5422 181 5445 α
208 5400 273 5451 In
293 5394 510 5451 eodem
523 5409 663 5450 vero
675 5392 806 5448 loco
822 5390 1083 5465 primum
1099 5404 1276 5444 sexus
1288 5384 1603 5443 masculini
1622 5398 1823 5456 perso-

135 5484 274 5553 nis,
290 5483 372 5539 ad
396 5480 776 5538 serviendum
798 5478 1101 5549 delegatis,
1117 5482 1321 5550 pastor
1337 5472 1821 5544 vigilantissimus

135 5579 215 5632 et
257 5577 618 5647 procurator
668 5570 913 5627 interius
971 5568 1346 5640 exteriusque
1396 5565 1484 5622 vir
1528 5562 1718 5619 ﬁdelis
1766 5568 1825 5620 et

142 5663 427 5736 simplex
472 5664 654 5718 Jonas
681 5662 937 5718 donatus
967 5663 1055 5715 est
1085 5658 1190 5714 eis.
1224 5657 1333 5722 Qui
1376 5654 1535 5713 beati
1562 5653 1821 5709 Amandi

1886 2733 1925 2784 Β
1956 2729 2254 2800 pontiﬁcis
2275 2728 2710 2801 discipulorum
2736 2744 2916 2793 unus,
2938 2729 3070 2798 ejus
3098 2746 3272 2787 sacra
3290 2733 3623 2793 eruditione

1954 2818 2287 2874 admodum
2346 2818 2726 2879 informatus,
2781 2816 2859 2872 ad
2910 2818 3026 2873 hoc
3066 2816 3331 2876 cilicium
3370 2820 3622 2880 idoneus

1952 2904 2230 2961 inventus
2261 2911 2369 2962 est.
2405 2905 2521 2962 Sed
2568 2920 2691 2959 non
2733 2909 2871 2976 post
2921 2903 3177 2960 multum
3212 2906 3498 2977 temporis
3536 2908 3621 2964 al-

1952 2993 2081 3048 tiori
2129 2993 2583 3061 investigatione
2642 2992 2989 3048 consultum
3036 2996 3143 3058 est,
3200 2998 3266 3047 ut
3321 2995 3617 3067 quoniam

1950 3081 2213 3151 gloriosa
2242 3087 2432 3138 mater
2460 3080 2752 3137 Rictrudis
2791 3080 2908 3136 loci
2938 3079 3267 3145 fundatrix,
3299 3088 3356 3137 et
3383 3083 3616 3141 univer-

1949 3186 2154 3226 sorum
2204 3186 2343 3242 quae
2412 3169 2497 3224 ibi
2546 3167 2881 3224 contradita
2934 3168 3191 3233 fuerant,
3251 3168 3502 3227 domina
3550 3170 3614 3226 in

1945 3258 2048 3314 illo
2081 3265 2287 3316 sancto
2338 3257 2731 3315 contubernio
2760 3258 2913 3315 inter
2952 3273 3154 3313 servos
3199 3257 3293 3313 Dei
3338 3258 3615 3315 famulari

1945 3347 2284 3411 videbatur,
2318 3347 2746 3415 congruentius
2786 3344 2937 3400 foret
2968 3344 3215 3401 secundi
3265 3361 3444 3401 sexus
3468 3346 3614 3403 tide-

1944 3435 2030 3491 les
2088 3437 2311 3495 ibidem
2362 3435 2440 3491 ad
2491 3433 2877 3491 serviendum
2952 3433 3290 3501 immittere,
3350 3439 3407 3490 et
3454 3434 3612 3493 illius

1945 3531 2167 3581 sanctae
2196 3523 2646 3579 inhabitationis
2698 3521 3028 3593 primatum
3059 3520 3612 3579 sanctimonialium

1943 3612 2217 3667 ordinem
2251 3610 2537 3665 obtinere.
2570 3612 2809 3667 Semoto
2841 3608 3163 3680 siquidem,
3201 3623 3350 3680 pace
3376 3624 3609 3673 eorum,

1942 3698 2144 3755 adhuc
2176 3698 2416 3755 modico
2456 3697 2720 3752 virorum
2764 3694 3191 3760 converticulo,
3218 3694 3450 3751 nobiles
3478 3710 3607 3750 ma-

1940 3792 2130 3845 tronae
2160 3787 2299 3845 illuc
2326 3785 2592 3856 undique
2614 3784 2885 3847 certatim
2916 3783 3233 3841 conﬂuunt
3263 3800 3277 3851 ;
3314 3782 3606 3854 religiosae

1937 3875 2161 3942 viduae,
2192 3889 2329 3948 quae
2375 3889 2508 3929 vere
2566 3872 2761 3929 viduae
2811 3878 3000 3936 erant,
3039 3870 3314 3928 alacriter
3356 3886 3608 3929 concur-

1937 3970 2115 4034 runt;
2167 3962 2449 4037 puellaris
2480 3962 2659 4019 etiam
2700 3961 2953 4031 pudoris
2987 3962 3274 4033 juventus
3320 3964 3489 4016 casta
3513 3959 3606 4017 in-

1938 4054 2291 4121 troducitur,
2352 4051 2675 4123 spiritualis
2734 4050 3032 4122 gymnasii
3095 4049 3442 4121 palaestram
3482 4065 3609 4107 om-

1935 4156 2046 4197 nes
2123 4143 2182 4198 in
2266 4156 2591 4199 commune
2673 4140 3126 4210 aggrediuntur.
3215 4140 3301 4195 Fit
3370 4139 3608 4196 interim

1935 4230 2105 4287 locus
2138 4230 2437 4304 pudicitiae
2458 4229 2852 4298 domicilium,
2881 4228 3088 4286 schola
3120 4228 3425 4290 virtutum,
3451 4227 3606 4284 ovile

1938 4319 2387 4377 Dominicarum
2442 4318 2667 4386 ovium,
2726 4319 2805 4375 ad
2861 4335 2998 4391 quae
3038 4316 3245 4395 omnia
3304 4316 3605 4373 Rictrudis

1936 4412 2023 4464 ter
2052 4409 2242 4464 beatae
2274 4408 2514 4465 animus
2552 4409 2932 4465 vehementer
2962 4405 3219 4462 exsultat
3254 4405 3316 4460 in
3348 4404 3602 4460 Domino

1936 4497 2349 4555 dominorum.
2386 4521 2413 4546 ››
3124 4554 3127 4557 ,

2007 4590 2059 4641 3.
2094 4589 2226 4641 Haec
2271 4585 2347 4643 ad
2388 4584 2657 4658 aliquam
2685 4583 2902 4639 seriem
2931 4586 3173 4637 revocat
3202 4577 3597 4640 Mabillonius,

1930 4674 2060 4744 jam
2081 4674 2223 4730 dato
2247 4679 2409 4731 textu
2425 4690 2547 4730 non
2567 4673 2744 4745 plane
2763 4668 3052 4729 conformi
3079 4668 3141 4724 in
3161 4666 3598 4727 Observationi-

1934 4762 2051 4817 bus
2083 4763 2319 4833 praeviis
2341 4778 2474 4817 saec.
2497 4762 2564 4820 II,
2580 4775 2719 4834 pag.
2736 4762 2861 4821 938,
2881 4758 2983 4815 ubi
2999 4772 3122 4812 una
3138 4754 3436 4826 lugendae
3448 4769 3597 4827 prai-

1935 4850 2079 4906 clari
2101 4851 2361 4906 coenobii
2380 4847 2817 4906 vicissitudines
2838 4848 3046 4920 paucis
3063 4859 3431 4911 memorans,
3457 4842 3541 4899 ait
3560 4858 3598 4898 a

1938 4940 2034 4996 SS.
2070 4940 2345 4995 Amando
2379 4945 2435 4996 et
2474 4938 2759 4995 Autberto
2806 4952 2945 5009 epp.
2980 4952 3050 5017 Vl.
3081 4934 3208 4990 Kal.
3244 4931 3597 4989 Novembris

1937 5028 2278 5083 solemniter
2304 5026 2649 5085 dedicatum
2673 5026 2857 5082 fuisse
2886 5025 2948 5081 in
2974 5024 3269 5079 honorem
3295 5020 3596 5094 apostolo-

1934 5133 2070 5174 rum
2086 5117 2231 5173 Petri
2245 5122 2301 5173 et
2319 5117 2509 5174 Pauli:
2536 5117 2639 5171 Cui
2652 5113 3039 5182 monasterio,
3051 5112 3265 5184 inquit,
3281 5113 3337 5169 S.
3351 5113 3601 5167 Jonatus

1934 5206 2127 5263 abbas
2166 5222 2396 5280 primus
2426 5205 2743 5279 praefectus
2785 5208 2892 5259 est.
2927 5201 3157 5274 Duplex
3197 5216 3268 5257 eo
3297 5199 3360 5255 in
3398 5199 3532 5255 loco
3563 5214 3600 5255 θ.

1934 5295 2131 5367 primo
2163 5294 2404 5352 condita
2431 5294 2540 5350 fuit
2572 5291 2979 5363 congregatio,
3037 5289 3481 5347 monachorum
3527 5303 3597 5345 ac

1938 5383 2518 5449 sanctimonialium;
2559 5381 2675 5437 illis
2698 5383 2968 5448 Jonatus,
2989 5380 3082 5437 his
3108 5377 3402 5436 Rictrudis
3417 5391 3600 5449 praee-

1935 5478 2045 5528 rat.
2070 5473 2388 5529 Monachos
2408 5470 2525 5528 illic
2547 5470 2833 5544 primum,
2866 5468 3083 5526 deinde
3102 5467 3286 5543 paulo
3303 5470 3461 5539 post,
3480 5464 3596 5520 hoc

1936 5567 2201 5619 estanno
2215 5560 2445 5617 circiter
2467 5564 2566 5617 647
2579 5600 2591 5622 ,
2626 5559 2884 5632 virgines
2922 5562 3041 5616 Deo
3058 5572 3261 5615 sacras
3275 5554 3459 5610 fuisse
3480 5550 3597 5607 col-

1933 5652 2163 5711 locatas
2189 5652 2253 5709 in
2306 5650 2560 5723 gratiam
2619 5652 2674 5709 S.
2718 5650 3016 5709 Rictrudis
3058 5642 3383 5713 dotatricis,
3414 5639 3597 5697 tradit
