3950 6178
333 225 436 280 895

938 193 1292 272 ΗυοΒΑωῐ
1326 215 1493 271 MON.
1537 215 1594 271 s.
1633 211 1900 268 AMANDI
1939 211 2018 267 or

2189 218 2311 273 ARS
2355 222 2394 273 1.
2427 250 2495 258 -
2535 212 3130 272 HAGIOGRAPHICA.

3649 209 3749 262 896

333 344 831 416 chronographus
855 339 1336 397 Marchianensis.
1376 341 1608 394 Vastato
1633 354 1668 393 a
1697 341 1982 392 Norman—
2024 340 2070 391 Α
2100 356 2265 396 meas
2287 343 2470 398 modo
2502 346 2655 397 certe
2686 355 2808 395 non
2837 321 2978 394 saijs
3002 337 3257 403 urbano,
3275 350 3473 406 neque.
3502 334 3750 388 honesto

335 437 432 492 nis
458 431 819 491 monasterio
871 445 969 484 an.
1022 433 1145 496 879,
1178 427 1662 484 sanctimoniales
1695 425 1985 498 paulatim

338 524 418 582 ad
443 523 733 578 deteriora
764 518 948 590 lapsae
979 521 1137 585 sunt,
1169 518 1363 572 donec
1395 515 1740 579 Balduinus,
1773 529 1990 582 cogno-

337 616 540 669 mento
592 607 901 674 Barbatus,
978 605 1294 661 eliminatis
1353 603 1608 674 feminis,
1658 603 1990 658 monachos

339 697 654 762 substituit,
675 695 862 751 accito
878 695 1162 760 Lietuino,
1179 694 1482 750 Vedastini
1499 691 1756 748 coenobii
1778 691 1990 747 abbate

337 787 704 854 clarissimo;
746 784 852 856 qui
882 788 1208 856 postquam
1247 783 1447 839 locum
1477 782 1624 838 rexit
1663 797 1856 837 annos
1889 794 1992 834 no-

338 891 498 939 vem,
520 872 791 928 Alberico
812 871 1109 944 discipulo
1133 887 1240 926 suo
1263 871 1529 940 regimen
1550 868 1992 927 Marchianense

337 961 644 1036 imposuit.
679 961 948 1017 Alberico
977 977 1138 1017 anno
1189 964 1322 1016 1048
1355 964 1617 1027 mortuo,
1678 960 1732 1015 S.
1788 961 1992 1030 Poppo

345 1051 716 1110 Stabulensis
740 1067 829 1120 ac,
844 1051 1096 1106 decurso
1118 1066 1347 1118 mense,
1370 1049 1641 1122 Popponi
1669 1047 1850 1102 Wido
1867 1062 1997 1101 suc-

342 1140 542 1197 cessit.
577 1139 934 1212 Atquehinc
967 1139 1110 1194 satis
1153 1144 1308 1193 recte
1351 1138 1482 1193 ﬂuit
1533 1137 1827 1192 abbatum
1858 1138 1998 1190 Mar-

343 1227 756 1284 chianensium
790 1228 1087 1283 successio
1121 1228 1181 1282 in
1216 1226 1401 1283 Gallia
1429 1226 1780 1284 Christiana.
1812 1239 1997 1296 quam

343 1318 495 1372 inter
517 1319 572 1373 S.
596 1320 874 1372 Jonatum
920 1321 976 1371 et
997 1316 1348 1371 Lietwinum
1387 1330 1690 1387 nusquam
1719 1311 1996 1386 reperies.

415 1410 468 1461 4.
505 1409 682 1461 Porro
712 1407 766 1460 S.
801 1408 1073 1472 Jonatus,
1099 1406 1172 1460 de
1203 1422 1325 1477 quo
1351 1405 1446 1460 hic
1480 1405 1857 1477 potissimum
1883 1401 2004 1471 agi-

347 1511 505 1564 mus,
531 1511 601 1550 ex
629 1494 946 1550 Elnonensi
969 1494 1245 1550 ccenobio
1273 1494 1350 1550 ad
1373 1493 1703 1563 regendum
1726 1491 2003 1549 Marchia-

347 1599 532 1640 nense
570 1599 607 1639 a
656 1584 711 1639 S.
743 1584 1019 1639 Amando
1049 1584 1407 1649 destinatus,
1441 1598 1563 1638 non
1595 1581 1705 1636 soli
1734 1581 1828 1636 isti
1859 1596 2004 1652 prae-

2097 429 2186 485 vir
2214 431 2324 487 iste
2353 448 2475 487 non
2507 431 2586 486 ita
2618 429 2852 502 pridem
2882 427 3099 499 repulit
3128 431 3184 481 et
3214 424 3462 497 respuit,
3495 438 3624 477 non
3646 421 3752 475 usi-

2099 523 2219 575 tato
2261 521 2322 575 in
2370 511 2742 590 hujusmodi’
2779 517 2961 572 rebus
3010 514 3308 586 exemplo,
3342 513 3494 567 dum
3527 526 3600 566 ea
3634 509 3752 564 sola

2097 609 2429 679 ﬂagitarem
2447 609 2832 668 documenta,
2852 623 2986 678 quae
3014 605 3092 661 ad
3115 607 3172 661 S.
3191 603 3388 658 Jonati
3407 599 3652 673 patroni
3671 599 3753 653 sui

2100 698 2351 768 gloriam
2368 699 2701 754 conducere
2713 700 3004 769 poterant.
3024 695 3245 749 Caetera
3258 708 3382 747 non
3406 705 3752 762 prosequar.

2173 811 2225 861 6.
2255 807 2391 862 Jam
2417 806 2496 862 ad
2523 804 2710 861 sancti
2734 805 2962 859 aetatem
2992 800 3157 874 quod
3181 799 3404 856 attinet.
3433 813 3573 852 eam
3597 811 3756 867 aeque

2101 894 2351 950 dubiam
2383 899 2438 950 et
2467 894 2792 948 obscuram
2827 889 3117 962 reliquere
3148 885 3601 957 chronogrophi
3633 899 3760 938 nos-

2102 983 2194 1046 tri,
2226 998 2550 1055 nusquam,
2582 981 2676 1036 vel
2705 983 2952 1048 remote,
2994 976 3325 1032 indicantes
3381 990 3507 1046 quo
3539 972 3760 1027 circiter

2105 1089 2266 1128 anno
2295 1072 2356 1127 in
2382 1073 2578 1126 lucem
2610 1069 2801 1124 editus
2833 1069 2924 1135 sit,
2975 1082 3097 1138 quo
3155 1065 3346 1120 factus
3401 1061 3761 1124 monachus,

2105 1178 2227 1234 quo
2255 1161 2446 1216 abbas
2475 1160 2797 1222 institutus,
2829 1155 3100 1229 quandiu
3127 1153 3312 1219 solus,
3330 1151 3611 1225 quandiu
3632 1165 3764 1203 cum

2107 1255 2315 1306 sancta
2344 1249 2620 1305 Rictrude
2647 1246 2879 1312 rexerit,
2911 1244 3183 1318 quandiu
3217 1246 3546 1313 utrumque
3580 1255 3767 1294 coeno-

2107 1340 2276 1396 bium
2305 1339 2637 1394 Elnonense
2659 1341 2716 1392 et
2744 1335 3208 1404 Marchianense,
3237 1348 3360 1404 quo
3391 1330 3647 1384 demum
3671 1343 3767 1381 an-

2109 1444 2189 1484 no
2244 1427 2521 1482 laborum
2570 1423 2888 1497 praemium
2923 1438 2958 1477 a
2993 1421 3244 1477 Domino
3283 1421 3648 1474 consecutus
3681 1416 3765 1469 sit.

2113 1521 2362 1585 Pugnat,
2396 1519 2596 1579 certat,
2632 1513 2972 1583 mirumque
2993 1511 3054 1564 in
3086 1508 3337 1564 modum
3363 1506 3629 1562 luctatur
3653 1503 3769 1557 Bel-

2113 1604 2466 1676 lecampius,
2527 1607 2592 1657 ut
2636 1600 2998 1656 versiculum
3033 1614 3208 1652 suum
3262 1594 3769 1654 Blandiniensem.

351 1672 477 1739 fuit,
529 1671 633 1726 sed
664 1675 746 1764 “et
774 1672 888 1764 ipsi
936 1673 1114 1764 etiam
1170 1672 1508 1739 Elnonensi,
1541 1675 1605 1727 ut
1633 1687 1704 1725 ex
1731 1669 2004 1740 ejusdem
2044 1693 2086 1742 Β
2116 1669 2331 1749 nescio‘
2350 1709 2386 1748 ἃ
2423 1669 2545 1764 quo
2585 1689 2944 1756 confectum,
2976 1692 3209 1742 tueatur
3237 1702 3250 1740 ε

353 1760 698 1816 monasterii
741 1761 1022 1816 chronico
1053 1761 1308 1817 ostendit
1337 1761 1601 1815 Cointius
1640 1760 1717 1814 ad
1776 1775 2005 1814 annum

356 1852 480 1918 643,
514 1865 680 1903 num.
715 1853 766 1903 2.
801 1849 1073 1904 Chronici
1104 1849 1286 1904 verba
1318 1855 1456 1904 sunt
1488 1867 1499 1903 :
1532 1872 1557 1897 ‹‹
1594 1847 1902 1903 Amandus
1933 1845 2007 1900 de

357 1952 534 2008 grege
559 1937 670 1993 sibi
693 1938 1015 1993 commisso
1038 1938 1341 2008 sollicitus,
1369 1939 1811 2009 Trajectensem
1834 1951 2009 1990 suam

357 2026 660 2080 dicecesim
706 2026 945 2081 visitare
977 2027 1274 2098 disposuit
1311 2045 1322 2081 :
1355 2031 1531 2082 antea
1559 2030 1756 2081 tamen
1788 2025 2010 2080 Elnone

357 2114 512 2169 vices
541 2119 843 2182 gerentem
889 2132 1028 2170 suas
1056 2115 1118 2169 in
1148 2115 1430 2170 abbatem
1487 2131 1663 2169 suum
1717 2111 2015 2169 ordinavit

358 2204 740 2276 discipulum,
773 2205 1016 2260 nomine
1049 2208 1280 2270 Ursum,
1313 2206 1414 2278 qui
1444 2206 1616 2261 annis
1641 2204 2014 2277 aliquotlau-

360 2293 633 2349 dabiliter
659 2294 824 2361 rexit,
857 2311 925 2349 ac
956 2294 1198 2350 tandem
1225 2295 1404 2350 beato
1430 2296 1549 2350 fine
1575 2294 1817 2366 quievit.
1852 2293 1957 2348 Cui
1980 2309 2016 2348 a

361 2382 538 2438 beato
580 2382 855 2438 Amando
886 2383 1196 2438 ordinatus
1229 2400 1537 2439 successor
1569 2389 1812 2439 sanctus
1835 2386 2014 2438 Jona-

364 2475 480 2538 tus,
539 2471 627 2525 vir
655 2471 1151 2542 modestissimus,
1193 2472 1381 2544 ipsius
1412 2472 1756 2528 monasterii
1804 2487 2014 2526 mona-

365 2561 534 2628 chus,
579 2576 760 2632 quem
799 2560 1032 2632 pridem
1091 2561 1439 2616 Marchianis
1495 2561 1826 2616 instituerat
1855 2560 2017 2615 idem

365 2649 578 2704 beatus
631 2649 939 2705 Amandus
997 2651 1259 2721 primum
1311 2650 1614 2705 abbatem.
1656 2673 1682 2698 ››
1736 2649 2018 2704 Praeclare

366 2737 557 2793 meriti
604 2742 800 2793 essent
853 2738 1011 2795 citati
1059 2739 1186 2809 jam
1237 2756 1421 2812 supra
1453 2739 1918 2810 chronographi,
1947 2738 2017 2805 si,

367 2825 534 2898 quod
586 2825 854 2899 ipsorum
886 2831 1034 2896 erat,
1080 2831 1246 2897 gesta
1289 2826 1527 2893 singula
1566 2826 1817 2896 singulis
1848 2827 2020 2880 annis

367 2914 797 2986 innexuissent,
855 2915 1374 2987 quemadmodum
1434 2921 1488 2972 et
1535 2915 1680 2970 illud
1733 2915 1898 2986 quod
1929 2931 2019 2968 re-

369 3002 478 3058 fert
505 3019 575 3056 ex
606 3002 752 3074 ipsis
780 3002 1042 3059 Cointius
1073 3003 1148 3057 ad
1180 3019 1405 3058 annum
1441 3007 1541 3059 653
1579 3021 1590 3058 :
1624 3003 1920 3069 Amando,
1952 3001 2021 3056 li-
2064 3048 2100 3074 ρ

370 3089 634 3145 minibus
665 3091 1078 3162 apostolorum
1116 3091 1385 3161 visitatis,
1437 3092 1835 3148 Elnonensem
1860 3107 2024 3164 repe-

371 3183 526 3233 tente
549 3177 772 3249 locum,
805 3178 1169 3234 Marchianas
1194 3181 1516 3235 Jouathum
1546 3182 1830 3253 repetisse
1855 3195 2024 3251 repe-

370 3266 581 3337 rimus,
609 3266 715 3320 ubi
746 3271 881 3337 post
910 3271 1162 3322 mortem
1196 3268 1374 3323 etiam
1420 3271 1478 3323 Β.
1510 3269 1767 3325 Amandi
1800 3269 2028 3341 aliquot

372 3354 572 3410 lustris
603 3355 951 3425 regulariter
973 3356 1198 3426 vivens,
1223 3357 1493 3413 diversos
1520 3360 1826 3430 utriusque
1845 3374 2025 3413 sexus

373 3443 451 3499 ad
481 3443 828 3512 religionem
848 3444 1082 3498 induxit
1110 3450 1165 3499 et
1185 3446 1537 3502 castitatem.
1574 3451 1779 3502 Lustra
1811 3446 1908 3501 illa
1933 3462 2027 3502 sa-

285 3532 288 3534 ’
371 3532 444 3587 tis
471 3532 749 3604 apposita
769 3533 996 3588 ratione
1027 3549 1345 3604 exponere,
1377 3551 1500 3590 non
1532 3551 1722 3606 usque
1749 3535 1901 3590 adeo
1929 3534 2031 3589 ob-

373 3620 540 3676 vium
566 3637 700 3677 esse
726 3621 880 3677 infra
905 3621 1131 3694 patebit
1168 3623 1564 3680 manifestius.

447 3715 496 3764 5.
533 3713 821 3766 Caeterum
844 3711 918 3766 de
930 3711 1056 3782 jam
1081 3711 1252 3767 dictis
1277 3713 1527 3786 aliisque
1544 3714 1845 3786 praeclaris
1867 3715 2033 3770 haud

376 3798 557 3854 dubie
589 3800 1069 3872 sublimibusque
1103 3803 1158 3857 S.
1187 3803 1377 3858 Jonati
1407 3804 1724 3859 virtutibus
1752 3821 1821 3860 ac
1853 3803 2031 3873 gestis

375 3888 554 3960 plane
609 3888 958 3957 illustribus,
1015 3891 1294 3962 equidem
1328 3893 1575 3947 minime
1635 3893 2030 3961 dubitavero;

377 3992 588 4030 verum
637 3993 711 4031 ex
760 3978 1234 4052 chronographis
1290 3981 1527 4048 nostris,
1563 3981 1684 4036 sive
1715 3983 2034 4038 Elnonensi

381 4064 501 4119 sive
527 4066 955 4122 Marchianensi
982 4086 992 4134 ;
1044 4084 1247 4124 eruere
1284 4087 1462 4127 nemo
1495 4075 1583 4127 est
1611 4073 1715 4144 qui
1746 4072 2037 4128 studuerit

382 4153 695 4220 hactenus,
724 4160 788 4210 ut
815 4171 1066 4227 prorsus
1091 4173 1213 4213 non
1235 4159 1564 4230 intelligam
1594 4161 1741 4233 quid
1765 4161 1876 4216 sibi
1899 4161 2037 4216 velit

383 4240 539 4295 Silvii
595 4241 784 4297 editor
841 4243 1267 4318 Bellecampius
1297 4248 1410 4316 (vel
1440 4254 1504 4304 ut
1532 4265 1670 4305 eum
1717 4250 2036 4305 Bollandus

380 4334 575 4398 vocat,
608 4332 1104 4405 Beauchampius)
1134 4334 1281 4389 dum
1328 4335 1389 4390 in
1443 4354 1552 4393 sua
1610 4338 2036 4395 Marchianensi

384 4419 754 4492 antiquitate,
780 4421 969 4478 multa
998 4424 1315 4492 magnifice
1347 4426 1663 4498 pollicitus,
1699 4429 1781 4483 sic
1820 4434 2034 4484 notan-

385 4513 471 4565 ter
499 4509 701 4565 scribit
728 4526 869 4582 pag.
898 4515 1000 4566 505
1035 4529 1046 4566 :
1084 4535 1111 4561 «
1151 4514 1258 4569 Sed
1305 4514 1482 4584 longe
1526 4517 1699 4588 plura
1728 4517 1802 4573 de
1836 4522 2037 4573 nostro

386 4597 760 4654 sanctissimo
791 4600 1044 4671 praesule
1091 4605 1302 4658 Jonato
1353 4605 1782 4661 Marchianensi
1826 4622 2042 4679 suppe-

386 4687 573 4742 ditare
601 4687 977 4751 meditamur,
1016 4706 1155 4745 cum
1176 4691 1250 4746 de
1272 4692 1404 4764 ipso
1434 4693 1495 4747 in
1519 4694 1883 4763 Hagiologiae
1905 4711 2043 4750 nos-

391 4781 489 4831 trae
521 4776 948 4833 Marchianensi
977 4783 1202 4850 agetur.
1233 4803 1258 4830 ››
1301 4784 1448 4851 Haec,
1478 4783 1712 4855 opinor,
1746 4784 1880 4840 idea
1907 4801 2045 4856 ope-

389 4864 468 4918 ris
493 4879 805 4936 nunquam
838 4867 1104 4940 perfecti,
1124 4870 1408 4942 quodque
1429 4871 1624 4927 lucem
1650 4888 1772 4926 non
1807 4873 2042 4941 vidisse,

393 4969 463 5007 ex
509 4970 579 5008 eo
605 4954 878 5023 colligere
924 4961 1028 5018 est,
1062 4958 1229 5028 quod
1269 4975 1378 5015 nec
1409 4961 1669 5032 majores
1701 4962 1909 5033 nostri,
1943 4979 2046 5016 ne-

393 5057 510 5111 que
542 5042 911 5099 Mabillonius
941 5046 1306 5115 Hagiologiae
1354 5049 1520 5104 istius
1553 5066 1810 5122 usquam
1838 5051 2048 5106 memi-

398 5129 609 5185 nerint.
642 5133 978 5205 Susceperit
1001 5134 1252 5191 fortasse
1281 5137 1711 5210 Bellecampius
1732 5140 2050 5209 hujusmo-

400 5217 460 5272 di
492 5220 884 5289 provinciam,
924 5230 983 5279 at
1012 5231 1200 5282 morte
1251 5232 1588 5299 praeventus
1620 5228 1928 5284 absolvere
1952 5235 2055 5286 aut

402 5305 560 5377 typis
586 5306 758 5362 edere
802 5326 924 5365 non
954 5314 1227 5385 potuerit,
1257 5317 1661 5388 manseritque
1693 5317 1845 5372 adeo
1877 5335 2054 5374 conao

403 5400 496 5450 tus
528 5394 636 5449 iste
668 5394 816 5451 inter
845 5400 1080 5456 chartas
1111 5405 1605 5474 Marchianenses,
1637 5422 1790 5478 quas
1823 5407 2054 5463 utinam

403 5483 803 5541 consuluisset
819 5487 1080 5544 domnus
1097 5497 1299 5549 sancto
1313 5499 1516 5550 nostro
1532 5496 1938 5567 Synonymus,
1953 5498 2058 5552 ho-

407 5573 650 5629 diernus
681 5575 943 5647 praedicti
967 5580 1221 5635 coenobii
1243 5583 1421 5653 prior,
1456 5583 1622 5656 apud
1642 5585 2058 5656 quemfrustra

407 5665 515 5736 per
525 5664 752 5721 amicos
767 5665 945 5722 institi
966 5683 980 5734 ;
1010 5683 1271 5740 quorum
1288 5672 1567 5743 repetitas
1581 5689 1788 5744 preces
1801 5691 1972 5747 aeque
1989 5692 2060 5733 ac

2305 1832 2360 1882 In
2393 1841 2690 1881 Sexcenteuo
2723 1830 2850 1878 (leno
2874 1826 3105 1877 fundavit
3137 1823 3394 1874 Amandus

2308 1897 2453 1944 Anno
2484 1893 2828 1945 Blandinium,
2858 1900 3121 1955 patronum
3157 1888 3279 1936 dans
3305 1887 3383 1935 illi
3419 1884 3620 1932 Petrum

2121 2016 2267 2071 Cum
2301 2015 2501 2067 autem
2532 2008 2803 2080 ejusdem
2836 2005 3084 2061 omnino
3117 2003 3302 2058 zetatis
3335 2005 3563 2056 statuat
3587 2013 3774 2053 emno-

2121 2104 2286 2158 bium
2321 2117 2498 2155 suum
2524 2097 2966 2155 Marchianense
2997 2109 3133 2149 cum
3167 2092 3326 2148 dicto
3358 2089 3768 2148 Blandiniano,

2122 2189 2484 2248 ineluctabili
2511 2185 2939 2259 consequentia
2961 2200 3021 2238 se
3051 2181 3299 2237 evicisse
3315 2179 3639 2244 existimat,
3653 2177 3770 2246 jam

2125 2281 2203 2336 ab
2231 2293 2392 2334 anno
2433 2281 2526 2332 611
2583 2274 2870 2330 exstitisse
2902 2269 3246 2326 coenobium
3275 2283 3454 2322 suum
3502 2264 3772 2321 Marchia-

2124 2385 2328 2435 nense,
2362 2367 2694 2437 eodemque
2726 2379 2908 2431 anno,
2970 2360 3017 2415 si
3051 2357 3290 2430 Superis
3321 2356 3540 2428 placet,
3596 2357 3649 2411 S.
3683 2354 3767 2407 Jo-

2126 2464 2334 2514 natum
2363 2456 2578 2512 ibidem
2613 2453 2935 2527 praefuisse,
2971 2465 3092 2522 quo
3133 2447 3280 2503 forte
3310 2445 3576 2501 necdum
3609 2449 3771 2498 natus

2126 2553 2252 2604 erat
2283 2565 2295 2603 :
2330 2546 2511 2617 idque
2542 2544 2710 2600 toties
2742 2545 2947 2598 contra
2979 2537 3356 2595 adversarios
3385 2549 3771 2607 quoscunque

2126 2638 2336 2710 repetit
2365 2642 2421 2692 et
2449 2634 2724 2700 inculcat,
2766 2637 2831 2687 ut
2869 2645 3162 2686 nauseam
3210 2625 3459 2683 omnino
3519 2629 3675 2679 creet
3702 2623 3771 2677 le-

2131 2727 2426 2799 gentibus.
2460 2723 2748 2780 Nimirum
2775 2739 2810 2777 a
2841 2717 3305 2788 chronographo
3335 2731 3408 2769 su
3500 2713 3776 2768 didicerat

2131 2820 2407 2872 sanctum
2437 2811 2781 2868 Amandum
2837 2809 3059 2865 obiisse
3108 2821 3268 2862 anno
3299 2804 3426 2875 651,
3457 2808 3778 2872 natumque

2133 2906 2285 2960 adeo
2312 2908 2405 2959 571
2437 2921 2449 2970 ;
2511 2918 2644 2973 quae
2699 2899 3023 2955 multorum
3057 2895 3202 2951 satis
3251 2893 3354 2949 diu
3389 2892 3653 2964 implexa
3682 2889 3784 2944 fuit

2133 2993 2356 3067 opinio,
2415 2991 2649 3064 pridem
2702 2993 2904 3045 tamen
2963 2987 3041 3042 ab
3094 2983 3470 3040 Hensehenio
3501 2979 3784 3036 convulsa

2135 3079 2559 3138 Commentarii
2605 3080 2692 3133 sui
2725 3082 2750 3145 §
2788 3077 2839 3131 11
2870 3081 2927 3131 et
2975 3091 3124 3146 seq.,
3159 3071 3318 3128 unde
3369 3076 3428 3125 et
3464 3070 3653 3124 lustra
3683 3068 3788 3122 ista

2133 3175 2335 3238 ruunt,
2369 3169 2591 3242 quibus
2619 3171 2673 3225 S.
2709 3165 2984 3222 Amando
3006 3162 3402 3237 supervixisse
3431 3162 3488 3214 S.
3509 3162 3789 3214 Jonatum

2134 3276 2305 3332 reque
2336 3259 2535 3330 inepte
2557 3257 2757 3312 statuit
2777 3256 2905 3325 jam
2937 3253 3134 3309 dictus
3157 3249 3685 3320 clironographus,
3716 3251 3794 3300 at-

2136 3366 2254 3422 que
2295 3365 2366 3403 ex
2396 3347 2527 3419 ipso
2558 3343 3008 3416 Bellecampius.

2206 3464 2258 3513 7.
2292 3456 2566 3520 Adverte,
2601 3454 2872 3519 obsecro,
2905 3451 3306 3524 paradoxum.
3341 3447 3461 3502 Viri
3485 3447 3653 3502 istius
3683 3445 3798 3499 the-

2138 3547 2217 3601 sis
2239 3550 2329 3601 est
2356 3544 2534 3599 fuisse
2562 3542 2846 3598 abbatem
2876 3539 3381 3596 Marchianensem
3427 3537 3484 3592 S.
3520 3536 3796 3589 Jonatum

2139 3635 2218 3691 ab
2249 3649 2408 3689 anno
2435 3633 2562 3703 jam
2616 3631 2774 3686 dicto
2805 3633 2930 3699 610,
2984 3629 3080 3683 vel
3105 3628 3229 3694 611,
3280 3642 3417 3682 eam
3452 3641 3631 3679 suam
3659 3638 3798 3694 epo-

2140 3725 2318 3779 cham
2349 3738 2458 3794 pro
2491 3721 2607 3776 aris
2637 3725 2694 3775 et
2718 3719 2865 3774 focis
2909 3717 3194 3773 acerrime
3251 3729 3674 3790 propugnans,
3733 3727 3802 3764 ex

2141 3816 2558 3886 prieconcepto
2587 3809 2687 3864 illo
2734 3824 2843 3863 suo
2898 3805 3138 3874 Achille,
3197 3804 3366 3878 quod
3400 3806 3459 3859 S.
3490 3801 3798 3858 Amandus

2145 3901 2352 3958 obierit
2376 3905 2509 3971 jam
2567 3897 3012 3967 nonagenarius
3063 3911 3224 3950 anno
3256 3899 3378 3963 661,
3415 3893 3520 3947 ubi
3547 3893 3676 3962 jam
3705 3889 3802 3943 de-

2144 3993 2544 4045 monstratum
2607 3985 2890 4049 diximus,
2941 3983 3158 4038 obiisse
3210 3997 3369 4036 anno
3411 3980 3539 4036 684.
3589 3977 3803 4033 Lustris

2145 4093 2324 4150 porro
2371 4075 2616 4148 aliquot,
2653 4077 2957 4145 superstes
3009 4071 3062 4127 ei
3094 4075 3385 4126 statuatur
3419 4071 3474 4125 S.
3507 4069 3760 4122 Jonatus
3789 4082 3802 4117 :

2144 4169 2331 4223 lustra
2385 4165 2629 4237 aliquot,
2687 4163 2895 4218 saltem
2951 4167 3117 4216 terna
3156 4163 3258 4215 aut
3312 4165 3612 4231 quaterna
3659 4155 3804 4211 desi-

2149 4261 2354 4326 gnant,
2388 4255 2546 4309 unde
2582 4251 2918 4308 necessario
2946 4251 3046 4306 ﬁet
3077 4263 3475 4321 consequens.
3533 4251 3806 4302 sanctum

2147 4347 2326 4400 istum
2350 4343 2504 4399 ultra
2522 4342 2703 4397 ﬁnem
2727 4340 2927 4396 saeculi
2944 4356 3022 4394 vii
3039 4338 3439 4410 supervixisse
3462 4356 3475 4402 ;
3508 4336 3809 4406 fuisseque

2150 4435 2301 4491 adeo
2336 4433 2620 4489 abbatem
2675 4429 3182 4487 Marchianensem
3211 4428 3350 4482 totis
3391 4426 3729 4496 nonaginta
3759 4427 3812 4476 et

2150 4524 2408 4596 amplius
2462 4521 2659 4585 annis,
2724 4527 2784 4575 ut
2834 4518 3042 4591 primis
3099 4516 3505 4589 respondeant
3557 4515 3808 4570 ultima:

2149 4613 2315 4686 quod
2344 4612 2700 4683 priusquam
2733 4609 3051 4673 admisero,
3082 4606 3199 4662 alia
3229 4621 3416 4677 quam
3451 4605 3816 4672 chronograo

2149 4703 2254 4776 phi
2284 4701 2451 4756 istius
2483 4697 2827 4755 auctoritate
2860 4713 2895 4752 a
2916 4695 3312 4767 Bellecampio
3344 4699 3451 4749 aut
3479 4693 3816 4765 symmistis

2152 4791 2560 4846 demonstrare
2617 4786 2814 4858 cupio.
2902 4782 3385 4853 Nonagenarium
3475 4781 3701 4836 obiisse
3763 4782 3817 4832 Β.

2154 4877 2497 4935 Amandum
2529 4877 2590 4931 in
2620 4875 2896 4930 confesso
2918 4879 3004 4928 est
3039 4891 3051 4926 :
3082 4873 3130 4928 si
3160 4877 3362 4927 autem
3400 4876 3660 4926 mortem
3688 4869 3820 4938 ejus

2155 4969 2422 5023 innectas
2453 4981 2614 5019 anno
2668 4967 2790 5029 661,
2829 4967 3039 5016 natum
3071 4964 3303 5032 oportet
3347 4963 3474 5026 571,
3508 4975 3649 5012 cuni
3681 4971 3823 5010 vero

2156 5053 2673 5128 quadragenarius
2741 5051 2969 5106 circiter
3023 5052 3402 5122 supponatur
3459 5046 3823 5102 exstruxisse

2157 5143 2454 5210 ccenobia,
2510 5148 2634 5197 tam
2667 5139 3079 5196 Blandiniense
3133 5153 3320 5210 quam
3352 5136 3821 5192 Marchianense.

2160 5249 2235 5289 en
2269 5231 2371 5287 tibi
2414 5230 2721 5303 aptissime
2762 5244 2991 5284 annum
3023 5232 3440 5282 semente-num
3471 5231 3525 5280 et
3556 5225 3776 5279 denum
3804 5235 3824 5274 ς

2161 5338 2369 5377 verum
2399 5321 2445 5375 si
2471 5320 2551 5376 ad
2582 5333 2775 5375 annos
2809 5323 3035 5391 septem
3068 5321 3122 5372 et
3149 5315 3356 5385 viginti
3386 5315 3599 5370 omnia
3628 5327 3820 5368 remo-

2163 5427 2324 5480 veas,
2357 5416 2418 5465 ut
2443 5409 2789 5482 planissime
2819 5405 3187 5463 removenda
3214 5404 3422 5460 omnia
3451 5403 3824 5458 demonstrat

2165 5500 2594 5569 Henschenius,
2627 5498 2952 5553 clarissime
2983 5494 3329 5569 perspicies,
3358 5493 3676 5548 machinas
3703 5506 3822 5543 om-

2164 5605 2273 5646 nes
2330 5588 2843 5661 Bellecampianas
2893 5586 2976 5641 sic
3017 5599 3293 5640 corruere
3338 5589 3402 5637 ut
3433 5586 3720 5637 tractatus
3747 5580 3828 5648 ip-

2171 5677 2294 5733 sius
2330 5677 2484 5732 bene
2510 5676 2727 5746 longus
2757 5675 2818 5730 in
2841 5674 3076 5730 fumum
3103 5671 3298 5730 abeat.
