3950 6178
204 144 300 199 897

864 176 868 180 ~
922 141 1458 201 COMMENTARIUS
1500 148 1590 202 DE
1630 147 1686 203 S.
1725 144 1993 202 JONATO
2032 150 2304 210 ABBATE
2341 160 2888 221 MARCHIANENSI.

3507 180 3613 233 898

247 270 324 364 .8.
365 268 449 369 ‘En
476 265 1131 369 modoapti’orem
1164 269 1218 325 S.
1242 270 1433 369 Ion-atii
1465 287 1535 327 ex
1564 270 1853 369 Hensche-
1888 282 1934 334 Α
1963 270 2024 369 in
2043 279 2482 369 recentioribus
2511 286 2729 342 tabulis
2759 288 3190 361 ecclesiasticis,
3213 298 3615 369 praeterquam

203 355 763 451 nio_chronotaxim.
799 357 1010 451 Statuit
1032 357 1085 451 is
1111 357 1244 413 loco
1288 359 1486 451 citato,
1519 360 1854 451 probatque
1966 362 2231 431 Belgicis.
2258 370 2306 424 si
2333 372 2611 431 Ghinium
2642 376 2931 449 excipias,
2961 379 3064 451 qui
3098 382 3153 437 S.
3177 355 3486 439 donatum
3515 355 3613 443 ca-

200 443 521 512 evidenter,
554 449 752 518 coepta
777 445 1046 503 Gandavi
1072 448 1456 515 monasteria,
1489 454 1616 504 tum
1668 450 1856 504 Bavoc

198 532 469 602 nianum,
515 536 643 589 tum
690 533 1111 590 Blandiniense
1159 551 1320 591 anno
1370 540 1493 603 636,
1520 538 1855 593 Elnonense

199 625 563 677 exstructum
593 625 717 691 638,
767 623 1206 679 Marchianense
1235 640 1377 680 vero
1415 642 1576 681 anno
1606 626 1853 681 demum

198 714 321 779 645,
366 711 460 765 cui
504 710 664 767 idem
691 712 908 785 praesul
937 712 1249 768 Amandus
1279 713 1641 786 discipulum
1675 731 1853 770 suum

197 815 267 855 eo
296 804 566 872 tempore
596 800 860 873 praefecit
884 802 1167 857 Jonatum
1194 803 1598 859 venerabilem
1633 803 1851 873 virum,

196 886 403 943 ordine
456 890 895 945 monachorum
954 889 1429 958 colligendorum
1482 891 1850 964 praescripto.

197 976 368 1043 Quod
398 992 545 1032 vero
593 993 778 1049 supra
826 976 1110 1046 diximus,
1143 978 1642 1034 commandatum
1672 979 1853 1035 etiam

196 1065 480 1138 praedicto
528 1067 740 1121 Jonato
794 1065 1223 1122 Marchianensi
1270 1066 1604 1123 Elnonense
1648 1082 1852 1123 emno-

192 1155 384 1225 bium,
412 1155 472 1211 id
503 1156 728 1213 factum
774 1156 1024 1229 quando
1054 1156 1459 1229 episcopalem
1509 1174 1715 1213 curam
1761 1174 1824 1214 re

191 1244 487 1300 nuntiavit
540 1244 872 1311 Amandus,
923 1251 981 1299 et
1026 1243 1237 1301 limina
1284 1245 1693 1318 apostolorum
1742 1261 1852 1318 pro

190 1332 361 1389 tertia
409 1334 533 1388 vice
580 1333 830 1406 repetiit,
860 1349 1020 1388 anno
1051 1333 1337 1389 nimirum
1374 1339 1497 1390 650.
1533 1334 1719 1389 Annis
1748 1349 1853 1389 au-

191 1426 311 1476 tem
354 1427 490 1493 post
516 1420 776 1490 duobus,
801 1421 998 1477 occiso
1031 1422 1086 1477 8.
1127 1420 1481 1490 Adalbaldo,
1505 1422 1560 1476 S.
1591 1421 1853 1478 Rictrudi

188 1509 523 1566 castitatem
573 1509 780 1576 suasit,
814 1525 950 1581 quae
981 1524 1103 1565 non
1142 1510 1248 1564 diu
1303 1515 1440 1583 post
1467 1510 1545 1566 ad
1575 1508 1855 1566 Marchia-

187 1614 407 1653 nenses
438 1598 704 1667 accessit,
736 1613 807 1653 eo
836 1598 1001 1670 quod
1033 1614 1215 1671 supra
1268 1599 1493 1655 dictum
1524 1604 1613 1655 est
1640 1598 1848 1668 modo,

185 1703 380 1759 eaque
414 1687 530 1742 sub
579 1688 633 1741 8.
663 1687 857 1742 Jonati
904 1686 1246 1754 directione,
1294 1686 1850 1744 sanctimonialibus

184 1774 425 1847 praefuit
452 1791 641 1848 usque
667 1774 746 1830 ad
774 1790 1006 1831 annum
1038 1778 1141 1832 688
1164 1794 1176 1843 ;
1197 1779 1444 1832 Jonatus
1488 1792 1650 1845 vero,
1678 1775 1849 1831 labo-

185 1864 357 1919 ribus
389 1869 445 1919 et
495 1863 719 1919 meritis
772 1863 1009 1937 plenus,
1055 1870 1323 1921 sanctam
1382 1865 1544 1920 illam
1607 1868 1848 1920 secutus

182 1954 447 2009 creditur
476 1969 637 2009 anno
667 1952 895 2009 circiter
920 1958 1045 2024 690,
1072 1960 1135 2009 ut
1165 1953 1577 2010 verosimiliter
1603 1952 1847 2009 deducit

182 2040 470 2108 Cointius,
505 2040 582 2096 ad
614 2040 840 2098 dictum
882 2057 1133 2108 annum,
1176 2058 1344 2098 num.
1379 2047 1465 2112 25,
1497 2042 1611 2097 hoc
1664 2057 1843 2111 argu-

181 2135 409 2186 mento.
435 2130 607 2195 Quod
632 2146 770 2186 cum
792 2130 1058 2201 regimen
1086 2130 1256 2186 istius
1286 2131 1633 2187 monasterii
1657 2146 1842 2202 penes

179 2217 477 2273 moniales
507 2218 681 2274 fuerit
709 2234 816 2290 per
864 2234 1058 2274 annos
1097 2223 1389 2274 trecentos
1443 2217 1681 2287 triginta
1729 2223 1844 2273 tres

177 2306 275 2360 vel
301 2306 549 2373 circiter,
582 2305 629 2359 si
663 2305 740 2360 ab
770 2320 932 2360 anno
956 2321 1079 2376 quo
1104 2305 1244 2360 inde
1275 2304 1464 2378 pulsae
1496 2310 1636 2359 sunt
1684 2307 1840 2371 1024,

174 2394 306 2458 vel,
348 2397 413 2447 ut
465 2392 582 2457 alii,
635 2394 787 2459 1028,
839 2394 1262 2459 retrocedatur,
1315 2409 1439 2449 non
1489 2393 1724 2448 videtur
1783 2396 1839 2450 S.

170 2484 399 2537 Jonato
438 2480 572 2536 'vita
627 2480 861 2550 longior
912 2482 1090 2537 tribui
1146 2498 1327 2553 posse
1375 2499 1387 2536 :
1443 2486 1618 2543 certe,
1677 2482 1844 2554 quod

173 2570 394 2635 sciam,
425 2570 684 2625 necdum
716 2586 785 2626 eo
817 2587 1008 2644 usque
1040 2572 1095 2627 8.
1126 2570 1316 2626 Jonatj
1354 2575 1526 2626 aestas
1554 2570 1845 2627 illustrata

171 2659 292 2715 fuit
320 2659 630 2715 hactenus.
665 2662 797 2715 Jam
840 2660 918 2716 ad
962 2662 1090 2731 ejus
1126 2660 1351 2716 cultum
1398 2660 1592 2730 elogia
1633 2676 1841 2733 proce-

171 2749 422 2805 (lamus.

170 2861 208 2921 §
240 2856 311 2910 II.
345 2887 414 2896 —
447 2855 662 2911 Cultus
705 2870 877 2912 sacer
918 2864 971 2912 et
1022 2856 1224 2912 brevia
1264 2856 1405 2912 hinc
1446 2857 1586 2912 inde
1621 2857 1837 2926 elogia.

251 2967 307 3017 9.
351 2962 454 3019 Hic
477 2961 686 3035 paucis
712 2962 1137 3034 complexurus
1166 2979 1302 3018 sum
1333 2962 1559 3032 omnia,
1590 2979 1726 3035 qua:
1759 2963 1838 3020 ad

170 3052 498 3124 antiquum
552 3051 741 3107 sancti
798 3052 1023 3108 cultum
1070 3052 1467 3109 conducentia
1517 3052 1837 3124 reperiam,

169 3141 248 3196 iis
302 3139 533 3212 scriptis
585 3140 878 3213 sepositis,
923 3157 1061 3213 quae
1107 3139 1302 3211 longis
1360 3140 1725 3210 ambagibus
1762 3141 1837 3197 de

170 3229 370 3285 sancti
411 3229 529 3285 vita
555 3232 612 3284 et
641 3229 819 3299 gestis
862 3230 946 3285 nil
978 3228 1237 3302 amplius
1264 3245 1340 3284 ne
1367 3229 1582 3285 certius
1611 3245 1837 3286 memo-

168 3322 316 3375 rant
353 3334 538 3391 quam
586 3333 657 3373 ea
695 3316 946 3373 ﬁdeliter
989 3333 1061 3373 ex
1085 3318 1495 3373 monumentis
1523 3318 1836 3392 qualibus-

168 3423 418 3480 cunque
445 3405 991 3464 Marchianensibus
1018 3407 1460 3480 desumpserint
1486 3407 1751 3464 Molanus
1782 3412 1839 3465 et

168 3496 425 3564 Miraeus,
460 3512 721 3569 quorum
763 3501 977 3564 textus,
1026 3496 1110 3552 uti
1152 3500 1209 3552 et
1250 3512 1587 3569 paucorum
1615 3502 1840 3569 marty-

166 3584 545 3656 rologiorum
590 3601 733 3640 mox
760 3584 1036 3641 referam.
1070 3584 1158 3640 Ad
1194 3584 1461 3640 chronici
1490 3588 1716 3640 textum
1760 3585 1835 3641 de

165 3671 377 3729 lustris
409 3671 632 3744 aliquot
652 3671 875 3745 quibus
900 3675 955 3729 S.
973 3675 1223 3728 Jonatus
1247 3674 1301 3728 S.
1327 3672 1604 3728 Amando
1633 3688 1837 3745 super-

168 3759 404 3827 vixerit,
457 3759 672 3816 diserte
723 3760 1010 3817 additur:
1045 3782 1072 3809 «
1105 3761 1247 3832 Ejus
1299 3760 1580 3817 festivitas
1637 3762 1834 3831 agitur

170 3849 457 3906 Kalendis
504 3850 830 3921 Augusti.»
862 3850 951 3905 Ad
1003 3850 1133 3921 ejus
1190 3849 1530 3923 sepulcrum
1579 3866 1721 3906 vero
1772 3850 1835 3906 in

167 3940 428 3997 ecclesia
452 3940 905 4009 Marchianensi,
937 3941 1048 3997 hos
1100 3957 1310 3997 versus
1340 3940 1455 4011 legi
1487 3940 1620 3997 loco
1650 3957 1835 4015 supra

168 4028 352 4085 citato
383 4033 626 4086 testatur
658 4028 920 4086 Cointius
953 4046 966 4084 :

423 4168 537 4234 pivi
562 4169 724 4234 Ionati
750 4184 928 4234 corpus
954 4169 1034 4234 his
1063 4169 1409 4234 santissimum

424 4231 746 4287 Reconditur,
776 4231 867 4297 qu'i
898 4233 1093 4296 primus
1126 4234 1252 4282 hanc
1280 4233 1409 4283 texit
1437 4232 1658 4283 domum.

244 4368 457 4421 Versus
481 4365 693 4439 reliqui
721 4366 838 4422 huc
870 4380 993 4423 non
1025 4370 1315 4439 spectant.
1351 4366 1444 4423 Ad
1474 4384 1663 4424 unum
1692 4368 1832 4424 sub-

1889 1636 1928 1688 Β

1867 4335 1911 4388 D

1962 454 2192 509 nomcis
2240 459 2364 514 suis
2408 462 2553 517 satis
2599 464 2919 521 liberaliter
2965 470 3287 526 accensuit.
3320 472 3399 528 De
3447 477 3615 531 aetate

1966 540 2215 635 usuardi
2238 550 2631 635 Aquicinctini
2652 553 2795 609 alibi
2810 554 3273 629 disputavimus,
3286 560 3390 616 ubi
3415 562 3615 635 ipsum

1961 627 2035 681 ad
2079 634 2365 692 sarculum
2397 638 2624 696 circiter
2650 658 2745 696 xm
2802 642 3179 700 referendum
3226 627 3611 706 censuimus:

1960 718 2138 788 atque
2160 720 2254 778 hic
2278 725 2509 795 primus
2537 743 2606 783 ac
2631 729 3092 801 vetustissimus,
3107 732 3211 803 qui
3238 733 3313 790 de
3335 737 3619 794 S.Jonat6

1959 807 2296 898 meminerit
2327 814 2420 869 his
2443 815 2621 887 plane
2660 817 2857 873 verbis
2891 836 2903 872 :
2940 821 3288 889 Marcianas,
3320 823 3614 898 depositio

1962 895 2019 950 S.
2049 898 2240 955 Jonati
2271 902 2527 960 abbatis.
2556 928 2584 954 »
2617 906 2802 963 Paulo
2834 906 3052 963 clarius
3078 909 3371 981 Molanus,
3393 895 3465 969 ex
3490 931 3614 987 quo

1959 987 2017 1037 et
2044 988 2313 1046 Canisius
2342 1010 2353 1046 :
2385 1016 2411 1041 ‹‹
2450 994 2672 1051 Eodem
2701 995 2818 1065 die,
2849 996 3064 1053 natalis
3087 999 3142 1054 S.
3161 1000 3360 1056 Jonati
3387 1004 3615 1059 confes.
3682 994 3685 1001 ’

1960 1076 2133 1146 soris,
2164 1078 2441 1153 discipuli
2474 1084 2531 1138 S.
2561 1084 2850 1150 Amandi;
2880 1103 2911 1136 ›
2934 1101 3069 1157 quae
3099 1085 3161 1141 in
3186 1088 3614 1159 posterioribus

1958 1163 2319 1223 editionibus
2345 1170 2527 1241 paulo
2556 1169 2794 1227 brevius
2823 1173 3051 1245 repetit.
3089 1176 3166 1230 De
3188 1190 3259 1231 eo
3290 1176 3470 1232 etiam
3494 1194 3616 1234 me-

1958 1252 2130 1308 minit
2178 1256 2343 1311 Wion
2394 1273 2532 1313 cum
2583 1259 2809 1314 casteris
2865 1261 3231 1332 monasticis,
3271 1278 3426 1335 quos
3465 1263 3615 1321 inter

1958 1341 2140 1398 nitide
2184 1343 2382 1416 ipsum
2432 1347 2745 1403 annuntiat
2804 1347 3158 1420 Meinardus,
3206 1350 3321 1406 hoc
3378 1352 3607 1409 modo:

1959 1452 1985 1479 ‹‹
2016 1433 2343 1501 Marcianis,
2361 1436 2417 1491 S.
2441 1437 2638 1492 Jonati
2665 1437 2921 1506 abbatis,
2940 1439 3233 1512 discipuli,
3261 1443 3609 1511 S.Amandi,

1956 1525 2013 1574 et
2041 1521 2226 1592 patris
2274 1523 2595 1595 spiritualis
2652 1528 2707 1582 S.
2744 1526 3069 1596 Rictrudis;
3104 1547 3133 1580 ι
3164 1528 3385 1601 quibus
3418 1531 3612 1587 verbis

1957 1610 2161 1665 omnia
2188 1610 2373 1668 ferme
2403 1613 2753 1686 complexus
2773 1620 2880 1683 est,
2903 1632 3038 1687 qua:
3069 1616 3144 1672 de
3170 1619 3224 1673 S.
3242 1620 3453 1674 Jonato
3482 1636 3610 1675 me-

1957 1698 2160 1753 moriae
2191 1701 2428 1771 prodita
2454 1707 2609 1768 sunt,
2645 1718 2784 1758 cum
2816 1703 2890 1759 de
2921 1708 3132 1759 caetero
3153 1710 3320 1774 gesta
3349 1706 3479 1776 ejus
3508 1711 3613 1775 aut

1953 1802 2133 1843 nemo
2163 1805 2235 1843 ex
2266 1790 2533 1862 professo
2562 1796 2914 1864 prosecutus
2941 1792 3033 1862 sit,
3065 1796 3170 1848 aut
3198 1809 3305 1866 per
3333 1795 3612 1852 vastatio-

1952 1892 2058 1931 nes
2089 1877 2431 1934 interierint.
2459 1883 2606 1935 Nam
2628 1896 2764 1953 quas
2787 1881 2900 1936 sub
2928 1882 3218 1939 Hucbaldi
3239 1885 3483 1941 nomine
3501 1886 3609 1941 cir-

1952 1965 2383 2034 cumferuntur,
2416 1983 2537 2023 non
2595 1970 2732 2024 Vitae.
2789 1969 3037 2026 historia
3094 1978 3250 2040 sunt,
3284 1972 3389 2027 sed
3442 1990 3609 2029 mera

1951 2056 2140 2110 oratio
2166 2054 2228 2110 in
2259 2056 2449 2112 sancti
2471 2056 2764 2113 honorem
2788 2058 3166 2128 concinnata,
3185 2064 3397 2131 praeter
3426 2060 3607 2116 aliam

1950 2143 2443 2200 verbosissimam
2478 2144 2592 2200 sub
2640 2145 2942 2202 Gualberti
2980 2146 3245 2214 nomine,
3277 2165 3348 2204 ex
3396 2165 3519 2221 qua
3544 2148 3607 2205 id

1950 2230 2199 2287 demum
2216 2232 2663 2297 eruitur,sancti
2679 2250 2899 2307 corpus
2923 2235 3221 2291 Saliacum
3253 2237 3606 2294 translatum

1950 2318 2152 2385 fuisse,
2185 2320 2445 2392 indeque
2491 2322 2858 2378 Marchianas
2887 2323 3164 2392 relatum,
3214 2324 3500 2398 quodque
3542 2325 3607 2383 in

1950 2407 2154 2480 aliqua
2183 2408 2616 2481 supplicatione
2646 2410 2949 2466 exstinctae
2996 2412 3176 2481 faces,
3208 2413 3346 2484 igne
3375 2414 3604 2472 cmlitus

1949 2494 2194 2562 emisso,
2226 2511 2558 2552 reaccensae
2605 2498 2841 2565 fuerint,
2878 2504 2939 2554 ut
2984 2499 3216 2556 videbis
3256 2502 3599 2575 §sequenti.

2024 2588 2109 2639 11.
2154 2584 2355 2653 Elogio
2408 2585 2653 2659 proprio
2704 2589 2987 2643 Jonatum
3034 2605 3201 2645 more
3266 2607 3375 2646 suo
3430 2595 3605 2647 ornat

1951 2674 2294 2746 Saussayus
2329 2692 2341 2729 :
2379 2696 2406 2724 ‹‹
2438 2675 2745 2733 Marcianis
2791 2693 2979 2750 prope
3036 2678 3305 2735 Duacum
3340 2680 3402 2735 in
3434 2681 3603 2737 Flan-

1948 2760 2078 2816 dria
2134 2760 2410 2817 diaecesis
2466 2763 2893 2829 Atrebatensis,
2943 2764 3237 2837 depositio
3295 2767 3351 2823 S.
3410 2766 3604 2822 Ionati

1948 2848 2186 2905 abbatis
2216 2855 2273 2907 et
2317 2850 2693 2920 confessoris,
2726 2852 2830 2924 qui
2881 2853 3212 2926 discipulus
3240 2856 3296 2911 S.
3320 2854 3602 2925 Amandi,

1947 2940 2113 2995 omni
2167 2941 2446 2997 virtutum
2499 2941 2715 2997 decore
2744 2941 3074 2999 adornatus
3133 2944 3360 3016 enituit,
3405 2961 3603 3001 exem-

1949 3028 2184 3101 plisque
2213 3035 2270 3085 et
2315 3031 2688 3087 orationibus
2746 3032 2966 3088 multos
3016 3032 3093 3088 ad
3151 3033 3450 3089 Christum
3499 3034 3604 3090 ad-

1945 3119 2132 3174 duxit.
2178 3122 2368 3175 Beata;
2414 3120 2710 3193 siquidem
2742 3121 3035 3177 Rictrudis
3087 3121 3400 3192 religiosus
3427 3122 3604 3178 infor-

1944 3212 2158 3275 mator,
2174 3208 2545 3282 fratrumque
2563 3213 2621 3264 et
2635 3210 3182 3266 sanctimonialium
3198 3210 3313 3267 loci
3330 3212 3602 3282 ejusdem

1945 3295 2301 3351 constitutus
2334 3296 2434 3364 (ob
2462 3297 2624 3364 fidei,
2653 3298 2940 3355 doctrinae
2970 3303 3026 3355 et
3055 3316 3295 3356 morum
3318 3305 3605 3373 praestan-

1944 3381 2134 3453 tiam),
2164 3383 2457 3452 director;
2490 3385 2797 3458 utriusque
2828 3386 2963 3442 vitae
3020 3393 3339 3460 praecepta,
3372 3388 3517 3444 actis
3546 3392 3605 3445 et

1943 3472 2214 3527 moribus
2247 3473 2330 3528 sic
2378 3473 2650 3545 praebuit,
2683 3479 2748 3529 ut
2794 3474 3184 3531 immaculato
3213 3475 3383 3544 calle,
3408 3477 3605 3532 trami-

1942 3564 2061 3615 tem
2093 3560 2171 3617 ad
2211 3561 2428 3617 caelum
2466 3562 2679 3618 iisdem
2708 3566 3255 3633 praemonstraverit
3280 3582 3293 3631 ;
3322 3563 3600 3620 demum-

1941 3665 2059 3721 que
2104 3653 2323 3705 sanctas
2373 3650 2843 3706 conversationis
2898 3650 3119 3707 ditatus
3147 3651 3393 3719 meritis,
3425 3657 3604 3709 exuta

1943 3754 2142 3804 carne,
2173 3738 2446 3811 spiritum
2478 3738 2752 3811 supernis
2801 3738 3028 3794 civibus
3058 3739 3120 3795 in
3151 3739 3341 3809 gloria
3370 3740 3601 3797 socian-

1941 3827 2111 3895 dum,
2142 3826 2387 3883 feliciter
2416 3826 2496 3884 ad
2526 3827 2848 3884 Dominum
2874 3827 3284 3885 transmiserit.
3317 3851 3345 3880 »
3376 3829 3603 3887 Habeat

1940 3916 2038 3972 hic
2074 3916 2273 3973 locum
2301 3916 2514 3973 citatus
2547 3933 2735 3990 supra
2764 3916 3035 3988 Ghinius,
3078 3918 3316 3975 tametsi
3344 3918 3406 3973 in
3438 3934 3600 3976 anno

1940 4007 2143 4064 obitus
2196 4006 2472 4077 aberret;
2523 4007 2606 4063 sic
2659 4007 2844 4064 ferme
2900 4007 3204 4065 Molanum
3262 4009 3596 4065 contrahit:

1946 4119 1973 4146 ‹‹
2002 4095 2330 4164 Marcianis,
2358 4095 2651 4169 depositio
2682 4097 2872 4154 sancti
2903 4096 3089 4154 Ionati
3120 4096 3376 4170 abbatis,
3410 4098 3602 4155 sancti

1940 4185 2200 4242 Amandi
2227 4185 2525 4260 discipuli,
2555 4187 2658 4259 qui
2685 4186 2851 4243 omni
2872 4187 3159 4243 virtutum
3188 4186 3403 4243 decore
3429 4187 3602 4244 ador-

1941 4279 2139 4340 natus,
2167 4274 2455 4347 exemplis
2476 4279 2533 4331 et
2559 4275 2930 4332 orationibus
2950 4276 3171 4333 multos
3197 4276 3276 4332 ad
3302 4276 3601 4332 Christum

1940 4363 2210 4420 adduxit.
2244 4364 2474 4421 Ibidem
2504 4365 2792 4438 requievit.
2832 4365 2894 4420 in
2944 4365 3321 4421 Atrebatensi
3358 4363 3599 4419 dioecesi

158 4454 296 4527 jicit
338 4454 600 4512 Cointius
629 4473 641 4509 :
676 4458 811 4512 Post
847 4456 903 4511 S.
933 4457 1129 4512 Ionati
1175 4461 1452 4528 mortem,
1496 4458 1830 4515 monachos
1940 4452 2097 4510 circa
2120 4469 2351 4510 annum
2370 4453 2605 4511 Domini
2634 4456 2797 4510 670.»
2832 4456 3079 4510 Secutus
3099 4453 3193 4508 hic
3224 4451 3391 4508 haud
3412 4450 3597 4507 dubie

163 4560 330 4618 quos
385 4548 619 4601 rexerat
673 4545 1024 4602 Marchianis
1083 4545 1470 4614 abscessisse,
1516 4551 1829 4621 totumque

164 4634 604 4689 monasterium
627 4633 873 4689 cessisse
899 4632 1284 4703 monialibus,
1312 4633 1535 4707 quibus
1566 4634 1831 4692 Clossen-

165 4722 266 4778 dis
284 4738 321 4777 a
343 4722 594 4779 triennio
615 4728 868 4796 praeerat
883 4723 1223 4780 abbatissae.
1246 4725 1386 4789 Quae
1409 4725 1713 4796 ipsissima
1742 4730 1832 4782 est

165 4809 389 4867 Nolani
439 4810 817 4883 aliorumque
873 4811 1284 4884 receptissima
1335 4812 1561 4885 opinio,
1615 4812 1718 4882 sic,
1766 4812 1830 4868 ni

164 4897 365 4969 fallor,
398 4898 803 4971 intelligenda,
835 4905 899 4956 ut
927 4900 1209 4956 monachi
1266 4899 1595 4971 virginibus
1624 4916 1830 4972 regen-

166 4989 265 5046 dis
294 4989 680 5060 substiterint,
712 5007 834 5063 quo
860 4990 1121 5047 salvetur
1145 4989 1415 5063 diploma
1458 4990 1651 5048 Caroli
1680 4990 1825 5064 imp.

167 5095 209 5135 a
237 5078 575 5136 Mabillonio
605 5079 956 5146 adductum,
986 5079 1090 5136 ubi
1115 5080 1334 5136 saaculo
1366 5097 1422 5135 ix
1450 5079 1526 5136 de
1546 5079 1828 5137 fratribus

167 5181 343 5238 teque
372 5182 443 5223 ac
474 5166 781 5223 sororibus
823 5168 1189 5223 mentionem
1233 5166 1357 5223 fieri
1390 5168 1667 5225 ostendit.
1720 5172 1826 5225 Ve-

162 5271 304 5312 rum
334 5256 408 5311 de
438 5257 552 5311 hac
577 5273 640 5312 re
659 5258 788 5327 jam
821 5258 989 5313 toties
1016 5258 1389 5330 disputatum
1421 5262 1527 5327 est,
1560 5262 1626 5313 ut
1646 5258 1824 5315 telam

164 5343 332 5401 illam
383 5360 506 5402 non
556 5345 762 5402 lubeat
806 5346 1007 5402 denuo
1050 5346 1327 5403 exordiri.
1375 5347 1573 5403 Sancti
1598 5348 1825 5404 cultum

167 5450 629 5507 prosequamur.

244 5527 330 5579 tO.
370 5526 450 5580 De
472 5540 543 5580 eo
573 5523 715 5580 satis
739 5523 959 5580 mirum
981 5526 1163 5595 est,in
1185 5526 1625 5599 antiquioribus
1643 5526 1826 5582 sacris

168 5611 342 5668 fastis
365 5611 593 5671 nullam
628 5629 886 5688 usquam
916 5614 1041 5670 ﬁeri
1068 5615 1448 5686 memoriam,
1475 5631 1551 5672 ne
1579 5616 1825 5689 quidem

1939 4543 2185 4599 Ghinius
2236 4559 2448 4600 eorum
2500 4543 2868 4616 opinionem,
2958 4541 3064 4614 qui
3123 4543 3179 4599 S.
3250 4540 3596 4597 Amandum

1937 4632 2158 4689 obiisse
2188 4636 2431 4689 censent
2458 4648 2619 4690 anno
2652 4635 2774 4688 661.

2013 4722 2094 4778 l2.
2137 4725 2351 4779 Verum
2416 4738 2545 4778 rem
2618 4736 2863 4778 omnem
2925 4724 2982 4777 et
3045 4718 3295 4777 solidius
3368 4723 3426 4775 et
3478 4717 3595 4775 ele-

1937 4813 2175 4883 gantius
2221 4811 2571 4885 complexus
2619 4815 2711 4867 est
2739 4810 3007 4867 Molanus
3049 4810 3178 4883 ipse
3227 4809 3288 4865 in
3331 4808 3595 4865 indiculo

1936 4905 2282 4957 sanctorum
2338 4899 2540 4970 Belgii,
2570 4903 2637 4956 ut
2688 4899 2928 4956 aliunde
2979 4898 3171 4970 elogia
3228 4897 3595 4954 accersenda

1936 5006 2059 5046 non
2109 4989 2246 5058 sint,
2297 4989 2378 5045 ita
2423 4989 2649 5045 habet:
2681 5008 2711 5041 ‹
2763 4991 3012 5045 Sanctus
3068 4990 3315 5043 Jonatus
3367 4986 3596 5044 confes-

1937 5097 2055 5149 sor,
2106 5078 2436 5152 discipulus
2488 5081 2544 5136 S.
2603 5077 2882 5145 Amandi,
2948 5077 3181 5151 primus
3237 5076 3347 5133 fuit
3398 5075 3591 5133 abbas

1937 5169 2244 5228 Marcianis
2310 5169 2430 5224 sive
2512 5167 2817 5239 Marcenis,
2881 5184 2952 5223 ac
3026 5166 3251 5223 ibidem
3325 5166 3591 5223 elevatus

1937 5259 2204 5332 quiescit.
2240 5257 2372 5313 Fuit
2419 5256 2585 5312 omni
2638 5257 2922 5313 virtutum
2972 5255 3187 5312 decore
3240 5256 3589 5322 adornatus,

1939 5347 2226 5420 exemplis
2270 5351 2329 5403 et
2381 5345 2751 5402 orationibus
2796 5345 3018 5401 multos
3046 5346 3125 5401 ad
3165 5345 3463 5413 Christum
3489 5344 3591 5400 ad-

1938 5436 2126 5492 duxit.
2152 5438 2287 5490 Post
2311 5434 2511 5506 ipsum
2542 5433 2649 5488 fuit
2675 5433 2727 5488 is
2771 5432 2938 5488 locus
2968 5433 3142 5489 annis
3172 5434 3291 5490 fere
3314 5430 3589 5488 trecentis

1936 5525 2176 5596 triginta
2242 5523 2431 5579 tribus
2492 5522 2790 5593 virginum
2859 5524 3311 5592 monasterium,
3369 5519 3590 5592 quibus

1941 5614 2137 5688 prima
2190 5613 2427 5688 praefuit
2481 5612 2861 5670 sanctissima
2912 5611 3221 5670 Rictrudis.
3262 5613 3448 5666 Locus
3502 5610 3591 5663 est
