3950 6178
369 202 473 259 899

977 188 1321 251 HUCBALBI
1358 190 1526 250 MON.
1572 190 1627 247 S.
1673 186 1943 245 AMANDI
1982 176 2131 241 OPP.
2177 182 2356 244 PARS
2398 186 2436 241 1.
2480 220 2549 229 —-—
2591 182 3181 244 HAGIOGRAPHICA.

3687 183 3808 241 900

370 325 587 399 pietate
611 327 669 379 et
697 320 1039 378 amoenitate
1059 317 1334 387 celebris,
1349 315 1512 371 haud
1534 312 1744 388 procul
1769 326 1804 367 a
1822 312 2023 399 Duaco
2064 315 2112 367 Α
2142 310 2519 367 adducamus
2549 311 2715 385 qudd
2747 312 2821 367 de
2876 312 2931 367 8.
2959 311 3172 399 Jonato
3200 313 3487 399 praeterea
3512 309 3712 365 obiter
3742 310 3805 365 in

370 397 429 471 in
458 412 740 481 Flindria,
768 407 1062 465 duaeeesis
1088 405 1510 462 Atrebatensis.
1546 402 1762 461 Natalis
1824 397 2029 456 incidit

371 505 433 560 in
464 501 761 559 Kalendas
804 497 1073 567 Augusti,
1108 492 1360 552 elevatio
1413 496 1472 550 in
1529 496 1761 548 sextum
1813 489 2027 545 Iduum

370 592 607 665 Aprilis,
637 595 701 643 ut
729 602 801 643 eo
832 576 929 642 die
975 586 1125 641 inter
1150 584 1588 657 praetermissos
1640 584 1915 637 notatum
1944 580 2030 631 in-

370 681 593 737 venies.
627 700 653 727 »
684 677 909 733 Eadem
940 675 1125 730 ferme
1176 674 1385 730 Molani
1428 672 1611 729 verba
1643 670 1751 726 sed
1781 668 2030 723 multata

370 768 667 825 tantillum
721 765 949 839 phrasi,
979 764 1039 819 in
1092 760 1397 818 Natalibus
1452 764 1795 817 sanctorum
1855 755 2031 825 Belgii

369 859 551 915 etiam
582 850 955 930 explicantur
974 868 996 925 ;
1023 855 1082 909 in
1112 852 1333 925 quibus
1360 852 1640 907 omnibus
1670 853 1869 922 aperte
1905 847 2027 901 ειυ-

368 950 460 1003 cet
491 945 706 1003 Molani
732 942 1024 999 sententia
1050 936 1125 997 de
1154 941 1593 996 monachorum
1631 942 1771 1010 post
1799 936 2029 992 obitum

372 1037 429 1091 S.
460 1036 653 1090 Jonati
682 1045 940 1096 recessu,
992 1034 1050 1084 et
1097 1031 1233 1101 post
1283 1031 1575 1083 trecentos
1626 1026 1864 1096 triginta
1915 1027 2029 1077 tres

371 1135 582 1191 annos,
618 1121 730 1178 sub
763 1118 1051 1175 Balduino
1075 1118 1349 1186 Barbato,
1385 1114 1578 1189 pulsis
1610 1111 2031 1171 sanctimonia-

369 1212 551 1282 libus,
606 1211 684 1266 ad
714 1207 915 1282 ipsum
945 1205 1287 1262 coenobium
1321 1204 1532 1259 reditu.
1584 1206 1784 1275 Neque
1829 1200 1938 1257 abs
1966 1215 2028 1255 re

366 1302 478 1357 erit
505 1300 599 1355 hic
648 1299 976 1369 adjungere
1025 1312 1160 1369 quae
1216 1294 1393 1350 tradit
1447 1294 1681 1348 Miraeus
1730 1291 1791 1347 in
1841 1289 2027 1346 Fastis

369 1388 642 1460 Belgicis,
661 1394 726 1442 ut
747 1388 1001 1443 aliorum
1034 1384 1332 1439 defectum
1365 1384 1654 1454 tantisper
1686 1379 2026 1454 suppleant.

371 1478 454 1535 En
484 1479 616 1551 ejus
642 1475 847 1533 verba.

444 1570 528 1623 13.
573 1588 599 1615 τι
629 1562 941 1622 Amandus
967 1562 1356 1632 Trajectensis
1381 1563 1437 1615 et
1480 1558 1797 1615 Autbertus
1827 1558 2031 1612 Came-

2134 399 2428 457 Chronico
2466 405 2836 457 memoratur
2862 400 3025 473 apud
3057 397 3459 456 Mabillouium
3491 414 3635 471 pag.
3670 399 3803 453 9-31.

2213 492 2294 544 15.
2339 514 2365 539 ‹‹
2400 490 2611 547 Dirutis
2633 504 2877 563 quoque
2905 488 3302 559 monasteriis,
3326 504 3461 561 quae
3488 500 3674 561 super
3698 488 3806 543 flu-

2138 579 2303 635 vium
2333 582 2516 654 Scarp
2562 582 2673 636 sita
2699 584 2887 651 erant,
2920 580 3097 636 etiam
3129 577 3578 636 Marchianense
3601 594 3804 635 σεθου·

2137 666 2453 731 bium
2485 667 2700 725 accolis
2734 674 2899 724 terrze
2927 667 3144 738 fugatis
3172 673 3231 723 et
3257 665 3605 731 interfectis,
3638 665 3800 723 dele-

2137 762 2262 814 tum
2286 764 2389 815 est.
2416 762 2677 831 Corpora
2707 773 2842 814 vero
2870 763 3386 829 sanctorum,quze
3405 756 3467 812 in
3489 757 3804 813 destruet»

2137 844 2228 902 dis
2260 846 2520 903 ecclesiis
2551 847 2857 903 recondita
2884 847 3137 914 fuerant,
3174 846 3249 901 ad
3283 845 3414 901 loca
3446 846 3673 902 tutiora
3696 862 3803 919 per

2136 932 2399 990 divinam
2431 934 2868 1006 providentiam
2901 932 3068 989 salva
3109 938 3510 1007 transportata
3541 940 3702 990 sunt.
3742 938 3799 989 tu

2136 1034 2259 1096 qua
2286 1025 2683 1079 destructione
2720 1022 2969 1096 deperiit
2998 1024 3197 1078 omnis
3228 1026 3475 1078 ornatus
3505 1021 3801 1080 Marchia-

2136 1112 2338 1167 nensis
2370 1111 2650 1178 ecclesiae,
2682 1104 2741 1167 in
2775 1112 2992 1168 chartis
3044 1111 3317 1168 videlicet
3358 1116 3415 1167 ct
3476 1110 3802 1184 privilegiis

2137 1206 2194 1257 et
2238 1200 2404 1256 libris
2429 1208 2485 1255 et
2528 1200 2706 1269 gestis
2737 1204 3108 1269 sanctorum,
3141 1205 3199 1256 et
3226 1200 3451 1256 caeteris
3481 1200 3671 1255 rebus
3727 1201 3803 1255 ad

2136 1288 2412 1345 decorem
2445 1293 2499 1345 et
2529 1300 2706 1344 usum
2762 1289 2877 1344 loci
2905 1288 3452 1362 pertinentibus.....
3486 1288 3713 1344 Verum
3746 1289 3803 1345 in

2137 1376 2552 1449 disquisitione
2580 1377 2927 1433 elevationis
2960 1379 3016 1434 S.
3048 1376 3241 1433 Jonati
3263 1376 3519 1445 abbatis,
3557 1376 3663 1448 qui
3700 1376 3805 1432 fuit

2136 1465 2465 1538 discipulus
2519 1466 2739 1536 egregii
2786 1464 3145 1522 confessoris
3194 1464 3472 1531 Amandi,
3505 1465 3802 1538 scriptum

2136 1554 2496 1624 invenimus,
2524 1557 2688 1629 quod
2734 1559 3000 1628 tempore
3032 1554 3352 1612 abbatissae
3405 1554 3633 1622 Judith,
3666 1570 3804 1627 quae

370 1654 634 1712 racensis
693 1651 958 1725 episcopi
1009 1650 1444 1705 monasterium
1502 1647 1944 1706 Marchianense
1994 1661 2031 1700 a
2068 1662 2109 1717 Β
2137 1646 2560 1702 Marchianensi
2583 1646 2950 1701 monasterio
2970 1644 3209 1718 prmfuit
3238 1651 3506 1717 tempore
3543 1644 3801 1700 Lotharii

374 1749 581 1802 sancta
608 1741 903 1807 Rictrude,
920 1738 1260 1809 Adalbaldi,
1284 1738 1454 1793 ducis
1474 1737 1795 1793 Duacensis
1824 1736 2027 1803 vidua,

374 1835 803 1896 constructum,
831 1829 895 1884 in
923 1831 1213 1884 honorem
1242 1831 1587 1883 sanctorum
1613 1826 1761 1906 Betri
1781 1829 1838 1881 et
1863 1822 2030 1879 Pauli

373 1937 429 1977 v1
460 1918 755 1977 Kalendas
776 1916 1128 1973 Novembris
1158 1914 1531 1970 dedicarunt.
1568 1918 1629 1968 In
1656 1928 1726 1968 eo
1753 1912 2029 1967 emnobio

372 2011 636 2084 primum
664 2006 978 2063 monachis
1006 2005 1085 2060 ad
1111 2003 1494 2059 serviendum
1528 2003 1599 2058 Dr
1616 2016 1653 2058 o
1673 2001 2028 2070 constitutis,

370 2103 577 2172 pastor
634 2093 1125 2166 vigilantissimus
1181 2092 1357 2147 datus
1412 2097 1499 2147 est
1551 2094 1817 2157 Jonatus,
1870 2089 2030 2145 beati

371 2183 630 2242 Amandi
660 2181 1009 2255 discipulus.
1052 2182 1274 2237 Verum
1304 2185 1513 2253 postea
1542 2180 1759 2235 rationi
1782 2192 2032 2233 consen-

373 2278 618 2333 taneum
642 2272 836 2329 visum
865 2275 953 2327 est
978 2270 1291 2343 (quoniam
1323 2284 1433 2325 sua
1460 2269 1625 2324 bona
1671 2268 1849 2323 beata
1903 2266 2030 2321 Ric-

372 2362 563 2420 trudis
590 2359 730 2417 huic
759 2361 892 2416 loco
922 2361 1323 2427 consecrarat,
1355 2356 1559 2430 ibique
1591 2357 1708 2412 Deo
1733 2354 2031 2410 deservire

371 2454 704 2521 statuerat),
722 2453 789 2505 ut
814 2448 1040 2504 ibidem
1072 2451 1131 2504 et
1156 2445 1644 2504 sanctimoniales
1673 2444 2033 2501 collocaren-

372 2546 488 2598 tur.
521 2543 665 2607 Qute
686 2536 934 2611 quidem
963 2552 1070 2609 per
1099 2551 1292 2592 annos
1320 2538 1614 2591 trecentos
1643 2533 1885 2603 triginta
1914 2536 2033 2588 tres

372 2627 465 2687 vel
504 2626 731 2686 circiter
780 2626 1095 2682 ecclesiam
1151 2622 1662 2683 Marchianensem
1729 2626 2027 2678 rexerant.

374 2721 509 2774 Post
538 2715 1004 2773 Normannicam
1035 2712 1451 2779 vastationem,
1487 2711 1786 2766 Leduinus
1839 2709 2032 2765 abbas

374 2806 748 2873 Vedastinus,
780 2806 1040 2877 petente
1094 2800 1384 2858 Balduino
1454 2800 1742 2856 Flandriae
1793 2797 2028 2864 comite,

374 2895 709 2954 monachos
764 2892 1180 2949 Benedictinos
1207 2906 1279 2947 eo
1334 2890 1391 2946 in
1444 2891 1576 2946 loco
1607 2888 1936 2949 collocavit,
1970 2891 2035 2942 ut

2137 1734 2292 1803 regis
2324 1736 2705 1799 Francorum,
2743 1733 2941 1789 adhuc
2997 1733 3385 1807 quiescebant
3440 1733 3500 1788 in
3554 1732 3803 1789 tumulis

2136 1822 2410 1895 lapideis,
2446 1822 2735 1879 altaribus
2767 1821 3133 1896 antepositis,
3165 1837 3419 1896 corpora
3450 1826 3802 1877 sanctorum

2137 1912 2411 1968 videlicet
2440 1912 2627 1968 beatus
2656 1910 2948 1968 Bictrudis
2976 1910 3194 1967 nobilis
3244 1915 3561 1977 matronae,
3593 1916 3651 1966 et
3701 1911 3802 1965 ho-

2138 1997 2356 2057 norum
2411 2000 2824 2059 confessorum
2879 2001 3170 2058 Mauronti
3235 2005 3416 2075 atque
3470 1999 3801 2074 supradicti

2136 2092 2348 2146 Jonati.
2404 2115 2428 2140 ››
2484 2090 2634 2146 Nihil
2686 2096 2974 2164 praeterea
3022 2093 3352 2159 suggerunt
3399 2096 3801 2145 monumenta

2138 2178 2629 2250 Marchianensia,
2658 2178 2823 2252 quod
2879 2179 2957 2235 ad
2986 2179 3174 2235 sancti
3207 2178 3457 2248 gloriam
3486 2178 3588 2234 hic.
3642 2174 3804 2233 illus—

2137 2268 2415 2324 trandam
2467 2270 2710 2340 spectet,
2741 2273 2951 2342 praeter
2991 2266 3253 2341 paucula
3279 2267 3492 2338 elogia.
3522 2268 3655 2338 jam
3683 2282 3803 2322 me-

2137 2358 2382 2413 moratis
2412 2356 2767 2429 conformia,
2800 2373 2935 2430 quae
2966 2372 3039 2412 ex
3062 2356 3350 2412 Hucbaldi
3392 2356 3803 2412 exhortatiun—

2138 2446 2307 2509 culis,
2340 2462 2445 2501 seu
2495 2444 2777 2519 apologia
2824 2445 3192 2512 temeritatis,
3224 2445 3285 2500 in
3334 2445 3622 2501 lectiones
3654 2460 3801 2517 quo-

2136 2533 2468 2591 dammodo
2491 2534 2825 2603 distributa,
2859 2534 3099 2607 decerpi
3128 2538 3428 2609 poterunt.
3462 2538 3644 2590 Porro
3688 2534 3798 2589 his

2137 2622 2291 2681 toria
2346 2620 2694 2681 elevationis
2759 2623 2912 2680 sacri
2979 2624 3246 2698 corporis
3291 2629 3349 2680 et
3402 2640 3797 2680 accensorum

2140 2728 2447 2771 cereorum
2479 2714 2587 2770 erit
2614 2715 2883 2781 materia,
2913 2721 2977 2771 ut
3003 2729 3186 2787 supra
3211 2712 3512 2783 dicebam,
3544 2729 3799 2786 sequen-

2138 2804 2211 2859 tis
2234 2803 2619 2876 paragraphi.

2213 2895 2300 2948 {6.
2338 2892 2432 2947 Sic
2489 2891 2670 2961 igitur
2731 2890 3077 2948 Hucbaldus
3124 2891 3373 2947 lectione
3416 2896 3472 2959 3,
3536 2890 3797 2946 adducto

373 2987 564 3043 fusius
586 2986 647 3040 in
679 2982 961 3040 chronico
994 2980 1409 3053 manuscripto
1430 2978 1860 3037 Marchianensi
1891 2990 2031 3032 nar-
2066 3016 2109 3070 ρ
2143 2980 2461 3054 scripturae
2503 2981 2635 3037 loco
2668 2999 2683 3036 :
2730 2982 2804 3038 Si
2846 2982 2932 3037 vis
2980 2981 3284 3053 perfectus
3334 2996 3480 3047 esse,
3526 2985 3666 3043 etc.
3724 2979 3795 3034 de

373 3080 557 3139 ratur,
586 3071 752 3146 quod
796 3077 852 3127 et
905 3075 1097 3125 exstat
1141 3069 1202 3123 in
1234 3067 1586 3124 Rubravalle
1618 3086 1629 3122 :
1666 3072 1845 3138 atque
1903 3066 2030 3120 hinc
2082 3066 2109 3070 "
2140 3075 2348 3127 sancto
2396 3075 2602 3126 nostro
2644 3071 2953 3143 loquitur:
3003 3071 3194 3140 Cujus
3231 3071 3522 3139 praecepti
3558 3075 3795 3125 sanctus

2090 3172 2095 3180 '
2136 3162 2393 3216 Jonatus
2422 3175 2544 3215 non
2571 3162 2831 3230 impiger
2880 3160 3123 3238 effectus
3150 3160 3616 3229 obtemperator,
3668 3160 3796 3214 bea-

375 3166 513 3219 sunt
539 3159 782 3231 vulgata
813 3159 969 3231 typis
999 3157 1193 3226 elogia
1222 3172 1356 3229 quae
1387 3156 1461 3211 de
1493 3159 1550 3211 S.
1577 3158 1790 3211 Jonato
1816 3153 2032 3209 descri-

372 3251 575 3309 benda
605 3247 972 3305 censuimus.
1010 3268 1036 3296 »
1066 3245 1255 3315 Pergit
1280 3243 1510 3301 Miratus
1540 3254 1749 3300 Versus
1790 3243 2028 3311 referre,

373 3339 479 3414 qui
526 3339 586 3395 in
614 3336 845 3394 ambitu
872 3335 1037 3390 chori
1089 3334 1547 3391 Marchianensis
1572 3332 1869 3403 leguntur,
1902 3330 2033 3404 qui-

372 3427 610 3501 busque
662 3426 1094 3483 enumerantur
1148 3420 1318 3501 varia
1374 3427 1721 3478 sanctorum
1776 3435 2031 3493 corpora

373 3500 599 3574 ibidem
624 3512 916 3588 deposita,
939 3512 1091 3569 inter
1114 3525 1270 3584 quos
1300 3500 1357 3567 ἐι
1383 3510 1464 3566 illi
1508 3511 1631 3567 duo
1659 3524 1816 3582 quos
1846 3524 2033 3582 supra

373 3621 446 3664 ex
495 3602 722 3661 Cointio
754 3601 1056 3658 dedimus.
1090 3600 1202 3666 Qui
1228 3604 1469 3656 caeteros
1490 3615 1669 3656 nosse
1695 3600 1877 3672 cupit,
1908 3599 2034 3654 fon-

372 3701 493 3753 tem
520 3695 723 3768 ipsum
754 3691 947 3748 adeat.

443 3785 528 3841 14.
570 3782 805 3840 Nullam
825 3794 1087 3852 usquam
1110 3783 1344 3834 exstare
1378 3781 1433 3835 S.
1479 3778 1675 3834 Jonati
1706 3779 1897 3834 Vitam
1928 3781 2031 3833 aut

374 3874 736 3946 Legendam,
777 3869 915 3925 inde
944 3868 1195 3925 omnino
1222 3867 1520 3937 colligitur
1545 3867 1713 3940 quod
1756 3868 1817 3922 in
1872 3865 2029 3923 Actis

375 3967 732 4021 Sanctorum
762 3955 1157 4014 Benedictinis
1181 3960 1308 4012 tam
1334 3956 1537 4027 jejune
1578 3954 1657 4010 de
1688 3970 1765 4011 eo
1797 3960 2029 4026 agatur,

373 4057 439 4108 ut
467 4066 541 4107 ex
568 4048 727 4105 Actis
753 4046 940 4120 ipsius
970 4048 1194 4102 sancta.
1214 4044 1507 4101 Rictrudis
1537 4048 1701 4101 tomo
1731 4044 1798 4116 ll,
1822 4058 1860 4100 a
1886 4059 2029 4117 pag.

370 4140 500 4208 937,
530 4135 792 4213 paucula
813 4135 1209 4208 assignentur,
1230 4135 1359 4206 jam
1386 4134 1587 4191 relatis
1616 4133 1770 4192 adeo
1799 4132 2030 4191 confor-

373 4229 515 4297 mia,
535 4232 598 4285 ut
616 4225 875 4284 describi
887 4238 1013 4282 non
1034 4228 1398 4282 mereantur.
1417 4230 1483 4281 In
1498 4224 2031 4282 Ohservationibus

369 4314 608 4393 praeviis
623 4316 776 4373 inter
795 4318 1038 4372 caeteros
1055 4317 1293 4371 sanctos
1308 4314 1593 4371 Jonatum
1612 4314 1822 4372 laudat
1839 4312 2031 4370 editor

371 4405 540 4483 quod
563 4407 627 4464 in
656 4403 932 4463 coenobio
961 4402 1393 4462 Marchianensi
1437 4403 1720 4461 ﬂoruerit.
1748 4402 1892 4474 Pag.
1922 4406 2027 4458 944

370 4498 622 4555 refertur
658 4495 826 4571 quod
873 4496 1003 4569 jam
1030 4493 1312 4562 diximus,
1336 4506 1555 4567 nempe
1603 4495 1659 4551 S.
1682 4491 2028 4550 Amandum

370 4586 739 4662 perﬁciendo
766 4584 1224 4656 ordinandoque
1273 4582 1636 4638 monasterio
1664 4581 2029 4655 discipulum

374 4693 553 4733 suum
604 4674 939 4749 praefecisse
972 4675 1028 4730 S.
1057 4674 1339 4728 Jonatum
1366 4669 1771 4728 venerabilem
1808 4670 2028 4740 virum,

373 4765 544 4837 cujus
575 4762 775 4821 adhuc
804 4762 868 4818 in
888 4760 1105 4818 eodem
1134 4760 1499 4816 monasterio
1539 4772 1780 4816 sacrum
1809 4772 2028 4831 corpus

370 4856 630 4913 habetur
656 4850 1062 4910 reconditum:
1087 4850 1150 4907 in
1170 4864 1298 4924 quo
1328 4855 1383 4906 et
1403 4838 1847 4908 monachorum
1874 4848 2032 4904 ordi-

370 4960 513 5002 nem
537 4945 749 5002 beatus
775 4942 1087 4999 Amandus
1106 4939 1316 4997 haberi
1337 4941 1542 5013 voluit,
1559 4940 1669 4997 sed
1686 4940 1815 5012 jam
1837 4938 2030 4995 dictus

375 5033 568 5090 abbas
614 5030 1101 5090 sanctimoniales
1156 5031 1359 5103 (prout
1411 5029 1526 5086 sibi
1573 5028 1767 5086 visum
1820 5028 2030 5100 fuerat)

376 5122 743 5193 aggregavit.
759 5125 901 5187 Quae
922 5117 1234 5193 quomodo
1254 5123 1313 5176 et
1331 5119 1606 5192 quandiu
1634 5118 1805 5174 isthic
1826 5117 2030 5191 persti-

375 5210 568 5279 terint,
593 5227 667 5266 ex
696 5225 883 5283 supra
902 5208 1212 5283 explicatis
1232 5224 1357 5265 non
1385 5208 1640 5265 obscure
1666 5208 1844 5263 datur
1869 5204 2035 5263 intel-

374 5299 498 5371 ligi.
525 5299 906 5372 Deploranda
933 5314 1005 5356 ea
1032 5304 1309 5373 tempora
1339 5312 1700 5369 successere,
1728 5298 1949 5370 quibus
1975 5300 2033 5353 et

376 5388 695 5463 disciplina
708 5389 861 5444 inter
880 5387 1174 5446 moniales
1191 5390 1438 5446 omnino
1457 5388 1771 5457 intercidit,
1788 5391 1849 5444 et
1860 5387 2032 5461 quid-

375 5478 523 5555 quid
552 5495 623 5536 eo
648 5477 781 5534 loco
809 5483 1135 5548 supererat,
1165 5476 1440 5535 barbaris
1468 5477 1678 5552 praeda
1706 5476 1836 5547 fuit,
1886 5480 1952 5532 ut
1976 5480 2035 5532 et

375 5570 581 5645 ipsum
611 5564 1201 5639 ctenobium,etquae
1227 5566 1301 5622 de
1318 5568 1497 5638 gestis
1516 5572 1860 5624 sanctorum
1891 5568 2035 5623 Mar-

378 5657 793 5718 chianensium
821 5653 1045 5728 scripta
1092 5658 1284 5724 erant,
1309 5670 1435 5712 una
1474 5656 1756 5728 perierint
1784 5674 1796 5712 :
1828 5654 1891 5711 id
1933 5655 2030 5712 hic

2068 4372 2110 4428 D

2139 3256 2264 3305 tum
2307 3250 2654 3305 Amandum
2683 3250 2999 3319 Masillam
3031 3263 3271 3306 sacrum
3309 3254 3371 3304 et
3395 3249 3643 3318 Inpulit;
3670 3248 3795 3304 des-

2136 3341 2398 3395 tinatum
2455 3354 2492 3395 α
2547 3340 2670 3394 Deo
2733 3339 3075 3412 pveredicum
3130 3338 3434 3395 doctomn
3490 3337 3796 3393 hmililer

2134 3428 2292 3484 adiit
2312 3442 2335 3495 ,'
2362 3433 2430 3482 ut
2460 3429 2634 3497 cujus
2663 3428 2991 3497 informari
3039 3427 3319 3496 cupiebat
3662 3426 3790 3481 doc-

2136 3519 2322 3583 trina,
2356 3532 2538 3585 opera
2585 3523 2798 3572 sancta
2828 3532 2960 3587 qum
2987 3517 3345 3586 magniﬁcus
3374 3517 3485 3573 ille
3512 3514 3793 3587 opemho-

2139 3611 2259 3672 tur,
2284 3606 2473 3674 plena
2500 3606 2843 3661 imitaretur
2865 3606 3216 3661 obedientia.
3247 3605 3432 3672 Quem
3464 3604 3624 3660 idem
3648 3618 3791 3674 pro

2138 3694 2236 3749 sul
2260 3694 2469 3749 devote
2496 3708 2822 3763 assumens,
2853 3709 3052 3750 ames
3108 3708 3239 3749 cson
3288 3692 3642 3750 Christiani
3660 3694 3789 3761 dor

2137 3784 2316 3840 matis
2342 3784 2750 3840 observantius
2775 3785 2999 3853 docuit,
3025 3789 3083 3840 et
3107 3784 3438 3840 Dominicce
3490 3784 3785 3840 servitutis

2136 3872 2428 3928 niandata
2460 3873 2514 3928 ei
2528 3873 2862 3942 prudenter
2884 3873 3178 3942 injunxit.
3204 3872 3321 3939 Qui
3338 3873 3503 3929 tanti
3522 3872 3790 3942 magistri

2130 3962 2446 4031 praeceptis
2482 3960 2909 4030 obsecundans,
2940 3962 3197 4031 scipsmn
3249 3962 3487 4030 ﬁdelem
3524 3959 3785 4018 exhibuit

2137 4051 2460 4119 famulum,
2474 4051 2783 4121 probaque
2804 4051 3251 4107 conversatione
3270 4052 3491 4106 multo:
3508 4050 3788 4107 acuerit

2139 4140 2220 4195 ad
2250 4139 2518 4195 divinum
2551 4140 2879 4195 servitium.
2908 4141 3056 4194 Tum
3086 4138 3277 4212 pergit
3317 4138 3452 4195 lect.
3488 4142 3519 4193 4
3556 4155 3571 4191 :
3606 4132 3792 4209 Igitur

2142 4229 2207 4285 hi
2233 4229 2353 4285 viri
2391 4229 2591 4286 sancti
2614 4228 2928 4284 Amandus
2956 4235 3135 4300 atque
3181 4229 3458 4292 Jonatus,
3504 4228 3570 4284 in
3630 4230 3791 4283 domo

2140 4320 2250 4375 Dei
2280 4319 2442 4376 velut
2486 4320 2656 4375 clara
2712 4320 2972 4375 lucentes
3031 4316 3381 4388 luminaria,
3413 4318 3792 4375 densissimas

2140 4407 2517 4477 inﬁdelitatis
2568 4414 2625 4464 et
2646 4408 2882 4477 peccati
2904 4407 3190 4477 pallentes
3221 4407 3514 4475 tenebras,
3548 4409 3793 4465 catastis

2142 4498 2368 4553 lumine
2424 4498 2725 4553 claritatis
2780 4497 3086 4553 animos
3131 4496 3568 4567 aspergebant;
3623 4501 3794 4569 atque

2138 4585 2426 4655 exemplis
2451 4592 2505 4641 et
2533 4585 2902 4645 orationibus
2929 4587 3146 4642 multos
3164 4586 3247 4642 ad
3267 4600 3524 4657 regnum
3551 4587 3615 4642 in
3636 4587 3793 4642 mis

2138 4676 2560 4745 repromissum
2621 4674 2883 4745 faciliter
2949 4674 3435 4731 intmducebant.
3508 4674 3791 4731 Eandem

2138 4765 2317 4839 plane
2359 4779 2577 4822 venam
2626 4764 2892 4837 sapiunt,
2925 4767 3184 4836 suntque
3224 4762 3505 4834 ejusdem
3544 4763 3793 4819 omnino

2140 4855 2447 4911 sententiae
2470 4858 2753 4926 congesta
2778 4852 3003 4909 ibidem
3023 4853 3255 4926 reliqua
3280 4853 3480 4924 elogia
3500 4855 3561 4911 S.
3587 4858 3793 4910 Aman-

2140 4944 2220 5000 do
2236 4960 2404 5018 aeque
2426 4958 2495 5000 ac
2522 4946 2580 5000 8.
2598 4944 2812 5000 lanato
2841 4944 3208 5011 communia,
3224 4942 3421 4998 donec
3442 4942 3793 4999 lectionibus

2136 5036 2172 5091 8
2218 5035 2275 5089 et
2324 5038 2357 5089 9
2405 5032 2697 5089 nonnulla
2747 5031 3035 5105 praedicat
3084 5029 3432 5088 Hucbaldus
3478 5046 3622 5106 quae
3660 5028 3791 5087 huic

2140 5121 2323 5196 paulo
2348 5122 2543 5193 magis
2568 5121 2809 5195 proprie
2839 5121 3298 5194 adaptantur,in
3320 5121 3489 5177 hunc
3510 5120 3788 5178 modum:

2216 5210 2299 5266 l7.
2333 5212 2454 5267 Per
2462 5211 2801 5268 Martianas
2816 5212 3037 5282 quippe
3048 5213 3412 5267 monasterio
3427 5217 3703 5267 sanctam
3716 5210 3792 5265 ml

2141 5314 2277 5357 rum
2290 5307 2344 5357 et
2350 5312 2462 5370 per
2472 5306 2689 5357 cuncta
2709 5301 3075 5366 laudabilem
3086 5300 3373 5357 Jonatum
3391 5300 3476 5356 ad
3494 5302 3790 5370 perﬁcien-

2140 5390 2221 5446 da
2233 5403 2362 5461 quae
2381 5390 2579 5445 minus
2590 5394 2784 5457 erant,
2804 5394 2860 5444 et
2872 5389 2955 5444 ad
2964 5389 3302 5445 sanctitatis
3313 5390 3593 5459 regulam
3612 5400 3786 5444 maur-

2139 5479 2315 5533 nibus
2344 5478 2813 5534 conservandam
2839 5478 3197 5546 prteposuit,
3226 5478 3593 5547 praecipiens
3622 5478 3693 5542 ei,
3728 5479 3787 5528 ut

2140 5582 2371 5637 semper
2381 5568 2463 5623 ad
2477 5568 2987 5639 augmentandum
3006 5581 3256 5639 quaeque
3282 5572 3458 5623 amnt
3483 5570 3713 5631 sancta,
3731 5565 3785 5618 in

2141 5656 2263 5713 dies
2285 5657 2702 5727 ampliﬁcaret.
2718 5658 2834 5725 Qui
2851 5662 3094 5714 sanctus
3122 5656 3394 5713 videlicet
3412 5656 3500 5713 ad
3519 5652 3787 5713 bocca-dis
