3950 6178
185 140 278 198 901

828 155 832 160 ’
906 132 1451 195 COMMENTARIUS
1489 134 1580 191 DE
1620 134 1675 192 S.
1717 128 1983 191 JONATO
2023 132 2300 212 ABBATE
2339 134 2878 204 MARCHIANENSI.

3494 158 3598 215 902

182 267 352 320 natus
370 260 555 316 abbas
610 260 866 314 Jonatus
886 259 1362 330 obediens,jussa
1384 256 1671 329 implevit,
1695 260 1749 313 et
1765 257 1836 312 ob
1866 259 1915 309 A
1944 256 2155 315 Jonati
2179 264 2241 317 in
2298 265 2676 322 eminentiori
2718 274 2772 325 et
2800 272 2974 341 quasi
2999 273 3325 332 sacratiori
3353 270 3477 336 loco
3508 284 3602 339 de-

184 352 245 409 ttl
282 355 343 405 in
372 350 994 418 recompensationem,
1038 356 1276 405 aeterno;-
1315 350 1524 421 gloriae
1556 360 1835 404 coronam

184 440 427 509 accepit.
490 439 651 493 Sane
699 438 780 493 ad
834 438 1211 495 serviendum
1246 439 1498 494 Domino
1518 438 1579 494 S.
1616 438 1838 492 Aman-

183 530 290 585 dus
307 526 627 584 monachos
648 527 712 581 in
733 527 1062 583 Marcianis
1088 540 1421 599 aggregare
1440 529 1835 597 disposuerat,

185 617 280 675 sed
300 616 585 681 Janatus,
612 626 889 672 concessa
916 616 1031 670 sibi
1054 616 1345 685 potestate
1382 616 1456 671 ab
1488 617 1612 683 ipso
1652 615 1837 684 virgi-

184 707 376 763 nalem
404 705 618 761 mentis
644 710 699 759 et
730 705 996 773 corporis
1026 704 1283 774 diligens
1305 702 1836 772 pudicitiam,san-

184 793 549 852 etimoniates
598 794 681 848 ibi
729 806 871 859 esse,
902 794 1180 848 instituit.
1234 793 1396 849 Fecit
1446 793 1553 847 hoc
1581 793 1839 861 fortasse

183 885 572 954 inspiratione
591 896 851 952 superna
883 883 1143 951 edoctus,
1162 889 1226 937 ut
1249 881 1627 952 postmodum
1656 881 1839 937 beatae

182 974 460 1030 Rictrudi
484 975 731 1044 ejusque
750 972 1012 1041 ﬁliabus,
1031 973 1254 1029 sanctis
1277 974 1480 1043 utique
1504 972 1838 1041 virginibus

179 1068 354 1133 aptus
381 1067 523 1118 esset
559 1063 820 1129 locus,'et
842 1062 1135 1131 condigne
1163 1075 1200 1116 a
1230 1067 1520 1117 conventu
1553 1061 1839 1117 saeculari

181 1156 455 1207 remotus.
512 1150 739 1206 Fervor
783 1152 988 1220 itaque
1036 1151 1365 1205 Dominicte
1403 1149 1739 1205 dilectionis
1774 1151 1835 1203 in

177 1245 384 1296 sancto
416 1242 639 1295 Jonato
672 1238 997 1295 laudabilis
1028 1243 1081 1293 et
1105 1238 1448 1307 multiplex,
1497 1253 1615 1293 non
1647 1236 1835 1293 modi-

176 1340 307 1383 cam
363 1333 709 1383 sanctarum
767 1328 1057 1382 virtutum
1102 1333 1344 1397 segetem
1398 1326 1834 1394 cumulaverat,

176 1423 357 1488 atque
384 1416 664 1472 bonitatis
694 1418 883 1486 ipsius
910 1419 1139 1486 famam
1175 1418 1351 1487 longe
1381 1419 1618 1487 lateque
1660 1416 1838 1485 diffu-

175 1505 371 1561 derat.-
430 1505 583 1560 Erat
634 1508 786 1560 enim
842 1510 1041 1559 castus
1091 1505 1287 1566 corde,
1340 1504 1583 1560 humilis
1622 1510 1834 1573 mente,

1945 345 2062 402 bito
2085 348 2350 416 ﬁdelium
2384 369 2545 409 more
2574 358 2873 424 sepultum
2926 367 3029 431 est,
3088 360 3173 418 ita
3225 368 3422 422 tamen
3471 371 3601 425 imis

1945 440 2119 491 terra
2146 438 2321 495 viscei
2336 438 2465 495 ibus
2496 444 2994 520 commendatum,
3023 456 3087 505 ut
3114 468 3300 522 supra
3331 452 3601 512 trabibus

1943 523 2128 594 duplo
2159 532 2215 583 et
2244 528 2305 584 in
2337 534 2744 589 transversum
2778 539 3009 610 positis,
3051 556 3386 613 magnoque
3415 560 3602 616 appa-

1943 622 2083 669 ratu
2112 616 2379 685 lapidum
2404 618 2759 678 etcaementi
2788 626 2939 682 mole
2970 632 3603 701 composua,omnibus

1944 720 2061 759 non
2116 722 2215 775 pie
2265 710 2666 777 quaerentibus
2726 714 3071 772 inveniendi
3122 719 3283 775 illud
3334 724 3603 791 facultas

1946 796 2183 849 omnino
2212 803 2555 864 negaretur.
2584 798 2738 856 Loca
2766 808 3111 860 sanctorum
3136 814 3191 862 et
3221 812 3500 878 sepulcra
3522 813 3608 867 ibi

1945 882 2163 953 absque
2192 884 2357 940 tituli
2377 888 2545 957 signo
2574 894 2946 960 superposito
2974 894 3344 953 solummodo
3394 902 3605 956 altari-

1947 971 2050 1025 bus
2081 977 2220 1029 antc
2240 976 2451 1043 positis
2484 979 2947 1047 venerabantur,
2976 985 3131 1039 sicut
3162 987 3340 1041 etiam
3379 988 3448 1056 ﬁt
3492 990 3602 1045 ad-

1946 1060 2062 1116 huc
2090 1063 2155 1117 in
2184 1063 2365 1119 Italia
2394 1070 2451 1120 et
2478 1064 2540 1121 in
2575 1068 2702 1136 ipsa
2728 1068 2937 1140 Roma,
2956 1072 3155 1128 sancti
3182 1073 3353 1131 Petri
3378 1092 3450 1132 ac
3470 1094 3605 1133 san-

1945 1154 2172 1205 ctorum
2206 1152 2731 1213 innumerabilium
2762 1156 2986 1215 ossibus
3016 1168 3069 1217 et
3095 1164 3349 1232 pulvere
3375 1164 3603 1235 glorio-

1943 1253 2030 1292 sa.
2063 1239 2207 1294 Cum
2240 1249 2439 1298 autem
2466 1251 2686 1301 secreto
2716 1247 2908 1304 divini
2931 1250 3169 1307 consilii
3190 1253 3477 1309 instinctu
3496 1257 3605 1311 ali-

1944 1326 2169 1397 quoties
2184 1336 2528 1387 sanctorum
2552 1332 2823 1405 reliquite
2839 1332 2920 1392 ad
2943 1346 3289 1408 conspectus
3313 1334 3603 1399 humanos

1944 1414 2359 1486 subriguntur,
2373 1418 2706 1489 ferventior
2726 1427 2930 1495 utique
2949 1432 3003 1482 et
3029 1444 3173 1498 erga
3200 1428 3429 1487 cultum
3455 1418 3604 1502 ipso-

1945 1520 2079 1560 rum
2108 1506 2342 1562 avidior
2371 1512 2606 1565 animus
2638 1512 2973 1585 incitatur;
2996 1518 3147 1571 sicut
3173 1514 3407 1586 factum
3427 1528 3509 1576 est
3539 1521 3604 1576 in

176 1594 350 1648 vultu
366 1592 905 1658 serenus,omnibus
923 1591 1507 1661 a/fabilis,universis
1535 1592 1831 1648 amabilis.
1864 1602 1909 1659 Β
1946 1594 2272 1651 elevatione
2329 1598 2670 1667 supradicti
2715 1602 2919 1657 Patris
2968 1602 3195 1676 Jonati,
3249 1608 3489 1677 quando
3523 1624 3600 1674 se,

252 1686 336 1737 l8.
382 1682 688 1749 Quoddam
748 1682 1004 1751 denique
1055 1683 1360 1750 speculum
1419 1688 1472 1737 et
1531 1684 1838 1751 exemplar

173 1776 387 1825 sancta
419 1770 725 1826 Rictrudis
763 1775 816 1825 et
866 1783 1065 1824 omnes
1122 1784 1254 1825 cum
1312 1771 1444 1839 ipsa
1498 1770 1836 1825 habitantes

175 1856 477 1917 habebant
506 1862 568 1914 in
594 1861 905 1929 ipso,quas
932 1859 1085 1914 idem
1121 1863 1362 1914 sanctus
1393 1860 1585 1915 verbis
1612 1861 1837 1916 demul-

173 1951 366 2016 cebat,
400 1949 911 2005 eahortationzbus
950 1950 1279 2014 animabat,
1334 1955 1514 2020 atque
1559 1950 1834 2019 operibus

170 2039 563 2093 sanctissimis
593 2039 675 2093 ad
701 2052 930 2093 summa
956 2037 1295 2093 sanctitatis
1322 2039 1589 2094 culmina
1616 2050 1832 2108 provo-

170 2127 372 2182 cabat.
430 2127 587 2195 Quid
631 2127 865 2196 p'ura?
920 2129 1015 2183 Ita
1063 2129 1126 2181 in
1175 2141 1239 2182 eo
1268 2129 1469 2196 gratia
1503 2126 1833 2198 singularis

165 2215 488 2281 eminebat,
524 2222 587 2270 ut
627 2216 1120 2286 quemadmodum
1155 2228 1386 2283 gemma
1438 2218 1731 2286 exquisita
1772 2218 1833 2270 in

164 2305 320 2357 auri
340 2304 579 2372 fabrica
608 2303 1001 2357 laudabiliter
1051 2308 1107 2357 et
1154 2303 1386 2357 decenti
1431 2309 1650 2359 ornatu
1684 2316 1836 2358 com-

160 2391 395 2458 posita,
426 2390 652 2445 decoris
683 2391 778 2443 sui
802 2391 1062 2459 gratiam
1095 2395 1417 2451 ostentans,
1450 2390 1712 2447 videntes
1757 2391 1837 2445 ad

160 2494 229 2533 se
261 2479 606 2533 Amandam
636 2478 814 2533 illicit
837 2489 858 2545 ,'
882 2479 967 2533 ita
1012 2479 1120 2533 iste
1150 2479 1375 2547 beatus,
1419 2481 1583 2534 omni
1627 2479 1838 2535 decore

164 2566 469 2621 virtutum
498 2566 986 2635 adornatus,Deo
1015 2572 1069 2621 et
1103 2566 1266 2621 bonis
1298 2567 1633 2623 hominibus
1654 2583 1839 2638 appa-

165 2657 348 2711 rebat
373 2656 691 2724 gratiosus.
726 2655 888 2711 Talis
917 2657 1107 2725 igitur
1150 2660 1205 2711 et
1257 2661 1462 2710 tantus
1509 2668 1642 2712 cum
1691 2664 1835 2713 esset

166 2746 385 2801 beatus
416 2751 469 2799 et
510 2745 922 2799 sanctissimus
974 2744 1069 2799 hic
1100 2746 1285 2800 Pater
1328 2751 1528 2800 noster
1558 2747 1834 2818 Jonatus,

165 2834 507 2889 vocationis
563 2846 690 2888 sua!
738 2833 1005 2888 instante
1057 2834 1331 2901 termino,
1408 2834 1745 2891 abstractus
1798 2851 1836 2891 a

1943 1684 2291 1755 frequenter
2321 1686 2571 1757 repetita
2602 1690 3023 1759 admonitione,
3054 1694 3279 1750 elevari
3310 1699 3516 1767 jussit,
3549 1704 3607 1753 et

1944 1773 2281 1829 incolarum
2312 1778 2409 1830 sui
2428 1778 2545 1831 loci
2560 1780 2855 1850 simulque
2886 1783 3062 1836 totius
3092 1776 3283 1851 plebis
3309 1792 3530 1842 mentes
3550 1792 3606 1842 et

1944 1862 2172 1917 animos
2232 1856 2575 1931 ltetiﬂcavit.
2642 1866 2829 1935 Cujus
2871 1868 3216 1927 elevationis
3266 1875 3497 1943 modus,
3539 1881 3605 1931 ut

1943 1949 2174 2004 cunctis
2208 1951 2398 2021 legere
2429 1952 2761 2011 volentibus
2793 1956 3141 2021 innotescat,
3204 1959 3423 2015 humili
3465 1963 3605 2017 cha-

1944 2042 2175 2092 ractere
2203 2042 2256 2092 et
2289 2041 2515 2095 rustica
2545 2038 2841 2099 locutione
2871 2044 2954 2099 ita
2986 2044 3362 2113 manifestius
3386 2048 3515 2114 ﬁat.

2014 2124 2100 2179 21.
2146 2126 2232 2181 Ill.
2276 2129 2565 2195 Quoniam
2615 2131 2739 2209 diu,
2795 2134 2947 2188 sicut
3007 2148 3196 2202 supra
3240 2134 3467 2192 dictum
3498 2144 3603 2204 est,

1943 2220 2185 2267 sanctus
2237 2213 2494 2271 Jonatus
2546 2225 2872 2291 sanctaque
2946 2222 3253 2277 Rictrudis
3301 2231 3357 2279 et
3401 2222 3604 2281 beatus

1942 2301 2302 2358 Maurontus
2328 2305 2388 2359 in
2422 2306 2553 2361 imis
2579 2313 2758 2363 terra?
2790 2310 3110 2365 visceribus
3138 2308 3443 2380 mandati,
3479 2315 3606 2371 sine

1944 2388 2073 2443 ulto
2103 2391 2279 2446 titulo
2308 2395 2603 2461 sepulcris
2632 2399 3003 2466 superposito
3024 2400 3372 2467 jacuerant,
3407 2407 3605 2459 tamen

1945 2477 2274 2547 aliquando
2330 2480 2442 2535 Dei
2486 2485 2783 2551 permissu
2839 2490 2892 2541 et
2946 2487 3258 2543 voluntate
3302 2489 3364 2545 in
3397 2488 3603 2561 vigilia

1945 2578 2075 2635 quae
2101 2567 2414 2625 Dominica
2442 2568 2791 2639 habebatur,
2810 2573 3011 2629 beatus
3041 2574 3295 2632 Jonatus
3314 2594 3604 2647 procerus

1946 2668 2212 2726 corpore,
2245 2654 2493 2712 decorus
2524 2666 2787 2728 aspectu.
2812 2662 3007 2731 capite
3033 2679 3278 2735 cygneo,
3302 2667 3608 2723 vestimen-

1948 2747 2262 2815 torumque
2289 2744 2635 2803 indumento
2672 2751 3050 2822 reverendus,
3092 2753 3329 2809 cuidam
3363 2770 3609 2827 congre-

1947 2833 2205 2901 gationis
2235 2850 2353 2889 suae
2374 2837 2745 2906 presbytero,
2768 2840 3006 2895 nomine
3028 2840 3320 2912 Malgero,
3348 2841 3604 2900 blandus

165 2923 420 2988 mundo,
450 2934 563 2991 per
589 2922 861 2977 divinam
890 2923 1152 2992 gratiam
1183 2922 1512 2978 collocatus
1553 2924 1616 2978 in
1664 2925 1830 2991 caelo,
1858 2942 1905 3002 ο
1949 2923 2002 2973 et
2035 2918 2413 2977 laetabundus
2443 2934 2742 2993 apparens
2768 2928 2853 2981 ait
2883 2941 2903 2981 .·
2933 2950 2959 2975 ‹‹
3002 2926 3178 2998 Vade,
3212 2931 3506 3001 inquiens,
3534 2934 3606 2989 de

164 3026 297 3067 una
329 3027 463 3067 cum
489 3013 711 3067 sanctis
742 3011 1014 3066 omnibus
1054 3024 1267 3067 nomen
1316 3012 1561 3067 Domini
1606 3011 1833 3069 benedi-

164 3101 383 3165 cendo,
410 3100 590 3156 beatae
612 3102 922 3169 felicitatis
953 3101 1174 3170 gaudio
1197 3102 1551 3170 confovetur
1569 3102 1694 3159 sine
1714 3100 1835 3172 ﬁne

164 3190 463 3247 laetanda.
511 3190 797 3258 Sepultus
849 3195 1047 3245 autem
1097 3194 1182 3245 est
1232 3190 1560 3245 Marcianis
1599 3191 1661 3245 in
1693 3194 1833 3247 emi-

162 3278 440 3333 nentiori
469 3279 595 3333 loco
624 3283 677 3333 et
705 3283 1029 3333 veneratur
1072 3277 1155 3332 ibi
1178 3278 1254 3333 ab
1283 3279 1449 3333 omni
1466 3278 1709 3347 populo,
1756 3279 1838 3335 ad

161 3365 417 3421 laudem
472 3364 719 3431 Christi,
742 3379 971 3435 perque
1002 3366 1184 3434 ipsius
1208 3366 1423 3421 merita
1451 3370 1506 3421 et
1534 3368 1836 3422 orationes

164 3459 556 3523 prastantur
581 3454 886 3523 egentibus
915 3454 1214 3523 condigna
1246 3455 1529 3523 remedia,
1556 3459 1623 3509 ut
1652 3468 1839 3525 appa-

160 3549 295 3598 reat
331 3541 631 3610 omnibus,
685 3544 967 3612 quoniam
1016 3543 1080 3595 in
1133 3542 1357 3596 sanctis
1388 3543 1509 3595 suis
1541 3546 1624 3597 est
1654 3543 1839 3597 omni-

156 3635 385 3699 potens
413 3635 469 3686 et
498 3629 797 3685 mirabilis
828 3632 1002 3685 Deus.

161 3722 190 3787 §
224 3719 325 3774 Ill.
362 3718 540 3774 Sacri
566 3719 835 3787 corporis
865 3718 1133 3784 elevatio,
1164 3718 1487 3773 translatio
1516 3725 1571 3774 et
1601 3720 1836 3774 relatio.

243 3809 337 3865 l9.
381 3809 516 3863 Post
563 3805 1147 3861 exhortatiunculam
1189 3805 1264 3860 de
1317 3819 1441 3878 qua
1478 3807 1663 3863 modo
1715 3807 1839 3878 egi-

162 3914 309 3953 mus
372 3896 683 3967 subjungit
728 3895 890 3951 idem
947 3894 1295 3951 Hucbaldus
1341 3895 1503 3951 hunc
1551 3896 1787 3953 titulum
1823 3915 1837 3952 :

162 3987 456 4055 Qualiter
481 3987 771 4042 eleuatum
801 3991 887 4041 est
915 3998 1131 4053 corpus
1161 3987 1361 4041 sancti
1379 3987 1586 4041 Jonati
1614 3988 1842 4057 confes-

160 4078 321 4132 soris
359 4075 597 4142 Christi,
637 4078 945 4145 totamque
976 4073 1058 4128 rei
1090 4077 1271 4141 gestis
1304 4074 1611 4130 historiam
1639 4088 1843 4148 prose-

159 4165 380 4237 quitur
429 4179 537 4236 per
576 4163 724 4218 alias
777 4178 1019 4232 novem,
1048 4162 1153 4217 sed
1191 4163 1492 4219 breviores
1536 4164 1838 4235 lectiones,

158 4269 328 4327 quas
359 4253 457 4353 his
482 4252 692 4309 ordine
724 4251 1118 4353 s‘uo‘ﬁdeliter
1161 4252 1580 4353 describimus,
1632 4254 1840 4311 obser-
1874 4294 1917 4353 Β

158 4343 325 4399 vatis
370 4342 556 4397 tribus
584 4341 815 4398 vocalis
843 4340 1140 4403 barbaris,
1173 4356 1329 4413 quas
1376 4342 1671 4415 explicare
1718 4358 1842 4400 non

160 4431 574 4502 negleximus.
630 4434 713 4486 Ex
758 4434 1059 4487 moneas]
1092 4446 1106 4485 :
1138 4431 1470 4488 Marcianis
1508 4436 1593 4489 est
1642 4449 1847 4489 mona-

159 4524 350 4580 sterii
382 4523 566 4590 locus,
595 4536 634 4577 a
681 4522 850 4577 beato
880 4520 1156 4576 Amando
1181 4523 1245 4577 in
1273 4522 1555 4578 honorem
1586 4523 1646 4579 S.
1673 4523 1848 4580 Petri

159 4611 587 4681 apostolorum
604 4611 906 4679 principis
936 4614 1337 4667 consecratus.
1389 4612 1661 4668 Ecclesia
1710 4615 1842 4683 qui-

159 4702 303 4758 dem
342 4700 586 4756 honesto
610 4699 910 4756 schemate
939 4699 1235 4756 etdecore
1263 4701 1410 4756 satis
1441 4715 1706 4771 congruo
1749 4716 1845 4770 pe-

160 4795 478 4858 rornata;
505 4789 608 4845 sed
630 4789 772 4844 inde
798 4790 990 4844 multo
1010 4789 1315 4845 decentior
1341 4794 1397 4844 et
1422 4789 1742 4845 amabilior
1764 4791 1845 4845 vi-

158 4882 250 4937 ris
279 4880 708 4950 spiritualibus
759 4880 1041 4949 refulget,
1101 4879 1262 4950 quod
1306 4886 1651 4936 sanctorum
1695 4880 1845 4935 inibi

158 4969 605 5039 quiescentium
642 4967 907 5037 pignora
936 4972 1270 5034 conservat,
1328 4982 1583 5039 quorum
1627 4968 1845 5037 suffra-

156 5060 281 5129 giis
328 5058 499 5128 plebs
555 5057 769 5113 devota
826 5057 1084 5127 mititur,
1143 5059 1345 5127 gratia
1393 5060 1640 5127 superni
1689 5060 1844 5114 ron”:

158 5147 500 5203 abundans
553 5150 609 5201 et
656 5145 925 5214 fecunda
971 5145 1486 5202 subministratur.
1523 5147 1617 5201 Ibi
1642 5161 1845 5203 mona-

158 5236 429 5292 chorum
484 5235 633 5292 ordo
690 5236 771 5291 ad
828 5235 1111 5291 honorem
1167 5241 1518 5292 sanctorum
1570 5238 1842 5306 psalmis,

159 5326 424 5396 hymnis
454 5330 511 5382 et
539 5325 794 5381 canticis
819 5325 1241 5393 spirituatibus
1276 5327 1500 5382 divina:
1544 5327 1850 5393 majestati

156 5416 540 5486 conjubilat,
574 5414 889 5483 locumque
917 5420 1191 5471 sanctum
1222 5416 1588 5471 ministratio
1609 5417 1848 5484 angelo-

157 5522 314 5561 rum
343 5508 630 5576 frequens
660 5504 955 5573 invisitat,
984 5510 1038 5559 et
1068 5508 1264 5561 oratio
1292 5507 1498 5562 devote
1516 5506 1843 5574 petentium

156 5594 250 5652 ad
277 5608 464 5652 aures
492 5592 685 5650 divini
708 5591 953 5648 auditus
981 5594 1275 5650 evolando
1304 5596 1573 5664 festinat.

237 5686 323 5742 20
365 5685 492 5741 an.
526 5687 593 5741 ll.
623 5685 697 5740 In
752 5684 868 5741 hac
919 5685 1123 5755 itaque
1167 5686 1417 5742 ecclesia
1454 5696 1669 5753 corpus
1696 5685 1854 5741 beati

1943 3015 2123 3076 parte
2143 3023 2307 3081 mea;
2330 3017 2383 3066 et
2411 3011 2721 3069 abbatissa:
2735 3014 2947 3072 Judith
2964 3017 3225 3086 praecipe
3253 3022 3419 3089 (tunc
3448 3022 3604 3077 enim

1951 3098 2111 3152 locus
2138 3101 2749 3163 per'sanctimoniales
2778 3103 3114 3176 regebatur)
3134 3112 3199 3161 ut
3221 3109 3435 3165 ossium
3457 3122 3608 3166 meo-

1944 3200 2079 3241 rum
2131 3188 2417 3259 reliquias
2461 3190 2688 3247 elevari
2742 3200 2797 3248 et
2842 3194 2924 3249 ad
2970 3202 3311 3265 conspectus
3340 3198 3604 3254 omnium

1946 3275 2282 3331 submoveri
2296 3276 2490 3345 faciat
2542 3300 2568 3326 »

2016 3366 2106 3418 22.
2148 3366 2233 3418 IV.
2276 3365 2417 3421 Cum
2448 3374 2585 3422 vero
2612 3369 2946 3439 presbyter,
2981 3368 3062 3425 ad
3086 3372 3196 3425 hoc
3216 3371 3607 3440 manifestan-

1947 3452 2089 3506 dum
2116 3467 2177 3508 se
2195 3454 2392 3507 minus
2420 3454 2697 3509 idoneum
2727 3469 2865 3522 esse,
2921 3463 2976 3512 et
3022 3459 3311 3515 neminem
3353 3460 3607 3516 creditu-

1950 3554 2083 3595 rum
2113 3541 2354 3601 diceret,
2386 3541 2643 3597 blandus
2672 3543 2909 3611 iterum,
2954 3548 3089 3613 post
3143 3546 3603 3604 admonitionem

1948 3630 2281 3697 repetitam,
2339 3630 2680 3698 subintulit,
2740 3628 2993 3687 dicens:
3035 3656 3063 3681 ‹‹
3104 3633 3248 3689 Vide
3300 3652 3372 3691 ne
3403 3638 3611 3706 jussui

1950 3730 2074 3772 meo
2104 3717 2443 3773 inobediens
2470 3719 2692 3787 factus,
2752 3720 2971 3791 dignus
3020 3722 3278 3778 videaris
3316 3722 3607 3782 inauditis

1948 3804 2309 3862 verberibus.
2342 3826 2369 3856 η
2411 3806 2542 3863 Hoc
2592 3808 2829 3877 factum
2873 3812 2957 3865 est
3007 3814 3180 3868 terna
3209 3812 3608 3882 apparitionis

1949 3896 2391 3967 admonitione;
2440 3896 2543 3952 sed
2594 3899 2961 3969 negligentia
3028 3900 3214 3971 ipsius
3273 3901 3612 3972 presbyteri

1950 3991 2129 4056 atque
2180 3984 2583 4042 inobedientia
2640 3986 2722 4042 ad
2760 3986 3031 4057 effectum
3072 3991 3314 4047 minime
3332 3994 3609 4062 pervenit

1950 4077 2200 4131 elevatio
2218 4077 2412 4144 jussa.
2463 4074 2623 4131 Idem
2676 4080 2872 4133 tamen
2916 4078 3252 4151 'Matgerus,
3306 4090 3610 4152 praecepto

1949 4166 2147 4222 sancti
2171 4166 2427 4220 multum
2446 4169 2707 4234 stupens,
2724 4171 2903 4238 atque
2922 4168 2992 4223 ob
3019 4169 3354 4227 illusionem
3377 4173 3609 4241 factam

1952 4256 2033 4311 ad
2058 4269 2137 4320 se,
2163 4254 2374 4310 timens
2404 4253 2598 4309 videri
2622 4256 2885 4312 mendax
2913 4261 2966 4313 et
2994 4258 3611 4330 fatsiloquus,crebra

1953 4343 2174 4398 ducens
2193 4341 2455 4412 jejunio,
2490 4341 2858 4398 orationibus
2906 4348 2960 4399 et
3000 4343 3385 4414 eleemosynis
3438 4357 3610 4411 estpe-

1954 4439 2080 4489 tens
2110 4436 2165 4487 et
2196 4431 2471 4500 aperiens
2504 4428 2686 4500 hujus
2715 4431 2999 4486 oromatis
3023 4431 3294 4502 (visionis
3333 4428 3426 4486 vel
3454 4446 3613 4486 som-

1953 4521 2057 4593 nii)
2084 4520 2397 4588 mandata,
2429 4534 2563 4574 cum
2585 4530 2716 4574 ecce
2744 4519 2807 4573 in
2841 4520 2965 4575 alia
2997 4520 3324 4576 Dominicce
3344 4514 3614 4575 observa-

1955 4611 2128 4667 tionis
2155 4609 2365 4679 vigilia
2393 4613 2635 4663 sanctus
2664 4604 2920 4663 Jonatus
2943 4604 3143 4664 eodem
3172 4608 3470 4664 schemate
3497 4622 3612 4679 quo

1952 4714 2156 4771 supra,
2193 4698 2469 4755 baculum
2502 4692 2777 4751 manibus
2809 4700 3030 4767 tenens,
3063 4697 3327 4753 eumdem
3368 4692 3616 4767 presby-

1956 4796 2144 4846 terum
2172 4800 2352 4856 super
2397 4785 2680 4852 scapulas
2726 4787 3023 4853 percussit
3068 4790 3121 4841 et
3166 4785 3367 4841 dixit:
3399 4808 3425 4833 «
3463 4785 3615 4853 Quia

1954 4880 2085 4934 voci
2109 4892 2251 4933 mea?
2279 4873 2617 4929 inobcdiens
2641 4875 2866 4942 factus,
2912 4888 3290 4945 nequaquam
3328 4873 3614 4944 reliquias

1954 4980 2112 5021 meas
2137 4963 2364 5020 elevari
2379 4961 2636 5031 jussisti,
2697 4976 2771 5016 ex
2820 4962 2929 5016 hoc
2959 4963 3093 5031 jam
3135 4962 3316 5031 panis
3347 4960 3614 5017 edulium

1955 5070 2074 5111 non
2102 5053 2414 5124 percipies,
2448 5064 2634 5120 usque
2665 5049 2745 5105 ad
2774 5053 3003 5119 tempus
3033 5049 3142 5105 tibi
3159 5048 3440 5107 debitum.

2025 5149 2115 5201 23.
2154 5146 2219 5198 V.
2247 5141 2557 5211 Evigilans
2589 5143 2785 5194 autem
2813 5138 3143 5211 Malgerus,
3192 5145 3395 5196 statim
3438 5139 3615 5210 ctepit

1956 5235 2178 5291 ossibus
2210 5236 2459 5287 tremere
2485 5232 2539 5284 et
2564 5232 2683 5283 toto
2709 5241 2974 5297 corpore,
3000 5229 3180 5285 simul
3202 5236 3257 5285 et
3272 5230 3453 5300 panis
3480 5228 3616 5285 edu-

1961 5325 2103 5380 lium
2135 5320 2472 5392 fastidiens,
2504 5317 2638 5373 licet
2664 5318 2908 5387 invitus,
2936 5319 3097 5390 quod
3140 5321 3244 5375 diu
3291 5321 3612 5387 celaverat,

1957 5412 2259 5482 confessus
2286 5407 2599 5465 abbatissae
2628 5407 2841 5463 Judith
2866 5423 2995 5479 qua?
3024 5410 3254 5467 rectrix
3274 5416 3404 5466 erat
3427 5421 3616 5462 easno-

1959 5505 2059 5570 bii,
2119 5497 2517 5564 denuntiavit,
2578 5510 2649 5552 ac
2703 5498 2891 5552 multo
2934 5513 3115 5555 suasu
3162 5506 3293 5556 cum
3328 5494 3612 5564 lacrymis

1958 5589 2335 5664 efﬂagitabat
2356 5587 2737 5644 elevationem
2759 5589 2916 5643 tanti
2928 5588 3133 5645 Patris
3158 5586 3465 5645 celerrime
3472 5597 3613 5655 per-

1964 5684 2105 5740 duci
2132 5681 2214 5739 ad
2237 5678 2533 5750 effectum.
2565 5672 2699 5747 Ipse
2730 5690 2864 5735 vero
2904 5679 3221 5748 presbyter
3260 5675 3439 5747 panis
3468 5669 3612 5729 edu-
