4000 6190
360 148 464 206 903

365 274 512 328 lium
539 276 659 327 toto
685 273 816 343 fere
842 285 1002 327 anno
1027 268 1371 337 fastidiens,
1395 268 1607 337 parvis
1645 271 1699 323 et
1725 262 2022 335 permodi—
2052 260 2101 315 A
2129 259 2326 330 ipsam
2383 256 2606 315 indicat
2663 276 2675 313 :

364 364 447 419 cis
472 363 732 418 aliorum
764 361 1028 417 ciborum
1059 363 1370 414 contentus
1400 356 1845 428 refectionibus,
1904 368 2020 408 non

365 450 593 507 modice
605 450 825 505 anxius
845 447 996 502 diem
1020 447 1368 502 elevationis
1393 446 1679 503 advenire
1701 441 2019 515 gaudebat.

367 540 487 596 Sed
512 534 962 607 impedientibus
994 535 1291 591 mundani
1319 534 1543 605 negotii
1578 529 2023 589 inevitabilibus

366 627 579 692 causis,
629 624 981 694 subrepente
1034 639 1265 696 quoque
1308 623 1699 695 negligentia,
1736 636 1883 690 opus
1915 618 2026 673 hoc

364 715 813 786 aliquantulum
844 719 930 770 est
955 714 1406 783 prolongatum.

436 806 524 859 24.
566 802 655 857 VI.
689 803 1021 858 Transacto
1069 810 1267 858 autem
1315 803 1494 857 unius
1522 801 1672 856 anni
1698 814 1817 855 non
1847 798 2025 867 pleno

366 891 692 958 curriculo,
750 889 1051 946 abbatissa
1106 889 1321 944 Judith
1369 904 1406 945 a
1434 889 1568 944 sede
1609 886 2025 944 Cameracensi

365 980 671 1035 ministros
698 985 750 1034 et
774 979 976 1050 ﬁdeles
1005 995 1110 1034 suo
1127 979 1402 1048 pontiﬁci
1421 992 1723 1034 accersens
1750 974 2025 1041 viros,ad

369 1084 585 1138 corpus
608 1069 807 1124 sancti
822 1069 1033 1123 Jonati
1054 1067 1516 1123 submovendum
1533 1066 1789 1122 debitam
1813 1079 2023 1121 curam

369 1159 677 1227 impendit,
718 1158 1094 1227 trabiumque
1147 1145 1591 1218 connexionem,
1637 1171 1817 1226 quam
1855 1167 2023 1222 supe-

368 1248 496 1302 rius
524 1262 704 1317 super
730 1248 855 1316 ejus
884 1248 1257 1315 sepulturam
1288 1246 1552 1301 diximus
1583 1249 1946 1314 cooptatum,
1968 1247 2024 1297 et

371 1335 641 1404 lapidum
675 1340 853 1405 atque
879 1335 1152 1391 caementi
1169 1350 1289 1390 non
1321 1335 1613 1390 modicam
1642 1333 1889 1403 efferens
1910 1346 2028 1385 mo-

371 1424 503 1491 lem,
526 1425 713 1493 juxta
746 1424 906 1495 quod
929 1439 1296 1493 summopere
1344 1423 1740 1489 desiderabat,
1786 1421 2025 1477 tandem

367 1513 842 1570 inustimabilem
884 1514 1008 1569 voti
1031 1514 1126 1569 sui
1151 1514 1520 1582 thesaurum,
1560 1513 1625 1567 id
1667 1517 1773 1579 est,
1813 1526 2027 1579 corpus

968 145 1318 202 HUCBALDI
1358 145 1522 200 MON.
1567 144 1623 200 S.
1666 140 1935 199 AMANDI
1976 124 2127 192 OPP.
2168 134 2347 190 PARS
2386 136 2427 188 Ι.
2470 164 2538 172 —
2577 131 3173 191 HAGIOGRAPHICA.

3690 134 3803 189 904

2749 258 2916 314 Varii
2939 256 3221 313 malevoli
3246 256 3545 312 divinitus
3566 258 3806 325 puniti,

2130 347 2399 404 candela:
2428 347 2593 402 ultro
2618 361 2880 403 accensae
2898 361 2922 403 .’
2942 344 3113 400 isthic
3130 360 3271 401 vero
3295 344 3515 417 paucis
3543 360 3808 401 narran-

2131 441 2245 505 tur,
2276 450 2412 507 quaa
2440 434 2778 506 scriptionis
2805 434 2990 505 hujus
3016 436 3223 489 auctor
3244 432 3697 490 verbosissimis
3724 438 3811 490 tot

2130 524 2339 595 ﬁguris
2381 530 2438 581 et
2484 525 2751 597 parergis
2794 524 3032 580 ornavit
3064 523 3521 597 ampliavitque,
3548 529 3620 580 ut
3646 540 3807 596 saepe

2131 630 2255 687 quo
2276 614 2481 670 tendat
2507 618 2611 670 aut
2632 613 2781 687 quid
2808 613 2966 683 velit,
2994 617 3253 687 nequeat
3274 612 3548 685 intelligi.
3568 617 3655 670 En
3677 614 3809 670 titu-

2131 705 2260 761 lum
2294 722 2307 759 :
2343 706 2639 776 Prologus
2667 720 2848 775 super
2874 706 3235 761 miraculum
3267 720 3385 776 quo
3406 705 3707 761 Dominus
3737 706 3810 760 it-

2136 796 2414 852 lustravit
2447 796 2841 865 confessorem
2872 811 3044 851 suum
3064 797 3351 852 Jonatam
3371 794 3656 852 abbatem
3676 811 3810 851 san-

2134 887 2479 942 ctissimum.
2515 885 2704 941 Voces
2726 891 2867 941 sunt
2893 885 3414 952 bombisonantes,
3434 885 3728 958 ampullas
3754 891 3812 941 et

2135 973 2577 1047 sesquipedalia
2606 974 2807 1043 verba,
2837 974 2917 1030 ad
2945 991 3078 1047 quin
3100 974 3496 1047 subsequitur
3520 979 3814 1031 tractatus

2134 1063 2324 1136 ipsius
2352 1063 2626 1119 miraculi
2656 1063 2730 1119 de
2755 1063 3021 1120 candelis
3046 1062 3372 1127 exstinctis,
3420 1063 3527 1121 sed
3582 1064 3813 1120 caelesti

2132 1151 2359 1208 lumine
2379 1152 2718 1208 reaccensis
2738 1170 2751 1219 ;
2774 1169 2909 1225 quae
2927 1152 3131 1210 omnia
3143 1151 3289 1208 satis
3300 1150 3493 1208 nitido
3512 1168 3812 1225 compen-

2135 1240 2235 1296 dio
2265 1241 2603 1296 referuntur
2625 1241 2759 1307 loco
2786 1242 2916 1311 jam
2946 1241 3143 1298 citato.
3175 1241 3369 1297 Verbo
3421 1241 3657 1297 dictum
3716 1242 3812 1310 sit,

2135 1335 2276 1403 post
2289 1346 2498 1387 necem
2512 1331 2721 1405 optimi
2734 1330 2928 1387 Caroli
2943 1330 3231 1387 Flandriae
3248 1330 3508 1397 comitis,
3526 1331 3817 1400 ingruen-

2136 1418 2217 1474 tia
2253 1418 2522 1491 undique
2551 1418 2728 1487 bella,
2769 1419 3193 1492 bonorumque
3222 1418 3380 1475 adeo
3404 1419 3817 1475 Marchianen-

2138 1507 2295 1563 sium
2347 1507 2731 1580 direptiones,
2793 1511 3111 1564 suaserunt
3154 1507 3383 1577 abbati,
3418 1524 3634 1564 sacras
3664 1525 3813 1563 suas

367 1602 527 1658 illud
557 1602 866 1657 honestum
894 1602 1149 1671 positum
1180 1602 1241 1655 in
1273 1602 1503 1656 tumulo
1554 1600 1798 1670 reperit,
1855 1601 2027 1668 cujus
2065 1609 2110 1663 Β
2137 1597 2437 1670 reliquias,
2467 1603 2646 1671 atque
2663 1614 2765 1655 eas
2796 1599 2948 1655 inter
2971 1599 3027 1653 S.
3060 1598 3280 1668 Jonati,
3317 1597 3625 1656 Saliacum
3653 1602 3813 1654 tran-

369 1706 501 1746 ossa
531 1696 583 1746 et
610 1692 833 1746 cineres
864 1691 1219 1746 clericorum
1250 1690 1522 1746 manibus
1576 1691 1640 1745 in
1690 1689 1894 1745 sericis
1942 1689 2026 1742 in-

370 1778 666 1833 dumentis
692 1779 892 1846 excipi
909 1778 1075 1846 fecit.
1122 1799 1127 1804 -

443 1869 532 1921 25.
573 1865 694 1919 VII.
732 1866 889 1932 Quas
914 1865 1290 1934 postmodum
1319 1865 1606 1935 reliquias
1646 1866 1709 1919 in
1739 1864 1913 1920 titulo
1933 1879 2026 1918 su-

364 1970 478 2024 per
504 1956 847 2023 sepulcrum
875 1957 1003 2024 ejus
1029 1955 1241 2023 posito,
1276 1955 1339 2009 id
1368 1960 1451 2009 est
1483 1955 1546 2009 in
1592 1955 1704 2009 illa
1749 1954 2026 2023 appario-

371 2058 465 2111 ne,
493 2058 671 2113 quam
705 2057 911 2111 repam
943 2042 1242 2112 (feretrum
1289 2057 1400 2114 pro
1449 2042 1754 2115 operculo)
1786 2043 2031 2112 vulgari

370 2147 482 2187 usu
514 2132 852 2201 appellant,
886 2131 1288 2186 recollocavit.
1331 2131 1443 2186 Ubi
1462 2132 1638 2186 etiam
1660 2136 2026 2199 sanctorum,

370 2221 581 2276 matris
614 2220 885 2275 videlicet
914 2225 965 2275 et
994 2220 1131 2287 ﬁlii,
1167 2220 1229 2273 id
1275 2225 1379 2285 est,
1428 2220 1734 2275 Rictrudis
1774 2225 1826 2276 et
1853 2220 2026 2275 Mau-

372 2310 536 2365 ronti
555 2310 747 2379 prolis
791 2314 1070 2379 venustae,
1121 2309 1469 2378 patrocinia
1505 2310 1769 2378 pretiosa
1792 2310 2030 2378 pariter

370 2404 510 2455 sunt
539 2399 813 2468 apposita
842 2404 1212 2455 venerantur
1235 2398 1320 2453 ibi
1359 2414 1396 2453 a
1445 2400 1895 2467 superveniente
1925 2413 2028 2467 po-

365 2489 516 2557 pulo
545 2488 852 2544 devotione
892 2488 1262 2557 plenissima.
1312 2488 1455 2543 Post
1504 2488 1628 2544 have
1660 2494 1859 2545 autem
1888 2503 2028 2543 san-

371 2584 501 2633 ctus
530 2579 784 2633 Jonatus
815 2577 1129 2634 abbatissae
1151 2576 1367 2633 Judith
1397 2578 1682 2648 dignatus
1712 2593 2026 2649 apparere,

362 2667 626 2736 jussioni
642 2681 767 2723 sum
806 2665 963 2722 dixit
993 2668 1370 2736 satisfactum
1396 2682 1535 2734 esse,
1563 2669 1808 2736 insuper
1850 2668 2029 2723 totius

371 2755 871 2826 congregationis,
924 2756 1026 2811 cui
1070 2760 1359 2825 praeerat,
1419 2770 1628 2812 causas
1666 2756 1941 2826 promisit
1971 2770 2031 2810 se

371 2843 801 2912 dispositurum
829 2844 981 2911 fore.

442 2934 529 2987 26.
570 2931 707 2987 VIII.
740 2933 876 2987 Jam
906 2947 1068 2987 nunc
1096 2947 1237 3002 ergo
1269 2933 1510 2988 Domini
1536 2934 1847 3003 magnalia
1886 2947 2029 3003 erga

370 3026 608 3077 sanctos
635 3036 770 3076 suos
801 3021 1094 3076 hodierna
1111 3021 1207 3077 die
1231 3036 1364 3076 cum
1394 3024 1708 3090 spirituali
1730 3023 2030 3078 celebran-
2060 3012 2067 3023 1

375 3114 456 3165 tes
477 3110 887 3179 jucunditate,
937 3111 1164 3179 fratres
1219 3110 1606 3178 dilectissimi,
1655 3117 1885 3180 oportet
1923 3128 2029 3167 nos

373 3199 522 3255 votis
549 3199 1014 3268 congruentibus
1045 3204 1393 3256 venerantes
1421 3202 1774 3269 suppliciter
1816 3202 2030 3258 adora-

372 3301 458 3354 re,
489 3291 544 3341 et
576 3300 788 3341 nomen
814 3287 1000 3355 ipsius
1028 3286 1188 3356 quod
1213 3287 1278 3342 in
1310 3289 1587 3344 universa
1620 3296 1783 3346 terra
1812 3296 1894 3346 est
1925 3291 2029 3347 ad-

370 3374 666 3439 mirabile,
693 3374 954 3443 ﬁdeliter
996 3375 1350 3444 praedicare,
1396 3379 1568 3446 cujus
1596 3381 2028 3449 magnitudinis

368 3464 561 3533 pietas
592 3464 877 3520 immensa
907 3470 963 3520 et
1006 3464 1439 3521 inaestimabilis
1487 3468 1748 3524 evidenti
1798 3470 2029 3526 ratione

366 3552 667 3621 probatur
694 3553 756 3607 in
788 3553 986 3609 electis
1011 3553 1154 3622 suis,
1182 3554 1393 3623 quibus
1432 3556 1494 3610 in
1526 3562 1819 3614 aeternum
1855 3559 2026 3614 mini-

369 3646 527 3698 strat
547 3642 803 3711 praemia
834 3657 953 3698 suae
974 3644 1402 3712 promissionis.
1451 3646 1558 3701 Vos
1594 3648 1784 3717 igitur
1832 3650 2028 3705 sancti

368 3732 498 3798 Dei,
526 3731 591 3786 in
621 3732 988 3800 confessione
1027 3732 1226 3787 laudis
1269 3735 1593 3791 Dominicae
1631 3738 1821 3805 positi
1845 3752 2027 3808 super

372 3819 654 3889 caelestia,
688 3821 1042 3891 pariterque
1080 3823 1441 3890 patrociniis
1495 3823 1681 3881 beata:
1731 3826 2027 3883 societatis

372 3909 590 3977 copula
633 3909 867 3977 junctis
920 3909 981 3963 in
1037 3913 1222 3981 terra,
1268 3918 1472 3968 sancte
1506 3912 1777 3970 videlicet
1813 3916 2030 3972 Jonate

372 4010 602 4051 necnon
634 4001 688 4052 et
713 3996 1034 4053 Mauronte
1070 4000 1423 4069 confessoris
1465 4001 1802 4071 beatissimi,
1850 4010 2030 4076 atque

374 4084 546 4140 beata
576 4089 631 4140 et
661 4085 1017 4142 venerabilis
1046 4093 1327 4146 matrona
1346 4090 1673 4160 Rictrudis,
1696 4094 1803 4164 qui
1819 4095 2028 4165 pigno-

371 4171 535 4227 ribus
566 4172 783 4229 nostris
812 4174 915 4244 [an
940 4189 1065 4230 non
1091 4179 1300 4233 vestris
1317 4179 1363 4249 ?]
1409 4180 1570 4236 hunc
1598 4182 1811 4245 .locum
1850 4182 2029 4240 hono-

371 4262 572 4330 rastis,
607 4262 804 4318 laudis
835 4268 1055 4320 nostra
1084 4265 1452 4323 devotionem
1485 4276 1799 4340 acceptare
1827 4273 2030 4344 digne-

369 4350 534 4419 mini,
567 4352 843 4423 omnique
868 4354 1094 4423 populo
1122 4358 1391 4423 poscenti
1409 4358 1490 4414 ad
1520 4365 1657 4417 vota
1676 4367 1906 4419 sancite
1923 4377 2026 4432 pe-

369 4439 593 4495 titionis
622 4441 972 4509 succurrite,
998 4447 1063 4498 ut
1089 4444 1641 4505 misericordissima
1663 4450 2025 4519 omnipoten-

368 4528 442 4583 tis
475 4527 706 4584 Christi
733 4529 1048 4587 clementia
1071 4538 1319 4602 peccata
1337 4540 1546 4591 nostra
1564 4537 1664 4604 pie
1689 4537 2020 4608 indulgeat,

366 4616 653 4674 oblivioni
675 4617 739 4674 in
757 4625 1113 4688 perpetuum
1157 4623 1384 4688 tradat,
1425 4629 1753 4697 vestraeque
1806 4629 2024 4683 oratio-

366 4708 460 4763 nis
490 4708 927 4781 intercessione,
951 4715 1234 4780 perennis
1260 4714 1397 4770 vitae
1411 4716 1673 4783 januam
1701 4716 1866 4772 nobis
1886 4732 2022 4788 ape-

364 4798 509 4867 rire,
542 4803 721 4870 atque
750 4799 812 4854 in
843 4814 969 4856 eam
1002 4817 1106 4857 nos
1133 4802 1513 4861 introducere
1558 4805 1859 4876 dignetur.
1911 4808 2025 4876 Qui

364 4903 498 4944 cum
527 4887 717 4943 Patre
740 4893 793 4944 et
813 4887 1047 4958 Spiritu
1074 4898 1281 4948 sancto
1342 4895 1479 4950 vicit
1521 4900 1574 4951 et
1625 4902 1837 4967 regnat
1867 4913 2022 4954 unus

363 4977 520 5032 Deus
547 4992 657 5045 per
684 4979 885 5034 omnia
910 4981 1133 5036 saecula
1163 4983 1543 5038 surculorum.
1575 4984 1785 5042 Amen.

436 5066 525 5117 27.
567 5067 756 5136 Atque
788 5064 916 5121 haec
943 5066 1018 5121 de
1049 5066 1306 5123 mirabili
1332 5069 1485 5124 sacri
1517 5074 1782 5143 corporis
1834 5074 2021 5131 eleva-

364 5148 545 5218 tione,
577 5150 637 5205 in
666 5151 784 5207 fide
811 5153 1117 5225 scriptoris
1149 5156 1294 5211 satis
1319 5155 1479 5212 dicta
1522 5157 1668 5226 sint;
1723 5160 2022 5234 reliquum

364 5240 454 5293 est
481 5240 547 5292 ut
574 5238 649 5294 de
680 5240 1069 5298 translatione
1089 5259 1160 5299 ac
1189 5242 1263 5298 de
1289 5243 1575 5300 relatione
1605 5263 1802 5319 pauca
1823 5249 2021 5308 decer-

362 5340 585 5399 pamus
625 5341 697 5380 ex
725 5328 939 5395 grandi
990 5344 1103 5384 ms.
1152 5345 1289 5401 pag.
1336 5334 1405 5386 24
1433 5331 1495 5386 in
1525 5332 1686 5406 folio,
1715 5338 1881 5410 quod
1910 5355 2018 5397 an-

361 5429 587 5471 nexum
617 5412 833 5470 dicitur
852 5416 1018 5487 operi
1049 5417 1346 5475 Gualberti
1376 5424 1677 5495 monachi,
1695 5425 1770 5482 de
1801 5428 1935 5485 Vita
1965 5435 2021 5486 et

360 5504 667 5562 miraculis
715 5505 771 5561 S.
828 5505 1140 5565 Rictrudis.
1193 5510 1462 5568 Ttediosa
1491 5516 1679 5572 oratio
1708 5521 1814 5586 est,
1846 5521 2018 5591 cujus

360 5598 547 5653 totam
574 5593 973 5652 substantiam
1001 5597 1245 5656 nitidius
1286 5601 1565 5661 traditam
1614 5605 1879 5665 invenies
1938 5609 2018 5666 ad

361 5684 523 5741 diem
556 5682 620 5741 l2
650 5684 798 5754 Maii,
849 5702 886 5744 a
930 5703 1070 5760 pag.
1130 5693 1248 5762 104,
1305 5691 1407 5748 ubi
1436 5694 1637 5752 titulus
1664 5712 1798 5770 cap.
1830 5703 1862 5754 3
1890 5715 2019 5756 rem

2136 1686 2360 1753 sferret,
2397 1686 2477 1742 ad
2499 1686 2613 1743 loci
2645 1687 3000 1755 custodiam,
3037 1691 3332 1760 tanquam
3354 1687 3813 1743 munimentum

2138 1774 2527 1848 cceleste,quo
2544 1776 2732 1832 multa
2746 1776 2956 1833 incolis
2972 1775 3215 1832 feliciter
3230 1776 3484 1832 cessisse
3499 1776 3810 1832 dicuntur.

2209 1864 2298 1919 28.
2344 1867 2496 1921 Dum
2527 1881 2599 1921 eo
2628 1865 2762 1921 loco
2792 1864 3067 1938 deposita
3094 1870 3295 1921 essent
3324 1881 3496 1922 sacra
3546 1864 3815 1938 pignora

2138 1969 2208 2009 ac
2239 1953 2460 2025 saepius
2492 1954 3012 2027 processionaliter
3052 1954 3603 2024 circumferrentur,
3649 1954 3811 2010 acci-

2137 2041 2226 2096 dit
2250 2045 2314 2097 ut
2332 2041 2494 2097 foces
2524 2059 2631 2098 seu
2659 2042 2945 2099 candellie
2975 2043 3279 2099 exstinctae
3301 2042 3540 2110 fuerint,
3595 2048 3812 2115 paten-

2136 2130 2319 2202 tique,
2351 2134 2413 2185 ut
2441 2131 2627 2199 aiunt,
2661 2131 2974 2197 miraculo,
3006 2131 3143 2201 igne
3168 2130 3393 2188 caalesti
3424 2147 3771 2188 reaccensse
3798 2151 3812 2197 ;

2137 2234 2275 2290 quas
2304 2235 2399 2274 res
2422 2219 2598 2274 totius
2636 2219 2834 2289 longae
2865 2220 3317 2293 compositionis
3371 2219 3643 2276 medulla
3701 2225 3815 2284 est,

2139 2305 2245 2361 sed
2269 2306 2365 2362 cui
2396 2307 2584 2363 multa
2611 2307 2728 2364 alia
2753 2307 3160 2380 inopportune
3186 2307 3622 2365 admiscentur.
3671 2309 3817 2364 Haec

2136 2395 2308 2463 inter,
2341 2397 2507 2469 quod
2532 2398 2612 2453 ad
2656 2402 2931 2453 sanctum
2976 2400 3256 2470 proprius
3310 2398 3584 2470 pertinet,
3637 2403 3818 2453 notat

2137 2490 2338 2540 orator
2363 2485 2717 2542 Gualbertus
2741 2502 2987 2542 suorum
3014 2486 3441 2557 negligentiam
3460 2487 3521 2542 in
3545 2486 3816 2543 colendo

2141 2577 2195 2631 S.
2229 2577 2464 2646 Jonato,
2495 2576 2587 2631 his
2614 2576 2792 2649 plane
2814 2576 3014 2634 verbis
3072 2594 3085 2631 :
3143 2599 3173 2625 (ί
3223 2579 3651 2633 Verumtamen
3686 2594 3815 2634 non

2137 2663 2265 2719 sine
2290 2669 2441 2719 nutu
2470 2664 2676 2720 divino
2706 2680 2974 2737 persaepe
2997 2665 3320 2722 meditatus
3350 2682 3488 2721 sum
3516 2665 3580 2720 in
3623 2667 3816 2722 corde

2138 2769 2300 2823 meo,
2329 2753 2498 2826 quod
2528 2754 2837 2811 confessor
2867 2754 3122 2824 Domini,
3149 2759 3394 2811 sanctus
3413 2754 3693 2811 videlicet
3718 2758 3815 2812 Jo-

2137 2846 2337 2913 natus,
2351 2842 2426 2898 de
2442 2858 2565 2915 quo
2586 2842 2647 2899 in
2670 2848 2875 2899 nostro
2904 2843 3139 2900 climate
3160 2860 3323 2900 nunc
3345 2843 3603 2901 habetur
3628 2860 3817 2914 gran-

2139 2931 2231 2986 dis
2263 2947 2479 2999 sermo,
2507 2932 2665 3003 juste
2685 2931 2868 2988 habet
2894 2932 3127 2988 causari
3179 2931 3255 2988 de
3300 2935 3504 2988 nostro
3553 2932 3678 2987 huc
3708 2949 3815 2988 us-

2137 3036 2277 3093 que,
2291 3026 2348 3077 et
2367 3021 2629 3077 maxime
2650 3020 2729 3076 ab
2759 3021 3020 3095 antiquis
3063 3025 3189 3078 tam
3225 3020 3446 3094 tepido,
3483 3025 3696 3094 atque,
3748 3028 3815 3078 ut

2137 3110 2352 3167 dicitur
2388 3110 2450 3166 in
2474 3110 2858 3183 Apocalypsi,
2889 3127 3000 3167 nec
3031 3110 3248 3181 frigido
3278 3126 3389 3167 nec
3437 3110 3636 3166 calido
3682 3127 3816 3167 ser-

2136 3198 2300 3269 vitio,
2328 3198 2657 3271 praesertim
2684 3199 2746 3254 in
2776 3200 2906 3270 ejus
2946 3199 3151 3255 festivo
3178 3215 3362 3255 sacrae
3410 3198 3815 3272 depositionis

2138 3286 2826 3352 anniversario,carente
2844 3287 3202 3360 proprietate
3226 3286 3575 3353 lectionum,
3606 3292 3667 3343 et
3695 3289 3811 3343 mi-

2136 3376 2480 3433 raculorum
2510 3377 2639 3448 ejus
2663 3376 2958 3449 frequenti
3006 3383 3241 3444 eventu,
3268 3393 3505 3433 necnon
3540 3383 3809 3449 perstre-

2136 3472 2314 3539 pente
2344 3465 2625 3539 tripudio.
2645 3465 2807 3522 Unde
2828 3466 3164 3522 timendum
3188 3471 3281 3522 est
3302 3466 3501 3535 valde,
3522 3482 3601 3523 ne
3611 3483 3811 3540 quan-

2136 3554 2217 3610 do
2234 3555 2501 3611 favorem
2522 3571 2699 3610 suum
2720 3560 2961 3612 evomat
2991 3555 3070 3610 ab
3095 3554 3280 3626 hujus
3298 3554 3436 3623 loci,
3470 3572 3659 3628 quem
3691 3572 3810 3613 sua

2137 3659 2307 3699 sacra
2355 3643 2673 3716 praesentia
2724 3643 2934 3699 tandiu
2980 3643 3246 3712 incoluit,
3280 3644 3637 3701 munimine.
3674 3647 3808 3711 Quo

2136 3739 2339 3790 autem
2364 3733 2582 3789 deinde
2610 3732 2775 3789 cultu
2804 3736 3082 3790 sanctum
3125 3750 3306 3790 suum
3348 3739 3681 3808 patronum
3714 3751 3809 3792 ve-

2133 3824 2325 3879 nerati
2346 3822 2482 3894 sint,
2521 3828 2625 3880 aut
2653 3822 2837 3879 modo
2889 3828 3248 3880 venerentur
3294 3824 3803 3894 Marchianenses,

2135 3912 2356 3969 frustra
2381 3913 2488 3986 qui
2512 3928 2609 3969 me
2648 3912 2787 3970 inde
2834 3912 3092 3982 doceret,
3129 3912 3386 3986 quaesivi
3411 3913 3731 3972 hactenus.
3772 3938 3802 3965 ιι

2208 4008 2297 4060 29.
2368 4005 2710 4076 Sequuntur
2786 4019 2968 4076 porro
3045 4002 3128 4059 ibi
3193 4003 3450 4060 confusa
3506 4005 3805 4062 nonnulla

2134 4092 2535 4149 venerationis
2590 4097 2947 4164 argumenta
2967 4134 2986 4163 ,
3045 4108 3237 4166 usque
3293 4093 3451 4151 adeo
3509 4098 3579 4152 ut
3631 4110 3806 4152 sacra

2137 4188 2487 4240 sanctorum
2530 4198 2786 4255 corpora
2836 4182 3310 4240 Marchianenses
3357 4182 3441 4240 ad
3487 4184 3806 4258 propriam

2135 4272 2341 4328 sedem
2391 4271 2688 4344 reportari
2744 4271 3100 4329 curaverint.
3162 4271 3318 4328 Audi
3369 4272 3580 4329 denuo
3633 4272 3807 4330 Gual-

2133 4356 2371 4415 bertum
2407 4376 2419 4413 :
2450 4382 2477 4408 ‹‹
2513 4361 2936 4431 Cognoverunt
2959 4359 3203 4418 tandem
3229 4365 3288 4417 et
3328 4361 3532 4435 reipsa
3576 4362 3806 4435 experti

2135 4452 2277 4505 sunt
2298 4448 2480 4505 iidem
2501 4448 2713 4506 fratres
2737 4450 3188 4520 Marcenienses,
3242 4451 3639 4524 praesentiam
3672 4467 3807 4509 san-

2132 4541 2365 4594 ctorum
2389 4537 2537 4594 locis
2566 4538 2837 4595 humano
2867 4538 3074 4595 solatio
3103 4538 3425 4606 destitutis,
3448 4540 3807 4598 salubriter

2130 4642 2412 4700 praeesse,
2442 4643 2568 4684 non
2593 4628 2912 4686 minimum
2941 4628 3249 4703 prodesse,
3284 4634 3582 4688 terrorem
3624 4632 3809 4688 hosti-

2129 4715 2248 4773 bus
2272 4718 2555 4786 incutere,
2584 4718 2889 4775 bonorum
2941 4718 3232 4792 profectui
3285 4719 3520 4794 aliquid
3569 4721 3635 4777 in
3673 4720 3806 4778 dies

2131 4820 2371 4877 augere.
2417 4810 2687 4881 Namque
2729 4807 3075 4865 imminente
3132 4809 3453 4866 messionis
3507 4816 3805 4885 tempore,

2131 4894 2349 4967 dignus
2380 4899 2500 4953 Deo
2529 4896 2798 4954 minister
2844 4901 2901 4955 et
2957 4896 3136 4968 digne
3190 4914 3524 4967 successor,
3567 4904 3695 4956 tam
3742 4916 3807 4957 re

2130 5002 2317 5059 quam
2347 4987 2590 5044 nomine
2622 4988 2959 5058 Amandus,
2996 4988 3348 5046 monasterii
3396 4994 3590 5063 pater,
3653 5007 3807 5064 prse-

2130 5077 2428 5133 meditans
2456 5076 2754 5133 minorem
2784 5077 3173 5150 diligentiam,
3219 5080 3567 5137 necessaria
3625 5096 3806 5139 occu-

2129 5167 2371 5239 patione
2399 5171 2668 5238 segetum
2696 5168 3120 5242 praepediente,
3152 5169 3312 5226 circa
3350 5174 3635 5228 sanctum
3660 5187 3804 5228 con-

2130 5254 2418 5313 fessorem
2450 5257 2684 5314 Domini
2708 5260 2989 5315 Jonatum
3018 5258 3142 5315 ruri
3163 5259 3533 5329 adfuturam,
3549 5260 3807 5318 deman-

2130 5344 2297 5402 davit
2349 5346 2553 5403 referri
2600 5347 2965 5419 condignam
3006 5353 3355 5405 sanctarum
3402 5349 3804 5423 reliquiarum

2130 5435 2431 5492 sarcinam
2471 5437 2549 5493 ad
2579 5437 2893 5495 emeritum
2921 5441 2978 5494 et
3004 5439 3178 5510 quasi
3222 5440 3514 5507 nativum,
3574 5444 3801 5498 secrete

2128 5538 2200 5578 ac
2251 5524 2376 5580 sine
2451 5525 2698 5599 strepitu
2772 5526 2893 5583 fere
2965 5527 3302 5599 mundano,
3372 5530 3803 5586 Marceniensis

2130 5611 2591 5671 cohabitationis
2668 5614 3058 5672 domicilium.
3150 5617 3332 5689 Igitur
3412 5618 3592 5689 juxta
3676 5618 3805 5674 edi-

2128 5705 2291 5760 ctum
2337 5704 2569 5777 praafati
2628 5704 2947 5779 spiritualis
3003 5706 3213 5780 patris,
3260 5706 3481 5766 relatus
3530 5712 3626 5766 est
3660 5722 3804 5767 san-
