4000 6190
263 157 371 210 909

375 294 480 334 ma
571 277 628 346 gi
724 292 817 333 am
907 272 984 328 be
1089 269 1180 322 llu
1279 267 1337 322 fe
1440 267 1526 324 mi
1617 282 1690 322 en
1779 279 1913 318 rum

321 553 435 675 τί]

440 665 580 808 an

601 846 692 900 uir

780 980 825 1032 Α

871 1061 1020 1190 ειη]

813 1300 819 1316 .
1002 1195 1150 1337 ’e'i

1130 1372 1243 1427 tias
1279 1341 1291 1472 1

1291 1458 1439 1596 ξιξ]

1399 1595 1578 1733 nm

1174 831 1236 880 In
1270 842 1537 896 gravem.

1448 145 1538 197 DE
1581 138 1990 196 HAHMONICA
2030 137 2508 195 INSTITUTIONE

3623 167 3727 218 910

2667 271 2976 328 Ρνοὸαίίο.
3654 246 3658 251 ’

347 1933 410 1983 ln
455 1927 675 1999 quibus
723 1926 993 1981 videlicet
1040 1926 1249 1997 spatiis
1309 1924 1743 1982 attendendum
1788 1941 1934 1998 quo-
1975 1932 2021 1983 Α
2051 1928 2134 1994 tit,
2180 1946 2318 1986 cum
2347 1931 2532 1987 virilis
2589 1947 2660 1988 ac
2689 1933 2936 2004 puerilis
2989 1949 3102 1991 vox
3134 1933 3355 2007 pariter
3405 1934 3704 2002 sonuerit;

268 2017 456 2075 modo
485 2015 793 2090 sequentia
812 2031 1048 2087 semper
1070 2014 1146 2070 ab
1170 2014 1661 2071 antecedentibus
1678 2030 1937 2070 nascun-

269 2113 388 2176 tur,
451 2123 642 2179 exque
681 2103 980 2177 prioribus
1024 2104 1360 2177 posteriora
1410 2104 1765 2160 consistunt.
1813 2104 1934 2159 Pri-

271 2213 441 2251 mum
474 2211 616 2266 ergo
650 2195 912 2267 spatium
961 2211 1097 2249 cum
1132 2193 1265 2265 ipsi,
1313 2209 1384 2248 ex
1429 2209 1552 2268 qua
1583 2192 1816 2263 dicitur,
1861 2193 1936 2248 sit

270 2284 600 2356 aequalitati
626 2283 979 2354 contiguum
1025 2284 1196 2353 (6H),
1232 2299 1467 2354 semper
1513 2281 1834 2336 bisfactum
1859 2282 1937 2336 vi-

269 2374 446 2430 detur
475 2373 707 2429 efﬁcere
733 2391 744 2427 :
777 2373 879 2429 sed
900 2373 1014 2428 hoc
1045 2389 1168 2427 non
1199 2371 1446 2427 omnino
1495 2387 1652 2438 vere,
1685 2371 1760 2426 de
1805 2371 1935 2443 qui—

269 2461 388 2517 bus
421 2467 556 2536 post
592 2461 840 2517 dicetur.
876 2461 1043 2516 Unde
1097 2459 1336 2516 nonnisi
1386 2459 1635 2530 quidam
1689 2457 1826 2530 plus
1861 2476 1931 2516 eo

269 2551 366 2607 hic
397 2551 699 2607 secundus
739 2550 960 2606 habere
986 2554 1244 2622 putetur.
1280 2550 1409 2603 Jam
1461 2563 1602 2603 vero
1631 2548 1833 2604 tertius
1859 2565 1933 2604 ex

270 2640 468 2712 primo
492 2643 725 2695 constat
745 2643 800 2694 et
826 2637 1093 2694 secundo
1121 2656 1132 2704 ;
1161 2637 1221 2692 id
1256 2637 1380 2707 (est)
1425 2641 1721 2711 quantum
1755 2639 1931 2709 spatii

269 2728 382 2784 illis
406 2729 558 2783 inest
586 2729 871 2800 utrisque,
896 2732 1128 2784 tantum
1155 2727 1245 2782 his
1267 2726 1494 2781 obtinet
1519 2725 1684 2780 solus
1711 2745 1723 2781 :
1749 2742 1929 2798 quar-

268 2823 362 2873 tus
388 2835 460 2872 ex
491 2817 731 2873 duobus
759 2817 1038 2874 secundis
1067 2834 1078 2870 :
1106 2816 1350 2888 quintus
1384 2832 1454 2870 ex
1483 2815 1678 2887 primo
1704 2821 1760 2871 et
1787 2817 1931 2872 duo-

267 2907 382 2962 bus
414 2907 719 2963 secundis:
784 2912 987 2962 sextus
1022 2923 1094 2962 ex
1153 2907 1342 2962 tribus
1401 2905 1715 2961 secundis:
1753 2907 1930 2979 septi-

268 3012 406 3050 mus
433 3012 504 3050 ex
536 2996 731 3068 primo
758 2999 815 3050 et
839 2995 1026 3050 tribus
1054 2994 1332 3049 secundis
1359 3012 1370 3048 :
1408 2999 1654 3048 octavus
1686 3010 1758 3049 ex
1785 3011 1930 3066 qua-

267 3089 403 3140 tuor
435 3085 712 3141 secundis
740 3104 751 3140 :
788 3101 985 3140 nonus
1019 3101 1091 3139 ex
1119 3083 1314 3155 primo
1346 3087 1403 3138 et
1430 3087 1689 3154 quatuor
1724 3100 1930 3140 secun-

267 3173 378 3228 dis.
407 3173 688 3229 Subtilius
735 3189 978 3248 quoque
1008 3171 1261 3228 intuenti
1312 3176 1582 3243 apparet,
1615 3173 1928 3244 quomodo

2045 2018 2137 2073 vel
2158 2019 2336 2076 etiam
2361 2020 2422 2076 in
2451 2037 2544 2093 eo,
2568 2021 2737 2095 quod
2763 2027 3048 2081 consuete
3076 2023 3582 2093 organisationem
3606 2042 3707 2082 vo-

2046 2113 2204 2164 cant.

2115 2196 2263 2251 Sunt
2292 2201 2492 2253 autem
2521 2197 2668 2270 ipsa:
2719 2199 3134 2255 consonantiae
3159 2215 3282 2265 sex,
3313 2203 3376 2255 ut
3432 2204 3549 2255 tres
3571 2201 3702 2273 qui-

2043 2283 2183 2340 dem
2236 2285 2568 2358 simplices;
2625 2291 2744 2342 tres
2791 2303 2936 2343 vero
2989 2289 3333 2361 compositae
3388 2305 3525 2361 quae
3567 2305 3703 2362 pro-

2043 2373 2185 2444 priis
2243 2374 2590 2430 nominibu
2652 2381 3124 2449 nuneupantur:
3201 2378 3514 2451 diapason,
3569 2379 3701 2437 dia-

2041 2467 2237 2535 pente,
2269 2463 2669 2538 diatessaron,
2701 2470 2760 2522 et
2812 2465 3096 2539 diapente
3141 2467 3456 2540 diapason,
3489 2473 3547 2525 et
3573 2469 3702 2527 dia-

2041 2568 2234 2626 pason
2263 2553 2659 2622 diatessaron,
2709 2554 2808 2612 bis
2839 2556 3172 2628 diapason:
3208 2573 3464 2630 quarum
3492 2575 3701 2617 conso-

2040 2642 2381 2699 nantiarum
2413 2643 2724 2700 intervalla
2757 2648 3181 2704 tantummodo
3227 2648 3377 2706 inter
3401 2649 3532 2706 haec
3556 2667 3706 2724 prae-

2041 2731 2197 2787 dicta
2225 2731 2418 2804 spatia
2446 2732 2568 2788 duo
2621 2733 2753 2789 sola
2783 2733 3028 2807 reperiri
3065 2742 3336 2809 possunt,
3367 2738 3428 2794 id
3453 2744 3543 2795 est
3572 2740 3704 2798 dia-

2040 2825 2312 2876 tessaron
2346 2821 2644 2894 diapente,
2701 2822 2766 2877 in
2807 2823 3023 2896 quinta
3048 2825 3322 2884 videlicet
3347 2844 3417 2884 ac
3448 2829 3706 2901 septima

2042 2909 2256 2981 specie,
2289 2914 2342 2965 et
2374 2910 2424 2964 si
2452 2910 2589 2965 dum
2616 2911 2896 2982 ipsarum
2922 2914 3154 2970 vocula
3187 2915 3370 2972 simul
3392 2918 3707 2975 enuntien-

2041 3001 2152 3063 tur,
2205 2999 2661 3055 consonantiam
2717 3001 3000 3059 reddnnt.
3043 3005 3333 3062 Craterum
3370 3023 3566 3078 neque
3597 3007 3702 3080 (in)

2039 3082 2184 3155 ipsis
2240 3098 2435 3156 neque
2473 3083 2532 3138 in
2586 3084 2836 3158 reliquis
2865 3086 2988 3144 ulla
3013 3093 3108 3146 est
3151 3091 3569 3158 consonantia,
3599 3093 3707 3148 sed

2040 3176 2271 3228 tantum
2303 3172 2649 3228 discrimina
2688 3175 2976 3246 quendam
3001 3182 3140 3234 sunt
3166 3195 3408 3248 vocum,
3433 3195 3570 3251 quae
3600 3180 3706 3236 bu-

267 3261 447 3335 primi
477 3261 650 3336 spatii
679 3261 981 3335 quantitas
1007 3259 1330 3315 ordinabili
1355 3260 1772 3331 progressione
1814 3261 1928 3316 sin-
1971 3283 2010 3337 Β
2035 3261 2303 3329 jusmodi
2331 3261 2503 3318 certis
2536 3262 2934 3320 terminatum
2966 3266 3176 3338 spatiis
3216 3267 3589 3324 cohibentur.
3624 3272 3704 3325 De

263 3351 420 3421 gulis
447 3350 789 3426 quibusque
842 3349 1269 3424 superadditur
1318 3348 1552 3414 modis;
1601 3349 1682 3405 ita
1720 3355 1783 3406 ut
1813 3350 1925 3423 ipsi

261 3440 460 3513 primo
499 3438 686 3494 addas
717 3437 1019 3504 eumdem,
1042 3442 1096 3491 et
1123 3436 1306 3491 facias
1333 3436 1688 3506 secundum,
1718 3455 1928 3510 quam-

262 3528 356 3582 vis
386 3528 450 3584 in
473 3529 588 3584 hoc
620 3527 846 3602 aliquid
901 3525 1186 3598 scrupuli,
1249 3529 1310 3580 ut
1350 3541 1534 3597 supra
1566 3527 1794 3583 dictum
1819 3533 1924 3598 est,

263 3616 541 3672 videatur
589 3618 772 3674 Porro
815 3616 926 3690 ipsi
977 3614 1242 3670 secundo
1287 3612 1526 3668 additur
1578 3615 1828 3685 primus,
1872 3620 1930 3670 et

263 3707 471 3762 tertius
513 3710 893 3780 procreatur:
947 3705 1211 3776 itemque
1262 3705 1512 3776 quartus
1574 3704 1925 3776 superaddi-

263 3797 426 3851 tione
455 3795 640 3868 ipsius
668 3795 845 3870 primi
875 3794 953 3851 ad
984 3793 1255 3850 tertium:
1301 3791 1361 3846 in
1387 3791 1597 3863 quinto
1625 3792 1924 3848 nihilomi-

259 3901 381 3942 nus
413 3889 468 3940 et
494 3884 716 3941 caeteris
747 3884 960 3939 eadem
993 3880 1401 3952 augmentatio
1432 3881 1780 3937 custoditur.

339 3977 632 4029 Vocantur
688 3978 888 4028 autem
944 3973 1142 4046 prima
1171 3971 1293 4026 duo
1350 3970 1544 4042 spatia
1590 3971 1925 4027 secundum

254 4062 512 4118 musicae
542 4060 1210 4137 disciplinam,primum
1237 4057 1483 4131 quidem
1519 4059 1920 4125 semitonium;

256 4150 431 4206 aliud
458 4155 663 4206 tonus:
698 4167 771 4206 ex
799 4150 1022 4224 quibus
1055 4147 1296 4203 duobus
1344 4148 1617 4203 omnium
1664 4147 1922 4219 reliquo-

251 4256 401 4296 rum
453 4243 636 4296 status
691 4239 1013 4313 perﬁcitur.
1072 4239 1316 4296 Constat
1370 4235 1531 4291 enim
1586 4237 1790 4292 tertius
1850 4252 1923 4291 ex

257 4327 579 4385 semitonio
617 4333 674 4384 et
723 4329 885 4384 tono.
921 4330 1178 4394 Quartus
1233 4327 1388 4382 duos
1435 4325 1812 4399 amplectitur
1841 4327 1923 4379 to-

257 4433 396 4473 nos.
451 4416 699 4482 Quintus
747 4416 1130 4472 semitonium
1166 4414 1407 4470 duobus
1448 4413 1690 4487 copulat
1740 4413 1918 4469 tonis.

260 4509 476 4562 Sextus
528 4507 716 4562 tribus
769 4522 940 4580 asque
970 4508 1208 4560 constat
1263 4502 1436 4559 tonis.
1497 4502 1795 4576 Septimus
1836 4506 1920 4558 to-

256 4596 356 4651 nis
409 4595 591 4651 tribus
645 4602 700 4652 et
756 4596 1090 4652 semitonio.
1163 4593 1335 4660 Quod
1390 4595 1437 4649 si
1494 4593 1783 4665 adjeceris
1837 4596 1920 4647 to-

255 4701 413 4741 num
439 4689 496 4741 et
551 4685 958 4755 semitonium,
985 4684 1046 4740 in
1077 4684 1224 4755 (612)
1269 4698 1497 4739 nonam
1550 4698 1760 4738 vocem
1786 4696 1921 4752 pro-

259 4775 436 4830 siliet.

337 4867 467 4921 Non
487 4869 685 4920 autem
713 4863 1054 4938 putandum
1076 4866 1182 4933 est,
1202 4863 1312 4918 has
1339 4877 1558 4918 vocum
1583 4859 1922 4932 discrepan-

259 4954 376 5010 tias
401 4956 663 5028 reputari
682 4955 832 5010 inter
852 4953 1308 5010 consonantias:
1343 4953 1416 5008 de
1449 4951 1669 5025 quibus
1691 4950 1920 5005 musica

259 5049 581 5118 pertractat
609 5045 951 5102 auctoritas.
982 5043 1158 5100 Aliud
1192 5044 1352 5100 enim
1383 5046 1474 5099 est
1502 5039 1915 5106 consonantia,

261 5133 427 5190 aliud
447 5134 842 5190 intervallum.
892 5133 1297 5190 Consonantia
1327 5132 1626 5206 siquidem
1657 5134 1744 5187 est
1772 5130 1918 5185 duo-

260 5239 398 5280 rum
451 5239 737 5279 sonorum
792 5229 921 5279 rata
975 5229 1032 5278 et
1086 5222 1525 5279 concordabilis
1581 5220 1916 5293 permixtio,

261 5329 396 5385 quae
424 5328 546 5368 non
578 5313 745 5367 aliter
773 5312 1088 5380 constabit,
1112 5313 1224 5367 nisi
1247 5313 1368 5367 duo
1401 5311 1750 5368 altrinsecus
1779 5308 1918 5366 editi

2038 3345 2260 3419 quibus
2315 3349 2517 3402 tamen
2583 3347 2824 3404 interim
2883 3350 3287 3420 reticendum;
3371 3353 3705 3424 praeseer

2041 3451 2178 3490 cum
2205 3450 2485 3506 perrarus
2507 3436 2770 3492 scientiae
2787 3453 2996 3493 eorum
3020 3439 3247 3496 fructus
3268 3441 3458 3512 possit
3471 3441 3699 3509 haberi,

2037 3521 2396 3594 priusquam
2447 3537 2738 3577 sonorum
2767 3523 3084 3595 dispositio
3111 3541 3184 3582 ex
3214 3527 3423 3582 ordine
3454 3527 3704 3584 demon-

2038 3613 2269 3665 stretur.
2306 3609 2534 3675 Quibus
2564 3609 2644 3664 ad
2696 3612 3145 3682 perceptionem
3175 3613 3448 3671 deductis
3487 3621 3542 3672 et
3570 3616 3700 3673 haec

2037 3699 2260 3765 omnia,
2292 3703 2350 3754 et
2377 3698 2663 3771 quasdam
2721 3700 2904 3756 simul
2930 3700 3050 3758 alia
3095 3700 3358 3760 utilitatis
3388 3720 3493 3760 seu
3518 3705 3698 3763 etiam

2030 3787 2419 3859 jocunditatis
2466 3803 2590 3844 non
2647 3789 2957 3846 modicum
3029 3790 3339 3850 afferenda
3388 3794 3696 3866 pervidere

2035 3876 2252 3933 licebit.

2108 3966 2231 4021 Hoc
2257 3966 2453 4022 solum
2479 3966 2556 4021 de
2585 3965 2816 4023 eisdem
2843 3981 3064 4025 novem
3092 3969 3296 4026 modis
3323 3970 3696 4040 addendum,

2034 4055 2199 4127 quod
2230 4059 2458 4127 septem
2488 4053 2812 4111 dumtaxat
2831 4055 3084 4112 vocibus
3108 4059 3507 4130 continentur,
3531 4065 3588 4116 et
3603 4076 3699 4117 ea-

2031 4161 2168 4200 rum
2195 4145 2472 4217 exempla
2499 4145 2616 4201 hac
2643 4145 2870 4202 antenti
2888 4147 3130 4203 tetrardi
3154 4148 3300 4206 abes
3329 4149 3690 4222 antiphona:

2040 4234 2320 4290 Undecim
2358 4234 2644 4303 discipuli
2683 4236 2747 4290 in
2796 4235 3032 4292 Gatilea
3066 4237 3328 4296 videntes
3368 4240 3688 4296 Dominum

2030 4324 2462 4380 adoraverunt:
2473 4321 2576 4378 ubi
2590 4339 2784 4395 usque
2793 4323 2872 4379 ad
2885 4323 3186 4395 syllabam
3199 4341 3288 4381 ve-
3301 4327 3451 4397 ipsa:
3464 4331 3692 4399 septem

2031 4415 2170 4467 sunt
2199 4427 2391 4469 voces.
2445 4415 2597 4468 Nam
2628 4411 2840 4467 ultima
2867 4411 3262 4483 syllabarum,
3312 4429 3449 4484 quae
3478 4418 3692 4469 octavo

2030 4501 2164 4556 loco
2189 4515 2224 4556 a
2253 4501 2450 4573 prima
2502 4499 2846 4573 deponitur,
2877 4499 2926 4554 si
2951 4504 3332 4570 comparetur
3381 4517 3521 4555 cum
3559 4501 3692 4572 ipsa

2034 4589 2248 4662 prima,
2263 4589 2475 4645 eodem
2505 4588 2694 4644 modo
2710 4586 2974 4655 sonabit,
2996 4587 3274 4658 quamvis
3294 4603 3440 4644 voce
3460 4588 3588 4644 haec
3610 4588 3692 4642 vi-

2033 4679 2144 4747 rili,
2177 4678 2278 4735 illa
2298 4677 2530 4751 puerili.
2567 4680 2634 4732 Et
2665 4679 2762 4730 est
2785 4675 2914 4730 haec
2944 4674 3242 4746 diapason
3268 4676 3684 4746 consonantia,

2031 4768 2286 4840 ideoque
2299 4783 2335 4822 a
2345 4765 2572 4821 ratione
2585 4765 2992 4834 sequestratur
3005 4761 3474 4820 intervallorum.
3484 4765 3687 4838 Dispo-

2030 4859 2252 4910 nantur
2279 4858 2479 4909 autem
2495 4850 2685 4905 aedem
2708 4864 2888 4905 voces
2903 4849 3196 4917 gradibus
3217 4852 3340 4908 suis
3369 4852 3475 4909 ubi
3495 4853 3687 4926 spatia

2031 4961 2236 5001 earum
2268 4940 2528 5016 propriis
2555 4937 2988 5012 quantitatibus
3017 4938 3270 5010 direpta,
3317 4941 3420 4997 ubi
3451 4947 3684 5010 tonum,

2029 5033 2132 5090 ubi
2163 5030 2537 5088 semitonium
2562 5027 2926 5094 contineant,
2950 5032 3311 5084 annotentur
3339 5048 3351 5084 z
3379 5030 3684 5104 iidemque

2030 5121 2194 5180 modi
2223 5119 2429 5178 lineari
2476 5119 2627 5174 inter
2649 5132 2754 5172 eas
2797 5115 3142 5172 diductione
3175 5118 3508 5187 signentur.
3537 5124 3682 5189 Quae

2029 5213 2323 5286 exempla,
2356 5225 2494 5266 cum
2519 5209 2592 5263 ex
2620 5206 2820 5262 media
2868 5221 3160 5263 sonorum
3189 5209 3360 5276 serie,
3389 5211 3466 5267 ad
3492 5228 3681 5284 quam

2028 5308 2302 5361 autentus
2331 5297 2624 5356 tetrardus
2671 5311 2810 5351 cum
2840 5294 3033 5368 plagis
3077 5297 3352 5368 ejusdem
3382 5301 3680 5372 pertinere

262 5384 398 5457 soni
423 5401 485 5458 in
514 5418 702 5459 unam
732 5401 912 5458 simul
940 5400 1416 5460 modulationem
1443 5401 1824 5468 conveniant,
1855 5402 1921 5455 ut
2025 5389 2393 5458 videntur,in
2422 5384 2700 5461 praesenti
2730 5385 2844 5440 sint
2871 5385 3282 5445 demonstrata
3306 5408 3318 5445 :
3354 5390 3416 5446 in
3445 5390 3575 5446 aliis
3599 5388 3686 5444 ni-

335 5642 395 5694 61
415 5643 463 5708 l)
494 5642 778 5696 Caesenat.
811 5637 943 5694 cod.
979 5638 1322 5693 sec-cuidam.

2099 5634 2242 5702 (612)
2270 5629 2411 5687 Cod.
2450 5629 2737 5683 Cteseuat.
2775 5641 3014 5684 novam.
