3950 6178
341 183 436 235 9H

993 168 1346 227 HUCBALDI
1388 169 1552 225 MON.
1599 169 1652 223 s.
1697 135 1964 220 ΑΜΑΝύι

2197 161 2372 217 PARS
2415 160 2480 216 ΙΙ.
2525 193 2593 202 --
2630 161 3118 219 MISCELLANEA

3669 171 3774 222 912

339 294 666 360 hilominus
696 297 1006 355 ordinibus
1036 311 1141 350 seu
1171 294 1350 350 etiam
1381 293 1538 349 tonis
1567 290 1812 348 eosdem
1845 285 1992 342 scili-
2021 289 2066 339 A
2103 283 2238 340 licet
2262 292 2556 342 vocantur
2612 291 2789 343 tonus
2819 293 2875 343 et
2903 288 3313 356 semitonium,
3353 289 3640 362 quolibet
3676 307 3772 347 eo-

339 396 432 446 cet
461 405 599 446 cum
626 387 768 460 ipsis
793 401 962 458 reque
994 383 1200 456 spatiis
1225 383 1480 456 reperire
1505 381 1824 447 continget,
1845 391 1990 449 quo-

338 497 473 535 rum
503 475 932 534 demonstratio
957 472 1196 528 interim
1225 471 1556 527 de<erenda
1578 487 1590 525 ε
1611 484 1771 524 nunc
1803 467 1881 522 ad
1903 481 1994 519 so-

339 584 553 624 norum
580 565 792 621 seriem
820 561 1186 618 veniendum
1218 567 1322 616 est.

408 659 616 721 Sonos,
649 651 872 725 quibus
915 665 1022 722 per
1051 649 1328 722 quaedam
1380 648 1560 703 veluti
1589 647 1883 702 elementa
1913 641 1991 698 ad

332 743 628 801 musicam
645 741 825 814 prisci
841 740 1288 795 aestimaverunt
1303 739 1360 792 in
1368 737 1648 805 grediend
1661 737 1990 798 um,Grzeco

329 833 574 890 nomine
602 831 950 904 phthongos
981 827 1295 883 voluerunt
1315 825 1640 898 appellare,
1664 824 1724 880 id
1755 828 1844 878 est
1865 837 1990 876 non

331 922 807 996 qualescumque
837 933 1040 982 sonos,
1070 920 1278 987 utputa
1308 913 1712 986 quarumlibet
1743 909 1990 966 insensi-

329 1011 542 1068 bilium
561 1024 782 1073 rerum,
817 1011 918 1062 aut
945 1011 1096 1061 certe
1123 1003 1618 1060 irrationabilium
1668 1017 1842 1056 voces
1865 999 1989 1054 ani-

332 1099 620 1164 malium;
683 1095 786 1150 sed
817 1111 919 1150 eos
975 1097 1228 1163 tantum,
1285 1109 1442 1164 quos
1495 1089 1831 1146 rationabili
1870 1087 1988 1142 dis-

331 1193 523 1244 cretos
550 1203 619 1242 ac
648 1183 1072 1240 determinatos
1103 1181 1691 1254 quantitate,quique
1713 1176 1986 1233 melodiae

329 1277 454 1349 apti
501 1275 836 1338 existerent,
893 1271 1006 1343 ipsi
1053 1271 1382 1326 certissima
1439 1269 1618 1324 totius
1677 1267 1985 1323 cantilenae

326 1365 721 1422 fundamenta
793 1361 1084 1431 jecerunt.
1159 1359 1322 1415 Unde
1390 1363 1446 1414 et
1528 1357 1820 1414 elementa
1893 1355 1986 1410 vel

325 1453 668 1526 phthongos
697 1449 943 1506 eosdem
971 1450 1512 1518 nuncupaverunt;
1546 1445 1709 1516 quod
1743 1443 1983 1513 scilicet,

325 1538 845 1615 quemadmodum
887 1537 1216 1592 litterarum
1276 1534 1584 1590 elementis
1635 1548 1978 1588 sermonum

2101 389 2237 429 rum
2267 375 2560 432 duntaxat
2590 393 2702 432 suo
2731 381 2890 432 certo
2933 377 3066 433 loco
3097 383 3358 444 extante,
3411 385 3644 434 cuncta
3682 397 3771 436 eo-

2099 478 2236 520 rum
2259 463 2438 519 series
2470 465 2806 521 incedendo
2836 465 3113 522 decurrit.
3371 471 3396 490 ’

2169 557 2250 606 Ac
2278 553 2494 625 primo,
2525 554 2674 626 quid
2699 559 2895 621 tonus,
2923 555 3070 628 quid
3119 556 3538 625 semitonium,
3573 558 3766 614 dicen-

2098 639 2266 696 dum.
2323 641 2422 696 His
2449 643 2609 698 enim
2654 643 3054 716 praecognitis,
3087 661 3224 717 quae
3277 645 3463 717 quasi
3491 646 3649 716 ,vice
3677 647 3766 702 ha-

2095 728 2314 784 bentur
2340 729 2793 799 elementorum,
2851 732 3020 787 facile
3051 740 3269 789 cuncta
3317 735 3650 806 sequentia
3677 753 3764 790 co-

2097 823 2481 886 gnoscentur.
2519 822 2615 874 Est
2639 835 2784 890 ergo
2841 826 3017 876 tonus
3043 839 3179 877 cum
3214 839 3334 878 vox
3389 823 3475 878 ab
3517 823 3643 878 alio
3673 842 3766 879 seu

2096 906 2264 972 gravi
2291 923 2394 961 seu
2428 913 2604 962 acuto
2637 924 2784 970 sono
2813 909 3051 964 modico
3081 909 3426 966 deﬂectitur
3451 916 3562 966 aut
3609 913 3768 982 erigi-

2096 998 2190 1048 tur
2217 993 2550 1065 intervallo,
2583 997 2760 1052 veluti
2789 999 2970 1051 unius
3020 999 3226 1070 puncti
3275 999 3651 1071 direptione,
3695 1001 3766 1054 ita

2094 1087 2158 1137 ut
2183 1085 2430 1144 omnino
2461 1100 2669 1140 earum
2699 1085 3048 1142 divisionem
3069 1086 3238 1142 facile
3262 1087 3518 1142 auditus
3565 1089 3764 1143 adver-

2093 1176 2192 1227 tat.
2213 1175 2423 1244 Estque
2456 1177 2633 1228 tonus
2659 1175 2918 1247 spatium
2949 1176 3214 1248 ipsarum
3247 1175 3522 1232 duarum
3557 1195 3764 1234 vocum

2097 1259 2206 1315 sibi
2237 1261 2428 1318 taliter
2475 1263 2902 1319 cohaerentium
2933 1283 2944 1328 ;
2980 1281 3098 1318 non
3145 1281 3326 1320 voces
3355 1265 3520 1338 ipsae
3563 1266 3764 1322 videli-

2093 1355 2202 1416 cet,
2235 1367 2369 1422 quae
2397 1367 2518 1405 non
2551 1351 2712 1406 aliud
2746 1358 2887 1407 sunt
2917 1369 3101 1424 quam
3133 1355 3288 1424 soni,
3321 1355 3438 1409 sed
3475 1355 3658 1427 quod
3685 1356 3766 1410 in-

2093 1441 2176 1492 ter
2203 1439 2445 1494 easdem
2476 1447 2560 1495 est
2588 1440 2988 1496 intervallum.
3017 1443 3081 1496 ln
3103 1441 3374 1514 quolibet
3411 1445 3632 1498 autem
3661 1446 3768 1499 ins—

2092 1529 2390 1582 trumento
2438 1529 2666 1584 musico
2721 1530 2901 1600 hujus
2930 1530 3274 1602 exemplum
3328 1532 3493 1587 inter
3537 1533 3767 1605 primas

329 1633 543 1685 cuncta
572 1625 974 1697 multiplicitas
1033 1627 1386 1691 coarctatur,
1427 1627 1484 1678 et
1534 1620 1830 1694 quidquid
1866 1619 1979 1676 dici
2012 1634 2054 1686 Β
2090 1615 2244 1670 duas
2274 1617 2554 1687 chordas,
2611 1619 2765 1675 l-ene
2812 1619 3106 1674 duntaxat
3158 1619 3519 1693 dispositas,
3587 1624 3686 1677 τε]
3713 1624 3768 1678 in

327 1721 541 1790 potest,
562 1731 670 1788 per
700 1730 801 1770 eas
829 1712 1116 1782 digeritur
1137 1727 1158 1782 ,°
1184 1711 1263 1766 ita
1291 1710 1486 1766 solerti
1511 1713 1986 1782 procuraverunt

328 1805 640 1875 industria,
702 1808 764 1858 ut
792 1801 1164 1858 immensitas
1213 1801 1646 1856 cantilenarum
1699 1799 1981 1871 quaedam

326 1896 575 1952 haberet
619 1891 886 1961 exordia,
961 1895 1017 1946 et
1080 1889 1278 1962 ipsam
1356 1895 1514 1945 certo
1571 1889 1981 1944 moderamine

327 1983 787 2056 comprehensa,
819 1996 928 2052 per
974 1995 1132 2051 quae,
1167 1977 1465 2050 quidquid
1514 1977 1856 2032 canendum
1901 1976 1984 2032 fo-

325 2077 430 2137 ret,
482 2071 608 2126 sine
634 2069 756 2124 ullo
809 2083 1004 2123 errore
1062 2067 1426 2138 procederet,
1479 2065 1626 2120 nihil
1655 2080 1898 2137 quoque
1923 2065 1983 2119 in

327 2161 410 2218 eis
436 2164 625 2221 esset,
655 2157 822 2229 quod
851 2172 974 2212 non
1023 2156 1189 2210 omni
1232 2171 1478 2227 prorsus
1525 2154 1983 2210 rationabilitate

323 2251 566 2320 vigeret.
625 2247 770 2302 Dicti
799 2249 1001 2302 autem
1057 2245 1346 2317 phthongi
1377 2247 1478 2296 ἀπὸ
1529 2252 1620 2296 τοῦ
1671 2245 1982 2315 φθέγγεσθαι

325 2339 500 2411 quasi
523 2354 558 2393 a
591 2335 974 2392 similitudine
997 2333 1318 2406 loquendi:
1352 2333 1539 2404 quod,
1581 2331 1980 2404 quemadmo-

324 2428 471 2484 dum
496 2427 794 2484 locutione
849 2422 1238 2492 intelligibilia
1287 2422 1469 2478 verba
1513 2421 1868 2490 redduntur,
1902 2421 1982 2476 ita

325 2516 494 2587 (613),
547 2515 640 2570 his
695 2511 1108 2568 subintellecto
1160 2510 1441 2571 decidant
1496 2512 1648 2581 soni,
1708 2511 1887 2566 etiam
1926 2515 1980 2566 et

323 2605 487 2676 ipsos
512 2602 814 2658 interdum
843 2599 1278 2656 irrationabiles
1313 2615 1495 2654 sonos
1525 2601 1743 2656 horum
1767 2599 1846 2670 dij
1859 2599 1980 2654 udi-

325 2698 420 2749 cat
447 2694 598 2761 (614)
626 2690 945 2747 exercitata
973 2689 1288 2758 sagacitas.

397 2781 687 2848 Quocirca
715 2777 1065 2849 hujusmodi
1087 2792 1328 2844 sonum,
1355 2793 1475 2832 non
1499 2776 1838 2847 generalem
1873 2777 1980 2832 sci-

323 2870 476 2940 licet,
513 2869 702 2926 taliter
723 2867 978 2922 diiﬁnire
1009 2867 1342 2922 voluerunt.
1369 2870 1561 2921 Sonus
1587 2870 1675 2922 est
1692 2866 1856 2921 vocis
1884 2881 1978 2921 ca-

326 2977 430 3014 sus
457 2957 773 3023 emmelos,
823 2955 886 3010 id
915 2959 1003 3010 est
1057 2954 1215 3010 melo
1261 2960 1456 3026 aptus,
1518 2970 1641 3009 una
1673 2955 1977 3010 mensione
2009 2984 2050 3040 ρ

325 3046 675 3120 productus,
709 3047 1092 3116 utputa.cum
1121 3041 1387 3114 qualibet
1417 3057 1558 3096 voce
1583 3041 1974 3115 depromitur,

324 3138 390 3188 ut
416 3138 481 3188 A.
509 3132 606 3188 vel
632 3147 772 3187 eum
803 3129 986 3186 corda
1013 3128 1198 3184 semel
1229 3134 1396 3184 tensa
1423 3129 1706 3184 sonuerit.

395 3223 542 3276 Cum
555 3221 752 3293 primo
766 3219 945 3288 igitur
958 3219 1038 3273 hu
1041 3217 1306 3288 jusmodi
1325 3217 1708 3290 rationabiles
1725 3219 1979 3288 phthon-

325 3311 382 3381 gi
406 3307 584 3384 pauci
631 3307 978 3372 extitissent,
1039 3304 1334 3382 principio
1392 3305 1688 3378 siquidem
1713 3321 1835 3361 non
1865 3307 1978 3360 nisi

321 3405 581 3472 quatuor
599 3397 865 3470 repertis,
898 3395 958 3450 hi
1015 3398 1247 3450 tantum
1301 3394 1528 3449 diutius
1578 3393 1637 3448 in
1669 3411 1785 3449 usu
1815 3394 1976 3450 fuere

320 3487 692 3543 canentibus.
722 3488 932 3540 Postea
961 3481 1214 3538 diversis
1244 3481 1750 3554 subsequentibus
1779 3481 1976 3538 causis

318 3592 442 3633 non
469 3572 998 3640 irrationabilibus,
1055 3569 1372 3642 paullatun
1402 3585 1690 3626 numerus
1719 3572 1978 3626 excrevit

315 3667 788 3740 phthongorum,
803 3667 861 3718 et
883 3661 1149 3733 primum
1165 3659 1411 3733 quidem
1433 3676 1624 3733 usque
1645 3659 1724 3716 ad
1745 3664 1974 3732 septem

313 3755 407 3812 vel
435 3759 584 3818 octo,
613 3751 831 3809 deinde
861 3750 940 3807 ad
969 3765 1192 3805 novem
1221 3748 1315 3804 vel
1347 3749 1648 3812 undecim,
1668 3753 1972 3821 postremo

314 3843 394 3900 ad
444 3840 787 3915 quindecim
841 3853 1035 3910 usque
1091 3837 1380 3893 terminus
1435 3837 1672 3892 interim
1711 3836 1968 3894 devenit.

313 3935 474 3998 Quos
500 3931 844 4004 phthongos
877 3927 1239 3984 chordarum
1265 3925 1510 3982 nomine
1532 3925 1806 3981 usitatius
1821 3941 1972 3982 nun-

311 4023 717 4092 cupaverunt;
776 4015 942 4088 quod
979 4014 1408 4080 instrumentis,
1442 4013 1666 4086 quibus
1699 4029 1969 4086 appone-

311 4110 550 4172 bantur,
601 4107 940 4180 promptius
1010 4109 1512 4162 monstrarentur.
1572 4109 1648 4160 De
1709 4121 1968 4178 quarum

237 4225 250 4230 ν
310 4198 611 4254 mentione
663 4196 757 4251 vel
785 4195 1016 4256 ordine,
1049 4210 1156 4249 seu
1206 4193 1520 4249 vocabulis
1571 4193 1964 4262 singularum,

309 4303 448 4344 cum
479 4285 672 4342 caeteri
703 4283 1012 4356 perplures
1055 4281 1329 4353 ejusdem
1359 4281 1693 4354 disciplima
1725 4282 1968 4354 scripto-

305 4393 400 4432 res
424 4380 546 4432 tam
581 4373 762 4430 Graeci
791 4388 978 4444 quam
1007 4369 1214 4438 Latini,
1268 4374 1398 4425 tum
1429 4369 1730 4442 praecipue
1759 4371 1968 4426 doctor

305 4463 615 4534 mirabilis,
648 4460 922 4518 omnium
953 4457 1458 4532 prudentissimus
1503 4459 1720 4514 artium
1747 4459 1964 4515 libera-

304 4555 451 4610 lium
482 4549 844 4626 perquisitor
861 4547 1094 4604 Boetius
1126 4547 1185 4602 in
1215 4545 1410 4619 primo
1427 4563 1550 4602 sum
1579 4546 1962 4603 institutionis

303 4642 638 4699 Armonicae
669 4639 822 4694 libro
880 4635 1250 4693 sutﬁcientur
1301 4634 1588 4690 edisserit.
1646 4635 1712 4690 In
1741 4635 1964 4708 quibus

304 4732 562 4804 denique
595 4727 918 4802 phthongis
947 4727 1041 4782 vel
1067 4724 1304 4780 chordis
1335 4723 1562 4780 nullam
1589 4724 1961 4781 consimilem

302 4819 640 4893 putandum
671 4815 836 4873 alteri
867 4830 1020 4885 esse,
1053 4813 1159 4868 sed
1189 4812 1524 4869 admodum
1557 4811 1858 4868 scalarum
1887 4813 1962 4870 de

302 4905 437 4960 imis
468 4905 545 4960 ad
573 4920 830 4971 summa,
847 4903 937 4959 vel
965 4919 1000 4958 a
1027 4901 1282 4959 summis
1299 4901 1378 4958 ad
1406 4901 1617 4956 inﬁma
1649 4900 1960 4957 deducun-

305 4995 418 5063 tur,
447 5009 816 5066 unaquaque
869 4991 948 5048 ab
978 4991 1097 5047 alia
1151 4989 1378 5063 proprii
1421 4989 1595 5061 spatii
1629 4989 1960 5062 quantitate

302 5079 574 5137 discreta.
609 5085 735 5138 Non
756 5097 947 5138 unum
1001 5085 1205 5136 tamen
1251 5095 1464 5135 omnes
1493 5079 1798 5150 disgregat
1827 5095 1960 5152 spa-

300 5167 470 5236 tium,
503 5169 609 5225 sed
639 5184 875 5242 semper
899 5169 1046 5241 (615)
1074 5167 1227 5224 duos
1256 5167 1318 5222 in
1349 5165 1756 5239 superioribus
1780 5165 1956 5222 inter-

297 5257 600 5314 vallorum
631 5257 901 5314 formulis
931 5257 1146 5314 modos
1167 5257 1430 5330 primum
1452 5255 1816 5328 positos,qui
1849 5255 1956 5310 sci-

369 5402 518 5471 (613)
545 5401 594 5470 Γ.
629 5398 722 5454 his
755 5398 1161 5454 subintellecta
1203 5398 1480 5454 decidant
1529 5397 1679 5454 soni.
1740 5398 1948 5468 Etiam,

296 5477 515 5614 micat)
547 5541 690 5598 (20d.
721 5544 1005 5614 Caesenat.
1039 5540 1288 5595 dividat.

367 5611 512 5687 (6135)
547 5619 690 5670 Cass.
723 5611 1068 5670 secundum.

2088 1704 2408 1776 hydraulia
2437 1707 2584 1778 (616)
2615 1708 2764 1762 inter
2812 1707 2966 1762 duas
2997 1711 3225 1780 primas
3274 1710 3526 1766 ﬁstulas
3593 1711 3770 1767 habet

2091 1793 2290 1860 simul,
2320 1799 2375 1849 et
2403 1795 2465 1850 in
2495 1796 2609 1851 hac
2665 1796 2918 1868 probare
2977 1797 3199 1869 poteris
3241 1799 3638 1870 antiphona:
3691 1803 3769 1857 [te

2090 1881 2286 1948 dicite,
2326 1888 2502 1938 tonus
2531 1883 2591 1938 in
2623 1900 2884 1953 gravem.
2919 1887 3116 1940 Tonus
3144 1885 3203 1940 in
3231 1892 3524 1942 acutum:
3567 1889 3666 1943 [te
3691 1890 3769 1942 di-

2092 1973 2207 2027 cite
2229 1973 2472 2028 Joanni.

2167 2059 2556 2115 Semitonium
2585 2077 2728 2116 vero
2753 2061 2976 2117 dictum
3008 2063 3238 2118 videtur
3265 2063 3446 2134 quasi
3476 2065 3767 2122 medieta-

2092 2152 2210 2203 tem
2243 2148 2541 2204 contineat
2569 2149 2730 2204 toui:
2783 2151 2890 2204 sed
2939 2151 2986 2206 si
3013 2151 3094 2206 ita
3122 2159 3296 2214 esset,
3332 2159 3482 2208 tunc
3513 2153 3581 2208 in
3619 2154 3767 2210 duas

2091 2253 2296 2310 aequas
2315 2242 2513 2309 partes
2535 2243 2710 2293 tonus
2729 2244 2933 2312 posset
2953 2239 3190 2312 partiri;
3217 2241 3383 2313 quod
3409 2241 3767 2298 nullatenus

2089 2326 2215 2380 ﬁeri
2242 2344 2422 2399 posse
2450 2327 2894 2397 diligentior-um
2916 2329 3226 2402 probabile
3259 2329 3766 2388 reddideruntin—

2091 2415 2283 2483 genia.
2319 2415 2606 2470 Dividitur
2635 2416 2932 2488 siquidem
2963 2423 3139 2473 tonus
3167 2419 3227 2474 in
3257 2419 3404 2485 duo,
3429 2421 3542 2475 sed
3575 2422 3687 2490 ita,
3709 2429 3766 2476 ut

2088 2502 2367 2558 utralibet
2394 2519 2464 2559 ea
2493 2520 2634 2576 pars
2662 2510 2764 2560 aut
2792 2505 3173 2561 medietatem
3209 2509 3633 2575 transcendat,
3668 2519 3768 2564 aut

2087 2592 2286 2648 minor
2308 2593 2625 2649 medietate
2651 2600 2995 2656 remaneat;
3043 2601 3097 2652 et
3125 2601 3390 2668 utrmque
3439 2598 3558 2652 illae
3619 2599 3767 2654 divi-

2089 2680 2286 2735 siones
2367 2681 2680 2738 semitonia
2737 2691 3182 2754 nuncupantur,
3264 2701 3452 2740 unum
3530 2689 3764 2757 majus,

2087 2769 2252 2825 aliud
2273 2769 2510 2825 minus:
2545 2770 2723 2826 veluti
2755 2771 2801 2826 si
2833 2772 2944 2826 hoc
2973 2771 3205 2827 dividas

2229 2860 2426 2914 Tonus
2927 2860 3318 2917 Semitonium

2904 2950 3105 3004 minus
3133 2951 3351 3021 majus.

2086 3127 2228 3190 Quae
2258 3143 2396 3181 cum
2427 3127 2487 3182 in
2519 3142 2707 3182 unum
2731 3127 3135 3200 convenerint,
3161 3128 3462 3198 integrum
3482 3131 3764 3188 reddunt

2089 3217 2316 3270 tonum.
2343 3218 2520 3270 Porro
2553 3215 2603 3270 si
2634 3215 2756 3271 duo
2785 3217 3020 3286 majora
3042 3217 3357 3274 semitonia
3376 3219 3760 3289 junguntur,

2083 3304 2380 3358 excedunt
2409 3309 2654 3360 tonum:
2688 3303 2736 3358 si
2783 3303 2906 3360 duo
2936 3305 3187 3368 minora,
3220 3307 3350 3378 ejus
3387 3323 3761 3365 mensuram

2084 3391 2422 3448 nullatenus
2448 3392 2812 3464 pertingunt.
2846 3396 3062 3466 Estque
3088 3394 3473 3451 semitonium
3504 3411 3760 3454 nuncu-

2085 3484 2318 3552 patum,
2347 3496 2472 3536 non
2499 3480 2642 3553 quia
2671 3481 2796 3536 toni
2845 3484 2919 3538 sit
2944 3481 3252 3554 medietas,
3302 3483 3408 3540 sed
3447 3487 3626 3557 quod
3660 3505 3757 3543 se-

2083 3585 2252 3623 mum
2275 3564 2390 3622 dici
2421 3569 2568 3624 solet
2620 3570 3026 3642 unaquaalibet
3068 3588 3210 3646 pars
3241 3572 3324 3629 rei
3363 3573 3658 3644 alicujus,
3693 3577 3756 3632 in

2083 3657 2205 3712 duo
2229 3657 2365 3713 licet
2391 3673 2514 3714 non
2543 3674 2719 3731 aequa
2772 3658 2975 3716 divisae
3001 3678 3014 3716 :
3045 3665 3111 3718 ut
3161 3661 3211 3717 si
3261 3661 3500 3720 dividas
3529 3667 3663 3719 tres
3689 3665 3754 3721 in

2083 3762 2270 3802 unum
2331 3752 2386 3802 ct
2424 3747 2567 3803 duo.
2625 3747 3016 3806 Semitonium
3065 3767 3206 3807 vero
3263 3755 3370 3818 est,
3431 3769 3576 3808 cum
3635 3754 3753 3811 sibi

2079 3835 2214 3891 duae
2241 3852 2418 3892 voces
2446 3836 2802 3894 brevissimo
2853 3837 3028 3896 valde
3053 3840 3347 3912 juguntur
3399 3843 3626 3915 spatio,
3684 3849 3754 3901 ut

2078 3924 2174 3981 vix
2201 3924 2528 3997 aliquando
2577 3925 2899 3983 discrimen
2929 3927 3080 3984 inter
3134 3944 3238 3986 eas
3291 3932 3489 3986 sentiri
3519 3935 3752 4004 possit.

2078 4014 2420 4088 Aliquando
2463 4018 2664 4071 autem
2693 4013 2922 4073 dictum
2969 4021 3215 4091 propter
3243 4018 3444 4075 minus
3496 4023 3756 4080 semito-

2076 4103 2244 4159 nium
2269 4121 2282 4158 :
2317 4104 2514 4175 majus
2543 4104 2761 4161 etenim
2790 4107 3072 4178 quamvis
3094 4110 3152 4162 et
3177 4107 3380 4183 ipsum
3409 4108 3597 4166 valde
3633 4111 3756 4168 sibi

2074 4192 2450 4266 propinquas
2507 4192 2730 4250 habeat
2775 4210 2977 4263 voces,
3033 4195 3477 4270 aliquantulum
3526 4203 3755 4258 tamen

2076 4279 2410 4336 distinctius
2439 4281 2590 4336 inter
2631 4297 2733 4338 eas
2777 4283 3102 4360 percipitur
3140 4283 3566 4342 intervallum:
3627 4288 3754 4345 hoc

2074 4370 2462 4428 nihilominus
2487 4372 2580 4427 hic
2601 4371 3024 4445 observato,jut
3046 4389 3171 4431 non
3194 4391 3373 4432 voces
3392 4375 3540 4448 ipsa:
3576 4378 3754 4448 (sed)

2075 4459 2338 4532 spatium
2388 4475 2596 4516 earum
2654 4461 3038 4518 semitonium
3071 4463 3163 4519 sit.
3197 4464 3378 4534 Igitur
3405 4465 3753 4525 semitonia

2072 4548 2214 4618 duo,
2245 4553 2422 4605 tonus
2451 4549 2694 4606 nonnisi
2719 4566 2877 4607 unus
2917 4551 3191 4608 habetur.
3251 4550 3752 4619 Quantumcum-

2071 4653 2189 4712 que
2213 4637 2373 4694 enim
2403 4637 2646 4696 sublimi
2664 4639 2756 4696 vel
2775 4639 3064 4714 depresso
3092 4647 3400 4714 promatur
3419 4657 3605 4711 sono,
3627 4661 3748 4702 nec

2070 4727 2206 4800 plus
2235 4743 2346 4782 nec
2402 4727 2602 4783 minus
2633 4729 2804 4800 spatii
2851 4729 3195 4802 continebit,
3254 4729 3510 4803 ideoque
3570 4749 3749 4790 unus

2069 4815 2351 4889 idemque
2373 4816 2498 4872 erit.
2558 4819 2736 4872 Porro
2794 4818 3140 4892 exemplum
3193 4820 3488 4876 semitonii
3518 4821 3749 4880 advel“.

2069 4909 2188 4962 tere
2219 4909 2388 4976 potes
2440 4905 2501 4960 in
2531 4904 2758 4961 cithara
2811 4921 2912 4962 sex
2970 4907 3354 4974 chordarum,
3412 4908 3572 4964 inter
3620 4917 3745 4968 ter-

2067 4995 2213 5050 tiam
2267 5000 2322 5050 et
2377 4998 2654 5066 quartam
2702 4994 3013 5063 chordam,
3048 5012 3156 5052 seu
3203 4997 3596 5054 ascendendo
3629 5018 3748 5058 seu

2066 5083 2488 5139 descendendo
2517 5101 2530 5151 ;
2559 5099 2818 5155 quarum
2855 5083 3076 5140 modus
3124 5085 3205 5141 sic
3239 5103 3300 5141 se
3337 5085 3524 5142 habet
3552 5106 3750 5146 scan-

2065 5171 2287 5240 dendo,
2319 5177 2386 5227 ut
2435 5172 2495 5227 in
2528 5172 2876 5246 antiphona.
2927 5174 3074 5230 Cum
3124 5175 3386 5231 audisset
3431 5181 3740 5246 populus.

2062 5257 2438 5324 Acceperunt
2470 5272 2686 5312 ramos.
2717 5257 3170 5312 Descendendo:
3206 5263 3271 5313 ut
3300 5259 3358 5313 in
3389 5261 3742 5333 antiphona

3164 3064 3392 3076 σ’-

2133 5402 2280 5466 (616)
2311 5397 2684 5468 Hydraulisa
2739 5401 3028 5464 Crannona,
3062 5397 3397 5470 hydraulus
3445 5419 3484 5457 a
3535 5404 3738 5461 Ριιεςιῡ

2060 5473 2308 5544 vocatur
2353 5484 2673 5544 organum,
2724 5485 2830 5544 seu
2875 5469 3338 5544 instrumentum
3389 5473 3736 5544 musicum,

2057 5540 2249 5626 qnod‘
2274 5555 2435 5612 aqua
2460 5539 2676 5626 nci‘et‘ur
2723 5539 2800 5595 ad
2854 5557 3036 5626 son‘os
3087 5541 3375 5612 edendos,
3433 5559 3470 5600 ει
3523 5539 3734 5614 graeco

2055 5607 2422 5684 ὗδραυλιςῖᾳ.
2455 5609 2653 5666 ﬁstula
2681 5626 2844 5684 aqua
2872 5611 3099 5668 inﬂata.
