3950 6178
234 157 340 210 913

1414 165 1500 218 οε
1540 160 1952 219 HARMONICA
1990 144 2490 218 lNSTITUTlONE.
2561 230 2575 243 κ

3556 168 3661 221 914

231 279 427 333 Hodie
455 281 734 348 completi
755 289 895 336 sunt
926 284 1048 340 dies
1080 286 1470 358 Pentecostes,
1504 288 1891 358 similiterque
1925 289 1971 338 A
2007 297 2089 337 re.
2119 283 2186 337 is.
2221 286 2278 337 et
2298 283 2371 339 he
2400 288 2455 339 et
2482 287 2529 340 li
2556 289 2614 340 et
2641 301 2775 355 quo.
2804 291 2861 341 et
2889 287 2984 341 do.
3018 284 3314 340 semitonii
3335 291 3514 359 atque
3536 268 3662 345 toni

229 365 296 420 in
352 365 662 437 hydraulis
713 370 925 425 eodem
980 372 1132 429 loco.
1187 375 1579 443 Designentur
1648 388 1890 447 quoque

233 454 512 525 exempla
545 460 663 510 tam
697 458 817 512 toni
840 475 1027 531 quam
1059 462 1354 518 semitonii
1374 464 1434 519 in
1461 463 1731 537 quolibet
1752 477 1891 518 can-

234 546 300 597 tu
327 559 465 597 cum
509 543 853 601 diductione
893 564 993 603 sex
1044 550 1430 621 chordarum,
1484 568 1745 625 quarum
1804 549 1889 604 vi-

232 648 364 686 cem
392 631 559 687 lineae
590 640 844 701 teneant,
880 643 1166 694 annotato
1189 641 1598 712 semperinter
1612 640 1888 706 chordas,

232 719 338 774 ubi
360 720 739 777 semitonium
780 724 1171 782 contineatur.

1513 843 1571 892 ta

230 963 375 1016 Ton.
1463 969 1561 1041 li/\

232 1090 471 1151 Ton.Ee
1118 1106 1243 1158 Isra
1349 1104 1375 1173 /
1676 1104 1736 1158 in
1765 1120 1888 1175 quo

231 1231 391 1284 Sem.
480 1233 572 1298 \ce
1113 1238 1137 1305 /
1226 1238 1354 1305 \he
1762 1202 1873 1212 ..-

224 1362 370 1435 Ton.
565 1366 725 1431 \verc
734 1366 760 1434 /

300 1530 671 1604 Ubicumque
701 1551 843 1600 ergo
872 1537 1140 1607 quolibet
1180 1539 1334 1594 melo
1382 1539 1735 1609 hujusmodi
1792 1555 1883 1594 re-

2000 375 2091 426 est
2120 371 2520 428 intervallum.
2556 375 2779 431 Caetera
2807 374 3115 447 aequaliter
3151 378 3207 429 et
3256 374 3320 429 in
3366 375 3659 433 directum

1999 458 2281 514 dicuntur
2314 476 2325 513 :
2371 464 2434 515 ut
2465 476 2616 517 vere.
2653 468 2706 518 et
2736 464 2890 519 Isra.
2922 464 3066 518 etin
3093 478 3225 533 quo.

2074 566 2415 622 Secundum
2443 569 2713 638 geminas
2742 568 2922 638 igitur
2968 569 3081 624 has
3137 567 3472 639 qualitates,
3517 568 3652 624 loco

2000 653 2273 709 videlicet
2298 660 2477 727 atque
2508 657 2717 712 ordine
2745 673 2854 712 suo
2884 657 3111 712 eisdem
3141 656 3493 725 constitutis,
3521 661 3653 713 rata

2001 742 2377 799 distribuitur
2404 746 2599 799 omnis
2630 745 3028 817 posteriorum
3084 745 3411 814 integritas.
3469 746 3652 811 Quin-

1999 831 2193 887 decim
2248 832 2545 904 siquidem
2575 834 3024 905 phthongorum
3040 850 3229 906 super
3287 851 3349 889 se
3397 835 3654 891 invicem

1999 922 2360 978 coadunatio
2392 923 2586 978 taliter
2639 923 2970 993 ordinatur,
3028 929 3093 978 ut
3144 922 3191 977 si
3237 923 3652 979 scandendum

2000 1026 2121 1066 uno
2151 1010 2342 1081 fuerit,
2374 1011 2647 1084 inprimis
2670 1028 2818 1067 sono
2838 1016 3005 1067 extra
3030 1010 3204 1083 quasi
3223 1011 3436 1085 posito,
3470 1028 3653 1083 quem

2000 1104 2141 1155 tono
2168 1100 2400 1156 dividas
2424 1117 2459 1156 a
2490 1101 2780 1173 sequenti,
2808 1100 3091 1172 deinceps
3114 1117 3221 1173 per
3245 1100 3651 1167 semitonium,

1998 1193 2207 1243 tonum
2239 1193 2295 1243 et
2321 1193 2529 1243 tonum
2570 1205 2758 1260 usque
2789 1189 2867 1244 ad
2897 1193 3123 1261 septem
3150 1204 3326 1244 voces
3365 1204 3654 1244 conscen-

1996 1277 2127 1332 das.
2164 1280 2293 1332 Post
2322 1294 2475 1349 quas
2509 1277 2617 1348 disj
2632 1277 2906 1333 unctione
2939 1277 3153 1332 iterum
3209 1277 3334 1333 toni
3363 1276 3652 1347 admissa,

1996 1366 2330 1437 superiores
2362 1370 2588 1438 septem
2627 1381 2797 1421 voces
2824 1365 3038 1420 eodem
3062 1365 3245 1420 modo
3284 1380 3391 1437 per
3445 1365 3652 1420 omnia

1993 1454 2298 1510 decurras.
2320 1459 2379 1508 In
2412 1455 2783 1526 depositione
2815 1470 2977 1523 vero,
3011 1454 3058 1507 si
3089 1469 3125 1508 a
3162 1469 3404 1509 summo
3448 1453 3652 1508 videli-

1993 1545 2085 1597 cet
2113 1542 2385 1607 ordiaris,
2410 1558 2517 1613 per
2549 1548 2757 1597 tonum
2788 1545 2843 1596 et
2874 1542 3282 1609 semitonium,
3320 1546 3548 1612 septem
3580 1541 3654 1595 si-

222 1620 419 1689 peries
452 1620 851 1689 intervallum,
877 1625 1052 1696 quale
1090 1627 1184 1682 hic
1241 1628 1391 1683 inter
1444 1628 1709 1699 syllabas
1738 1644 1801 1684 ec
1830 1632 1887 1684 et
1919 1633 1956 1685 Β
1993 1630 2207 1686 militer
2228 1630 2475 1685 vocibus
2502 1630 2768 1699 deﬂexis,
2802 1630 3195 1701 ejusdemque
3218 1634 3359 1683 tono
3380 1629 3649 1701 direptis,

222 1722 307 1763 ce.
342 1709 429 1763 vel
451 1726 544 1765 ra.
576 1712 664 1767 he.
699 1713 793 1767 vel
822 1714 916 1769 do.
978 1732 1029 1770 0.
1088 1717 1181 1771 vel
1212 1734 1306 1773 no.
1337 1734 1431 1773 on.
1497 1718 1884 1774 semitonium

220 1812 354 1851 esse
386 1814 505 1853 non
537 1799 792 1856 dubites.
829 1804 935 1858 Ubi
964 1821 1104 1859 vero
1135 1806 1325 1861 taliter
1345 1807 1751 1879 discrepantes
1782 1824 1884 1862 vo-

221 1902 343 1952 ces,
378 1893 440 1942 ut
472 1890 533 1943 li.
570 1895 651 1945 ta.
708 1890 797 1945 vel
856 1894 968 1947 lus.
1005 1910 1100 1949 no.
1162 1895 1249 1949 vel
1277 1912 1357 1952 ce.
1392 1913 1473 1952 re.
1539 1896 1625 1951 vel
1675 1896 1884 1952 ultima

222 1990 342 2030 non
374 1982 431 2032 et
456 1985 559 2047 est,
595 1984 767 2035 tonus
799 1981 923 2037 sine
953 1982 1139 2039 dubio
1184 1986 1307 2040 erit.
1362 1989 1491 2041 iam
1538 2002 1677 2041 vero
1727 1985 1878 2041 inter

638 2138 1629 2200 οξοοξοο

637 2231 1878 2303 To|Se|To|To|SelTo|To|To|

639 2336 1621 2391 0:00:00

293 2475 407 2527 Nec
438 2480 636 2529 tamen
659 2475 885 2547 aliquid
915 2476 1085 2532 affert
1127 2479 1412 2551 scrupuli,
1464 2481 1512 2535 si
1568 2480 1716 2535 forte
1768 2481 1878 2553 hy-

212 2559 477 2628 draulia,
502 2563 591 2617 vel
615 2564 780 2619 aliud
811 2566 1078 2637 quolibet
1098 2568 1309 2623 musici
1341 2570 1572 2638 generis
1614 2568 1882 2624 conside-

213 2664 362 2703 rans
392 2650 882 2719 instrumentum,
915 2670 1039 2709 non
1092 2656 1173 2711 ibi
1226 2673 1404 2711 voces
1458 2657 1557 2711 tali
1616 2657 1878 2729 reperias

213 2737 520 2792 schemate
548 2738 859 2810 deductas,
886 2758 1131 2816 quoque
1158 2760 1479 2799 numerum
1512 2745 1876 2800 chordarum

211 2826 534 2881 videantur
565 2829 869 2884 excedere.
903 2831 1038 2886 Haec
1066 2833 1222 2887 enim
1277 2834 1612 2889 distributio
1668 2850 1875 2889 secun-

211 2913 363 2968 dum
425 2914 530 2969 viri
587 2916 957 2973 disertissimi
1004 2921 1178 2974 Boetii
1238 2920 1715 2993 dispositionem,
1773 2921 1877 2993 qui
1910 2906 1949 2961 (ἶ

210 3004 745 3065 commensurabili
776 3007 1099 3063 concordia
1130 3024 1522 3064 numerorum
1561 3011 1688 3064 hzec
1742 3026 1873 3065 om-

210 3090 315 3145 nia
341 3090 609 3160 diligenti
640 3094 945 3149 examinat
970 3096 1219 3163 ratione,
1244 3102 1335 3151 est
1371 3097 1655 3154 instituta.

285 3183 579 3237 Caeterum
597 3198 721 3236 non
750 3182 886 3238 ideo
915 3185 1128 3240 eadem
1158 3184 1552 3242 instrumenta
1610 3187 1871 3242 intellec-

210 3268 392 3323 tualis
448 3269 701 3340 alicujus
756 3273 1029 3344 putanda
1087 3280 1225 3329 sunt
1281 3275 1475 3330 aliena
1508 3294 1521 3341 ;
1556 3292 1693 3331 cum
1721 3281 1777 3331 et
1799 3292 1872 3330 ex

211 3356 348 3428 ipso
371 3357 764 3428 longaevitatis
799 3377 909 3415 usu
939 3362 1049 3416 sub
1080 3369 1161 3418 tot
1215 3364 1529 3436 hucusque
1578 3370 1870 3435 pertracta

210 3447 631 3518 prudentibus,
663 3449 940 3504 maximis
1002 3452 1202 3523 utique
1256 3458 1529 3508 constent
1577 3453 1869 3524 exquisita

208 3535 467 3605 ingeniis
494 3539 836 3611 etprobata.
870 3540 983 3596 Sed
1013 3547 1069 3596 et
1133 3544 1439 3614 exemplar
1464 3542 1869 3614 dispositionis

210 3624 496 3696 praeﬁxae,
525 3625 608 3680 eis
631 3626 899 3682 advertat
927 3628 1175 3683 omnino
1206 3630 1418 3684 inesse.
1471 3633 1575 3684 Per
1621 3630 1866 3685 easdem

207 3729 478 3785 namque
510 3714 824 3786 qualitates
852 3718 1123 3786 geminas
1178 3719 1283 3774 rite
1330 3735 1437 3791 per
1465 3719 1670 3774 omnia
1725 3719 1867 3773 diri-

209 3808 455 3872 guntur,
482 3804 748 3877 nihilque
779 3806 909 3861 aliis
940 3806 1161 3862 distare
1194 3808 1535 3874 credantur,
1568 3808 1683 3863 nisi
1723 3808 1867 3880 quia

208 3891 377 3947 initia
401 3908 523 3947 non
550 3894 649 3949 tali
682 3894 892 3949 ordine
940 3896 1266 3951 metiuntur
1295 3913 1308 3950 :
1368 3897 1660 3970 incipiunt
1703 3897 1863 3953 anim

206 3980 382 4051 quasi
413 3997 449 4035 a
480 3981 646 4036 tertio
686 3983 1095 4056 dispositionis
1126 3985 1305 4040 illius.
1365 3988 1541 4041 Porro
1594 4002 1869 4042 numero-

208 4069 355 4124 sitas
386 4085 708 4126 nervorum
741 4060 1441 4146 vel'ﬁstularummtputa
1466 4076 1673 4144 viginti
1692 4076 1868 4130 unius

208 4162 315 4212 aut
345 4157 629 4230 plurium,
676 4176 797 4215 non
846 4161 1068 4217 idcirco
1121 4164 1466 4235 apponitur,
1513 4164 1679 4235 quod
1738 4164 1867 4220 soni

1992 1718 2296 1775 inferiores
2329 1724 2554 1790 septem
2601 1718 2894 1773 consimili
2934 1717 3284 1772 habitudine
3343 1716 3650 1788 dispones,

1992 1807 2096 1862 ubi
2120 1807 2414 1873 ultimam,
2447 1823 2579 1878 quae
2606 1806 2665 1860 in
2695 1804 3042 1860 scandendo
3072 1804 3336 1876 primum
3375 1808 3650 1860 tenuerat

1992 1896 2211 1962 locum,
2240 1895 2433 1968 spatio
2450 1895 2789 1950 distinctam
2808 1894 2928 1949 toni
2945 1898 3111 1949 extra
3137 1908 3375 1965 appone
3410 1910 3422 1947 :
3459 1892 3651 1964 sitque

1987 1984 2182 2041 omnis
2212 2000 2421 2039 eorum
2452 1983 2733 2039 serieshis
2763 1986 3129 2055 punctorum
3179 1980 3364 2047 signis
3396 1983 3602 2035 notata
3634 1995 3647 2033 :

638 2147 674 2185 ο
784 2138 853 2195 ξ
962 2150 997 2189 o
1110 2151 1146 2189 ο
1258 2141 1329 2200 ξ
1446 2154 1480 2192 ο
1593 2154 1629 2191 o
2127 2139 2134 2203 |
2414 2140 2483 2196 ξ
2594 2151 2631 2187 o
2845 2136 2916 2196 ξ
3032 2146 3068 2185 o
3178 2146 3214 2183 ο

637 2231 1878 2303 To|Se|To|To|Se|To|To|To|
2343 2227 3236 2299 ISeiTolTOISBITOITO

476 2403 557 2411 _
639 2341 675 2379 ο
786 2338 852 2389 ξ
963 2344 999 2381 ο
1111 2346 1147 2384 ο
1258 2336 1327 2391 ξ
1438 2348 1474 2385 ο
1585 2332 3435 2414 o______:_°__°__§__°_9___

2127 2136 3214 2203 ιξοξοο

2343 2227 3236 2299 ΙδθιΤοΙΤοιδθΙΤοιΤο

2394 2332 3221 2393 ξοοξοο

1990 2479 2146 2534 tione
2173 2482 2260 2533 est
2289 2477 2740 2547 attendendum,
2764 2475 2931 2548 quod
2961 2473 3297 2547 superiores
3356 2477 3491 2529 octo
3546 2491 3648 2530 vo-

1988 2584 2085 2623 ces
2116 2568 2342 2623 eaedem
2375 2572 2531 2636 sunt,
2559 2582 2694 2639 quae
2722 2572 2778 2621 et
2814 2564 3120 2619 inferiores
3153 2580 3164 2617 :
3199 2567 3446 2635 excepto
3478 2563 3647 2635 quod

1987 2656 2100 2711 illae
2132 2657 2305 2728 quasi
2332 2656 2588 2728 pueriles
2615 2656 2731 2711 sint
2757 2670 2955 2721 voces,
2987 2654 3080 2709 has
3106 2652 3466 2725 contraipsa
3496 2669 3643 2724 qua-

1988 2746 2033 2800 si
2061 2746 2260 2801 viriles
2294 2763 2306 2800 :
2340 2750 2395 2801 et
2425 2746 2559 2800 ideo
2589 2749 2913 2817 postquam
2952 2742 3275 2814 septimum
3327 2741 3643 2814 protuleris

1988 2850 2229 2902 sonum,
2261 2834 2545 2889 continuo
2574 2833 2635 2887 in
2673 2837 2949 2888 octavam
3000 2835 3057 2887 et
3110 2846 3338 2886 nonam
3370 2829 3642 2901 prosilies

1985 2939 2213 2979 vocem.
2248 2928 2446 2994 Itaque
2478 2922 2674 2995 prima
2714 2916 2852 2976 cuin
2903 2924 3135 2987 octava,
3193 2919 3457 2975 secunda
3503 2936 3643 2974 cum

1985 3029 2149 3068 nona
2177 3032 2188 3079 ;
2215 3012 2381 3068 tertia
2413 3027 2550 3066 cum
2583 3010 2836 3073 decima,
2870 3015 2926 3065 et
2954 3009 3035 3064 ita
3065 3024 3172 3080 per
3222 3008 3496 3064 ordinem
3527 3008 3641 3063 sin-

1985 3101 2137 3171 gula:
2166 3099 2474 3155 inferiores
2509 3116 2646 3152 cum
2678 3097 2925 3167 singulis
2972 3097 3383 3168 superioribus
3427 3096 3638 3169 pulsae,

1982 3189 2142 3244 dulci
2173 3194 2231 3243 ct
2254 3186 2661 3243 concordabili
2686 3186 2975 3242 suavitate
3020 3184 3389 3241 omnimodis
3429 3200 3641 3239 conso-

1982 3278 2233 3347 nabunt,
2264 3294 2333 3332 ac
2368 3277 2413 3331 si
2446 3292 2623 3337 unus.
2653 3274 3025 3346 simplexque
3061 3274 3137 3328 sit
3162 3289 3346 3329 sonus
3378 3292 3389 3328 :
3420 3277 3476 3327 et
3509 3272 3637 3327 haec

1982 3368 2112 3422 talis
2143 3366 2465 3422 concordia
2502 3365 2801 3437 diapason
2850 3362 3246 3419 consonantia
3277 3361 3632 3435 appellatur.

1980 3456 2358 3528 Superiorem
2388 3470 2528 3508 vero
2554 3452 3011 3524 dispositionem
3057 3451 3287 3506 Boetius
3326 3467 3433 3522 per
3489 3466 3637 3521 qua-

1980 3549 2112 3599 tuor
2152 3542 2526 3598 tetrachorda
2584 3540 2937 3612 dispertiens
2994 3540 3108 3593 hoc
3158 3538 3341 3594 modo
3402 3537 3633 3607 digerit,

1980 3638 2042 3687 ut
2070 3633 2191 3686 duo
2220 3630 2598 3685 tetrachorda
2629 3628 2740 3682 sibi
2768 3627 3024 3682 invicem
3050 3642 3157 3698 per
3188 3641 3376 3680 unum
3398 3626 3635 3697 copulet

1977 3736 2248 3785 nervum,
2283 3724 2339 3774 et
2368 3718 2446 3774 ab
2477 3718 2568 3772 his
2599 3716 2716 3772 alia
2745 3716 2867 3771 duo
2896 3715 3047 3770 inter
3077 3731 3141 3770 se
3191 3713 3458 3769 similiter
3496 3714 3633 3784 jun-

1977 3813 2071 3864 cta
2091 3808 2204 3877 disj
2216 3810 2419 3875 ungat.

2047 3896 2514 3953 Tetrachordum
2542 3910 2684 3950 vero
2705 3896 2795 3949 est
2830 3896 3090 3965 quatuor
3118 3892 3482 3948 chordarum
3537 3907 3633 3949 co-

1978 3986 2205 4058 pulatio
2240 4000 2435 4056 ;quas
2483 3982 2730 4055 quidem
2781 3981 3041 4037 chordas
3096 3996 3274 4037 voces
3328 3980 3630 4036 dicimus:

1976 4075 2238 4147 itemque
2266 4090 2438 4129 voces
2477 4072 2736 4128 chordas
2792 4070 3137 4143 promiscue
3183 4085 3630 4141 nuncupamus.

1980 4165 2109 4216 Haec
2141 4166 2344 4217 autem
2373 4166 2652 4232 quatuor,
2706 4158 2828 4214 sive
2859 4158 3120 4227 chordae,
3175 4156 3397 4230 quibus
3452 4173 3632 4213 omne

210 4246 367 4301 ultra
398 4249 743 4319 quindecim
765 4256 869 4306 aut
914 4252 1059 4307 forte
1114 4253 1412 4309 sexdecim
1450 4255 1864 4323 extendantur,
1900 4253 1942 4305 D
1977 4256 2209 4307 constat
2235 4249 2700 4318 tetrachordum,
2729 4247 3035 4321 dispositae
3058 4248 3173 4303 hoc
3223 4250 3397 4303 erunt
3424 4246 3631 4316 modo,

212 4335 320 4390 sed
347 4335 462 4408 ipsi
496 4337 697 4405 iidem,
730 4340 833 4411 qui
886 4347 1025 4396 sunt
1060 4342 1327 4412 inferius,
1385 4348 1731 4415 repetuntur
1762 4363 1775 4412 ;
1813 4348 1869 4398 et

213 4424 330 4479 hoc
353 4441 467 4497 pro
500 4427 780 4483 varietate
802 4428 1145 4495 modorum,
1180 4430 1283 4502 qui
1314 4431 1436 4486 toni
1466 4448 1627 4487 nunc
1661 4433 1868 4506 appel-

211 4510 431 4583 lantur,
467 4519 528 4569 ut
556 4522 645 4571 est
669 4523 944 4572 autentus
977 4522 1182 4588 protus
1224 4524 1281 4574 et
1337 4521 1529 4576 caeteri
1561 4540 1573 4588 ;
1632 4525 1694 4576 ut
1724 4522 1869 4594 quia

218 4600 442 4657 scilicet
464 4618 586 4658 non
616 4620 827 4659 omnes
853 4606 930 4660 ab
961 4605 1095 4660 imis
1162 4607 1508 4679 eisdemque
1559 4609 1705 4664 locis
1733 4626 1871 4682 pos-

218 4694 358 4743 sunt
384 4690 586 4759 ordiri,
630 4708 665 4747 a
694 4708 1079 4764 quocumque
1129 4693 1435 4766 inceptum
1494 4697 1665 4752 fuerit
1709 4698 1872 4752 sufﬁ-

219 4777 471 4833 cientem
512 4781 931 4850 progrediendi
958 4782 1211 4853 reperiat
1258 4784 1619 4839 facultatem.

294 4867 556 4938 Denique
585 4868 822 4924 illorum
851 4869 981 4925 talis
1004 4876 1090 4925 est
1119 4870 1299 4925 etiam
1326 4871 1661 4942 dispositio,
1682 4880 1746 4929 ut
1769 4892 1875 4948 per

222 4960 453 5023 tonum,
483 4961 689 5011 tonum
736 4963 791 5013 et
839 4957 1243 5028 semitonium,
1292 4977 1502 5015 rursus
1558 4966 1670 5016 tres
1701 4966 1876 5016 tonos

221 5044 536 5099 continuos
589 5050 646 5100 et
696 5046 1079 5101 semitonium
1134 5063 1322 5119 usque
1376 5049 1456 5104 ad
1510 5056 1644 5105 octo
1698 5066 1876 5106 voces

223 5133 563 5199 scandatur,
587 5139 644 5189 et
672 5135 749 5190 ab
778 5135 909 5208 ipsa
946 5152 1150 5190 rursus
1172 5143 1381 5193 octava
1410 5139 1750 5211 incipiendo
1784 5157 1874 5195 su-

223 5222 419 5293 perior
445 5238 552 5294 per
580 5226 824 5278 eosdem
884 5225 1150 5280 similiter
1192 5227 1469 5282 metiatur
1516 5229 1739 5297 gradus
1797 5231 1876 5286 ad

225 5311 383 5366 hunc
411 5313 685 5379 modum,
713 5314 884 5382 cujus
914 5315 1259 5386 exemplum
1290 5317 1588 5387 praebetur
1618 5336 1689 5373 ex
1705 5321 1875 5375 otl‘er-

228 5400 374 5454 torio
404 5402 733 5471 Aug/culus
765 5404 1004 5457 Domini
1023 5404 1485 5459 descen——dit.
1524 5409 1708 5461 Locus
1770 5407 1875 5461 iste

228 5504 335 5561 pro
366 5489 502 5545 totis
529 5489 777 5545 vocibus
808 5507 986 5563 super
1017 5507 1079 5546 se
1100 5492 1327 5564 positis.

302 5580 418 5634 Hoc
446 5582 648 5635 autem
681 5583 803 5636 tam
825 5578 886 5634 in
916 5579 1030 5634 hac
1059 5596 1245 5652 quam
1282 5582 1574 5653 superiori
1628 5583 1878 5658 disposi-

1979 4342 2043 4394 ut
2073 4338 2264 4394 vicino
2298 4337 2412 4393 sibi
2443 4336 2692 4393 omnino
2739 4338 3004 4392 haereant
3051 4335 3265 4407 spatio,
3318 4340 3380 4390 ut
3432 4335 3634 4391 nullus

1976 4426 2252 4482 bidelicet
2278 4426 2429 4481 alius
2462 4441 2646 4480 sonus
2675 4425 2827 4480 inter
2856 4440 2958 4478 eas
3002 4422 3264 4490 legitime
3310 4423 3502 4495 possit
3548 4422 3636 4476 in-

1979 4514 2181 4570 tcrseri
2215 4533 2227 4581 ;
2262 4514 2367 4569 sed
2398 4529 2569 4582 sono,
2610 4519 2751 4568 tono
2799 4510 2894 4565 vel
2940 4509 3252 4565 semitonio
3305 4508 3632 4576 distabunt,

1979 4607 2037 4658 et
2074 4603 2166 4657 his
2213 4618 2456 4674 quoque
2508 4600 2657 4655 locis
2704 4596 3184 4671 competentibus
3226 4596 3454 4669 positis.
3501 4596 3636 4651 Haec

1980 4693 2287 4764 aequalitas
2312 4691 2443 4746 soni
2470 4689 2807 4762 quidquam
2834 4687 2945 4742 sivi
2968 4687 3028 4741 in
3055 4686 3137 4742 eis
3189 4686 3486 4755 defendet,
3532 4683 3639 4740 sed

1981 4783 2110 4852 lege
2171 4779 2499 4835 scandendi
2554 4794 2766 4834 omnes
2812 4794 2873 4830 se
2913 4776 3288 4848 superabunt
3337 4774 3636 4841 acumine,

1984 4878 2088 4928 aut
2113 4877 2267 4927 certe
2298 4869 2637 4941 depriment
2692 4867 3002 4936 gravitate.
3072 4867 3161 4921 Ad
3214 4865 3390 4921 unius
3436 4868 3639 4921 autem

1985 4962 2291 5033 exemplar
2322 4964 2674 5015 cezterorum
2706 4961 2894 5013 status
2931 4956 3446 5012 tetrachordorum
3498 4970 3641 5028 pro-

1985 5052 2157 5107 cedit.
2193 5052 2457 5115 Quorum
2490 5054 2690 5105 tamen
2722 5046 3237 5103 tetrachordorum
3281 5046 3641 5118 positionem
3698 5094 3713 5109 κ

1987 5140 2221 5197 Boetius
2246 5156 2282 5195 a
2313 5139 2564 5194 summis
2594 5136 2844 5192 vocibus
2871 5136 3127 5203 ordiens,
3159 5135 3392 5208 sibique
3414 5152 3484 5192 ea
3513 5152 3642 5191 mu-

1988 5237 2088 5287 tuo
2119 5244 2492 5302 supponens,
2516 5241 2702 5281 unam
2732 5224 2895 5280 velut
2932 5224 3298 5281 extrinsecus
3347 5223 3640 5280 chordam

1986 5319 2119 5375 loco
2151 5315 2600 5390 quintodccimo
2633 5312 2799 5369 addit
2827 5313 2886 5368 in
2917 5313 3161 5385 inﬁmis,
3189 5329 3381 5385 eaque
3409 5328 3516 5385 per
3550 5317 3639 5366 to-

1986 5423 2156 5476 num,
2180 5403 2916 5474 tonum,semitoniumque
2933 5402 3436 5469 distribuens,hoc
3456 5398 3641 5454 modo

1989 5496 2269 5564 diductaa,
2300 5496 2367 5548 ut
2394 5493 2451 5547 d.
2481 5508 2517 5547 ο
2550 5493 2858 5563 superiora
2886 5506 2993 5563 per
3022 5506 3209 5548 unam
3266 5504 3479 5545 vocem
3528 5484 3641 5540 sibi

1992 5598 2287 5654 connexa,
2328 5582 2407 5638 ab
2432 5580 2561 5637 aliis
2576 5580 2818 5637 duobus
2847 5579 3276 5652 superioribus,
3308 5592 3445 5648 quae
3477 5572 3639 5630 simi-
