3950 6178
177 144 280 200 917

1343 147 1434 201 DE
1474 145 1887 202 HARMONICA
1924 148 2430 207 INSTlTUTlONE.
2474 146 2481 147 ί

3486 153 3590 209 918

176 268 447 323 lenarum
480 282 643 322 nunc
672 266 785 322 hoc
814 283 976 324 nunc
1006 269 1106 326 illo
1150 271 1309 328 melo
1333 269 1590 347 reperies
1620 270 1827 326 decur-
1857 275 1902 327 Α
2008 277 2151 330 Item
2174 275 2281 345 (in)
2304 260 2844 347 antiphonazlE'cce
2859 278 2992 344 jam
3021 276 3200 330 venit.
3223 274 3592 346 diezeugme-

175 356 378 413 rentia.
413 355 716 411 Interdum
760 356 1008 429 quidem
1037 359 1305 431 quolibet
1333 376 1456 416 uno
1484 375 1693 415 eorum
1723 375 1829 431 per

180 463 240 502 se
268 444 457 502 melos
485 444 842 517 complente,
870 447 1197 521 aliquando
1226 449 1305 507 ab
1336 465 1458 505 uno
1486 449 1548 504 in
1576 448 1828 505 alterum

174 535 433 591 vicissim
462 534 716 603 reﬂexo;
750 538 816 590 ut
834 552 973 591 cum
996 536 1092 592 hic
1121 537 1269 594 forte
1298 538 1470 594 fuerit
1492 553 1830 609 synemme-

174 640 315 694 non,
337 623 641 680 relabatur
665 641 678 692 ;
711 625 883 695 cujus
904 626 1249 699 exemplum
1270 627 1560 700 praebebit
1580 642 1831 699 respon-

175 714 398 769 sorium
441 713 746 770 Nativitas
804 716 1081 785 gloriosa
1146 717 1403 787 Virginis
1459 717 1712 772 Mariae:
1767 716 1827 771 in

173 819 487 876 quousque
519 802 598 859 ad
627 802 710 868 id,
740 804 907 875 quod
936 805 1202 861 canitur:
1234 822 1310 861 ex
1344 806 1546 876 stirpe,
1572 820 1678 877 per
1707 805 1828 859 die-

173 908 545 962 zeugmenon
577 892 824 948 omnino
863 894 1150 965 procedit.
1198 896 1271 950 At
1299 895 1360 950 in
1391 895 1559 950 tertio
1602 898 1827 967 puncto

173 981 438 1053 syllabae,
467 999 603 1054 quae
626 987 716 1037 est
738 998 834 1051 pe.
867 983 971 1055 qui
1002 983 1084 1039 sic
1114 978 1438 1040 annotatur
1468 984 1612 1055 (619)
1645 984 1705 1039 in
1730 1001 1829 1056 sy-

168 1088 579 1128 nemmennon
620 1071 864 1128 inferius
892 1073 1268 1142 deducatur;
1309 1080 1549 1147 totaque
1580 1090 1823 1143 neuma,

168 1177 301 1233 qum
327 1164 416 1216 cst
444 1160 505 1215 in
543 1160 787 1216 nomine
832 1163 1050 1227 David,
1082 1177 1189 1234 per
1215 1178 1696 1236 synemmennon
1728 1179 1825 1218 ca-

168 1250 349 1307 nitur.
382 1254 525 1307 ltem
556 1250 617 1306 in
650 1251 924 1307 lntroitu:
957 1252 1185 1309 Statuit
1211 1254 1266 1308 ei
1292 1254 1597 1316 Dominus,
1621 1269 1827 1308 secun-

165 1338 313 1394 dum
346 1343 640 1411 punctum
684 1340 744 1395 in
775 1339 1011 1411 syllaba
1038 1347 1154 1406 sta,
1184 1340 1350 1413 quod
1380 1358 1416 1396 a
1444 1340 1640 1413 primo
1668 1357 1825 1414 pun-

167 1432 258 1483 cto
286 1428 498 1500 quinto
523 1427 699 1484 distat
718 1428 873 1499 loco,
894 1428 1060 1484 tertio
1086 1435 1310 1502 puncto
1340 1446 1580 1485 sursum
1605 1446 1712 1502 per
1732 1448 1827 1502 sy-

164 1533 531 1573 nemmenon
582 1518 928 1590 copulatur:
982 1522 1193 1591 estque
1236 1519 1617 1574 semitonium
1674 1519 1825 1574 inter

1936 376 2079 417 non.
2111 365 2424 433 plenitudo
2455 378 2914 435 synemmenon.
2948 356 3413 433 1%.Paganorum
3439 367 3592 420 mul-

1939 452 2147 508 titudo.
2170 453 2271 509 ubi
2302 457 2536 509 tantum
2560 452 2621 508 in
2646 451 2939 525 principio
2970 469 3160 524 usque
3192 452 3266 508 ad
3295 452 3592 525 syllabam

1940 547 2003 595 tu
2034 540 2505 612 diezeugmenon
2534 541 2805 609 ingresso
2825 540 3057 612 reliqua
3085 556 3279 612 usque
3301 541 3378 596 ad
3408 540 3591 597 tinem

1937 646 2373 701 synemmenou
2403 630 2723 686 reﬂexihus
2752 628 3116 685 moderatur.
3212 640 3219 657 '

2007 722 2139 775 Haec
2171 719 2349 789 igitur
2374 724 2512 775 sunt
2527 719 2794 791 quinque
2825 718 3203 775 tetrachorda
3232 718 3453 791 quibus
3474 719 3591 773 sin-

1938 807 2094 876 gulis
2120 808 2364 881 propria
2393 807 2721 880 artigraphi
2753 806 3002 862 nomina
3044 812 3438 879 apponentes,
3471 806 3590 879 pri-

1936 914 2106 953 mum
2137 914 2207 952 ex
2237 897 2351 968 his,
2379 898 2544 969 quod
2582 902 2638 952 et
2685 896 3111 966 gravissimum
3160 896 3251 951 vel
3288 896 3587 966 intimum,

1933 986 2204 1058 hypaton
2233 987 2379 1058 (620)
2411 985 2743 1041 secundum
2786 999 2995 1039 meson
3024 1002 3037 1052 ;
3082 983 3315 1038 tertium
3356 999 3592 1056 synem-

1935 1090 2178 1140 menon,
2207 1080 2492 1147 quartum
2535 1074 3028 1143 diezeugmenon,
3059 1071 3336 1144 quintum
3366 1072 3587 1143 hyper-

1930 1162 2165 1218 bolaeon
2185 1166 2705 1235 nuncupaverunt.
2736 1164 3006 1227 “Quorum
3037 1159 3302 1233 primum
3321 1176 3357 1216 θ.
3375 1159 3589 1233 princi-

1932 1250 2053 1322 pali
2079 1251 2304 1307 chorda
2332 1250 2525 1324 ipsius
2550 1249 2926 1311 tetrachordl,
2947 1265 3081 1321 quae
3102 1249 3325 1321 hypate
3352 1247 3585 1315 dicitur,

1933 1340 2267 1396 secundum
2314 1357 2351 1396 a
2396 1339 2596 1396 media
2651 1339 2831 1395 totius
2887 1338 3058 1393 seriei
3110 1354 3295 1405 mese,
3350 1337 3586 1393 tertium

1931 1434 2212 1501 quartum
2243 1435 2299 1485 et
2326 1430 2605 1502 quintum
2636 1446 2707 1484 ex
2747 1428 2992 1484 rationis
3025 1422 3459 1498 signiﬁcatione
3486 1443 3588 1481 vo-

1931 1518 2146 1575 cabula
2173 1519 2435 1574 trahunt.
2456 1522 2603 1575 Nam
2634 1532 3074 1591 synemmenon
3096 1517 3582 1587 coujunctarum;

163 1608 298 1680 ipsa
340 1607 464 1663 duo
494 1612 718 1679 puncta
764 1608 1101 1664 secundum
1146 1614 1204 1664 et
1234 1608 1489 1664 tertium.
1526 1612 1648 1664 lam
1680 1625 1823 1665 vero
1853 1624 1895 1676 Β
1930 1608 2401 1677 diezeugmenon
2442 1607 2793 1676 divisarum,
2825 1604 3255 1678 hyperbolaeon
3294 1603 3583 1660 excellen-

163 1696 398 1768 syllaba
426 1698 513 1751 Do
538 1697 597 1751 in
627 1696 1101 1767 diezeugmenon
1130 1714 1194 1753 se
1224 1699 1585 1767 subrigente,
1612 1715 1821 1755 rursus

162 1786 398 1859 syllaba
439 1787 524 1841 mi
567 1786 629 1841 in
680 1802 1126 1859 synemmenon
1154 1787 1308 1843 infra
1339 1787 1639 1843 relabitur.
1676 1792 1818 1843 Item

162 1876 395 1947 syllaba
426 1881 529 1931 tes.
578 1880 636 1930 et
676 1877 744 1945 fe
787 1892 1226 1947 synemmenon
1256 1876 1359 1932 ﬁt:
1407 1880 1463 1932 et
1484 1878 1553 1946 fa
1584 1877 1816 1933 diezeu-

160 1978 454 2031 gmenon;
513 1980 723 2020 rursus
777 1966 863 2021 mi
916 1981 1354 2037 synemmenon
1408 1965 1521 2021 sibi
1555 1965 1818 2024 vindicat

158 2052 516 2108 alternatim.

230 2142 415 2213 Cujus
446 2141 807 2198 tetrachordi
834 2143 1113 2216 exempla
1144 2160 1281 2199 cum
1312 2159 1419 2217 per
1442 2159 1654 2200 omnes
1682 2160 1815 2200 mo-

156 2230 269 2285 dos
296 2230 389 2286 vel
414 2236 587 2286 tonos
611 2248 674 2286 se
703 2231 1072 2304 frequentius
1098 2232 1371 2298 oﬂ‘erant,
1395 2236 1598 2287 tamen
1620 2234 1819 2304 praeci-

154 2336 277 2391 pue
304 2319 366 2374 in
391 2324 633 2375 autento
660 2319 775 2375 triti
800 2320 893 2375 vel
922 2321 1117 2393 plagis
1152 2323 1280 2391 ejus
1318 2321 1399 2376 ita
1430 2320 1652 2392 ubique
1680 2338 1816 2394 per-

153 2408 309 2481 spici
341 2412 613 2479 possunt,
647 2413 710 2463 ut
735 2408 828 2463 vix
859 2408 1105 2481 aliquod
1138 2408 1361 2463 malum
1390 2410 1450 2462 in
1473 2408 1555 2463 eis
1586 2409 1817 2482 absque

149 2496 380 2550 horum
408 2494 798 2566 permixtione
819 2497 1358 2559 tetrachordorum,
1380 2512 1817 2569 synemmenon

153 2584 380 2639 scilicet
404 2585 501 2654 (et)
534 2584 1003 2656 diezeugmenon
1031 2587 1379 2659 reperiatur.
1412 2586 1583 2650 Quod
1601 2587 1663 2642 in
1685 2588 1818 2661 ipsa

153 2671 384 2728 autenti
431 2671 545 2727 triti
586 2672 849 2729 melodia
888 2674 1146 2744 diligens
1204 2674 1460 2747 quisque
1510 2674 1816 2733 advertere

153 2759 370 2833 quibit.
399 2770 536 2832 quae
580 2761 661 2816 sic
708 2767 1067 2819 annotatur:
1120 2765 1212 2820 ΝΟ
1253 2766 1436 2819 ΕΑΝΕ
1479 2779 1820 2835 synemme-

155 2866 300 2906 non.
332 2848 832 2921 Diezeugmenon.

1930 1696 2078 1751 tium
2108 1697 2542 1768 interpretatur.

2000 1788 2068 1842 Ut
2094 1789 2295 1841 autem
2326 1784 2593 1857 plcnaria
2623 1798 2831 1839 eorum
2862 1782 3044 1838 series
3075 1780 3155 1837 ad
3179 1779 3583 1851 cognitionem

1925 1875 2155 1932 facilius
2199 1875 2419 1942 veniat,
2448 1875 2576 1945 jam
2626 1888 2786 1929 nunc
2831 1876 3185 1928 cunctarum
3230 1870 3482 1927 nomina
3510 1884 3583 1926 ex

1924 1965 2131 2021 ordine
2144 1964 2508 2021 chordarum
2521 1966 2659 2019 sunt
2678 1962 3041 2036 apponenda
3059 1979 3072 2029 ;
3102 1975 3362 2034 quarum
3372 1960 3582 2034 procul

1925 2053 2110 2111 dubio
2139 2068 2341 2121 sonos,
2366 2057 2592 2126 puncta
2619 2053 2681 2108 in
2706 2049 3115 2125 superioribus
3140 2049 3269 2120 jam
3311 2049 3580 2105 distincte

1922 2145 2120 2201 locata
2149 2140 2577 2205 ordinibus,ad
2608 2157 2831 2214 purum
2861 2139 3051 2197 redire
3083 2137 3576 2210 comprobantur.

1923 2232 2154 2287 Primus
2184 2235 2387 2287 tamen
2416 2230 2585 2297 ordo,
2624 2229 2728 2301 qui
2756 2228 2977 2284 scilicet
3014 2241 3121 2299 per
3169 2225 3575 2294 Semitonium,

1926 2325 2135 2376 tonum
2166 2323 2223 2374 et
2242 2323 2451 2373 tonum
2477 2312 3027 2389 progreditur,huic
3054 2312 3425 2386 dispositioni
3446 2328 3580 2386 pro-

1925 2407 2051 2480 prie
2101 2406 2423 2479 aptabitur.
2461 2404 2551 2461 Sic
2591 2405 2749 2459 enim
2801 2421 2836 2461 a
2864 2404 2992 2459 Viro
3023 2403 3355 2460 clarissimo
3382 2402 3577 2458 Boetio

1924 2501 2054 2553 rata
2082 2512 2290 2552 eorum
2317 2494 2648 2552 contexitur
2677 2492 3025 2550 modulatio.
3062 2494 3208 2549 Sunt
3244 2491 3421 2563 igitur
3447 2490 3576 2547 haec

1924 2586 2175 2642 nomina
2203 2584 2548 2658 quindecim
2581 2599 2891 2649 sonorum,
2910 2582 3142 2655 absque
3165 2580 3457 2637 duntaxat
3482 2596 3578 2653 sy-

1923 2691 2291 2733 nemmenon
2342 2675 2750 2743 tetrachordo;
2809 2673 2909 2731 illo
2968 2673 3127 2731 enim
3181 2671 3577 2728 annumerato

1924 2764 2257 2823 octodecim
2282 2764 2615 2843 redduntur
2644 2768 2815 2834 (621).

904 3031 950 3082 Α
1026 3030 1065 3083 F
1146 3028 1822 3104 Proslambanomenos,
1850 3034 1947 3090 vel
1973 3033 2409 3091 Prosmelodos.

1369 3122 1586 3177 Tonus.

902 3192 960 3295 η
1030 3212 1068 3258 Γ
1142 3208 1370 3279 Hypate
1400 3208 1692 3283 hypaton.

1370 3299 1782 3357 Semitonium.

243 3391 443 3444 Unum
472 3387 816 3444 Tetrachor-
904 3389 945 3444 C
1020 3394 1054 3439 Β
1136 3390 1430 3460 Parypate
1467 3388 1759 3461 hypaton.

406 3476 576 3534 dum.
1371 3479 1591 3534 Tonus.

935 3564 952 3635 )
1031 3567 1068 3621 F

1362 3656 1583 3710 Tonus.
1634 3666 1642 3671 '

902 3834 944 3887 Ε
1030 3836 1071 3882 Π

1368 3921 1780 3979 Semitonium.

160 4011 501 4070 Secundum
528 4010 868 4068 Tetrachor-
899 4012 938 4066 F
1021 4011 1061 4067 C

403 4100 573 4157 dum.
1365 4103 1584 4157 Tonus.

898 4188 1070 4242 GM

1362 4281 1584 4338 Tonus.

897 4380 934 4421 a
1015 4364 1036 4421 l
1133 4367 1302 4423 Mese.

1359 4548 1582 4601 Tonus.

893 4664 953 4765 η
1027 4677 1073 4720 r:
1137 4671 1471 4740 Paramese,

200 4786 488 4850 Quartum
516 4782 857 4839 Tetrachor-
1356 4776 1767 4835 Semitonium.

432 4871 600 4927 dum.
892 4886 926 4927 α
1012 4877 1059 4923 Θ
1132 4866 1280 4925 Trite
1311 4863 1807 4937 Diezeugmenon.

1360 4953 1587 5012 Tonus.

892 5050 1059 5107 dU

1353 5142 1571 5196 Tonus.

220 5356 369 5425 (619)
407 5355 691 5412 Hic'notae
718 5355 781 5411 in
808 5356 920 5413 MS.

221 5424 368 5499 (620)
407 5431 448 5484 Ι.
474 5430 767 5500 Hypatou.
840 5496 855 5500 _
918 5430 957 5484 C
985 5424 1033 5500 _D
1064 5428 1126 5500 E.
1156 5427 1472 5500 II.AMeson.
1504 5426 1545 5479 E
1576 5427 1613 5480 Ρ
1638 5426 1701 5480 G.
1729 5439 1789 5480 a.

159 5500 242 5555 Ill.
278 5496 744 5572 synemmenon.
776 5514 814 5555 a
840 5496 881 5553 b
906 5514 937 5554 c
967 5496 1027 5554 d.
1056 5499 1141 5555 IV.
1176 5498 1674 5567 Diezeugmenon.

1069 5584 1107 5626 a

157 5655 188 5695 c
214 5640 254 5697 d
280 5658 331 5699 e.
364 5645 427 5700 V.
454 5641 913 5716 Hyperbolmon.
945 5656 978 5698 e
1004 5639 1032 5697 f
1057 5656 1096 5712 g
1122 5656 1178 5699 θ..

1143 3564 1435 3621 Lichanos
1465 3565 1759 3638 hypaton.
1793 3565 1894 3621 Hic
1921 3568 2199 3622 autentus
2227 3567 2435 3638 protus
2462 3580 2602 3620 cum
2628 3579 2740 3621 suo
2771 3561 3073 3633 subjugali
3100 3560 3322 3618 ﬁnitur.

1145 3832 1372 3903 Hypate
1402 3847 1636 3889 meson.
1670 3831 1776 3888 Hic
1800 3834 2078 3889 autentus
2106 3830 2386 3887 deuterus
2416 3843 2555 3884 cum
2587 3843 2720 3885 suo.

1136 4012 1427 4082 Parypate
1453 4026 1685 4068 meson.
1720 4011 1822 4068 Hic
1850 4012 2127 4068 autentus
2152 4009 2321 4066 tritus
2349 4022 2489 4065 cum
2515 4021 2650 4063 suo.

1133 4187 1425 4245 Lichanos
1452 4204 1684 4246 meson.
1718 4188 1824 4246 Hic
1852 4189 2128 4247 autentus
2157 4186 2421 4245 tetardus
2449 4196 2590 4242 cum
2620 4198 2753 4243 suo.

1132 5049 1417 5107 Paranete
1448 5045 1943 5119 Diezeugmenon.

2000 5350 2125 5423 621)
2150 5352 2425 5423 sequitur
2437 5350 2535 5408 hic
2561 5350 2624 5405 in
2640 5348 2846 5406 codice
2873 5346 3093 5423 tabello
3123 5350 3397 5406 omnium
3421 5355 3555 5407 octo

1955 5421 2383 5502 iﬂ‘erentiarum
2393 5426 2722 5502 consuetas
2736 5421 2976 5477 vocales
2986 5423 3342 5502 sgculomm
3357 5431 3551 5502 apter},

1902 5494 2222 5576 praeposito
2270 5494 2511 5576 cuilibet
2538 5492 2883 5576 antiphonm
2912 5492 3007 5549 vel
3029 5492 3550 5576 ﬁespon‘so‘rii‘ini-

1908 5563 2009 5631 tio,
2029 5563 2094 5638 et
2116 5583 2128 5619 :
2160 5566 2328 5638 quod
2355 5563 2972 5638 schemaoinittimus,
2990 5563 3138 5621 alias
3150 5563 3238 5621 ob
3253 5563 3548 5619 defectum

1902 5635 2247 5696 netularuin
2268 5636 2417 5696 nulli
2437 5636 2571 5694 usui
2594 5635 2884 5693 futurum.
