4000 6190
449 138 553 191 919
1082 137 1437 196 HUCBALDI
1484 144 1647 199 MON.
1694 146 1748 201 S.
1792 146 2063 202 AMANDI
2102 147 2257 204 OPP.
2301 153 2482 213 PARS
2524 160 2587 214 ll.
2631 192 2698 199 —
2737 163 3232 222 MlSCELLANEA.

1196 277 1227 316 e
1301 267 1345 320 N
1421 269 1559 323 Nete
1591 268 2085 339 Diezeugmenon.

558 348 843 412 Quintum
859 349 1196 405 Tetrachor-
1631 358 1912 414 Semitoni
1922 376 2041 415 um.

786 438 955 493 dum.
1038 450 1051 461 ‘
1303 461 1344 516 y
1418 447 1569 503 Trite
1603 448 2064 521 Hyperbolieon.

1624 539 1841 592 Tonus.

1303 624 1346 676 ll
1423 625 1705 681 Paranete
1742 626 2178 698 Hyperboleeon

553 698 808 755 Tertium
854 704 1200 761 Tetrachor-
1633 712 1851 769 'l‘onus.

3687 192 3768 244 920

785 790 953 846 dum.
1304 815 1343 870 y
1419 802 1555 856 Nete
1587 802 2044 874 Hyperbolaeon.

1328 887 1349 941 1
1422 890 1594 945 Mese.

1408 977 1556 1033 Trite
1587 980 2055 1051 Synemmenon.

1619 1069 1835 1123 Tonus.

626 1142 1116 1212 Syneugmenon.
1300 1151 1348 1205 U
1422 1154 1706 1210 Paranete
1740 1157 2208 1228 Synemmenon.

1617 1246 1837 1300 Tonus.

1407 1333 1546 1386 Nete
1591 1334 2061 1404 Synemmenon.

519 1462 942 1537 Unusquisque
992 1471 1170 1524 tonus
1202 1477 1479 1529 autentus
1518 1491 1554 1531 a
1581 1493 1689 1533 suo
1717 1478 1881 1534 ﬁnali
1912 1496 2101 1552 usque
2134 1487 2179 1537 A
2217 1495 2474 1551 tervallis
2537 1502 2816 1557 tonorum
2906 1505 2991 1560 vel

444 1550 504 1606 in
532 1566 763 1605 nonum
794 1568 1012 1609 sonum
1041 1559 1328 1617 ascendit.
1363 1564 1675 1620 Descendit
1703 1573 1903 1623 autem
1933 1569 1992 1624 in
2025 1570 2099 1623 si-

442 1639 506 1695 bi
534 1638 815 1706 vicinum,
850 1646 906 1697 et
952 1643 1282 1716 aliquando
1322 1651 1399 1706 ad
1446 1653 1848 1726 semitonium,
1886 1658 1974 1712 vel
2023 1658 2099 1714 ad

445 1726 703 1782 tertium.
735 1727 928 1818 Plagis
960 1732 1026 1802 (ι.
1059 1733 1316 1808 Plagius)
1348 1744 1548 1796 autem
1603 1758 1797 1814 usque
1828 1745 1887 1800 in
1919 1761 2098 1818 quar-

446 1819 573 1870 tum
603 1815 977 1875 descendens
1005 1821 1084 1877 ad
1109 1824 1389 1896 quintum
1418 1832 1705 1886 ascendit.

518 1903 691 1968 Quod
718 1904 767 1959 si
803 1905 1101 1965 inseratur
1149 1929 1589 1984 synemmenon
1636 1923 2099 1989 tetrachordum,

447 1992 621 2061 cujus
647 1991 818 2048 locus
869 2000 955 2051 est
984 1997 1137 2055 inter
1164 2016 1370 2058 mesen
1419 2010 1476 2065 et
1516 2022 1904 2079 paramesen:
1960 2016 2099 2067 tunc

443 2085 582 2145 post
605 2096 814 2137 mesen
840 2082 1202 2144 locabuntur
1243 2091 1335 2146 has
1366 2098 1483 2149 tres
1523 2096 1637 2152 hoc
1668 2098 1896 2155 ordine.
1930 2103 2098 2157 Mese.

444 2167 593 2224 Trite
623 2185 1083 2241 synemmenon.
1133 2180 1416 2238 Paranete
1463 2200 1922 2255 synemmenon.
1966 2193 2101 2245 Nete

446 2272 907 2328 synemmenon.
944 2263 1006 2317 In
1036 2266 1259 2337 quibus
1288 2286 1411 2328 una
1441 2276 1695 2343 tantum,
1719 2277 1833 2332 hoc
1860 2282 1948 2334 est
1974 2279 2101 2335 trite

444 2361 905 2418 synemmenon,
963 2352 1268 2413 diversum
1322 2376 1359 2415 a
1412 2363 1819 2433 superioribus
1878 2367 2104 2424 obtinet

445 2450 684 2493 sonum.
727 2441 876 2494 Nam
926 2449 1209 2514 paranete
1250 2465 1688 2520 synemmenon
1715 2457 1949 2529 eadem,
1980 2474 2103 2531 qua

442 2524 572 2580 trite
628 2525 1120 2600 diezeugmenon,
1173 2538 1475 2595 resonabit
1529 2558 1708 2611 voce;
1754 2546 2102 2603 nominibus

443 2613 604 2669 enim
634 2619 868 2672 tantum
899 2618 1281 2695 discrepant:
1327 2629 1431 2684 sed
1461 2637 1705 2703 propter
1732 2635 1847 2691 hoc
1877 2636 2100 2692 adscri-

440 2701 684 2791 buntur,
717 2705 859 2777 quia
907 2710 1184 2781 quotiens
1224 2701 1805 2791 melumiqu—odlibet
1832 2724 1913 2781 ita
1941 2741 2101 2781 com-

439 2790 703 2863 ponitur,
736 2792 819 2850 ita
860 2799 923 2852 ut
973 2803 1110 2871 post
1147 2817 1353 2859 mesen
1402 2790 1805 2880 semiton’ium,
1840 2815 2015 2869 totius
2047 2820 2101 2870 et
2130 2834 2173 2886 Β

440 2881 619 2937 totius
665 2882 814 2940 ﬁant
860 2903 1099 2945 sursum
1132 2908 1359 2962 versus,
1396 2897 1729 2973 eodemque
1762 2907 1963 2960 tenore
1993 2922 2100 2979 per

438 2974 670 3038 tonum,
728 2975 936 3029 tonum
995 2980 1052 3032 et
1099 2981 1481 3040 semitonium
1535 3004 1725 3062 usque
1774 2992 1851 3047 ad
1899 2994 2097 3065 ipsam

441 3074 651 3114 mesen
690 3060 1002 3129 redeatur;
1055 3082 1299 3125 necesse
1344 3079 1449 3143 est,
1493 3081 1559 3131 ut
1606 3060 1712 3133 suo
1742 3082 1985 3139 nomine
2020 3090 2096 3138 te-

438 3148 762 3205 trachordo
786 3160 1137 3225 nuncupato
1166 3158 1399 3217 dicatur
1428 3164 1761 3235 decurrere,
1792 3172 1958 3242 quod
1989 3189 2095 3228 vo-

439 3239 607 3290 catur
648 3254 1107 3312 synemmenon,
1139 3246 1198 3302 id
1249 3254 1360 3318 est,
1393 3255 1754 3327 conjectum,
1786 3260 1930 3331 quia
1958 3279 2097 3318 cum

438 3339 602 3380 mese
644 3340 752 3397 per
822 3329 1206 3390 semitonium
1256 3338 1547 3411 jungitur.
1616 3329 1898 3410 Quotiens
1956 3366 2097 3407 vero

436 3416 574 3483 post
598 3429 806 3470 mesen
836 3417 959 3473 toni
983 3418 1297 3480 intervallo
1331 3427 1575 3487 diducto
1607 3449 1642 3488 a
1668 3450 1986 3506 paramese
2014 3445 2097 3495 te-

438 3501 826 3559 trachordum
876 3521 1067 3580 usque
1106 3508 1168 3565 in
1220 3520 1398 3570 neten
1450 3501 1925 3591 diezeugmenon
1966 3544 2101 3600 pro-

436 3588 685 3660 vehitur,
745 3591 863 3649 alio
914 3595 1114 3668 ipsum
1184 3604 1631 3664 tetrachordum
1668 3588 2098 3684 voportetmo—

433 3677 595 3733 mine
651 3681 959 3755 appellari,
993 3685 1055 3742 id
1111 3694 1222 3760 est,
1261 3691 1752 3770 diezeugmenon,
1789 3706 1952 3775 quod
2008 3712 2097 3762 est

433 3765 805 3837 disjunctum
830 3790 842 3838 ;
872 3775 1017 3845 quia
1044 3776 1198 3833 inter
1227 3797 1430 3839 mesen
1458 3791 1514 3841 et
1534 3803 1889 3860 paramesen
1921 3799 2094 3851 tonus

432 3854 779 3914 distantiam
804 3860 961 3919 facit.

505 3956 552 4007 Α
582 3956 856 4027 supernis
884 3958 1065 4028 igitur
1093 3966 1301 4023 ordine
1325 3977 1568 4045 sumpto
1589 3980 1680 4032 est
1704 3994 1891 4034 unum
1929 3985 2096 4039 tetra-

434 4038 729 4100 chordum
761 4059 797 4099 a
824 4051 956 4102 nete
986 4038 1418 4132 hyperbolaeon
1447 4038 1644 4134 usque
1675 4064 1736 4120 in
1766 4072 1943 4124 neten
1974 4071 2097 4126 die-

433 4142 806 4230 zeugmenon
832 4149 844 4187 :
875 4134 1040 4198 aliud
1052 4154 1197 4205 vero
1218 4144 1297 4200 ab
1318 4146 1453 4225 ipsa
1467 4155 1601 4223 nete
1622 4152 2093 4231 diezeugmenon
2120 4186 2167 4237 Cr

650 4547 657 4552 _
1020 4547 1050 4566 Ἰ
1066 4547 1123 4551 ,s-
1176 4547 1558 4575 --.Ἶνμευιυιυ
1591 4547 1831 4567 νυυοιαι
1860 4547 1940 4569 υιι
1956 4547 2084 4570 uul-

427 4576 549 4643 que
575 4569 744 4645 tono,
770 4580 912 4660 tono
938 4585 995 4637 et
1015 4585 1634 4666 Semitonio,quorum
1652 4599 1784 4665 talis
1808 4607 1897 4658 est
1915 4604 2084 4662 ordo.

428 4672 465 4714 a
505 4659 604 4714 .vel
639 4660 678 4717 d
710 4659 1352 4742 Nete‘hyperbolteon.
1389 4659 1617 4737 H‘onus.
1670 4664 1673 4665 ν
1702 4722 1703 4729 η

426 4760 468 4851 ς
621 4766 677 4851 lg
704 4753 1474 4851 Earanetehyperbolaeon.
1552 4758 1791 4851 Ton'us;
1850 4806 1877 4851 ,ι

422 4834 463 4890 ί·
619 4824 678 4919 η
705 4840 855 4898 Trite
880 4824 1331 4919 hyperbblaeon.
1367 4824 1793 4921 Semitas—xiiii";

423 4938 456 4979 e
623 4942 671 5011 la
700 4930 837 4987 Nete
866 4931 1355 5009 diezeugmenon.
1395 4947 1523 5000 Haec
1555 4950 1893 5010 communis
1921 4960 2079 5019 futro-

446 5040 449 5043 ι
623 5006 627 5011 ’
710 5045 714 5049 ι
778 5035 1056 5095 rumque.
1080 5006 1101 5009 τ
1824 5030 1829 5087 ἶ

421 5098 464 5154 d
628 5119 668 5174 g
695 5105 981 5167 Paranete
1011 5113 1500 5189 diezeugmenon.
1543 5128 1758 5185 Tonus.
1854 5119 1857 5122 ⁴

421 5202 454 5243 c
642 5192 670 5248 f
693 5196 841 5253 Trite
868 5198 1360 5274 diezeugmenon.
1438 5213 1654 5270 Tonus.

415 5276 477 5381 ἤ
629 5315 662 5356 e
690 5304 1026 5364 Paramese.
1106 5311 1516 5379 Semitonium.

489 5385 583 5443 Ab
596 5387 689 5445 his
714 5397 915 5450 autem
931 5394 1125 5457 divisa
1144 5400 1265 5459 duo
1279 5404 1559 5469 inferiora
1577 5413 1805 5475 eisdem
1822 5429 1964 5479 sunt
1984 5424 2070 5480 in-

483 5599 633 5674 (622)

3059 1508 3498 1568 semitoniorum
3552 1515 3753 1575 discreta
3770 1506 3781 1553 ἶ

2213 1588 2418 1655 estque
2447 1603 2656 1656 unum,
2689 1593 2852 1662 quod
2903 1601 2960 1649 et
3012 1598 3265 1664 tertium,
3299 1617 3334 1655 a
3376 1617 3525 1657 mese
3567 1621 3719 1678 usque
3740 1610 3779 1663 in

2213 1672 2435 1744 hypate
2466 1692 2696 1733 meson.
2733 1680 2901 1736 Aliui
2953 1691 3253 1756 quartum,
3289 1688 3496 1744 scilicet
3524 1692 3590 1746 al)
3619 1672 3797 1767 hypate

2214 1775 2422 1816 meson
2472 1780 2680 1820 rursus
2727 1767 2785 1822 in
2842 1769 3064 1843 hypate
3109 1774 3395 1846 hypaton.
3429 1780 3657 1851 Suntque
3692 1784 3780 1838 hac

2212 1848 2363 1904 inter
2393 1868 2454 1906 se
2491 1855 2810 1925 conjuncta
2841 1858 2955 1914 hoc
2988 1861 3187 1919 modo.

2249 1953 2287 2006 g
2432 1944 2596 1997 Mese.
3124 1952 3347 2010 Tonus.

2249 2026 2273 2081 f
2428 2030 2717 2088 Lichanos
2748 2051 2977 2093 meson.
3122 2043 3339 2096 'l‘onus.

2247 2131 2278 2171 e
2427 2121 2714 2193 Parypate
2747 2141 2974 2182 meson.
3126 2130 3524 2187 Semitonium.

2248 2204 2288 2260 d
2436 2208 2729 2267 Lichauos
2756 2213 3047 2287 hypaton.
3125 2221 3343 2276 'l‘onus.

2248 2311 2279 2349 c
2425 2297 2695 2370 hypaton
2842 2308 3060 2362 'l‘onus.
3129 2310 3260 2363 Haec
3317 2315 3628 2366 communis
3672 2318 3785 2366 utro-

3171 2416 3447 2475 rumque.

2425 2479 2719 2554 Parypate
2756 2483 3047 2558 hypaton.
3128 2491 3529 2548 Semitonium.

2247 2580 2283 2619 a
2426 2568 2646 2640 hypate
2686 2571 2974 2645 hypaton.
3122 2580 3342 2635 Tonus.

2283 2665 2485 2720 Restat
2530 2666 2708 2738 igitur
2758 2672 3421 2748 Proslambanomenos,
3448 2695 3615 2751 quam
3655 2695 3784 2749 supe-

2210 2749 2507 2808 radditam
2552 2771 2663 2827 pro
2712 2759 2939 2816 ratione
2995 2761 3090 2817 bis
3146 2764 3441 2838 diapason
3468 2749 3785 2838 symphoniae

2212 2841 2443 2896 Boetius
2473 2842 2751 2902 afﬁrmat.
2790 2848 2888 2905 Sin
2919 2857 3120 2908 autem
3168 2854 3279 2911 tria
3318 2855 3661 2912 tetrachorda
3684 2870 3785 2909 con-

2202 2928 2412 2998 juncta
2444 2932 2713 3001 velimus,
2741 2944 2997 3008 ponetur
3020 2958 3459 3012 synemmenon
3481 2945 3613 2999 inter
3634 2958 3783 2998 mesen

2208 3022 2263 3073 et
2291 3034 2668 3090 paramesen,
2697 3023 2771 3080 de
2814 3043 2937 3099 quo
2988 3042 3173 3102 supra
3212 3032 3468 3089 ubertim
3495 3033 3686 3087 dictum
3709 3036 3784 3084 est.

2210 3107 2349 3162 Soni
2375 3115 2575 3166 autem
2604 3114 2817 3170 harum
2846 3120 3195 3177 earumdem
3227 3124 3579 3179 chordarum
3594 3123 3697 3192 jam
3721 3137 3787 3173 ευ·

2205 3197 2408 3267 perius
2438 3200 2680 3257 abunde
2733 3212 2875 3263 sunt
2920 3207 3242 3272 distributi.
3274 3212 3378 3267 ubi
3420 3211 3615 3267 scilicet
3638 3224 3786 3263 exem-

2206 3285 2376 3357 plum
2404 3289 2737 3361 primarum
2768 3311 2988 3353 vocum
3023 3305 3287 3371 quatuor
3325 3318 3394 3357 ex
3425 3299 3655 3356 melodia
3677 3295 3786 3369 proli

2205 3377 2429 3432 autenti
2460 3380 2791 3450 posuimus,
2825 3384 2883 3439 id
2916 3390 3021 3442 est.
3056 3389 3158 3445 No.
3190 3393 3292 3447 Ne.
3323 3406 3421 3447 no.
3449 3403 3505 3464 y.

2276 3473 2680 3547 Interpretatio
2733 3488 2933 3538 autem
2978 3484 3196 3541 horum
3242 3489 3550 3544 nominum
3590 3486 3785 3541 succinis

2204 3562 2451 3632 quidem
2478 3582 2515 3621 a
2537 3568 2733 3623 Boetio
2761 3575 3032 3641 attracta,
3060 3574 3302 3647 planius
3326 3582 3518 3633 autem
3540 3575 3786 3633 Martianus

2204 3653 2566 3723 exsequitur.
2623 3658 3260 3720 Pioslumbanomenos
3321 3666 3644 3738 acquisitus,
3682 3676 3786 3733 quo-

2202 3737 2363 3793 niam
2397 3747 2531 3812 post
2565 3759 2776 3800 omnes
2818 3749 2909 3803 hic
2958 3749 3196 3806 additus
3231 3759 3321 3808 est
3352 3737 3577 3809 nervus.
3608 3752 3785 3819 Hypale

2203 3828 2401 3895 gravis
2456 3831 2549 3886 vel
2600 3834 2969 3907 principalis,
3021 3848 3316 3912 parypate
3373 3843 3512 3912 (622;
3562 3844 3781 3912 hypaton.

2200 3916 2498 3974 LiC/tanOS
2523 3935 2544 3974 .’
2594 3922 2738 3993 quia
2772 3926 2969 3981 Graece
3014 3927 3193 3983 index
3225 3930 3448 3998 digitus
3479 3930 3557 3984 sic
3582 3925 3785 3983 nomina-

2202 4008 2330 4069 tur;
2364 4011 2419 4061 et
2448 4007 2505 4062 in
2535 4010 2779 4079 cithara,
2815 4014 2859 4068 si
2892 4016 3145 4072 minimo
3173 4019 3365 4088 digito
3392 4018 3627 4092 primam
3661 4016 3784 4069 chor-

2200 4092 2366 4155 dam.
2418 4112 2553 4167 quae
2609 4105 2696 4155 est
2742 4102 3420 4173 proslambanomenos,
3453 4114 3659 4175 tangas,
3696 4103 3785 4173 ips”

2201 4180 2378 4237 index
2423 4183 2499 4238 ad
2546 4202 2679 4243 eam
2721 4190 3009 4247 chordam
3052 4194 3229 4260 venit,
3265 4196 3401 4250 ideo
3446 4198 3567 4269 ipsa
3602 4206 3785 4265 quoque

2075 4280 2094 4289 ‘
2200 4270 2312 4325 hoc
2359 4288 2581 4329 nomen
2631 4279 2834 4334 sortita
2877 4283 3171 4338 est.1llese
3218 4286 3482 4340 medium
3522 4280 3781 4351 signiﬁcat:

2194 4633 2325 4684 nete
2358 4629 2531 4700 juxta
2573 4638 2769 4689 neten.
2804 4636 2998 4693 Primo
3047 4645 3251 4694 autem
3303 4637 3663 4696 solummodo
3685 4640 3783 4688 octo

2192 4716 2429 4774 chordae
2456 4720 2695 4778 fuerunt
2718 4724 2810 4779 his
2839 4727 3187 4783 nominibus
3213 4747 3227 4783 :
3263 4730 3506 4802 hypate,
3533 4728 3782 4800 par)?“-

2188 4804 2476 4875 lichanos,
2524 4826 2706 4882 mese,
2757 4828 3096 4885 paramese,
3152 4818 3303 4884 trite,
3358 4818 3780 4891 paranetc,nete.

2069 4896 2093 4902 ”
2164 4897 2269 4949 νΕΧ
2298 4898 2388 4953 his
2426 4904 2637 4970 postea
2675 4900 2823 4957 dum
2855 4919 3179 4961 nervorum
3221 4909 3409 4963 crevit
3450 4904 3783 4976 adjectio.ea.

2185 5000 2321 5057 quae
2370 4987 2527 5044 dicta
2575 4992 2867 5063 superius,
2920 5002 3057 5051 sunt
3110 4999 3478 5053 chordarum
3528 4992 3784 5086 substituti!

2189 5074 2516 5132 vocabula:
2562 5078 2636 5133 de
2675 5095 2933 5151 quarum
2982 5083 3326 5139 inventione
3382 5084 3469 5141 vel
3515 5079 3785 5171 adjectionft

2182 5163 2417 5234 plenius
2457 5176 2637 5224 nosse
2668 5169 2967 5227 volentem
3017 5174 3249 5245 primus
3284 5174 3634 5231 harmonicaa
3657 5168 3785 5222 discn-

2181 5251 2360 5323 plinae
2390 5254 2538 5311 liber
2569 5258 2752 5313 Boetii
2775 5259 3116 5329 diligentius
3144 5263 3441 5319 instruere
3470 5259 3676 5335 poterit.

2252 5344 2417 5398 Nunc
2430 5345 2504 5399 ad
2521 5350 2691 5402 notas
2704 5349 3128 5423 musicas,quae
3144 5353 3469 5425 unicuique
3481 5347 3781 5406 chordarum

2178 5431 2467 5502 appositae
2483 5449 2604 5489 non
2616 5436 2934 5494 minimum
2947 5439 3228 5497 studiosis
3240 5440 3519 5498 melodiae
3529 5432 3784 5495 conferunt

674 5603 919 5666 Videtur
946 5614 1161 5692 hiatus,
1194 5625 1344 5684 forte
1383 5626 1465 5685 ita
1490 5631 1900 5726 supplendus;
1938 5640 2251 5718 Parypate
2270 5644 2449 5714 juxta
2475 5654 2719 5720 ypaten,
2750 5650 2842 5707 vel
2872 5651 3288 5726 principalem.
