3950 6178
185 151 283 209 921

1352 154 1440 207 DE
1478 148 1895 206 HARMONICA
1933 146 2438 204 INSTITUTIONE.

3505 145 3608 199 922

183 275 465 341 fructum,
499 275 649 330 ordo
680 280 962 331 vertatur.
998 276 1099 331 Hae
1126 279 1327 333 autem
1358 275 1437 331 ad
1451 275 1610 330 hanc
1633 272 1846 329 utilita-
1884 278 1929 327 Α
2030 276 2092 326 In
2131 273 2244 327 hac
2273 272 2492 327 autenti
2526 271 2681 343 proti
2712 270 2928 325 usitata
2978 265 3257 334 melodia,
3284 281 3407 338 qua
3436 284 3469 320 ιι
3500 281 3607 321 no-

186 369 307 420 tem
338 369 478 419 sunt
506 370 774 437 repertae,
803 370 868 420 ut
897 365 1047 421 sicut
1071 381 1179 437 per
1199 365 1421 421 litteras
1443 380 1621 419 voces
1650 368 1704 418 et
1729 362 1847 416 dis-

186 454 500 510 tinctiones
530 455 855 511 verborum
883 458 1398 526 recognoscuntur
1427 456 1485 509 in
1519 453 1759 525 scripto,
1786 456 1847 507 ut

187 541 423 596 nullum
474 541 769 612 legentem
821 543 1008 599 dubio
1054 542 1261 599 fallant
1305 541 1570 612 judicio;
1627 538 1710 593 sic
1740 551 1847 609 per

187 630 298 686 has
325 646 505 687 omne
535 631 762 687 melum
793 637 1169 694 annotatum,
1204 632 1380 687 etiam
1415 630 1543 685 sine
1574 629 1843 693 docente,

188 724 515 792 postquam
575 721 761 776 semel
804 721 1055 790 cognitae
1108 720 1345 786 fuerint,
1396 718 1588 774 valeat
1633 716 1848 770 decan-

191 808 320 864 tari.
382 809 552 874 Quod
602 809 696 863 his
737 811 912 872 notis,
968 826 1122 882 quas
1168 825 1329 864 nunc
1383 824 1527 862 usus
1582 803 1843 868 tradidit,

188 912 445 970 quaeque
525 914 634 970 pro
685 898 955 954 locorum
1009 897 1286 954 varietate
1342 894 1592 951 diversis
1638 891 1849 948 nihilo-

189 980 391 1036 minus
473 981 886 1038 deformantur
969 981 1198 1052 ﬁguris,
1260 980 1540 1053 quamvis
1610 977 1689 1033 ad
1744 974 1847 1031 ali-

187 1070 336 1141 quid
385 1072 635 1143 prosint,
693 1072 1192 1129 remunerationis
1276 1069 1615 1125 subsidium
1681 1065 1848 1122 mini-

188 1176 285 1215 me
358 1164 556 1231 potest
633 1161 974 1232 contingere
1031 1178 1043 1215 :
1096 1161 1318 1215 incerto
1397 1158 1557 1213 enim
1613 1170 1849 1227 semper

187 1248 489 1303 videntem
550 1248 780 1304 ducunt
832 1249 1101 1319 vestigio,
1159 1253 1391 1320 utputa,
1446 1246 1490 1301 si
1547 1245 1847 1316 adjectam

189 1336 515 1392 formulam
558 1337 866 1410 respicias.

260 1424 530 1479 77!.JL

196 1598 201 1605 _
264 1534 494 1586 AEVIA.
547 1532 802 1587 Primam
856 1532 1017 1588 enim
1048 1532 1320 1587 notulam
1352 1548 1487 1586 cum
1522 1529 1849 1601 aspexeris,

191 1636 329 1693 quae
360 1634 487 1675 csse
537 1619 774 1675 videtur
825 1620 1053 1689 elatior,
1106 1620 1367 1692 proferre
1402 1636 1536 1674 eam
1566 1633 1849 1689 quocum-

192 1724 311 1780 que
370 1710 528 1764 vocis
585 1726 730 1764 casu
788 1708 956 1765 facile
1009 1708 1251 1780 poteris.
1291 1706 1627 1763 Secundam
1686 1720 1847 1769 vero,

193 1812 381 1868 quam
412 1797 767 1868 pressiorem
810 1797 1083 1863 attendis,
1132 1812 1271 1851 cum
1308 1794 1516 1867 primre
1570 1792 1851 1864 copulare

194 1885 520 1957 quiesieris,
554 1902 823 1957 quonam
872 1885 1056 1941 modo
1084 1885 1145 1939 id
1177 1884 1381 1954 facias,
1410 1888 1607 1937 utrum
1656 1879 1853 1935 videli-

194 1980 286 2030 cet
316 1991 437 2030 uuo
471 1976 561 2031 vel
608 1975 850 2030 duobus
906 1979 1010 2031 aut
1065 1980 1219 2030 certe
1253 1973 1439 2029 tribus
1478 1971 1555 2026 ab
1586 1988 1657 2025 ea
1686 1969 1850 2025 elon-

196 2064 325 2133 gari
354 2063 569 2120 debeat
598 2064 854 2135 punctis,
887 2064 999 2119 nisi
1031 2064 1240 2120 auditu
1271 2062 1348 2117 ab
1377 2060 1495 2116 alio
1533 2058 1849 2132 percipias,

196 2152 537 2208 nullatenus
564 2153 647 2207 sic
671 2169 707 2208 a
727 2154 1125 2225 compositore
1151 2155 1434 2206 statutam
1456 2164 1584 2203 esse
1608 2162 1854 2219 pernos-

196 2257 329 2296 cere
377 2248 565 2314 potes.
611 2241 772 2296 Idem
823 2247 880 2296 et
909 2242 984 2296 de
1014 2239 1239 2295 caeteris
1269 2243 1523 2293 constat.
1581 2237 1636 2292 Si
1690 2250 1850 2300 vero,

196 2347 354 2401 quas
387 2331 762 2402 subsequens
806 2329 956 2384 ratio
984 2326 1437 2393 demonstrabit,
1489 2323 1855 2379 chordarum

199 2418 422 2472 notulis
472 2417 728 2473 eandem
771 2416 1094 2472 formulam
1148 2414 1565 2482 consignatam
1616 2410 1850 2471 videris,

198 2522 345 2560 mox
394 2506 601 2578 procul
648 2505 859 2576 dubio,
915 2504 1171 2577 qualiter
1227 2501 1533 2574 procedat,
1575 2500 1854 2554 advertas

810 2595 882 2649 1M
966 2606 1041 2644 pm
1116 2591 1178 2632 cf

790 2663 912 2718 Alle
977 2663 1039 2717 lu
1112 2663 1171 2717 ia

198 2754 471 2808 lichanos
496 2769 707 2808 meson
742 2770 753 2806 :
784 2752 935 2808 inter
959 2768 1111 2823 quas
1137 2750 1261 2806 toni
1290 2749 1551 2822 spatium
1582 2752 1761 2820 patet.
1792 2763 1851 2819 p.

202 2848 728 2915 parypatemeson,
779 2855 915 2913 qua:
946 2856 982 2896 a
1022 2840 1293 2895 lichanos
1344 2854 1555 2892 meson
1592 2836 1857 2891 similiter

201 2629 406 2700 utique
445 2629 557 2683 hoc
587 2628 769 2684 modo
800 2624 911 2700 ζῗῖο
967 2624 1041 2700 ῖς
1112 2624 1172 2700 ξιξ
1225 2628 1321 2680 Est
1344 2624 1506 2680 enim
1538 2624 1554 2675 Ι
1588 2639 1772 2687 mese,
1808 2625 1856 2678 Μ

1957 361 2091 416 tulis
2116 362 2388 432 ejusdem
2421 358 2946 432 superscribimus,
2974 357 3079 429 qui
3130 354 3466 427 superiores
3497 354 3613 409 sint

1958 452 2078 506 toni
2112 450 2350 522 planius
2380 450 2635 505 elucebit
2664 454 2745 503 Im
2808 464 2866 502 m
2942 462 2989 522 ρ
3048 446 3128 500 im
3167 460 3244 522 pc

2660 523 2742 575 No
2792 523 2870 574 Ne
2909 517 3002 573 ΝΟ
3068 532 3099 571 e
3172 521 3219 569 Α
3276 517 3365 570 NE
3401 529 3616 585 quam-

1955 627 2194 684 cunque
2251 612 2411 667 enim
2470 628 2536 666 ex
2589 609 2683 665 his
2740 607 3008 664 notulam
3076 605 3198 660 sive
3248 603 3500 659 litteram
3552 602 3612 657 in

1957 698 2247 773 superiori
2298 700 2557 756 formula
2585 699 2821 764 videris,
2877 695 3143 751 similiter
3183 692 3447 766 proferre
3489 706 3611 746 non

1957 790 2267 846 cunctaris.
2304 791 2401 845 Hae
2435 795 2635 846 autem
2694 784 3235 843 consuetudinariae
3284 787 3442 837 notae
3490 793 3613 835 non

1957 880 2206 936 omnino
2259 879 2558 936 habentur
2609 892 2729 933 non
2781 872 3166 939 necessariae;
3217 870 3445 943 quippe
3474 884 3614 924 cum

1957 975 2013 1025 et
2039 969 2374 1025 tarditatem
2405 967 2734 1034 cantilenae,
2786 971 2843 1020 et
2892 963 2993 1018 ubi
3051 960 3367 1017 tremulam
3424 973 3611 1011 sonus

1957 1058 2260 1115 contineat
2332 1073 2564 1126 vocem,
2645 1055 2735 1110 vel
2807 1052 3061 1126 qualiter
3130 1049 3245 1121 ipsi
3305 1046 3437 1102 soni
3480 1047 3617 1116 jun-

1958 1151 2174 1216 gantur
2224 1146 2282 1201 in
2340 1161 2551 1215 unum,
2604 1143 2693 1199 vel
2725 1142 3165 1210 distinguantur
3204 1136 3282 1191 ab
3338 1133 3612 1196 invicem,

1958 1235 2061 1291 ubi
2115 1251 2357 1307 quoque
2428 1234 2785 1290 claudantur
2862 1229 3109 1285 inferius
3174 1224 3264 1280 vel
3340 1221 3614 1295 superius

1959 1342 2067 1397 pro
2146 1325 2374 1381 ratione
2454 1321 2839 1395 quarundam
2922 1318 3273 1382 litterarum,
3353 1325 3614 1384 quorum

1960 1414 2106 1469 nihil
2177 1414 2425 1468 omnino
2506 1412 2599 1466 ha:
2658 1406 2995 1465 artificiales
3064 1408 3219 1460 notae
3270 1400 3471 1457 valent
3526 1414 3617 1452 os-

1958 1504 2219 1571 tendere,
2290 1501 2622 1558 admodum
2694 1500 3011 1553 censentur
3076 1493 3384 1565 proﬁcuaa.
3461 1491 3615 1553 Qua-

1892 1598 2202 1676 BprOpter
2260 1591 2305 1645 si
2364 1605 2560 1661 super,
2629 1592 2732 1642 aut
2787 1586 2946 1641 circa
3010 1583 3120 1637 has
3180 1595 3287 1653 per
3345 1575 3615 1646 singulos

1959 1682 2302 1753 phthongos
2348 1678 2574 1734 eaedem
2614 1674 2903 1741 litterulae,
2936 1687 3093 1742 quas
3141 1684 3252 1740 pro
3296 1665 3451 1720 notis
3480 1678 3616 1753 mu-

1962 1771 2099 1824 sicis
2125 1768 2473 1839 accipimus,
2512 1768 2913 1837 apponantur,
2944 1757 3201 1832 perfecte
3228 1770 3298 1810 ac
3331 1753 3457 1807 sine
3495 1749 3617 1805 ullo

1958 1872 2155 1911 errore
2178 1853 2524 1923 indaginem
2553 1850 2810 1906 veritatis
2832 1846 3081 1919 liquebit
3108 1842 3399 1914 inspicere
3427 1858 3439 1894 :
3476 1853 3617 1893 cum

1962 1950 2072 2001 hze.
2105 1949 2332 2017 quanto
2360 1943 2570 1998 elatius
2600 1943 2902 2012 quantove
2932 1933 3196 2009 pressius
3217 1946 3332 1985 vox
3360 1941 3617 2001 quaeque

1962 2016 2202 2102 feratur,
2234 2032 2535 2087 insinuent
2565 2046 2577 2082 :
2604 2028 2717 2083 illae
2770 2041 2907 2081 vero
2964 2020 3338 2094 supradictas
3370 2016 3620 2071 varieta-

1961 2131 2068 2190 tes,
2111 2124 2235 2176 sine
2266 2120 2487 2191 quibus
2511 2122 2641 2172 rata
2684 2131 2807 2169 non
2838 2112 3054 2168 texitur
3084 2106 3399 2171 cantilena,
3433 2100 3618 2157 menti

1962 2214 2177 2267 certius
2206 2210 2415 2279 ﬁgant.

2037 2304 2185 2355 Sunt
2231 2297 2410 2365 igitur
2464 2300 2620 2349 notae
2676 2291 2922 2365 quidem
2955 2286 3319 2343 chordarum
3347 2280 3620 2352 plurimae

1963 2385 2331 2459 antiquitatis
2362 2384 2495 2439 usui
2528 2381 2765 2449 habitae,
2797 2395 2933 2451 quae
2976 2394 3011 2432 a
3056 2374 3251 2430 Boetio
3281 2388 3387 2444 per
3420 2370 3621 2459 singu-

1966 2478 2056 2532 los
2077 2456 2210 2531 octo
2241 2472 2457 2529 modos
2488 2471 2644 2526 bime
2668 2467 2916 2539 singulis
2940 2463 3180 2521 chordis
3220 2458 3531 2533 appositte,
3560 2456 3621 2510 in

1965 2563 2403 2631 CCLXXXVIII,
2447 2559 2817 2616 tenduntur:
2853 2554 3079 2610 eaedem
3123 2564 3365 2623 quoque
3410 2544 3624 2600 Graecis

1964 2653 2333 2728 quibusdam
2363 2649 2567 2705 litteris
2596 2646 2787 2709 rectis,
2820 2641 3193 2716 quibusdam
3223 2636 3381 2694 varie
3411 2635 3625 2690 immu-

1966 2727 2097 2799 tatis
2141 2756 2457 2813 expressae,
2514 2737 2840 2809 plurimnm
2889 2732 3124 2805 paginae
3174 2727 3449 2783 videntur
3489 2736 3622 2794 spa-

1966 2833 2115 2888 tium
2145 2844 2461 2901 occupare.
2492 2828 2660 2880 Unde
2689 2824 2747 2879 in
2778 2820 3053 2894 praesenti
3080 2834 3181 2873 eas
3212 2819 3465 2877 tantum,
3489 2825 3624 2882 quae

199 2931 378 2986 distat
419 2937 579 2985 tono.
632 2947 712 2985 τη.
770 2929 1035 2984 similiter
1089 2928 1359 2982 liehanos
1411 2942 1639 2991 meson,
1673 2942 1856 2996 supra
1898 2962 1938 3013 Ο
1968 2927 2103 2977 sunt
2138 2917 2302 2990 Lydii
2331 2915 2493 2971 modi
2537 2912 2924 2975 assumimus,
2970 2906 3271 2980 quasdam
3311 2914 3621 2974 supernas,

2141 3008 2157 3013 _
2398 3005 2412 3013 ι
2447 3009 2455 3013 -
2535 3004 2544 3013 .
2713 3008 2721 3013 .
2872 3002 2928 3013 σοι.
2990 2999 2999 3013 1
3144 2995 3319 3013 ,__.---L
3373 2987 3621 3013 ..ι-,ἔλιζηη

200 3025 708 3093 parypatemeson
738 3018 1075 3073 inclinatur.
1106 3018 1146 3069 C
1178 3021 1381 3071 autem
1401 3021 1492 3069 est
1511 3014 1858 3085 hypateme-

200 3125 313 3164 son
364 3108 677 3163 semitonio
720 3123 757 3163 a
807 3111 1315 3178 parypatemeson
1362 3103 1608 3158 distans.
1659 3104 1707 3172 Γ.
1770 3102 1856 3156 ul-

201 3198 348 3252 tima
399 3196 671 3251 lichanos
730 3195 1001 3266 hypaton
1058 3208 1304 3248 servans
1356 3196 1565 3246 tonum
1614 3189 1694 3245 ad
1747 3193 1857 3261 hy-

199 3292 575 3360 patemcson.

598 3430 642 3482 V
716 3430 854 3482 Nete
886 3424 1313 3496 hyperbolaeon
1347 3425 1548 3495 itaque
1576 3422 1761 3478 habet
1798 3422 1817 3473 Ι
1848 3422 1969 3477 iota
2000 3424 2318 3474 extensum
2350 3413 2436 3467 sic
3002 3404 3049 3455 V

602 3522 644 3569 Π
721 3518 1001 3571 Paranete
1032 3512 1465 3585 hyperbolaeon
1500 3518 1540 3562 [ι
1586 3526 1848 3579 grzecum
1888 3514 2201 3564 extensum
3004 3497 3045 3542 Π

3006 3581 3043 3633 Υ

3003 3956 3049 3996 Ξ

604 3608 641 3660 γ
718 3602 867 3659 Trite
897 3600 1328 3673 hyperbolaeon
1359 3603 1401 3654 γ
1434 3599 1687 3671 simplex

607 3696 648 3748 Ν
728 3695 864 3747 Nete
895 3690 1370 3757 diezeugmenon
1400 3691 1444 3743 iV
1475 3691 1848 3741 contractum

604 3784 647 3837 0
724 3783 1005 3835 Paranete
1036 3776 1507 3846 diezeugmenon
1539 3797 1577 3825 ω
1610 3773 1973 3847 quadratum

604 3872 645 3924 E
719 3867 869 3924 Trite
897 3866 1370 3936 diezeugmenon
1404 3867 1443 3919 E
1470 3862 1723 3935 simplex

609 3980 654 4022 επ
716 3959 1027 4013 Paramese
1060 3960 1103 4005 Π
1131 3970 1394 4022 graecum
1420 3953 1627 4022 jacens

719 4048 857 4099 Nete
880 4056 1320 4114 synemmenon
1349 4040 1584 4104 eadem,
1618 4054 1752 4109 qua:
1784 4039 2067 4108 paranete
2098 4031 2571 4095 diezeugmenon

731 4135 1016 4187 Paranete
1047 4129 1486 4202 synemmenon
1516 4128 1750 4188 eadem,
1783 4140 1921 4196 qua;
1947 4122 2074 4177 trite
2105 4119 2577 4181 diezeugmenon

725 4219 909 4275 Triste
937 4232 1379 4289 synemmenon
1413 4224 1458 4267 Θ
1491 4231 1751 4285 ςιτεθρυω

722 4312 874 4366 Mese
904 4312 926 4363 l
955 4305 1209 4379 simplex

731 4396 1237 4452 Lichanosmeson
1267 4397 1314 4450 M
1346 4392 1599 4466 simplex

1250 4499 1316 4539 I'O

721 4561 1225 4629 Parypatemeson
1260 4557 1298 4608 P
1329 4569 1590 4622 graecum
1616 4550 1870 4623 simplex

722 4826 1014 4894 Parypate
1042 4821 1314 4890 hypaton
1348 4821 1385 4872 B
1414 4817 1553 4871 beta
1584 4814 1838 4886 simplex

721 4912 953 4983 Hypate
982 4910 1254 4980 hypaton
1288 4913 1323 4957 Γ
1355 4921 1602 4977 gamma
1633 4902 1882 4975 simplex

724 4646 1170 4718 Hypatemeson
1201 4646 1240 4699 Ο
1272 4642 1465 4712 sigma
1494 4657 1757 4711 graecum
1783 4637 2038 4708 simplex

729 4735 1018 4790 Lichanos
1043 4732 1310 4803 hypaton
1348 4733 1386 4783 F
1417 4730 1729 4799 digamma
1761 4723 2016 4797 simplex

1965 2987 2267 3083 quasdam
2325 3004 2813 3073 subterjacentes.
2871 3002 2935 3053 Et
2990 2999 3098 3052 has
3144 2995 3323 3067 prout
3371 2987 3627 3044 strietius

1966 3079 2092 3154 fieri
2120 3095 2312 3169 potuit
2340 3094 2710 3153 decursatas,
2753 3104 2889 3161 qure
2922 3085 3142 3141 scilicet
3179 3079 3418 3137 brevius
3448 3081 3627 3146 atque

1966 3165 2323 3242 succinctius
2352 3185 2607 3254 possunt
2625 3175 2808 3247 afﬁgi,
2836 3188 3059 3246 easque
3086 3169 3221 3225 usui
3244 3165 3629 3242 praesentium

1967 3283 2255 3350 putamus
2288 3269 2579 3325 sufﬁcere.

3037 4037 3058 4078 ῖ

3007 4204 3053 4244 Θ

3162 3402 3202 3453 F

3160 3490 3199 3542 E

3160 3579 3202 3629 υ

3165 3662 3206 3713 c

3169 3752 3207 3803 Β

3163 3843 3208 3892 Α

3164 3928 3209 3979 e

3168 4015 3211 4066 Β

3165 4109 3209 4157 Α

3168 4193 3210 4247 G

3152 4283 3207 4349 ,Ρ

3172 4369 3211 4421 E

3172 4527 3213 4580 D

3148 4600 3213 4669 ’u

3171 4703 3215 4755 Β

3166 4797 3211 4845 Α

3175 4882 3214 4933 G

3175 4969 3217 5021 F

3012 3668 3053 3719 Ν

3010 3772 3058 3815 '0'

3012 3843 3051 3895 E

3011 4038 3033 4079 ἶ

3017 4108 3053 4159 Ε

3024 4287 3042 4337 l

3012 4374 3061 4426 Μ

3017 4532 3058 4583 Ρ

3018 4617 3059 4669 C

3015 4706 3057 4758 F

3018 4796 3055 4846 Β

3026 4888 3061 4932 Γ

3026 4973 3064 5024 F

606 4228 651 4274 Θ

612 4314 632 4365 l

608 4401 657 4455 Μ

608 4561 648 4613 Ρ

610 4649 649 4703 C

607 4735 649 4787 F

608 4826 649 4878 Β

610 4918 647 4964 Γ

608 5001 651 5054 F

724 4997 1371 5055 Proslambanomenos
1394 4997 1431 5050 F
1462 4992 1677 5049 dasian
1704 4996 1930 5046 rectum

1916 5112 1959 5166 Β
1989 5142 2242 5198 rundeni
2275 5137 2579 5211 dispositis
2603 5134 2681 5189 ad
2704 5147 2925 5204 purum
2951 5148 2962 5194 ;
2999 5127 3253 5200 qualiter
3279 5126 3404 5179 haec
3435 5120 3647 5177 eadem

1992 5232 2104 5287 sibi
2133 5230 2658 5291 commisceantur,
2711 5238 2818 5275 seu
2850 5217 3104 5291 qualiter
3135 5216 3193 5270 in
3224 5215 3492 5269 diversos
3524 5225 3649 5265 mo-

1991 5320 2102 5375 dos
2131 5318 2479 5392 procedant,
2505 5316 2636 5385 jam
2666 5313 2833 5367 locus
2860 5314 2947 5365 est
2976 5307 3224 5379 aperire.

2018 5476 2023 5481 η
2064 5410 2373 5470 Quatuora
2396 5402 2605 5475 primis
2625 5398 2907 5465 tribus,id
2932 5402 3041 5461 est,
3058 5394 3329 5448 lichanos
3354 5394 3644 5461 hypaton,

1994 5498 2214 5568 hypate
2243 5506 2473 5557 meson,
2519 5493 2809 5562 parypate
2841 5500 3073 5552 meson,
3118 5483 3387 5537 lichanos
3418 5489 3646 5538 meson,

1992 5565 2254 5658 quatuor
2282 5580 2481 5639 modis
2510 5579 2607 5635 vel
2637 5577 2841 5649 tropis,
2865 5590 3022 5649 quos
3046 5587 3207 5628 nunc
3226 5576 3400 5625 tonos
3419 5565 3648 5625 dicunt,

291 5162 388 5218 llis
412 5160 591 5231 igitur
629 5161 943 5231 hucusque
984 5155 1310 5229 productis,
1336 5169 1458 5226 quo
1485 5153 1613 5223 jam
1638 5152 1776 5206 inde
1800 5149 1879 5205 ab

212 5251 385 5308 initio
395 5255 611 5307 cuncta
620 5252 1004 5322 prospectant
1018 5265 1030 5314 ;
1044 5245 1210 5319 quod
1221 5244 1313 5300 his
1323 5239 1881 5316 procreetur,quod-

213 5355 337 5412 que
369 5353 721 5411 sparsorum
741 5336 970 5391 fructus
993 5336 1275 5399 assurgat
1291 5330 1612 5392 seminum,
1640 5324 1881 5397 planius

215 5426 442 5483 abhinc
467 5424 919 5482 declarandum.
953 5421 1168 5494 Spatiis
1192 5419 1417 5492 quippe
1447 5430 1666 5471 vocum
1688 5412 1885 5484 primo

217 5521 586 5591 punctorum
625 5511 969 5570 discrimine
998 5514 1135 5583 post
1166 5506 1633 5571 tetrachordum,
1667 5501 1885 5557 dehinc

215 5607 492 5678 ipsarum
522 5602 887 5660 chordarum
918 5598 1595 5669 nominibus,postremo
1612 5591 1768 5647 notis
1782 5605 1884 5645 ea-
