4000 6190
379 178 484 234 928

1019 166 1377 224 HUCBALDI
1415 167 1582 225 MON.
1626 166 1684 223 8.
1724 162 1999 227 ΛΜΛΝΜ
2032 160 2187 219 ΟΡΡ.
2229 164 2408 221 PARS
2444 165 2514 223 ll.
2553 195 2625 206 --
2666 162 3168 222 MISCELLANEA.

3698 168 3808 222 924

380 298 499 355 hoc
525 300 635 364 est,
686 296 917 371 protus,
958 291 1263 359 deuterus,
1315 290 1509 361 tritus,
1557 286 1875 356 tetrardus,
1902 299 2033 357 per-
2064 284 2114 338 A
2146 287 2503 360 junguntur,
2529 288 2703 357 adeo,
2758 292 2825 345 ut
2853 287 3138 361 pleraque
3185 287 3366 345 etiam
3416 287 3480 343 in
3519 286 3606 342 eis
3634 287 3813 360 quasi

380 384 652 443 ﬁciendis
702 385 982 455 aptantur
1021 378 1148 436 :ita
1200 382 1265 436 ut
1308 378 1560 449 singulae
1617 392 1828 433 earum
1881 387 2036 446 qua-

382 478 519 530 tuor
594 470 956 528 chordarum
1038 466 1314 538 geminos
1381 466 1496 524 sibi
1547 470 1751 538 tropos
1825 464 2040 533 regant

383 564 701 635 subjectos,
750 554 1165 631 principalem,
1211 557 1319 631 qui
1366 560 1670 625 autentus,
1724 557 1782 610 et
1824 553 2038 609 latera-

380 652 516 718 lem,
571 648 679 721 qui
725 645 965 720 plagius
1021 645 1361 719 appellatur
1411 664 1424 701 :
1466 645 1739 701 lichanos
1764 642 2039 714 hypaton

296 730 301 733 ⁷
381 739 601 797 scilicet
656 740 970 794 autentum
1022 740 1268 809 protum
1314 741 1375 793 et
1418 734 1691 808 plagium
1742 730 2037 804 ejusdem,

376 830 441 887 id
489 832 597 897 est,
627 828 894 902 primum
938 828 996 883 et
1031 826 1370 883 secundum
1403 843 1416 881 :
1449 826 1885 898 hypatemeson
1930 836 2039 877 au—

377 922 607 976 tentum
660 918 977 975 deuterum
1035 920 1093 973 et
1129 916 1399 989 plagium
1451 916 1603 986 ejus,
1651 913 1713 968 id
1764 916 1871 979 est,
1924 915 2041 967 ter-

376 1009 526 1066 tium
549 1012 606 1065 et
634 1011 915 1081 quartum
946 1024 961 1073 ;
1020 1009 1527 1079 Parypatemeson
1580 1005 1892 1059 autentum
1934 1000 2036 1056 tri-

377 1103 508 1156 tum
534 1101 590 1154 et
610 1096 882 1170 plagium
924 1096 1077 1167 ejus,
1135 1095 1196 1152 id
1221 1098 1328 1164 est,
1360 1094 1640 1167 quintum
1672 1096 1730 1147 et
1756 1094 1989 1146 sextum
2021 1106 2034 1144 :

376 1187 648 1243 lichanos
694 1189 905 1240 m’eson
958 1187 1270 1240 autentum
1302 1182 1630 1239 tetrardum
1672 1184 1727 1236 et
1766 1178 2036 1253 plagium

311 1340 319 1348 ,
376 1276 528 1346 ejus,
557 1274 621 1329 id
659 1278 770 1341 est,
802 1272 1124 1344 septimum
1154 1276 1210 1328 et
1245 1276 1527 1328 octavum
1558 1288 1573 1326 :
1608 1270 1688 1326 ita
1733 1273 1796 1324 ut
1825 1268 1905 1324 ad
1936 1266 2038 1323 ali—

373 1379 562 1437 quam
590 1363 862 1435 ipsarum
880 1365 1141 1434 quatuor
1165 1363 1308 1432 (623)
1337 1360 1658 1434 quantavis
1683 1359 1840 1415 ultra
1860 1357 2033 1413 citra-

373 1467 492 1525 que
542 1450 908 1508 variabiliter
970 1451 1353 1517 circumacta,
1413 1448 1752 1505 necessario
1813 1446 2032 1513 omnis,

374 1551 780 1614 quaecumque
836 1539 1028 1606 fuerit,
1083 1538 1390 1609 redigatur
1417 1537 1734 1595 cantilena.
1782 1535 1946 1592 Unde
1981 1538 2039 1590 et

2148 376 2497 447 regulariter
2536 377 2695 437 mela
2756 377 3139 437 inveniantur
3194 376 3491 445 desinere,
3548 392 3665 433 nec
3716 393 3816 432 ra-

2147 464 2292 523 tioni
2339 465 2419 523 ob
2468 468 2586 525 hoc
2642 467 2737 524 vel
2791 466 2995 523 sensui
3024 465 3172 539 quid
3215 465 3535 534 contraire,
3588 469 3649 522 et
3700 465 3815 522 sub

2147 554 2363 613 eodem
2415 556 2602 614 modo
2674 556 2768 613 vel
2826 560 2999 629 tropo
3068 560 3228 613 recte
3292 554 3637 612 decurrere.
3691 554 3814 611 Hac

2146 659 2289 715 ergo
2351 644 2678 703 socialitate
2748 645 3125 704 continentur
3200 644 3475 702 lichanos
3536 644 3816 716 hypaton

2146 750 2285 791 cum
2314 750 2478 793 mese
2510 754 2524 803 ;
2570 736 2794 808 hypate
2822 750 3033 793 meson
3059 750 3198 792 cum
3226 748 3549 807 paramese
3575 752 3590 800 ;
3630 749 3815 805 pary-

2144 826 2284 895 pate
2310 838 2523 880 meson
2552 840 2692 881 cum
2724 824 2851 881 trite
2895 823 3387 893 diezeugmenon,
3420 838 3563 895 qius
3601 822 3816 894 quinto

2144 912 2362 970 scilicet
2410 912 2545 970 loco
2602 913 2854 984 singulas
2884 930 2921 970 a
2964 928 3025 968 se
3077 913 3487 985 disparantur.
3519 910 3816 968 Lichanos

2144 1017 2355 1058 meson
2380 1019 2524 1059 cum
2552 1007 2841 1076 paranete
2870 1002 3342 1072 diezeugmenon
3385 1017 3535 1057 cum
3574 999 3817 1056 inferio-

2145 1092 2312 1147 ribus
2366 1108 2611 1165 quoque
2664 1092 2915 1165 quartis,
2972 1096 3031 1149 et
3071 1091 3132 1148 in
3160 1089 3540 1164 quibusdam
3567 1089 3815 1162 quintis,

2142 1195 2355 1253 parem
2445 1180 2907 1254 quodammodo
2995 1181 3264 1238 obtinent
3363 1178 3817 1245 habitudinem,

2143 1270 2425 1343 quamvis
2481 1287 2601 1327 non
2648 1271 2776 1336 ﬁni,
2836 1270 2943 1326 sed
2993 1270 3172 1328 initiis
3195 1270 3588 1342 deputentur.
3618 1270 3818 1340 Usque

2144 1359 2223 1415 ad
2270 1360 2380 1415 has
2427 1360 2588 1416 enim
2642 1365 2868 1416 metam
2924 1359 3250 1417 inchoandi
3304 1357 3623 1415 declinant
3664 1376 3678 1413 :
3724 1358 3819 1413 ha

2145 1452 2287 1503 sunt
2313 1449 2957 1509 Proslambanomenos
2978 1448 3055 1504 ad
3081 1447 3354 1503 lichanos
3377 1448 3683 1520 hypaton,
3713 1447 3821 1517 hy-

2142 1541 2282 1609 pate
2337 1538 2611 1610 hypaton
2663 1537 2742 1593 ad
2799 1538 3023 1611 hypate
3079 1552 3310 1604 meson,
3378 1535 3490 1591 sed
3529 1534 3595 1591 id
3647 1551 3815 1602 raro;

376 1630 605 1686 eaedem
628 1628 840 1685 ﬁnales
861 1628 1196 1701 appellatae,
1228 1629 1390 1701 quod
1422 1628 1607 1683 ﬁnem
1636 1627 1696 1682 in
1725 1626 1869 1699 ipsis
1896 1640 2037 1682 cun-
2074 1644 2115 1698 Β
2144 1632 2435 1699 parypate
2470 1627 2743 1699 hypaton
2768 1626 2853 1683 ad
2895 1630 3188 1701 parypate
3227 1640 3487 1692 meson;
3540 1623 3817 1680 lichanos

378 1724 494 1786 cta,
547 1734 683 1791 qum
739 1722 1054 1785 canuntur,
1102 1718 1415 1790 accipiant.
1466 1719 1577 1773 Eas
1632 1732 1771 1773 cum
1814 1716 2035 1771 notulis

378 1808 584 1881 paullo
608 1808 752 1879 (624)
769 1807 1166 1880 praesentibus
1187 1807 1394 1879 positis
1415 1810 1801 1863 annotamus.
1819 1809 1879 1860 In
1906 1820 2037 1875 gra-

665 1962 706 1991 ιιι
1612 1961 1667 1989 ω.

870 1994 1014 2048 Item
1063 1991 1391 2049 acutiorem
1554 2013 1617 2095 cp

450 2176 540 2233 Ad
572 2108 835 2251 quaru‘m
865 2177 1174 2250 exemplar
1200 2179 1413 2233 caetera
1442 2106 1831 2233 niliilominus
1860 2182 2036 2234 tetra-

379 2264 625 2338 chorda,
656 2283 920 2339 quorum
948 2283 1140 2322 unum
1166 2266 1431 2333 inferius,
1458 2266 1571 2322 tria
1598 2265 1872 2339 superius
1893 2266 2037 2323 emi-

378 2359 538 2423 nent,
555 2355 768 2428 spatia,
782 2354 877 2410 vel
892 2354 1245 2429 qualitatem
1256 2353 1564 2411 deducunt
1575 2369 1861 2411 sonorum
1871 2357 2033 2422 .Quae

378 2443 582 2501 omnia
602 2442 903 2499 sufﬁciens
918 2443 1296 2517 superiorum
1309 2441 1723 2517 exemplorum
1742 2448 2035 2502 monstra-

374 2532 459 2588 vit
487 2533 762 2604 adjectio.
783 2531 934 2589 Illud
958 2532 1105 2589 nihil
1126 2531 1579 2602 attendendum,
1609 2532 1775 2606 quod
1797 2550 2036 2607 synem-

376 2635 598 2677 menon
613 2621 990 2678 tetarchordo
1003 2622 1541 2695 summoto,quinta
1552 2623 1928 2695 semperloca
1943 2624 2035 2680 his

374 2713 636 2780 quatuor
655 2709 966 2783 superiora
986 2709 1147 2783 quad
1155 2724 1256 2768 am
1269 2709 1382 2766 sibi
1403 2710 1792 2768 connexionis
1813 2713 2033 2769 unione

379 1996 608 2050 viorem
709 2014 766 2097 p0

1912 2833 2031 2884 Im

376 2917 415 2963 Γ
488 2912 638 2971 Mese

1621 3002 1744 3059 mb
1818 3002 1885 3061 ff

377 3092 414 3139 Γ
487 3087 780 3146 Lichanos
809 3102 1022 3147 meson
1308 3090 1372 3146 ni
1442 3094 1577 3147 Ant.
1606 3090 1735 3148 Ave
1760 3090 1984 3149 Maria.

1629 3195 1723 3253 pc
1812 3177 1879 3235 ff

374 3267 413 3314 Γ
484 3266 775 3336 Parypate
804 3279 1022 3321 meson

377 3352 413 3407 S
486 3354 713 3425 Hypate
741 3369 954 3410 meson

1334 3283 1375 3340 p
1448 3271 1515 3323 A.
1585 3268 1726 3325 Volo
1770 3274 1971 3339 pater.

2144 1715 2417 1787 hypaton
2447 1714 2526 1771 ad
2553 1714 2827 1771 lichanos
2860 1731 3072 1771 meson
3105 1732 3117 1770 :
3149 1730 3362 1770 meson
3420 1713 3483 1769 in
3542 1713 3664 1769 hoc
3714 1712 3817 1768 ali-

2143 1804 2392 1877 quando
2423 1821 2614 1877 usque
2663 1804 2742 1861 ad
2772 1808 3065 1879 parypate
3094 1805 3367 1877 hypaton
3406 1802 3815 1869 descenditur,

2143 1893 2205 1948 id
2233 1897 2345 1960 est,
2378 1909 2570 1966 usque
2627 1892 2706 1950 ad
2752 1893 3033 1966 quintum
3062 1892 3264 1950 locum
3291 1910 3304 1959 ;
3370 1891 3439 1947 in
3468 1892 3709 1948 caeteris
3736 1908 3821 1946 ra-

2142 1982 2396 2039 rissime.
2456 1985 2520 2040 Et
2570 1983 2769 2039 omnis
2798 1982 3049 2039 omnino
3078 1985 3255 2038 tonus
3280 1996 3318 2038 a
3358 1980 3537 2037 ﬁnali
3565 1996 3684 2036 suo
3713 1996 3816 2036 nec

2145 2086 2331 2143 supra
2377 2071 2663 2143 quintum
2722 2071 3114 2143 superiorem,
3158 2086 3270 2128 nec
3319 2069 3485 2126 intra
3534 2069 3817 2142 quintum

2142 2160 2483 2218 inferiorem
2531 2177 2805 2235 unquam
2861 2162 3135 2219 ordiendi
3192 2160 3547 2235 facultatem
3572 2160 3817 2217 habebit

2144 2250 2251 2309 sed
2297 2250 2452 2307 intra
2503 2267 2607 2308 eas
2649 2268 2869 2309 novem
2926 2269 3119 2319 voces,
3152 2250 3247 2307 vel
3296 2250 3647 2323 aliquando
3687 2255 3816 2307 octo

2142 2339 2359 2411 P'cu'tim
2391 2339 2776 2411 Pl‘iDCipaleS,
2808 2340 3028 2413 partim
3057 2339 3350 2410 laterales,
3384 2339 3545 2394 ﬁnes
3586 2338 3681 2394 vel
3710 2338 3814 2395 ini-

2142 2427 2226 2485 tia
2268 2428 2656 2486 cohibebant.
2708 2432 2813 2487 Per
2852 2429 3124 2499 singulos
3156 2428 3337 2499 igitur
3365 2433 3552 2485 tonos
3605 2428 3730 2485 suis
3757 2428 3813 2485 id

2140 2516 2491 2588 expediatur
2521 2517 2833 2590 exemplis.
2870 2520 2937 2574 Et
2978 2522 3220 2575 autento
3262 2516 3518 2590 quidem
3548 2523 3730 2590 prato
3762 2522 3815 2572 et

2141 2605 2355 2677 plagiis
2386 2606 2573 2678 ipsius
2603 2607 2695 2662 hee
2723 2612 3004 2682 aptantur
3030 2612 3252 2666 octavae
3283 2623 3322 2664 a
3372 2606 3607 2680 quibus
3660 2606 3814 2662 mela

2141 2694 2323 2751 ordiri
2350 2694 2465 2751 hoc
2496 2695 2705 2752 ordine
2736 2696 3096 2771 pervidebis.

2144 2828 2263 2884 im
2372 2828 2713 2903 pmipef

1354 2917 1374 2969 Ι
1448 2918 1516 2970 Α.
1540 2913 1843 2991 ,(Αηῐίρῂ.)
1891 2916 2094 2973 Erunt
2131 2917 2317 2986 primi
2381 2917 2689 2974 novissimi

1336 3372 1368 3411 c
1441 3358 1517 3413 A.
1564 3356 1654 3412 Ab
1680 3357 1795 3413 hac
1820 3356 2003 3413 ordiri
2027 3358 2128 3414 vix
2157 3358 2386 3431 aliquid
2416 3359 2481 3426 (f.
2510 3359 2679 3429 solet)
2707 3359 2966 3418 afferunt
2983 3359 3146 3417 enim
3164 3360 3528 3432 hujusmodi
3556 3378 3635 3419 ex
3662 3362 3804 3420 anti-

1650 3447 1858 3518 phona
1898 3468 1912 3503 ι
1945 3448 2026 3503 Et
2053 3449 2328 3507 minister
2353 3463 2538 3506 meus.

1598 3532 1725 3589 ffb
1817 3549 1941 3607 pm
2028 3535 2237 3608 pmii

370 3620 410 3668 Γ
481 3617 773 3675 Lichanos
801 3618 1075 3692 hypaton

1646 3711 1743 3767 bf
1883 3713 1910 3768 f
1979 3713 2053 3768 ff

366 3796 409 3851 Τ
478 3797 769 3869 Parypate
800 3798 1075 3871 hypaton

371 3884 407 3940 S
480 3887 709 3959 Hypate
732 3886 1006 3959 hypaton

1752 3995 1855 4051 pc
1961 3980 2039 4036 ff

1355 3622 1397 3675 F
1472 3624 1541 3678 A.
1591 3624 1746 3679 Ecce
1771 3639 1983 3681 nomen
2011 3625 2272 3681 Domini.

1364 3801 1403 3855 Β
1477 3804 1542 3855 Α.
1585 3802 1813 3858 Ductus
1844 3808 1929 3859 est
1954 3805 2144 3859 Jesus.

1363 3890 1407 3945 G
1480 3893 1548 3946 A.
1591 3892 1659 3946 Et
1705 3890 1820 3948 hac
1873 3892 1993 3947 fere
2049 3907 2355 3965 nusquam
2403 3910 2417 3949 :
2463 3896 2522 3950 et
2576 3896 2666 3950 est
2719 3892 2910 3950 simile
2968 3893 3260 3966 superiori
3316 3894 3672 3970 antiphonaa

2212 3980 2513 4037 fbfat'o
2575 3981 2636 4039 cf
2695 3981 2744 4038 ff

1650 4068 2142 4127 Circumdantur.
2196 4070 2556 4127 Vindicabor
2586 4072 2650 4126 in
2678 4072 2781 4127 eis.

1574 4155 1813 4214 {bfb
1886 4174 1927 4230 p
2010 4174 2085 4231 pc

1356 4247 1394 4300 F
1466 4248 1535 4300 A.
1587 4246 1732 4302 Veni
1757 4252 1813 4303 et
1840 4247 2081 4303 ostende
2108 4246 2297 4302 nobis.

364 4238 407 4292 Τ
477 4238 1161 4299 Prosalambanomenos

1054 4344 1198 4398 Item
1236 4344 1563 4399 Autentum
1600 4342 1916 4401 deuterum
1957 4360 2098 4400 cum
2133 4343 2364 4401 laterali
2401 4359 2511 4401 suo
2549 4344 2643 4401 hae
2681 4347 2894 4415 regunt
2931 4349 3087 4403 octo.

276 5096 299 5113 ο

364 4433 401 4489 8

359 4522 401 4577 Τ

359 4612 401 4666 Τ

356 4701 399 4755 Τ

357 4788 395 4842 8

356 4879 399 4933 Τ

355 4968 398 5022 Τ

361 5057 397 5113 8

1354 4795 1393 4851 C
1468 4798 1534 4849 A.
1572 4795 1717 4851 Haec
1743 4801 1829 4851 est
1856 4811 1988 4865 quae
2017 4797 2286 4855 nescivit.
2315 4797 2507 4853 Sinite
2534 4812 2627 4853 me
2653 4798 2869 4869 inquit.
2968 4828 2975 4834 -

1336 5251 1377 5304 E
1450 5255 1516 5307 A.
1558 5250 1710 5308 Ecce
1732 5252 2023 5311 Dominus
2056 5254 2265 5321 veniet,
2294 5260 2350 5312 et
2378 5269 2577 5312 omnes
2602 5254 2818 5313 Sancti
2844 5259 2971 5329 eius
3001 5272 3134 5314 cum
3160 5274 3227 5316 eo

474 4436 791 4493 Paramese
1348 4444 1395 4488 εὶ
1473 4444 1541 4498 Α.
1580 4442 1797 4501 Notam
1822 4444 2043 4514 fecisti.

472 4524 622 4581 Mese
1352 4532 1372 4584 Ι
1468 4534 1534 4586 Α.
1579 4530 1821 4590 Orietur
1839 4532 2045 4589 diebus
2075 4531 2338 4587 Domini.

474 4611 769 4669 Lichanos
800 4630 1013 4672 meson
1345 4620 1396 4675 M
1468 4621 1534 4673 A.
1573 4619 1736 4675 Justi
1758 4626 1976 4676 autem.

470 4702 763 4775 Parypate
791 4719 1004 4762 meson
1343 4709 1385 4762 P
1469 4711 1536 4762 Α.
1576 4708 1779 4764 Maria
1809 4714 1865 4764 et
1890 4709 2165 4776 ﬂumina.
2201 4707 2317 4775 Qui
2343 4708 2415 4764 de
2443 4712 2609 4765 terra
2634 4713 2739 4764 est.

468 4790 700 4862 Hypate
730 4808 959 4849 meson

470 4878 765 4937 Lichanos
792 4881 1064 4955 hypaton
1349 4883 1393 4935 F
1464 4886 1529 4938 A.
1585 4884 1841 4954 Vigilate
1869 4886 2089 4941 animo.

470 4970 760 5041 Parypate
788 4971 1058 5044 hypaton
1357 4973 1397 5025 Β
1470 4977 1537 5028 Α.
1577 4973 1811 5029 Rubum
1838 4989 2011 5045 quem
2037 4975 2291 5032 viderat.

472 5056 703 5130 Hypate
729 5060 1001 5133 hypaton
1352 5078 1382 5131 r
1453 5065 1519 5119 A.
1561 5062 1681 5119 Iste
1709 5065 2003 5134 cognovit.

1104 5157 1201 5215 His
1238 5172 1483 5232 quoque
1522 5158 1711 5221 Tritus
1758 5164 2056 5229 autentus,
2100 5162 2352 5236 ejusque
2391 5161 2629 5220 ducitur
2665 5163 3020 5237 subjugalis.

357 5248 399 5302 T
471 5244 619 5302 Trite
646 5246 1117 5319 diezeugmenon

361 5337 397 5392 S
472 5337 784 5394 Paramese
1337 5344 1383 5386 επ
1452 5346 1521 5398 Α.
1560 5341 1775 5411 Aspice
1800 5344 1865 5398 in
1893 5359 1986 5401 me
2008 5344 2278 5401 Domine.

357 5427 399 5482 T
470 5427 619 5483 Mese
1344 5433 1365 5484 Ι
1454 5434 1519 5487 Α.
1560 5430 1784 5490 Solvite
1809 5435 2096 5505 templum
2128 5431 2258 5491 hoc.

428 5606 580 5683 ((52.3)
615 5609 657 5683 I.
690 5607 1011 5683 quantavis
1048 5609 1475 5683 variabilitate,
1507 5612 1603 5669 vel
1631 5613 2037 5683 quantumvis.

432 5675 573 5747 (624)
615 5680 659 5731 I.
699 5675 845 5733 Caes.
878 5685 1222 5753 praesentes,
1252 5680 1362 5741 sed
1397 5675 1726 5755 legendum
1758 5684 2184 5754 praecedentem
