4000 6190
141 172 240 227 925

141 294 185 347 Τ
259 292 557 350 Lichanos
586 310 794 350 meson

1312 178 1403 233 DE
1441 174 1864 234 HARMONICA
1900 180 2425 245 INSTITUTIONE.

3480 214 3585 271 926

466 763 700 822 Autenti
723 780 937 823 rursus
962 769 1246 839 Tetrardi,
1278 771 1586 845 plagiique
1613 773 1745 843 ejus
1778 778 2043 836 conﬁnia
2068 781 2297 837 horum
2327 797 2547 845 novem
2574 792 2932 847 coercentur
2956 796 3252 853 examine.

1156 303 1203 356 M
1275 304 1342 357 A.
1382 299 1701 359 Haurietis
1732 315 1943 373 aquas.
2000 309 2015 315 ‘

138 385 178 439 T
247 385 545 458 Parypate
571 399 786 439 meson
1147 391 1188 445 P
1278 394 1343 446 Α.
1382 393 1548 448 Puer
1580 390 1704 446 ille.

141 475 175 529 S
257 470 493 546 Hypate
525 488 737 529 meson
1145 477 1185 530 C
1276 482 1344 537 A.

138 563 178 616 Τ
251 559 547 617 Lichanos
575 560 851 635 hypaton
1152 568 1191 624 F
1282 570 1348 624 Α.
1389 568 1586 626 Hodie
1615 570 1811 625 scietis

138 651 178 704 T
247 652 542 723 Parypate
572 648 845 722 hypaton
1152 655 1191 708 Β

1162 769 1246 826 di.
1278 771 1458 826 placii

140 884 180 937 Τ
250 882 539 939 Paranete
563 880 956 951 diezeugmen
1144 905 1192 951 υ
1278 888 1346 944 Α.
1388 889 1539 945 Ecce
1566 890 1841 948 sacerdos
1864 911 2140 966 magnus.
2184 908 2192 913 '

140 973 181 1026 Τ
250 970 435 1026 'I‘raite
466 970 959 1039 diezeugmenon.
1147 977 1186 1029 Ε
1276 979 1344 1031 Α.
1390 977 1692 1045 Quomodo
1716 979 1817 1047 ﬁet
1839 981 2020 1039 istud.
2053 986 2282 1041 Beatus
2308 996 2531 1050 venter.

145 1061 180 1115 S
252 1062 583 1115 Paramese.
1140 1067 1186 1109 ε’·
1278 1069 1342 1122 Α.
1386 1067 1554 1123 Dixit
1580 1067 1789 1124 Domin

1924 1073 2154 1131 Domino
2186 1090 2333 1132 meo.

141 1150 181 1242 Ῑ
252 1151 400 1242 tisse
1150 1151 1172 1205 Ι
1272 1156 1340 1208 Α.
1380 1154 1726 1225 Erumpunt
1756 1167 2002 1218 montes.
2036 1165 2217 1221 Beati
2239 1181 2383 1236 quos
2410 1170 2662 1242 elegisti.

142 1240 183 1293 T
255 1236 549 1293 Lichanos
579 1252 788 1293 meson
1148 1244 1197 1301 M
1269 1247 1335 1298 Α.
1376 1244 1681 1314 Dirupisti
1707 1248 1976 1307 Domine.
2005 1255 2137 1310 Ant.
2164 1254 2237 1310 In
2277 1256 2383 1313 illo
2410 1236 2523 1316 die:

141 1329 182 1381 T
253 1329 754 1399 Parypatemeson
1137 1331 1181 1385 P
1263 1336 1330 1388 A.
1384 1334 1576 1392 Vitem
1604 1337 1796 1405 petiit.

144 1418 179 1472 S
254 1416 483 1487 Hypate
507 1431 718 1471 meson
1137 1419 1178 1472 C

140 1507 180 1559 Τ
254 1502 547 1558 Lichanos
571 1504 843 1575 hypaton
1142 1510 1179 1564 F
1259 1513 1325 1565 A.
1369 1511 1636 1579 Spiritus
1665 1515 1906 1572 Domini
1932 1520 2206 1588 replevit.

140 1593 180 1647 T
254 1592 550 1663 Partepate
579 1591 843 1663 hypaten

1132 1595 1176 1648 B
1262 1600 1328 1653 Α.
1371 1597 1627 1656 Stabunt
1646 1602 1821 1670 justi.
1854 1607 1989 1661 Ant.
2022 1608 2176 1664 Dum
2208 1613 2435 1667 venerit
2458 1612 2627 1681 ﬁlius
2660 1614 2917 1672 hominis
2941 1625 3146 1687 putas.

211 1703 276 1758 In
293 1703 416 1802 hoc.
448 1703 608 1759 enim
635 1703 935 1808 duntaxat.
956 1708 1261 1808 usquead
1284 1711 1799 1808 nonum_inﬂecti-
1832 1721 1880 1773 Α
1906 1718 1969 1775 id
1990 1725 2097 1790 est,
2130 1720 2539 1795 diatessaron;
2572 1728 2671 1784 vel
2703 1734 2895 1788 totum
2926 1734 2985 1789 C.
3015 1739 3072 1790 et
3118 1736 3247 1806 ejus
3281 1737 3571 1808 medium,

140 1797 234 1847 tur
269 1809 305 1848 a
328 1791 524 1864 primo
540 1808 853 1865 supremo,
886 1800 941 1852 et
959 1812 997 1852 a
1023 1797 1209 1868 ﬁnali,
1232 1814 1369 1871 quae
1408 1803 1497 1856 est
1524 1800 1796 1859 lichanos

141 1896 367 1950 meson,
409 1881 472 1937 in
521 1882 800 1954 quintum
847 1884 1228 1957 phthongum
1271 1891 1524 1961 utraque
1553 1891 1797 1961 regione

138 1969 427 2026 deductus
458 1971 850 2043 protenditur.
874 1978 937 2029 In
962 1975 1076 2031 hoc
1098 1976 1258 2032 enim
1284 1977 1579 2037 duntaxat
1605 1996 1797 2055 usque

138 2059 395 2128 Spiritus
423 2061 665 2116 Domini
686 2062 957 2130 replevit.
991 2063 1055 2118 In
1094 2078 1266 2121 ramo
1307 2081 1585 2123 mansos
1617 2072 1657 2123 E
1687 2069 1796 2125 ha-

138 2147 239 2203 bet
262 2152 450 2205 totum
476 2148 518 2201 F
546 2153 605 2205 et
623 2150 753 2221 ejus
775 2152 1151 2221 octavum,id
1172 2158 1262 2210 est
1284 2156 1794 2227 sesquioctavum.

142 2239 205 2291 D.
241 2240 426 2292 totum
450 2239 490 2292 E
518 2242 576 2293 et
598 2238 729 2309 ejus
770 2243 1069 2308 octavum,
1101 2242 1164 2297 id
1195 2247 1302 2313 est,
1334 2244 1701 2316 epogdoum.
1732 2249 1795 2304 C.

143 2328 328 2380 totum
357 2325 397 2377 F
425 2329 482 2381 et
510 2326 640 2397 ejus
687 2326 947 2399 tertium,
995 2330 1162 2401 quod
1191 2335 1279 2387 est
1304 2334 1683 2405 sesquitertia
1707 2334 1796 2391 vel

138 2413 387 2486 epitrita,
419 2414 479 2469 id
529 2419 637 2485 est,
687 2416 1086 2474 diatessaron.
1141 2423 1180 2475 Β
1227 2424 1421 2477 totum
1464 2423 1527 2477 C.
1573 2428 1630 2480 et
1667 2424 1796 2495 ejus

136 2506 436 2572 octavum,
460 2502 629 2575 quod
653 2508 744 2560 est
773 2509 948 2561 tonus
972 2524 986 2573 ;
1018 2506 1112 2563 vel
1142 2511 1332 2563 totum
1362 2512 1400 2564 Ε
1427 2514 1486 2566 et
1527 2512 1657 2583 ejus
1679 2516 1796 2567 ter-

136 2590 308 2661 tium,
329 2590 495 2664 quod
544 2596 633 2647 est
686 2591 1087 2664 diatessaron;
1119 2596 1215 2651 vel
1266 2601 1456 2653 totum
1492 2602 1548 2655 F.
1579 2604 1633 2657 et
1666 2601 1794 2671 ejus

135 2679 423 2747 medium,
455 2680 624 2753 quod
682 2686 771 2738 est
823 2682 1121 2755 diapente.
1152 2689 1200 2741 Α
1256 2690 1450 2743 totum
1500 2691 1540 2744 Β
1569 2694 1625 2746 et
1662 2690 1794 2760 ejus

135 2770 436 2836 octavum,
469 2767 531 2823 id
558 2772 647 2824 est
674 2772 920 2838 tonum;
961 2770 1057 2828 vel
1086 2775 1277 2829 totum
1321 2776 1385 2829 D.
1420 2779 1478 2831 et
1520 2776 1651 2847 ejus
1680 2781 1794 2831 ter-

136 2858 304 2926 tium,
333 2857 499 2930 quod
535 2862 626 2914 est
679 2857 1094 2929 diatessaron;
1125 2860 1220 2918 vel
1259 2865 1452 2920 totum
1484 2868 1524 2920 Ε
1562 2870 1620 2922 et
1664 2865 1795 2937 ejus

133 2945 425 3014 medium,
456 2948 625 3019 quod
654 2951 747 3006 est
773 2948 1073 3022 diapente.
1116 2953 1178 3007 G.
1212 2950 1397 3009 habet
1423 2957 1613 3011 totum
1645 2957 1706 3011 E.
1739 2958 1797 3012 et

134 3036 267 3107 ejus
302 3035 559 3107 tertium,
589 3037 758 3110 quod
787 3041 876 3095 est
901 3038 1297 3097 diatessaron.
1327 3043 1369 3097 G
1397 3046 1599 3101 autem
1627 3043 1795 3118 quod

134 3130 224 3181 est
262 3124 413 3182 Trite
467 3141 929 3197 synemmenon,
960 3128 1142 3185 habet
1194 3133 1386 3189 totum
1430 3135 1495 3189 D.
1528 3133 1794 3205 primum

132 3214 453 3288 diapason,
479 3220 536 3273 et
561 3216 690 3288 ejus
722 3216 1013 3289 medium,
1044 3218 1213 3292 quod
1256 3223 1345 3277 est
1381 3220 1682 3295 diapente.
1730 3226 1793 3278 In

133 3320 377 3361 secusne
408 3321 688 3363 nurssox
714 3308 751 3361 F
782 3310 972 3363 totum
1020 3309 1082 3364 G.
1129 3306 1331 3381 habet,
1365 3314 1422 3367 et
1450 3312 1580 3382 ejus
1628 3316 1792 3368 octa-

128 3410 294 3461 vum,
332 3393 499 3467 quod
530 3399 617 3450 est
647 3398 824 3451 tonus
847 3413 861 3465 ;
885 3395 975 3452 vel
1000 3400 1193 3453 totum
1214 3400 1274 3454 Β.
1301 3402 1358 3455 et
1377 3399 1508 3470 ejus
1532 3400 1789 3471 tertium,

128 3482 301 3557 quod
325 3487 412 3540 est
432 3483 832 3555 diatessaron,
853 3486 947 3541 vel
972 3490 1159 3543 totum
1191 3490 1253 3545 C.
1276 3493 1332 3547 et
1347 3489 1477 3560 ejus
1499 3490 1791 3561 medium,

126 3571 302 3645 quod
344 3576 436 3628 est
487 3572 805 3647 diapente;
838 3574 932 3631 vel
959 3575 1123 3633 aliud
1166 3580 1205 3633 F
1234 3577 1442 3651 duplo,
1491 3580 1657 3651 quod
1706 3585 1795 3655 est

126 3661 453 3735 diapason.
508 3665 549 3718 E
602 3666 794 3720 totum
848 3664 891 3716 F
944 3670 1000 3721 et
1048 3666 1178 3737 ejus
1231 3670 1533 3740 octavum,
1565 3668 1625 3724 id
1678 3673 1790 3739 est,

124 3756 387 3821 tonum;
436 3751 529 3809 vel
570 3756 762 3809 totum
815 3758 881 3810 A.
934 3759 990 3811 et
1025 3756 1158 3827 ejus
1209 3756 1465 3826 tertium,
1510 3757 1676 3830 quod
1706 3762 1795 3815 est

123 3841 541 3912 diatessaron;
577 3842 671 3898 vel
719 3847 909 3900 totum
940 3846 998 3901 Β.
1032 3849 1090 3901 et
1117 3845 1247 3917 ejus
1296 3845 1585 3918 medium,
1628 3848 1793 3919 quod

122 3934 217 3986 est
246 3930 565 4002 diapente;
598 3930 694 3988 vel
721 3931 883 3989 aliud
912 3935 954 3987 E
1001 3932 1208 4006 duplo,
1239 3934 1402 4008 quod
1451 3938 1537 3991 est
1582 3934 1791 4008 diapa-

121 4034 261 4074 son.
300 4021 362 4074 D.
396 4022 585 4076 totum
636 4022 676 4075 E
723 4025 779 4077 et
821 4021 952 4092 ejus
1007 4024 1306 4092 octavum,
1339 4022 1400 4078 id
1431 4027 1522 4079 est
1550 4026 1741 4080 totum
1775 4042 1789 4094 ;

118 4105 219 4162 vel
256 4109 452 4163 totum
480 4111 548 4163 A.
584 4112 640 4164 et
665 4108 796 4180 ejus
827 4108 1119 4183 medium,
1150 4111 1317 4183 quod
1356 4115 1443 4167 est
1472 4110 1749 4184 diapente
1775 4131 1787 4181 ;

118 4194 221 4253 vel
252 4195 419 4252 aliud
450 4199 513 4253 D.
548 4196 824 4270 duplum,
848 4198 1016 4270 quod
1037 4203 1126 4256 est
1154 4200 1471 4276 diapason.
1507 4203 1565 4258 C.
1602 4204 1791 4258 totum

115 4289 180 4342 F.
218 4288 282 4342 et
305 4285 435 4356 ejus
466 4285 723 4359 tertium,
764 4287 931 4360 quod
959 4288 1331 4346 diatessaron
1359 4308 1371 4359 ;
1404 4289 1494 4345 vel
1525 4293 1715 4346 totum
1749 4293 1791 4347 G

110 4380 176 4431 et
205 4375 261 4446 ej
274 4392 345 4431 us
375 4374 662 4445 medium,
695 4376 862 4450 quod
917 4382 1005 4434 est
1058 4377 1335 4452 diapente
1369 4398 1381 4447 ;
1411 4379 1505 4436 vel
1534 4379 1696 4435 aliud
1728 4382 1787 4437 C.

108 4462 336 4536 duplo,
364 4464 528 4537 quod
560 4468 651 4520 est
690 4464 990 4538 diapason
1017 4465 1112 4522 vel
1139 4468 1404 4540 primum
1438 4471 1475 4523 F
1500 4468 1706 4541 duplo,
1736 4473 1794 4525 et

108 4553 259 4624 ejus
291 4552 446 4609 duas
480 4553 698 4623 tertias,
726 4553 895 4627 quod
917 4558 1005 4613 est
1032 4555 1327 4628 diapason
1352 4555 1529 4612 simul
1558 4561 1615 4613 et
1661 4558 1791 4616 dia-

104 4648 421 4698 tessaron.
479 4645 538 4698 B.
576 4646 766 4699 totum
818 4643 878 4699 C.
930 4647 989 4699 et
1039 4644 1170 4716 ejus
1210 4649 1513 4715 octavum,
1566 4645 1628 4701 id
1680 4651 1788 4719 est,

106 4739 382 4800 tonum;
411 4730 506 4788 vel
558 4734 751 4788 totum
792 4734 832 4787 Ε
864 4736 920 4788 et
952 4733 1081 4805 ejus
1111 4735 1368 4803 tertium,
1398 4735 1458 4790 id
1506 4740 1615 4804 est,
1667 4735 1790 4791 dia-

104 4826 435 4890 tessaron;
476 4820 567 4878 vel
619 4826 810 4878 totum
866 4825 922 4879 F.
980 4827 1037 4880 et
1076 4823 1206 4896 ejus
1257 4824 1546 4887 medium,
1591 4824 1651 4880 id
1701 4829 1793 4881 est

98 4912 444 4984 diapente;
472 4910 567 4967 vel
589 4910 753 4967 aliud
782 4912 844 4965 B.
878 4912 1087 4987 duplo,
1137 4912 1197 4968 id
1229 4917 1318 4969 est
1346 4913 1667 4986 diapason,
1696 4914 1791 4970 vel

95 5001 287 5058 aliud
342 5003 383 5056 F
414 5000 607 5074 triplo,
639 5000 701 5057 id
732 5005 836 5068 est,
861 5001 1161 5077 diapason
1190 5001 1369 5058 simul
1390 5006 1447 5057 et
1485 5001 1783 5076 diapente.

94 5096 155 5146 A
183 5094 395 5147 totum
418 5092 476 5147 B.
520 5094 576 5147 et
613 5092 744 5163 ejus
784 5095 1086 5160 octavum,
1128 5091 1294 5165 quod
1332 5095 1419 5148 est
1448 5096 1661 5162 tonus;
1694 5091 1789 5150 vel

92 5186 316 5238 totum
345 5183 411 5237 D.
456 5184 513 5236 et
542 5182 672 5253 ejus
724 5181 982 5250 tertium,
1010 5181 1175 5254 quod
1226 5185 1314 5237 est
1362 5181 1735 5240 diatessaron
1769 5201 1783 5252 ;

88 5268 201 5326 vel
244 5273 450 5328 totum
482 5271 541 5327 C.
573 5273 629 5326 et
654 5270 783 5341 ejus
814 5270 1104 5336 medium,
1134 5269 1301 5343 quod
1348 5274 1438 5326 est
1463 5271 1744 5344 diapente
1770 5290 1783 5340 ;

82 5359 199 5416 vel
234 5356 415 5416 aliud
446 5361 513 5415 A.
546 5358 755 5433 duplo,
786 5360 846 5416 id
878 5365 987 5428 est,
1033 5359 1346 5433 diapason.
1382 5362 1445 5417 G.
1500 5362 1691 5415 totum
1720 5360 1781 5417 Ο.

82 5456 151 5507 et
210 5450 361 5521 ejus
393 5450 650 5517 tertium,
685 5449 745 5505 id
793 5454 898 5517 est,
927 5450 1336 5517 diatessaron;
1370 5449 1464 5506 vel
1511 5448 1696 5506 alium
1740 5452 1781 5505 G

73 5541 332 5614 duplo,
368 5540 430 5596 id
460 5544 567 5609 est,
596 5540 915 5612 diapason.
948 5543 1002 5595 F.
1037 5544 1227 5596 totum
1259 5543 1321 5596 G.
1355 5545 1411 5596 et
1454 5541 1582 5612 ejus
1628 5543 1784 5596 octa-

66 5645 279 5702 vum,
318 5628 384 5685 id
410 5634 518 5701 est,
550 5634 761 5691 tonum
789 5649 803 5701 ;
834 5630 929 5687 vel
957 5634 1151 5689 totum
1179 5633 1237 5689 Β.
1269 5635 1325 5689 et
1349 5631 1478 5703 ejus
1522 5629 1780 5702 tertium,

1905 1810 2073 1881 quod
2104 1816 2193 1867 est
2237 1812 2551 1887 diapente;
2586 1817 2683 1874 vel
2709 1818 2877 1875 aliud
2909 1823 2947 1876 F
2988 1820 3198 1896 duplo,
3224 1823 3287 1880 id
3318 1828 3424 1897 est,
3452 1825 3575 1883 dia-

1907 1912 2100 1969 pason
2126 1918 2139 1970 ;
2168 1899 2259 1958 vel
2288 1903 2521 1961 tertium
2556 1906 2618 1960 F.
2671 1907 3041 1985 quadruplo,
3066 1909 3129 1968 id
3172 1915 3280 1983 est,
3310 1911 3404 1970 bis
3448 1913 3574 1972 dia-

1904 2001 2121 2057 pason.

1997 2092 2122 2132 CITA
2162 2095 2225 2135 ET
2263 2096 2411 2136 VERA
2450 2098 2655 2140 DIVISIO
2698 2100 3062 2143 MONOCHORDI
3099 2104 3153 2145 IN
3192 2105 3485 2147 DIATONICO

2621 2170 2858 2212 GENERE.

1980 2235 2302 2294 Dimidium
2340 2238 2999 2312 proslambanomenos
3029 2251 3119 2303 est
3166 2263 3346 2305 mese.
3382 2247 3567 2320 Hujus

1905 2327 2107 2379 autem
2137 2325 2453 2384 dimidium
2487 2334 2579 2386 est
2606 2333 2747 2387 Nete
2772 2332 3230 2407 hyperbolaeon,
3257 2336 3429 2409 cujus
3460 2342 3570 2394 ter-

1903 2412 1984 2468 tia
2013 2426 2155 2486 pars
2184 2414 2234 2471 ei
2292 2416 2499 2473 addita
2552 2422 2640 2475 est
2683 2425 2822 2478 nete
2882 2422 3375 2497 diezeugmenon.
3407 2428 3571 2500 Ejus-

1902 2501 2043 2558 dem
2089 2508 2222 2561 nete
2267 2505 2699 2578 hyperbolaeon
2731 2511 3028 2569 medietas
3078 2514 3341 2573 similiter
3385 2516 3436 2573 ei
3469 2517 3570 2573 ad-

1903 2590 2027 2647 dita
2085 2597 2176 2649 est
2226 2601 2514 2665 paranete
2567 2596 3091 2670 diezeugmenon:
3141 2606 3314 2676 cujus
3355 2610 3569 2680 quarta

1901 2694 2044 2751 pars
2102 2680 2297 2738 eidem
2358 2682 2598 2741 sublata
2646 2690 2704 2742 et
2772 2695 3060 2760 paranete
3118 2692 3567 2768 hyperbolaeon.

1905 2768 2091 2841 Hujus
2122 2776 2322 2829 autem
2378 2773 2669 2832 medietas
2701 2777 2817 2834 sibi
2876 2779 3083 2838 addita
3134 2785 3220 2840 est
3275 2785 3404 2841 trite
3451 2786 3571 2843 die-

1903 2872 2298 2929 zeugmenon.
2351 2863 2538 2934 Hujus
2569 2866 2775 2922 autem
2807 2874 3024 2941 quarta
3076 2887 3218 2945 pars
3249 2873 3444 2931 eidem
3475 2892 3571 2932 su-

1904 2945 2066 3003 blata
2095 2952 2184 3005 est
2230 2950 2359 3007 trite
2402 2950 2860 3025 hyperbolceon.
2912 2958 3051 3015 Nete
3097 2958 3571 3034 diezeugmenon

1831 3082 1877 3135 Β
1903 3041 2106 3135 autem
2160 3039 2329 3135 tertia
2360 3054 2501 3135 pars
2524 3041 2643 3135 isibi
2692 3043 2903 3103 addita
2940 3051 3028 3105 est
3054 3065 3390 3123 paramese.
3425 3046 3571 3112 Ecce

1903 3124 2091 3183 habes
2158 3131 2294 3184 octo
2362 3126 2708 3199 divisiones,
2766 3149 3029 3206 quarum
3106 3139 3432 3214 unicuique
3491 3138 3573 3201 da

1904 3229 2077 3270 suam
2124 3214 2446 3289 diapason,
2489 3217 2711 3276 scilicet
2760 3237 2955 3296 usque
3011 3225 3572 3298 proslambanome-

1902 3320 2035 3375 nos,
2085 3308 2143 3361 et
2181 3305 2370 3362 habes
2419 3307 2769 3381 quindecim
2802 3328 2989 3369 sonos
3018 3314 3081 3371 in
3127 3316 3221 3372 his
3273 3317 3571 3392 diapason

1902 3392 2272 3450 constitutos.
2306 3395 2534 3451 Primos
2560 3397 2791 3470 species
2824 3400 3199 3460 diatessaron
3229 3411 3469 3464 constat
3498 3424 3572 3465 ex

1900 3488 2062 3552 tono,
2094 3484 2429 3555 semitonio,
2459 3489 2620 3543 tono.
2654 3489 2931 3545 Secunda
2973 3508 3048 3547 ex
3093 3491 3335 3550 duobus
3388 3496 3567 3561 tonis,

1902 3576 1959 3626 et
1982 3570 2315 3628 semitonio.
2347 3573 2539 3630 Tertia
2567 3590 2640 3629 ex
2671 3576 2989 3633 semitonio
3019 3583 3077 3635 et
3105 3576 3348 3637 duobus
3389 3583 3563 3639 tonis.

1903 3660 2127 3725 Quarta
2175 3677 2249 3716 ex
2296 3659 2494 3733 prima
2562 3662 2758 3736 specie
2811 3664 3207 3737 diatessaron,
3276 3669 3568 3743 adjuncto

1902 3752 2045 3806 tono
2074 3748 2337 3805 inferius.
2372 3750 2572 3806 Prima
2624 3751 2852 3824 species
2900 3753 3181 3829 diapente
3229 3762 3468 3816 constat
3494 3776 3568 3816 ex

1900 3838 2097 3912 prima
2136 3839 2333 3912 specie
2382 3838 2781 3911 diatessaron,
2812 3840 3048 3914 adjecto
3092 3848 3236 3901 tono
3266 3848 3563 3919 superius.

1905 3927 2180 3984 Secunda
2228 3943 2301 3983 ex
2349 3927 2616 3985 secunda
2660 3928 3057 4004 diatessaron,
3118 3932 3357 4006 adjecto
3424 3938 3567 3992 tono

1901 4019 2192 4092 superius.
2225 4018 2415 4076 Tertia
2466 4036 2538 4075 ex
2587 4020 2775 4090 tertia,
2810 4020 3046 4094 adjecto
3103 4027 3244 4081 tono
3298 4024 3564 4084 inferius.

1900 4110 2106 4165 Protus
2137 4110 2378 4165 constat
2402 4127 2473 4165 ex
2506 4106 2704 4184 prima
2730 4112 2926 4185 specie
2956 4113 3257 4188 diapente,
3286 4119 3346 4172 et
3371 4116 3569 4189 prima

1901 4198 2097 4271 specie
2128 4198 2504 4256 diatessaron
2558 4201 2853 4274 superius.
2910 4202 3254 4275 Subjugalis
3303 4206 3434 4278 ejus
3493 4222 3567 4263 ex

1901 4287 2113 4344 eadem
2171 4287 2472 4361 diapente,
2532 4293 2588 4346 et
2636 4290 2850 4348 eadem
2917 4292 3112 4366 specie
3190 4292 3567 4353 diatessaron

1900 4376 2164 4434 inferius.
2216 4378 2403 4435 Tritus
2454 4383 2691 4438 constat
2738 4398 2811 4438 ex
2838 4381 3007 4438 tertia
3056 4383 3251 4454 specie
3281 4384 3563 4456 diapente

1901 4471 1958 4523 et
2002 4467 2171 4523 tertia
2219 4467 2414 4540 specie
2462 4468 2833 4525 diatessaron
2881 4469 3174 4543 superius.
3219 4470 3563 4542 Subjugalis

1900 4557 2030 4629 ejus
2083 4572 2155 4614 ex
2205 4557 2419 4614 eadem
2476 4558 2674 4631 specie
2722 4558 3020 4630 diapente,
3054 4563 3111 4614 et
3161 4557 3374 4615 eadem
3433 4576 3562 4633 spe-

1900 4648 1986 4703 cie
2044 4646 2417 4704 diatessaron
2473 4647 2738 4704 inferius.
2795 4647 3112 4704 Tetrardus
3183 4648 3415 4705 constat
3487 4664 3560 4706 ex

1898 4736 2116 4808 quarta
2168 4735 2363 4811 specie
2418 4733 2717 4808 diapente,
2744 4738 2801 4790 et
2852 4734 3050 4808 prima
3101 4736 3296 4809 specie
3336 4734 3557 4794 diates-

1900 4841 2078 4881 saron
2162 4823 2457 4896 superius.
2544 4821 2885 4895 Subjugalis
2966 4824 3097 4895 ejus
3190 4840 3264 4882 ex
3345 4825 3558 4883 eadem

1898 4912 2094 4985 'specie
2160 4913 2459 4985 diapente,
2527 4916 2584 4969 et
2652 4910 2865 4968 eadem
2951 4910 3327 4970 diatessaron
3416 4913 3558 4972 infe-

1892 5000 2042 5057 rius.

1969 5090 2027 5146 Si
2058 5089 2326 5147 secunda.
2355 5091 2611 5163 primam
2633 5092 2820 5145 totam
2840 5086 2903 5145 in
2930 5106 3013 5157 se,
3036 5092 3095 5146 et
3118 5090 3249 5162 ejus
3276 5095 3557 5151 octavam

1894 5185 2129 5254 partem
2152 5176 2447 5247 habuerit,
2472 5182 2614 5235 tono
2635 5195 2672 5235 a
2702 5194 2766 5234 se
2796 5175 3059 5235 distabit.
3078 5178 3137 5236 Si
3157 5180 3428 5240 secunda
3448 5186 3560 5239 ter-

1894 5268 2040 5326 tiam
2052 5275 2108 5326 et
2119 5269 2249 5341 ejus
2263 5272 2496 5343 partem
2507 5270 2788 5340 quartam
2802 5265 3101 5326 decimam
3105 5267 3208 5341 ,ad
3221 5285 3286 5326 se
3299 5266 3558 5329 invicem

1896 5360 2019 5415 toni
2035 5357 2295 5414 reddunt
2306 5357 2786 5414 consonantiam.
2809 5357 2865 5414 Si
2880 5361 3096 5431 quarta
3106 5357 3342 5416 tertiam
3355 5365 3412 5417 et
3427 5362 3557 5433 ejus

1894 5453 2169 5505 octavam
2186 5452 2242 5503 et
2258 5452 2481 5503 octavae
2500 5451 2796 5515 octavam,
2815 5445 3090 5504 semitoni
3109 5448 3249 5506 facit
3271 5450 3556 5523 sympho-

1893 5538 2079 5595 niam.
2105 5537 2163 5592 Si
2189 5540 2465 5616 quartam
2498 5536 2708 5609 quinta
2728 5541 2785 5593 et
2810 5537 3281 5611 suiquintanam,
3308 5537 3555 5610 quinta:-

1892 5643 2012 5701 que
2040 5626 2338 5700 quintam,
2357 5626 2637 5701 diapente
2657 5626 2765 5685 erit
2785 5626 2863 5685 ad
2892 5629 3155 5701 priman.
3173 5626 3274 5700 (Si)
3299 5624 3554 5700 septima
