4000 6190
363 234 465 290 9-27
1000 217 1344 277 HUCBALDI
1384 215 1552 271 non;
1595 212 1650 266 s.
1693 203 1958 263 AMANDI
1998 199 2149 255 ore.
2193 199 2373 254 rans
2412 198 2477 254 II.
2520 231 2590 239 —
2628 178 3129 256 MISCELLANEA.
3680 195 3791 247 92s

368 361 621 424 sextam,
653 356 711 408 et
743 349 837 406 sui
866 349 1095 419 partem
1125 339 1466 413 septimam,
1495 337 1738 391 resonat
1784 327 2016 384 semito-
2054 327 2100 377 Α
2130 322 2586 379 enarmonicum
2620 338 2807 391 genus
2836 321 3035 377 ductio
3066 320 3258 382 lineae,
3286 322 3346 374 et
3392 318 3461 373 ﬁt
3489 317 3553 373 in
3604 316 3795 372 diatoc

293 482 301 485 .
367 445 557 511 nium,
589 406 755 513 quod
781 406 1355 505 est‘synemmenon.
1455 406 1459 407 ν
2131 412 2267 467 nico
2316 415 2357 467 G
2389 417 2445 467 et
2476 417 2542 467 A.
2575 412 2979 477 semitonium,
3007 409 3173 483 quod
3210 410 3390 465 etiam
3420 423 3533 479 per
3581 406 3794 461 eadem

856 495 1118 578 nxainnsro
1160 531 1533 574 nosocnonm.
2132 503 2175 557 G
2229 508 2295 555 A.
2328 501 2620 572 contingit
2643 502 2705 556 in
2732 500 3135 556 chromatico:
3169 499 3301 572 ipso
3352 495 3680 552 semitonio
3711 500 3795 550 ta-

2132 605 2270 644 men
2301 588 2514 645 divisio
2535 590 2592 645 in
2618 588 3035 654 enarmonico;
3071 588 3274 661 sicque
3305 587 3392 652 ﬁt,
3430 590 3493 640 ut
3524 584 3798 639 videatur

2136 677 2521 734 semitonium
2570 682 2767 745 tonus,
2799 682 2995 745 tonus,
3027 677 3181 732 intra
3227 676 3291 731 G.
3340 678 3407 729 Α.
3454 673 3518 727 Β.
3554 672 3616 726 C.
3652 676 3708 727 et
3738 671 3797 726 in

2136 767 2504 823 chromatico
2534 766 2821 822 similiter.
2865 765 2979 821 Sed
3007 764 3303 821 contrario
3354 761 3569 832 modo,
3601 760 3665 815 id
3693 763 3796 826 est,

2136 856 2293 912 intra
2322 858 2385 912 G.
2418 861 2483 912 A.
2514 859 2575 911 B.
2611 857 2669 911 C.
2706 854 3108 911 semitonium.
3137 850 3553 920 semitonium,
3603 854 3798 904 tonus.

442 626 525 676 Im
550 616 759 690 primis
789 626 1025 677 censeo,
1059 613 1250 664 totum
1280 601 1747 662 Monochordum
1778 598 1839 651 in
1868 593 2022 649 dire—

369 713 531 763 ctum
550 687 754 759 dividi
800 706 1059 774 quatuor
1086 696 1260 753 lineis
1295 713 1306 749 :
1336 707 1595 766 quarum
1643 687 1839 761 prima
1886 698 2023 738 cum

369 813 478 851 suo
516 793 710 867 spatio
759 788 1149 848 concedenda
1200 789 1292 841 est
1329 781 1527 855 generi
1556 776 1857 835 diatonico
1893 790 1905 829 :
1939 787 2024 827 se-

370 862 571 940 cunda
615 879 1024 937 chromatico:
1058 876 1227 933 tertia
1282 868 1687 930 enarmonico.
1738 868 1881 931 Quae
1914 862 2027 917 tria

371 971 646 1028 dissimili
720 968 1097 1025 dimensione
1175 965 1449 1019 constant
1517 961 1576 1013 in
1634 949 2031 1011 monochordi

371 1061 624 1118 ratione.
659 1058 774 1117 Sed
802 1062 867 1113 ut
898 1056 1129 1112 facilius
1161 1058 1511 1109 caeterorum
1537 1059 1822 1102 mensura
1846 1039 2036 1114 possit

377 1147 686 1220 consequi,
716 1146 982 1219 primum
1009 1142 1302 1198 scribatur
1330 1150 1611 1193 mensura
1637 1130 1938 1196 diatonici,
1971 1130 2036 1182 ut

376 1253 484 1310 per
535 1217 734 1306 hujus
767 1232 1104 1302 regularem
1152 1227 1611 1293 dimensionem,
1657 1217 2037 1276 artiﬁcialiter

376 1309 590 1382 melius
618 1325 678 1379 in
710 1322 935 1378 eteteris
982 1320 1303 1376 decernere
1356 1315 1665 1370 valeamus
1699 1309 2032 1365 'rationem.

378 1413 642 1469 Primum
671 1411 733 1466 in
781 1415 1043 1483 quatuor
1094 1423 1206 1478 tht
1234 1423 1269 1461 a
1312 1403 1633 1464 dividatur,
1679 1401 1740 1455 in
1778 1410 2038 1470 quorum

378 1502 574 1575 prima
632 1503 674 1554 F
729 1498 897 1554 ﬁnali
953 1497 1147 1553 littera
1202 1493 1849 1567 proslambanomenos
1902 1500 2040 1539 cum

380 1605 636 1647 numero
664 1588 826 1643 VIIII.
872 1601 1061 1644 ccxvx.
1115 1583 1403 1641 Secundo
1440 1584 1477 1635 Β
1528 1580 1799 1635 lichanos
1854 1575 2042 1646 hypav

2142 946 2537 1018 Similiterque
2586 945 2647 1001 in
2690 944 3074 1001 enarmonico
3120 943 3278 999 intra
3322 945 3385 998 G.
3421 946 3490 996 Α.
3528 942 3681 1017 ac.
3714 953 3802 992 se-

2141 1036 2483 1106 mitonium,
2516 1035 2924 1105 semitonium,
2958 1039 3153 1090 tonus.
3608 1014 3613 1017 Δ

2962 1141 3006 1191 Α

2219 1247 2441 1299 Rursus
2470 1258 2506 1298 a
2544 1245 2830 1314 paranete
2885 1252 3347 1311 synemmenon,
3378 1235 3537 1291 Trite
3587 1234 3812 1289 diezeu-

2148 1348 2412 1402 gmenon
2442 1334 2575 1386 VIII.
2596 1330 2658 1385 in
2682 1335 3015 1385 extremum
3045 1327 3198 1382 datis
3220 1323 3667 1381 VIIII.‘inferius
3689 1322 3807 1376 erit.

2150 1426 2212 1478 G.
2236 1421 2365 1477 trite
2393 1434 2831 1493 synemmenon
2856 1434 2991 1473 cum
3024 1418 3120 1471 IIII
3154 1431 3479 1470 CCCLxxnn.
3506 1428 3581 1468 ex
3607 1427 3733 1484 quo
3756 1410 3814 1465 ﬁt

2149 1509 2208 1563 in
2243 1508 2675 1563 ehromaticum
2708 1507 2908 1561 ductio
2938 1506 3128 1574 linere,
3153 1508 3209 1559 et
3232 1507 3476 1558 notetur
3498 1498 3813 1556 chromati-

2152 1614 2312 1667 cum,
2333 1600 2395 1653 G.
2426 1597 2603 1652 simili
2624 1597 2874 1652 ratione.
2904 1596 3000 1650 His
3026 1595 3122 1651 tali
3144 1591 3405 1664 sumptis
3427 1588 3670 1656 ordine,
3687 1587 3813 1641 dum

382 1685 487 1735 ton
542 1678 630 1732 VI.
677 1678 736 1732 d.
785 1692 1016 1730 (:cccxu.
1072 1673 1260 1728 Tertio
1310 1671 1352 1722 F
1400 1685 1559 1724 mese
1622 1671 1732 1721 IIII.
1783 1664 1858 1758 (1..-
1884 1677 2037 1758 cvm.
2079 1674 2125 1729 Β
2155 1684 3817 1758 aliarum,quasinprimisposuimus’pamumconsum

388 1769 609 1833 Quarto
640 1768 682 1820 F
718 1770 848 1820 nete
906 1762 1335 1835 hyperbolaeon
1362 1761 1422 1829 ij.
1455 1758 1655 1828 (:cciiij,
1689 1754 2039 1810 ascribatur.

462 1860 509 1909 A
539 1872 663 1927 qua
715 1856 770 1909 F.
826 1854 884 1908 id
938 1858 1045 1921 est,
1095 1856 1227 1906 nete
1274 1847 1726 1921 hyperbolaeon,
1782 1843 1937 1897 linea
1985 1841 2043 1894 in

392 1944 827 2000 chromaticnm
859 1948 916 1997 et
965 1939 1421 1997 enarmonicum
1474 1951 1663 2006 genus
1692 1932 1963 1996 ducatur,
1993 1936 2049 1983 et

392 2035 455 2088 F.
490 2036 555 2087 ut
600 2033 659 2087 in
705 2030 1027 2087 diationica
1077 2030 1136 2084 in
1196 2033 1449 2099 utroque
1505 2023 1914 2079 constituatur.
1952 2019 2049 2074 Illa

392 2136 555 2194 pars,
589 2137 723 2192 quae
764 2119 825 2175 in
858 2122 919 2174 F.
949 2123 1081 2173 nete
1137 2115 1567 2189 hyperbolzeon
1607 2111 1957 2175 ascribatur,
1989 2108 2048 2162 in

394 2213 529 2265 octo
560 2208 880 2277 dividatur,
913 2213 967 2263 et
1014 2222 1176 2262 nona
1234 2206 1478 2260 interius
1511 2206 1771 2273 sumpta.
1824 2202 1883 2254 E.
1916 2214 2050 2270 quia

397 2302 488 2353 est
510 2302 799 2369 paranete
825 2294 1279 2368 hyperbolaeon,
1302 2309 1439 2347 cum
1471 2306 1721 2346 numero
1752 2291 1797 2343 II
1830 2287 1889 2343 d.
1914 2304 2048 2342 xcu.

399 2387 733 2442 adnotetur.
796 2386 1013 2441 Iterum
1070 2386 1127 2438 E.
1189 2399 1221 2438 a
1277 2386 1561 2454 paranete
1622 2377 2053 2451 hyperbolaeon

398 2491 591 2547 usque
644 2474 719 2529 ad
760 2479 1114 2538 extremum,
1155 2477 1365 2526 octava
1422 2473 1710 2537 sumatur,
1771 2481 2053 2537 nonaque

399 2564 749 2636 respiciente
774 2563 1040 2618 interius.
1080 2563 1139 2615 D.
1174 2576 1307 2629 quae
1340 2562 1427 2614 est
1454 2558 1581 2613 trite
1628 2554 2053 2628 hyperbolaeon

400 2669 541 2708 cum
572 2668 825 2707 numero
878 2652 941 2706 II.
971 2651 1029 2705 d.
1079 2664 1328 2704 cuccxvx.
1380 2648 1734 2715 assignatur.
1782 2648 2055 2714 Intraque

401 2743 465 2796 E.
502 2741 563 2795 id
592 2746 700 2811 est,
734 2746 1017 2812 paranete
1046 2737 1498 2811 hyperbolaeon,
1524 2742 1579 2790 et
1604 2735 1731 2789 trite
1746 2733 2059 2805 hyperbo-

400 2829 558 2886 laeon
592 2833 656 2886 D.
713 2824 1014 2885 dividatur
1045 2828 1317 2900 superius
1347 2842 1485 2880 cum
1532 2825 1686 2879 linea
1743 2821 2060 2878 chromati-

402 2934 541 2975 cum
571 2936 761 2989 genus
795 2936 807 2973 :
841 2922 898 2973 et
924 2918 989 2972 ﬁt
1010 2918 1071 2971 in
1115 2915 1479 2971 chromatico
1512 2930 1725 2983 genere
1754 2913 1906 2967 inter
1936 2915 1974 2965 Ε
2007 2916 2063 2965 et

404 3010 465 3063 F.
498 3012 694 3062 tonus.
728 3011 786 3063 et
815 3007 857 3058 D
888 3010 945 3059 et
975 3008 1033 3060 Ε.
1069 3004 1470 3059 semitonium.
1526 3002 1771 3057 Duobus
1820 2999 2062 3069 integris
2102 3021 2143 3074 ο

402 3095 563 3151 tonis
594 3098 745 3150 inter
778 3098 818 3149 Ι)
868 3098 924 3148 et
961 3096 999 3148 E
1039 3096 1095 3147 et
1140 3095 1177 3147 E
1212 3097 1267 3146 et
1308 3095 1342 3147 F
1387 3093 1445 3145 in
1477 3090 1777 3145 diatonico
1807 3089 2060 3143 existen-

406 3182 612 3237 tibus:
669 3184 751 3238 ﬁt‘
787 3183 848 3237 in
895 3182 1281 3237 enarmonico
1354 3180 1504 3235 inter
1554 3182 1593 3233 Ε
1647 3185 1703 3234 et
1754 3182 1790 3234 I<‘
1838 3179 2065 3246 integer

407 3278 607 3329 tonus.

481 3364 704 3415 Rursus
733 3361 793 3415 in
824 3359 1125 3415 diatonico
1156 3360 1234 3414 ab
1260 3362 1318 3414 F.
1348 3363 1479 3413 nete
1510 3355 1940 3429 hyperbolaeon
1974 3354 2066 3410 tri-

407 3451 526 3523 bus
560 3449 639 3506 ad
660 3455 994 3505 extremum
1028 3449 1303 3521 sumptis,
1336 3453 1553 3521 quarta
1575 3446 1815 3501 interior
1834 3444 1900 3500 ﬁt
1927 3446 1987 3498 C.
2008 3444 2065 3498 id

409 3545 516 3605 est,
550 3543 683 3592 nete
709 3538 1185 3606 diezeugmenon
1217 3554 1354 3593 cum
1387 3537 1457 3590 ΙΙ]
1483 3551 1657 3596 Lxxm,
1690 3538 1746 3589 et
1788 3534 1869 3588 sic
1899 3533 2068 3591 lineae

409 3627 708 3683 ducantur
740 3630 802 3681 υ.
828 3629 885 3681 Ε.
911 3629 1046 3682 etC.
1065 3626 1126 3681 in
1149 3624 1472 3680 diatonico.
1501 3628 1572 3678 At
1594 3626 1633 3679 C
1662 3627 1719 3677 et
1740 3624 1782 3676 D
1814 3622 1871 3676 in
1896 3637 2069 3676 enar-

408 3716 670 3772 monico.
705 3720 763 3771 et
790 3717 830 3771 C
863 3721 920 3771 et
950 3718 992 3771 D
1024 3719 1081 3770 et
1111 3718 1151 3770 E
1182 3716 1242 3770 in
1270 3713 1656 3769 chromatico.
1684 3716 1884 3783 Itaque
1906 3711 2073 3783 quod

409 3802 565 3859 intra
584 3808 644 3860 Ο.
667 3808 724 3859 et
746 3807 809 3859 D.
829 3803 889 3859 in
914 3803 1240 3870 diatonico,
1262 3809 1350 3859 est
1370 3802 1783 3859 semitonium:
1806 3800 1873 3855 ﬁt
1892 3801 2074 3855 etiam

412 3906 484 3947 ea
514 3897 682 3964 parte
716 3893 989 3965 superius
1020 3893 1080 3948 in
1110 3892 1476 3948 chromatico
1503 3892 1658 3946 intra
1708 3894 1767 3947 C.
1800 3894 1857 3944 et
1888 3893 1951 3943 υ.
1982 3904 2074 3943 se-

414 3981 757 4036 mitonium.
779 3982 949 4047 Quod
966 3981 1169 4053 ipsum
1196 3980 1577 4036 semitonium
1601 3979 1660 4033 in
1687 3978 2075 4033 enarmonico

414 4069 483 4124 ﬁt
512 4069 665 4126 intra
680 4075 739 4126 C.
755 4073 885 4125 etD.
906 4071 1185 4126 divisum.
1203 4071 1420 4126 Iterum
1444 4069 1503 4124 in
1527 4067 1830 4124 diatonico
1852 4083 1887 4123 a
1907 4082 2079 4139 para-

742 4163 756 4214 1
801 4162 841 4214 Ε

418 4250 551 4301 nete
584 4248 1013 4319 hyperbolaeon
1036 4265 1228 4321 usque
1259 4248 1318 4303 in
1341 4251 1675 4302 extremum
1708 4246 1887 4302 ternis
1913 4259 2079 4300 men-

421 4336 635 4391 suratis
683 4337 940 4392 occurrit
991 4342 1208 4409 quarto
1264 4337 1460 4409 spatio
1505 4335 1766 4391 inferiori
1813 4338 1871 4389 B.
1901 4333 1961 4389 id
1990 4336 2081 4388 est

424 4430 557 4480 nete
607 4441 1066 4497 synemmenon,
1098 4431 1381 4499 paranete
1412 4425 1906 4493 diezeugmenon,
1941 4439 2081 4478 cum

420 4515 517 4569 IIJ.
552 4531 797 4571 cocum.
832 4517 1055 4570 Rursus
1104 4516 1163 4569 in
1215 4514 1516 4570 diatonico
1559 4530 1595 4569 a
1622 4513 1749 4568 trite
1779 4512 2082 4585 hyperbo-

638 4606 679 4658 D

422 4690 601 4759 lzeon,
635 4691 822 4747 tribus
877 4690 955 4745 ad
1009 4690 1281 4745 ultimum
1316 4690 1574 4761 sumptis
1605 4695 1819 4761 quarta
1850 4688 2093 4745 inferior

423 4779 779 4851 pervenerit,
835 4783 902 4832 A.
980 4776 1041 4832 id
1112 4783 1218 4841 est,
1268 4782 1555 4849 paranete
1626 4791 2089 4847 synemmenon,

424 4868 555 4922 trite
614 4866 1113 4935 diezeugmenon.
1162 4871 1319 4921 Intra
1370 4882 1506 4937 quae
1561 4863 1621 4918 id
1677 4870 1769 4919 est
1820 4872 1885 4918 Α.
1920 4868 1976 4918 et
2028 4869 2093 4921 D.

427 4956 800 5011 diatonicum
852 4954 1154 5010 dividatur
1209 4955 1485 5027 superius
1538 4953 1995 5024 chromaticum,
2043 4969 2101 5022 et

426 5045 494 5100 ﬁt
523 5045 603 5099 ibi
651 5044 806 5100 intra
832 5047 944 5100 AB.
979 5044 1382 5099 semitonium.
1409 5044 1451 5094 Β
1485 5044 1545 5097 C.
1579 5047 1779 5098 tonus.
1830 5049 1892 5099 In
1933 5061 2102 5101 enar-

429 5133 672 5188 monico
727 5134 881 5189 intra
927 5132 969 5184 Β
1020 5132 1060 5183 C
1116 5136 1258 5187 tono
1306 5132 1615 5199 existente,
1660 5132 1826 5204 quod
1873 5132 2102 5190 dividat

432 5225 625 5278 totum
652 5223 731 5278 ab
780 5230 846 5278 A.
880 5220 1186 5277 diatonico
1217 5220 1399 5276 ducta
1448 5221 1606 5275 linea
1653 5221 1713 5275 in
1758 5224 2099 5279 enarmoni-
2146 5272 2151 5276 _

434 5328 595 5368 cum.
654 5312 864 5367 Tribus
916 5311 1131 5365 iterum
1192 5325 1228 5364 a
1275 5316 1408 5365 nete
1482 5310 1954 5379 diezeugmenon
2022 5314 2101 5368 ad

433 5401 619 5456 ﬁnem
678 5400 859 5467 datis.
919 5402 1203 5470 quartum
1259 5400 1325 5454 ﬁt
1382 5400 1447 5454 G.
1517 5398 1577 5453 id
1633 5406 1716 5454 est
1781 5417 2101 5473 paramese

436 5491 533 5545 IIIJ
563 5505 714 5545 xcvr.
744 5488 823 5544 ab
869 5504 963 5551 eo,
992 5487 1054 5541 id
1086 5492 1193 5557 est,
1234 5488 1537 5543 diatonico
1592 5504 1905 5561 paramese
1947 5490 2014 5545 ﬁt
2041 5491 2102 5546 in

2157 1783 2271 1849 ptae
2290 1781 2429 1831 sunt
2445 1777 2685 1839 integrae
2704 1794 2715 1829 :
2738 1773 3190 1846 sequentiarum
3208 1769 3491 1825 ordinem
3513 1783 3628 1839 per
3644 1766 3817 1835 hujus

2157 1866 2335 1921 unius
2360 1881 2653 1920 mensurae
2671 1864 2942 1919 dicemus
2962 1861 3279 1917 rationem.
3306 1857 3416 1913 Ubi
3436 1858 3499 1912 in
3527 1854 3818 1910 divisione

2157 1960 2417 2027 quatuor
2438 1954 2696 2025 partium
2731 1968 2893 2007 mese
2920 1966 3056 2006 cum
3086 1950 3179 2004 IIIJ
3213 1946 3272 2002 d.
3293 1944 3625 2017 cvm.poui
3651 1941 3819 2013 jussi-

2160 2062 2316 2107 mus,
2348 2043 2431 2098 ibi
2460 2042 2704 2116 incipiat
2732 2042 2989 2096 duarum
3018 2039 3281 2111 partium
3308 2034 3467 2090 ordo
3504 2031 3818 2105 posterius.

2164 2135 2275 2190 Sed
2316 2134 2422 2199 sic,
2453 2140 2511 2188 ut
2543 2122 2713 2206 quod.
2738 2132 2797 2186 in
2827 2131 3057 2187 minore
3083 2126 3377 2182 divisione
3409 2126 3657 2179 constat
3686 2120 3819 2174 sim-

2161 2223 2352 2295 plum,
2384 2224 2442 2277 in
2474 2223 2654 2293 hujus
2685 2218 2985 2293 sequentis
3024 2218 3300 2287 genitura
3347 2211 3673 2286 proveniat
3719 2208 3823 2262 du-

2164 2310 2351 2390 plum.
2373 2310 2546 2366 Verbi
2563 2310 2778 2379 gratia:
2802 2306 3080 2381 spatium,
3097 2306 3263 2376 quod
3282 2302 3438 2357 inter
3458 2306 3599 2355 ncte
3618 2300 3826 2370 hyper—

2555 2408 2679 2464 i.F

2165 2499 2422 2565 bolteon,
2442 2503 2499 2553 et
2522 2500 2808 2569 paranete
2838 2491 3268 2566 hyperbolaeon
3297 2486 3746 2561 simpliﬁcatur,
3776 2482 3826 2536 id

2880 2595 2917 2647 F
3206 2593 3245 2644 E

2167 2689 2319 2743 inter
2347 2703 2509 2742 mese
2540 2691 2596 2740 et
2624 2685 2892 2739 lichanos
2939 2696 3147 2736 mesen
3190 2677 3533 2750 diplicatur.
3570 2671 3747 2738 Quod
3774 2671 3831 2725 li—

2738 2776 2776 2829 F

2174 2870 2401 2923 chanos
2433 2882 2639 2921 meson
2673 2879 2809 2919 cum
2837 2865 2878 2915 V
2924 2876 3207 2916 cnxxxnu.
3237 2871 3501 2913 numero
3533 2853 3615 2909 ad
3671 2868 3833 2906 mese

2173 2957 2402 3025 integro
2432 2959 2592 3009 tono.
2625 2952 2714 3009 Sic
2745 2966 2852 3022 per
2872 2950 3055 3019 hujus
3080 2946 3306 3002 ordinis
3333 2940 3835 3014 consequentiam

2173 3045 2449 3101 eamdem
2510 3044 2568 3098 in
2626 3040 2847 3097 caeteris
2901 3034 3316 3093 inevitabiliter
3350 3032 3667 3087 veriﬁcam
3698 3044 3835 3101 pro-

2173 3134 2373 3190 venire
2404 3132 2778 3188 sententiam.

2248 3241 2324 3292 Nc
2368 3236 2429 3289 id
2471 3235 2530 3288 in
2576 3233 2702 3288 solo
2733 3232 2815 3286 sic
2864 3229 3205 3302 duplicatur
3252 3224 3587 3291 diatonico,
3632 3235 3841 3276 verum

2175 3326 2354 3382 etiam
2376 3339 2482 3397 per
2496 3322 2738 3378 easdem
2760 3319 3143 3379 litteras,non
3166 3320 3370 3371 tamen
3388 3312 3451 3367 in
3470 3309 3689 3366 eodem
3714 3308 3841 3362 loco

2177 3415 2236 3471 in
2267 3412 2631 3469 chromatico
2663 3415 2718 3465 et
2742 3406 3150 3464 enarmonico.
3171 3404 3352 3474 Igitur
3371 3400 3519 3474 quia
3546 3398 3732 3454 taedio
3746 3396 3842 3450 de-

2178 3507 2505 3577 putaretur,
2528 3499 2575 3554 si
2605 3499 2679 3553 de
2711 3494 2960 3564 singulis
2992 3492 3354 3547 sufﬁcienter
3378 3490 3510 3559 jam
3540 3485 3719 3540 dictis
3748 3482 3842 3536 ite-

2179 3575 2306 3650 rato
2338 3594 2687 3648 tractaretur
2715 3606 2727 3642 :
2754 3585 2893 3641 inde
2925 3583 3151 3639 ratione
3176 3580 3519 3653 postposita
3575 3575 3842 3647 priorum

2181 3686 2413 3736 tantum
2430 3676 2673 3733 nomine
2692 3689 2827 3730 cum
2846 3686 3099 3727 numero
3118 3666 3566 3724 remanentium
3586 3661 3847 3718 ascriba-

2182 3776 2276 3826 tur
2299 3775 2577 3824 tonorum
2611 3781 2747 3820 cum
2784 3760 3084 3835 prioribus
3126 3754 3663 3830 duplicandorum.
3700 3752 3846 3817 Ergo

2894 3863 2934 3914 E

2185 3961 2321 4028 post
2349 3955 2621 4010 lichanos
2653 3966 2862 4007 meson
2888 3950 2953 4004 D.
2989 3945 3159 4013 Quod
3189 3949 3283 4000 est
3308 3945 3607 4016 parypate
3641 3950 3847 3993 meson

2186 4062 2326 4102 cum
2378 4059 2632 4099 numero
2680 4044 2738 4097 V.
2781 4040 2839 4095 d.
2884 4052 3158 4093 cccxxxn.
3214 4039 3351 4106 post
3405 4031 3579 4086 illum
3632 4030 3853 4099 hypate

2190 4150 2399 4191 meson
2472 4148 2610 4187 cum
2672 4133 2760 4186 VI.
2839 4143 3030 4183 cxun.
3099 4128 3237 4180 Post
3318 4136 3504 4194 quem
3582 4118 3857 4173 lichanos

2189 4227 2462 4296 hypaton
2512 4225 2570 4277 Β.
2624 4236 2762 4276 cum
2812 4232 3087 4283 numero,
3142 4228 3329 4285 quem
3384 4211 3512 4281 jam
3573 4206 3857 4262 diximus.

2195 4317 2337 4371 Hinc
2369 4316 2654 4385 sequatur
2683 4315 2745 4365 A.
2779 4312 3073 4381 parypate
3112 4304 3385 4376 hypaton
3417 4315 3559 4354 cum
3609 4309 3862 4351 numero

2197 4406 2307 4459 VII.
2351 4403 2411 4457 d.
2467 4416 2725 4456 CtZLXXVI.
2778 4400 2949 4453 Retro
2998 4394 3164 4449 illum
3194 4395 3237 4444 (ὲ
3286 4391 3513 4463 hypate
3564 4388 3864 4458 hypatum

2198 4510 2337 4548 cum
2382 4492 2715 4546 VI11.(‘.X(‘.II.
2764 4488 2905 4541 Post
2940 4498 3122 4557 quem
3161 4480 3223 4535 in
3250 4480 3384 4551 ipso
3438 4471 3867 4531 monochordii

2198 4583 2366 4639 initio
2443 4580 2782 4649 assignetur
2863 4577 2918 4629 F.
2980 4567 3634 4644 proslambanomenos
3731 4576 3869 4615 cum

2199 4685 2455 4727 numero
2500 4664 2864 4740 supradicto.
2930 4664 2996 4716 Et
3038 4661 3167 4715 haec
3203 4657 3266 4712 in
3315 4652 3626 4719 omnibus,
3672 4649 3735 4705 id
3763 4654 3871 4705 est.

2202 4762 2296 4817 his
2361 4733 2593 4813 tribus-
2620 4751 2940 4823 generibus
3006 4747 3152 4803 ratio
3219 4747 3508 4813 servetur,
3574 4744 3643 4795 ut
3708 4733 3874 4809 quod

2206 4851 2267 4905 in
2334 4845 2712 4904 alterioribus
2791 4838 3031 4895 chordis
3095 4832 3383 4905 simplum
3461 4829 3749 4887 habetur.
3816 4826 3876 4878 in

2210 4935 2588 4994 inferioribus
2645 4945 2882 5001 semper
2946 4926 3254 4982 inﬁrmum
3313 4918 3705 4976 convenienti
3750 4916 3879 4969 loco

2211 5026 2565 5100 duplicetur.
2596 5023 2691 5078 His
2722 5021 2803 5075 ita
2848 5013 3155 5078 ordinatis,
3190 5011 3239 5066 si
3287 5009 3550 5077 diligens
3582 5002 3883 5062 mensoris

2212 5116 2367 5173 adsit
2396 5129 2559 5180 cura,
2594 5123 2906 5181 nunquam
2934 5103 3095 5160 fallet
3116 5113 3427 5156 mensura.

2284 5223 2473 5279 Tertia
2504 5220 2563 5275 in
2589 5215 2882 5292 principio
2907 5213 3301 5268 diatessaron.
3332 5204 3523 5277 quiin
3549 5204 3679 5292 ﬁne
3709 5201 3885 5292 habet

2214 5289 2628 5368 semitonium:
2655 5306 2798 5376 (6’25)
2835 5300 3222 5374 asperiorem,
3255 5294 3363 5366 qui
3385 5293 3445 5347 in
3471 5290 3688 5346 medio
3707 5289 3886 5345 lenior

2215 5408 2331 5467 8st;
2360 5401 2486 5472 ipse
2508 5397 2669 5453 enim
2700 5401 2904 5466 tropus
2929 5390 3030 5444 vix
3060 5401 3166 5459 per
3195 5396 3658 5455 syuemmenon
3691 5376 3883 5435 currit.

2218 5469 2528 5548 Secundus
2559 5491 2766 5557 tropus
2808 5480 2988 5537 habet
3028 5470 3408 5532 tetrachorda
3428 5469 3585 5538 duo,
3613 5483 3819 5525 mesen
3840 5470 3887 5518 et

512 5654 666 5726 (625)
694 5651 795 5708 Hic
826 5650 1189 5726 principium
1221 5652 1389 5709 deest
1412 5653 1487 5709 de
1511 5653 1710 5726 primo
1736 5658 1900 5723 tono,
1927 5654 2003 5713 de
2030 5672 2167 5730 quo
2197 5653 2403 5725 aliqua
2432 5649 2804 5725 explicantur
2832 5644 2893 5700 in
2925 5634 3198 5712 sequenti
3224 5632 3474 5707 pagina.
