3950 6178
166 166 270 230 929

1332 175 1422 231 DE
1464 175 1878 233 HARMONICA
1918 175 2420 247 INSTITUTIONE.

3484 183 3590 238 930

162 298 436 369 hypaton
469 315 481 351 :
520 298 928 356 Distinctiones
974 302 1250 374 proprias
1296 307 1587 374 parypate
1637 302 1823 372 hypa-
1854 312 1899 364 A
1931 304 2044 359 ruit
2072 306 2216 377 quia
2244 321 2440 378 neque
2471 305 2668 361 solum
2714 305 2775 360 in
2804 304 3073 361 terminis
3118 303 3588 376 speculationem

163 392 288 455 ton,
318 388 589 443 lichanos
619 388 1254 464 hypaton,aliquando
1277 408 1436 447 mese
1468 396 1524 445 et
1552 391 1821 445 lichanos

160 494 327 533 mese
358 476 418 532 in
446 477 776 550 propriam,
807 479 1105 536 interdum
1158 486 1215 537 et
1243 486 1532 554 parypate
1585 496 1821 541 meson,

160 566 289 639 ipse
320 582 633 639 nunquam
660 584 767 639 per
796 585 1192 640 synemmena
1222 571 1417 626 currit.
1453 568 1684 624 Tertius
1714 575 1823 623 tro-

54 646 63 651 ”
162 672 279 728 pus
311 655 494 711 habet
522 657 895 713 tetrachorda
918 658 1064 714 tria:
1098 676 1436 731 paramese,
1483 674 1665 725 mese,
1713 658 1820 727 hy-

161 752 351 818 paton
381 765 391 801 :
442 746 848 802 distinctiones
879 764 982 802 sex
1006 749 1095 803 vel
1120 750 1320 821 potius
1354 749 1643 820 quinque,
1698 747 1822 802 trite

161 834 633 899 diezeugmenon
689 852 877 908 usque
936 838 1010 892 ad
1068 837 1289 910 hypate
1339 853 1569 903 meson,
1605 836 1826 892 scilicet

164 923 292 979 trite
345 923 837 993 diezeugmenon,
898 942 1233 997 paramese,
1308 943 1493 993 mese,
1552 925 1823 980 lichanos

162 1028 378 1068 meson
408 1013 632 1084 hypate
664 1029 892 1069 meson.
922 1017 1001 1069 Ex
1031 1014 1121 1069 his
1154 1015 1291 1069 solae
1343 1020 1514 1069 certae
1568 1030 1729 1068 mese
1769 1018 1825 1069 et

158 1101 433 1157 lichanos
463 1118 672 1156 meson
709 1120 720 1156 :
750 1103 843 1157 hic
874 1103 1028 1159 licite
1064 1120 1165 1175 per
1197 1119 1598 1175 synemmena
1619 1103 1819 1158 currit.

161 1192 422 1255 Quartus
452 1190 634 1246 habet
660 1192 1034 1247 tetrachorda
1073 1192 1216 1260 duo,
1268 1209 1477 1247 meson
1528 1197 1583 1247 et
1630 1193 1822 1264 hypa-

160 1282 265 1334 ton
297 1296 309 1333 :
344 1279 751 1335 distinctiones
790 1283 1057 1353 quinque
1105 1298 1117 1335 :
1159 1281 1429 1337 lichanos
1484 1282 1821 1353 hypathon,

155 1370 383 1440 hypate
418 1386 647 1435 meson,
680 1370 951 1426 lichanos
980 1387 1210 1441 meson,
1245 1384 1534 1444 parypate
1568 1387 1773 1426 meson
1806 1390 1818 1425 :

159 1456 500 1529 frequenter
526 1457 603 1511 ad
630 1462 922 1530 parypate
953 1459 1243 1530 hypaton,
1278 1475 1469 1531 usque
1518 1459 1595 1513 ad
1646 1475 1819 1529 para-

156 1563 386 1612 mesen,
418 1546 513 1601 vel
544 1547 671 1601 trite
696 1547 1190 1617 diezeugmenon,
1223 1553 1507 1620 paranete
1547 1547 1821 1611 diezeug-

157 1651 406 1703 menon,
432 1635 528 1690 hic
572 1652 816 1708 quoque
863 1636 1016 1691 licite
1058 1652 1164 1708 per
1200 1652 1595 1707 synemmena
1621 1636 1818 1691 currit.

158 1724 413 1789 Quintus
448 1728 652 1796 tropus
677 1724 858 1780 habet
888 1725 1263 1781 tetrachorda
1296 1726 1425 1793 tria,
1456 1726 1675 1797 hypate
1706 1740 1825 1779 me-

158 1830 294 1881 son,
353 1819 406 1867 et
464 1814 802 1886 frequenter
849 1814 1280 1886 hyperbolaeon
1338 1832 1350 1869 :
1410 1813 1821 1869 distinctiones

158 1919 299 1963 sex;
361 1918 619 1973 quarum
671 1908 947 1957 certiores
995 1903 1256 1958 existunt
1300 1903 1426 1958 trite
1456 1902 1823 1971 diezeugme-

158 2007 308 2057 non,
346 1995 626 2059 iaranete
653 1990 1163 2060 diezeugmenon;
1223 1997 1448 2048 caeteris.
1495 1991 1739 2046 lubricae
1789 2007 1825 2045 a

160 2086 447 2150 paranete
475 2080 943 2149 diezeugmenon
977 2097 1167 2153 usque
1220 2085 1511 2153 parypate
1564 2096 1773 2135 meson
1809 2098 1822 2145 ;

161 2170 377 2241 reliqui
409 2186 515 2241 per
544 2170 930 2225 enarmonica
960 2170 1245 2225 incedunt
1291 2189 1302 2224 :
1354 2171 1520 2225 licete
1577 2186 1684 2241 per
1733 2185 1824 2239 sy-

158 2272 487 2312 nemmena
516 2257 611 2312 hic
642 2274 883 2328 quoque
916 2274 1183 2317 currens.
1220 2260 1430 2313 Sextus
1452 2257 1719 2328 quinque
1749 2262 1827 2311 te-

155 2346 485 2401 trachorda
514 2345 714 2410 habet,
748 2346 1019 2417 hypaton
1050 2350 1107 2399 et
1135 2362 1362 2409 meson,
1398 2362 1581 2400 unam
1613 2344 1825 2399 ﬁrmis-

152 2434 381 2487 simam
417 2433 856 2488 distinctionem
877 2432 1157 2495 retinens,
1190 2434 1251 2488 id
1273 2439 1381 2498 est,
1407 2438 1697 2505 parypate
1720 2433 1826 2502 hy-

146 2527 378 2594 paton,
412 2526 527 2576 tres
560 2521 819 2593 reliquas
851 2538 973 2577 non
1016 2528 1189 2577 tanta:
1240 2523 1558 2589 ﬁrmitatis,
1610 2521 1830 2576 scilicet

152 2610 438 2666 lichanos
487 2628 719 2681 meson,
747 2612 1015 2667 lichanos
1045 2612 1336 2683 hypaton,
1389 2618 1443 2666 et
1471 2612 1692 2683 hypate
1724 2611 1828 2681 hy-

160 2705 373 2772 paton,
407 2716 513 2771 per
543 2716 937 2771 synemmena
967 2701 1118 2755 licite
1167 2701 1480 2756 transiens.
1534 2700 1828 2769 Septimus

166 2796 376 2860 tropus
407 2788 591 2843 habet
618 2789 993 2844 tetrachorda
1018 2790 1148 2855 tria,
1179 2790 1668 2856 diezeugmenon,
1702 2805 1827 2843 me-

166 2893 281 2931 son
321 2882 377 2931 et
408 2892 848 2947 synemmenon
880 2894 893 2930 :
927 2877 1335 2933 distinctiones
1387 2878 1673 2949 quinque,
1724 2878 1829 2949 hy-

166 2964 538 3036 porbolaeon,
591 2968 873 3036 paranete
931 2965 1384 3037 hyperbolaeon,
1435 2970 1490 3021 et
1540 2970 1669 3021 nete
1708 2965 1827 3020 die-

166 3069 563 3123 zeugmenon,
608 3053 734 3108 trite
786 3053 1262 3123 diezeugmenon
1320 3071 1500 3124 mese,
1555 3053 1826 3109 lichanos

168 3158 373 3207 mese;
406 3142 500 3197 cui
531 3148 704 3213 tropo
752 3159 888 3197 raro
944 3159 1342 3215 synemmena
1380 3143 1822 3221 conceduntur.

166 3233 427 3287 Octavus
452 3232 634 3287 habet
665 3232 1038 3291 tetrachorda
1071 3237 1348 3305 quatuor,
1382 3235 1672 3304 hypaton,
1706 3249 1827 3288 me-

166 3336 303 3385 son,
334 3321 823 3391 diezeugmenon,
866 3322 1293 3392 hyperbolaeon
1356 3339 1367 3375 :
1418 3321 1826 3377 distinctiones

162 3414 307 3473 tres,
342 3409 853 3479 meson,lichanos
883 3411 1152 3482 hypaton
1183 3411 1505 3483 perfectam
1538 3416 1827 3482 parypate

163 3514 381 3553 meson
412 3515 608 3553 raram
638 3503 693 3553 et
720 3498 1149 3570 imperfectam.
1167 3499 1828 3571 Cavendum.diapente

164 3604 243 3643 ex
270 3586 639 3643 diatessaron
670 3587 730 3643 in
762 3587 1098 3655 graviorem
1142 3593 1200 3643 et
1240 3588 1301 3642 in
1335 3589 1660 3644 acutiorem
1689 3603 1828 3660 par-

163 3682 293 3733 tem
314 3677 509 3732 reddi:
536 3677 731 3733 omnis
750 3677 979 3749 species
1002 3677 1279 3749 diapente
1312 3677 1403 3732 vel
1424 3677 1829 3732 diatessarum

168 3764 452 3820 continue
491 3766 572 3820 vel
605 3765 1015 3835 disgrcgatim,
1050 3765 1279 3819 intense
1300 3765 1393 3819 vel
1422 3765 1669 3820 remisse
1703 3780 1830 3819 mo-

167 3854 478 3911 dulantur.

250 3948 309 3999 In
340 3944 536 4017 primo
594 3949 736 3999 tono
762 3945 902 4000 dicit
952 3944 1096 4015 (626)
1138 3959 1266 3998 esse
1292 3943 1401 3999 tria
1432 3944 1831 4012 tetrachorda,

166 4049 435 4106 quorum
458 4033 625 4101 illud,
644 4034 807 4105 quod
828 4033 907 4089 ad
935 4049 1181 4105 gravem
1198 4037 1432 4105 partem
1461 4048 1497 4087 a
1520 4048 1833 4103 paramese

168 4122 403 4194 incipit,
431 4122 679 4194 quidem
705 4122 1081 4179 diatessaron
1112 4122 1539 4194 symphoniam
1580 4120 1831 4187 excedit,

166 4209 293 4266 illic
323 4210 483 4266 enim
511 4216 625 4265 tres
651 4211 772 4266 toni
799 4227 860 4265 se
891 4214 1223 4283 sequuntur
1267 4209 1552 4265 continui.
1613 4213 1835 4265 Rursus

168 4303 244 4355 ut
271 4300 353 4355 ait
372 4300 431 4354 in
467 4300 679 4355 eodem
712 4304 884 4372 tropo
916 4304 1054 4355 sunt
1108 4299 1518 4355 distinctiones
1566 4299 1834 4371 quinque

169 4387 511 4445 secundum
543 4405 627 4455 se,
659 4388 802 4461 quia
822 4388 1037 4444 eodem
1068 4387 1251 4444 modo
1281 4387 1666 4457 distinguitur
1697 4404 1835 4444 can-
1866 4380 1907 4433 Ι)

168 4478 357 4534 tilena
385 4494 509 4550 quo
537 4483 595 4533 et
623 4478 914 4533 sententia
947 4496 959 4531 :
993 4477 1219 4550 quippe
1244 4482 1412 4533 tenor
1442 4476 1683 4549 spiritus
1726 4478 1835 4532 hu-

170 4567 340 4623 mani
368 4583 475 4639 per
503 4566 635 4623 cola
656 4571 712 4622 et
742 4571 1045 4623 commata
1063 4565 1457 4622 discurrendo
1495 4566 1832 4639 requiescit.

173 4658 393 4710 Verum
426 4654 735 4711 cantilena
767 4671 986 4727 corpus
1014 4653 1135 4709 arsi
1159 4659 1215 4709 et
1244 4654 1415 4717 thesi.
1455 4653 1513 4708 id
1563 4659 1670 4723 est,
1718 4653 1834 4709 ele-

169 4744 417 4799 vatione
474 4749 757 4800 tonorum
802 4748 858 4799 et
907 4743 1204 4816 positione
1246 4741 1599 4814 completur,
1643 4742 1835 4809 donec

171 4833 525 4906 periodo,id
552 4839 662 4904 est,
677 4833 947 4889 clausula
970 4832 1092 4888 sive
1123 4830 1370 4887 circuitu
1396 4830 1519 4885 suis
1548 4831 1836 4886 membris

172 4921 458 4978 distincta
484 4924 849 4978 terminetur.
878 4921 1048 4977 Verbi
1071 4919 1261 4991 gratia
1303 4936 1316 4973 :
1349 4920 1639 4985 Alleluia,
1672 4919 1837 4991 quod

173 5015 267 5067 est
303 5014 508 5080 justus
559 5012 917 5081 genninabit
962 5013 1111 5067 sicut
1153 5011 1349 5065 lilium
1382 5027 1394 5063 :
1429 5007 1609 5063 habet
1637 5007 1839 5063 distin-

173 5100 437 5156 ctionem
464 5101 525 5156 in
554 5101 825 5157 lichanos
854 5101 1125 5172 hypaton
1160 5116 1171 5153 :
1205 5099 1281 5153 Et
1310 5098 1544 5167 ﬂorebit
1576 5098 1637 5153 in
1670 5103 1840 5153 (eter-

174 5205 325 5245 num
356 5189 641 5245 similiter.
705 5192 782 5244 De
833 5187 1228 5260 symphoniis,
1280 5184 1590 5257 quomodo
1633 5185 1694 5240 in
1722 5184 1837 5240 hoc

174 5282 354 5349 tropo
368 5278 506 5332 VIII.
528 5277 899 5345 sint,videat,
932 5277 1026 5332 cui
1056 5275 1305 5331 facultas
1334 5277 1419 5328 est
1450 5272 1834 5343 intelligendi.

771 5366 933 5420 ALIA
972 5366 1252 5422 MUSICA.

254 5461 335 5512 De
365 5456 715 5512 harmonica
746 5455 1218 5511 consideratione
1249 5453 1480 5509 Boetius
1518 5452 1599 5506 ita
1649 5450 1835 5505 disse-

1932 394 2331 464 proportionis
2364 393 2561 459 habet,
2591 410 2787 466 neque
2832 393 3029 448 solum
3086 392 3145 447 in
3194 390 3541 446 differentiis
3574 410 3587 457 ;

1932 482 2033 536 sed
2066 482 2125 537 in
2150 483 2419 555 utrisque
2444 482 2870 538 communitur.
2904 482 3123 547 Qurerit
3150 481 3331 540 enim.
3362 486 3426 536 ut
3449 497 3592 553 que-

1932 571 2329 627 madmodum
2361 577 2499 626 sunt
2526 571 2605 626 ad
2631 588 2693 627 se
2722 571 2969 627 extremi
3003 570 3257 635 termini,
3289 570 3372 625 sic
3402 569 3592 640 majo-

1932 660 2010 715 ris
2057 661 2135 715 ad
2192 661 2460 717 medium
2505 660 2838 717 differentia
2867 661 3168 716 contineat
3195 659 3590 715 differentiam

1932 750 2266 805 medietatis
2297 751 2376 806 ad
2406 751 2703 807 ultimum.
2737 752 3013 821 Ipsarum
3043 765 3286 821 quoque
3334 749 3590 804 musica-

1931 855 2066 894 rnm
2090 841 2809 911 consonantiarum,quas
2831 837 3229 910 symphonias
3251 838 3588 906 nominant,

1932 928 2350 999 proportiones
2372 929 2432 984 in
2456 930 2568 983 hac
2590 944 2743 999 pene
2766 927 2896 983 sola
2913 926 3228 981 medietate
3254 926 3593 996 frequenter

1932 1015 2220 1071 invenies.
2283 1021 2552 1089 Namque
2610 1016 2976 1089 symphonia
3014 1014 3407 1080 diamssaron,
3456 1029 3592 1085 quae

1931 1103 2211 1176 princeps
2239 1110 2345 1169 est,
2378 1110 2433 1161 et
2460 1104 2917 1176 quodammodo
2940 1103 3065 1171 vim
3090 1102 3316 1157 obtinet
3335 1100 3596 1155 elemen—

1932 1191 1994 1253 ti,
2024 1190 2085 1246 in
2115 1193 2463 1262 hujusmodi
2490 1192 2855 1248 harmonicis
2898 1190 3316 1246 medietatibus
3369 1189 3595 1244 inveni-

1934 1284 2043 1335 tur.
2073 1283 2138 1335 Ut
2164 1287 2303 1335 sunt
2334 1283 2417 1336 VI.
2447 1282 2526 1335 ad
2557 1282 2700 1335 VIII.
2752 1281 2867 1337 sint
2914 1296 3056 1349 ergo
3091 1278 3439 1349 hujusmodi
3469 1294 3593 1332 me-

1932 1367 2166 1422 dietatis
2196 1369 2448 1437 termini,
2481 1385 2741 1441 quorum
2770 1369 3017 1423 extremi
3050 1366 3369 1438 sintdupli,
3390 1370 3447 1421 et
3469 1365 3590 1435 alii,

1930 1473 2191 1528 quorum
2223 1459 2469 1514 extre-mi
2504 1458 2656 1529 tripli
2680 1458 2795 1512 sint
2823 1458 2923 1512 ita.

2229 1549 2235 1615 ι
2273 1549 2360 1601 vi.
2400 1550 2407 1617 ι
2442 1547 2578 1601 VIII.
2617 1549 2624 1604 ι
2660 1547 2962 1615 xu.||1m.
2999 1548 3007 1616 ι
3042 1546 3137 1601 v1.
3174 1548 3181 1615 ι
3216 1546 3324 1601 xu.

2008 1635 2417 1691 Duodenarius
2442 1635 2619 1705 igitur
2645 1635 2724 1690 ad
2746 1636 3048 1690 senarium
3076 1634 3298 1706 duplus
3316 1639 3408 1688 est
3428 1651 3441 1697 ;
3460 1638 3517 1686 et
3533 1632 3592 1686 in

1934 1723 2049 1779 alia
2081 1724 2473 1796 dispositione
2506 1725 2614 1779 XII.
2649 1724 2728 1779 ad
2758 1725 2867 1778 IIII.
2901 1723 3112 1795 triplus
3150 1726 3259 1777 est.
3294 1722 3519 1776 Horum
3547 1720 3594 1774 si

1934 1812 2297 1867 differentias
2328 1813 2702 1882 colligamus,
2728 1817 2786 1868 et
2814 1812 2891 1867 ad
2926 1829 2987 1866 se
3046 1812 3301 1866 invicem
3350 1826 3594 1881 compa-

1932 1917 2155 1969 remus,
2188 1901 2420 1973 epitrita
2449 1902 2775 1972 proportio,
2803 1901 2864 1956 id
2885 1904 2990 1965 est,
3033 1900 3404 1955 diatessaron
3436 1914 3595 1969 sym-

1932 1989 2159 2060 phonia
2187 1988 2503 2057 colligitur.
2535 1990 2689 2044 Inter
2720 1990 2806 2043 VI.
2850 1990 3012 2045 enim
3061 1993 3117 2044 et
3169 1989 3277 2043 XlI.
3326 1986 3596 2042 senarius

1933 2082 2043 2143 est,
2078 2082 2135 2133 et
2162 2078 2315 2133 inter
2346 2079 2541 2133 IIIl.et
2568 2079 2681 2133 XII.
2726 2078 3069 2133 octonarius
3126 2094 3137 2130 :
3180 2076 3325 2147 quia
3377 2075 3597 2129 scilicet

1934 2166 2275 2222 octonarius
2303 2166 2379 2221 ad
2408 2167 2710 2221 senarium
2741 2165 3175 2238 sesquitertiam
3232 2164 3410 2219 efﬁcit
3461 2179 3596 2234 pro-

1935 2255 2292 2325 portionem.
2357 2259 2419 2309 In
2476 2254 2688 2309 eadem
2742 2270 2985 2326 quoque
3036 2252 3350 2308 medietate
3381 2257 3438 2306 et
3474 2252 3597 2307 dia-

1937 2347 2110 2413 pente
2142 2344 2505 2415 symphonia
2533 2344 2932 2414 componitur.
2969 2344 3032 2397 In
3064 2342 3288 2414 duplici
3331 2341 3599 2397 videlicet

1934 2432 2049 2485 XII.
2080 2431 2156 2485 ad
2188 2432 2322 2484 VIII.
2346 2436 2401 2485 et
2422 2431 2484 2485 in
2514 2430 2728 2502 triplici
2759 2430 2852 2485 VI.
2910 2431 2987 2485 ad
3037 2432 3153 2485 IIII.
3212 2418 3598 2501 sesquialtera

1940 2524 2046 2573 est.
2081 2519 2398 2573 Posthunc
2431 2524 2630 2573 autem
2682 2518 2980 2590 diapason
3035 2518 3433 2573 consonantia
3485 2521 3594 2579 est.

1936 2613 2003 2663 ut
2034 2608 2126 2661 VI.
2164 2608 2240 2661 ad
2275 2608 2385 2663 XII.
2410 2611 2470 2663 In
2503 2606 2713 2680 triplici
2735 2624 2978 2680 quoque
3004 2607 3395 2679 dispositione
3421 2606 3599 2661 simul

1937 2697 2216 2768 diapente
2247 2701 2303 2750 et
2329 2697 2625 2770 diapason
2648 2696 3013 2769 symphonia
3042 2696 3422 2768 componitur
3471 2713 3483 2748 :
3535 2699 3600 2750 ut

1940 2791 2082 2839 sunt
2114 2785 2206 2840 Vl.
2232 2788 2388 2840 VIIII.
2424 2786 2603 2841 XVIII.
2637 2789 2700 2840 Et
2728 2786 3019 2857 quoniam
3048 2784 3257 2857 triplus
3281 2785 3436 2839 duas
3459 2786 3600 2839 cen-

1940 2874 2087 2929 tinet
2115 2874 2562 2937 consonantias,
2598 2874 2876 2946 diapente
2908 2874 3128 2930 scilicet
3165 2891 3236 2929 ac
3280 2873 3596 2945 diapason,

1937 2961 1996 3016 in
2030 2962 2374 3017 differentiis
2420 2962 2691 3034 ejusdem
2740 2962 2982 3034 triplicis
3022 2962 3306 3018 eumdem
3359 2961 3599 3033 triplum

1938 3052 2328 3124 reperiemus.
2354 3056 2498 3108 Nam
2529 3052 2680 3107 inter
2723 3053 2805 3106 Vl.
2849 3057 2907 3107 et
2934 3053 3068 3106 VIII.
3119 3052 3380 3107 teuarius
3437 3050 3602 3106 diffe-

1936 3140 2128 3195 rentia
2184 3146 2290 3207 est,
2347 3146 2403 3195 et
2454 3141 2605 3196 inter
2662 3141 2825 3195 VIIII.
2882 3146 2936 3196 et
2991 3142 3171 3196 XVIII.
3219 3139 3598 3204 novenarius,

1938 3229 2041 3300 qui
2074 3229 2150 3283 ad
2184 3229 2508 3285 ternarium
2538 3230 2743 3302 triplus
2770 3235 2877 3285 est.
2908 3231 2971 3283 In
3002 3229 3185 3301 dupla
3218 3245 3356 3284 vero
3395 3228 3600 3299 dispo-

1941 3317 2154 3372 sitione
2217 3319 2409 3387 major
2469 3318 2753 3374 terminus
2806 3320 2883 3373 ad
2937 3319 3121 3374 medii
3175 3318 3409 3373 termini
3464 3333 3605 3373 con-

1943 3410 2027 3460 tra
2084 3422 2145 3460 se
2202 3405 2600 3461 differentiam
2652 3406 2863 3477 triplus
2920 3412 3025 3461 est.
3105 3410 3167 3460 Et
3241 3421 3449 3460 rursus
3494 3404 3602 3459 mi-

1940 3510 2053 3549 nor
2106 3494 2392 3549 terminus
2448 3494 2525 3549 ad
2573 3494 2966 3548 ditferentiam
3027 3494 3118 3547 sui
3171 3499 3227 3546 et
3270 3491 3453 3547 medii
3494 3495 3604 3546 ter-

1942 3582 2088 3637 mini
2119 3582 2328 3653 triplus
2358 3586 2462 3637 est.
2500 3583 2652 3636 Nam
2696 3581 2845 3635 inter
2877 3581 3012 3635 VIII.
3045 3585 3103 3635 et
3132 3580 3242 3635 XII.
3288 3583 3604 3651 quaterna—

1942 3672 2065 3727 rius
2093 3676 2198 3737 est,
2231 3671 2335 3743 qui
2366 3672 2444 3725 ad
2476 3671 2756 3725 eumdem
2784 3669 3224 3724 duodenarium
3259 3668 3465 3740 triplus
3495 3672 3601 3734 est,

1944 3765 2001 3815 et
2037 3760 2187 3815 inter
2213 3759 2306 3813 VI.
2335 3763 2391 3813 et
2414 3759 2552 3812 VIII.
2585 3758 2879 3826 binarius,
2925 3757 3028 3829 qui
3080 3773 3289 3811 rursus
3334 3757 3410 3810 ad
3442 3772 3605 3811 eum-

1944 3848 2084 3903 dem
2138 3847 2442 3903 senarium
2502 3846 2712 3919 triplus
2760 3851 2867 3901 est.
2926 3845 3029 3901 Illa
3081 3848 3283 3900 autem
3336 3844 3606 3900 maxima

1948 3937 2337 4011 symphonia,
2370 3952 2506 4009 qute
2554 3940 2804 3992 vocatur
2849 3935 3263 4008 bisdiapason,
3317 3933 3479 3989 velut
3514 3932 3606 3988 bis

1946 4027 2223 4100 duplum,
2255 4043 2329 4082 ex
2368 4025 2593 4099 duplici
2639 4024 3026 4097 proportione
3085 4023 3398 4093 colligitur.
3456 4024 3608 4089 Quo-

1946 4117 2112 4173 niam
2144 4115 2378 4171 medius
2409 4115 2696 4170 terminus
2725 4114 2805 4170 ad
2829 4114 3075 4170 minoris
3102 4114 3315 4185 suique
3336 4112 3609 4168 differen-

1946 4206 2092 4261 tiam
2143 4203 2521 4277 quadruplus
2568 4202 2885 4272 invenitur,
2944 4207 3008 4258 ut
3053 4202 3205 4257 inter
3245 4201 3339 4257 VI.
3372 4206 3429 4257 et
3459 4201 3602 4255 VIII.

1947 4294 2241 4363 binarius,
2270 4293 2371 4366 qui
2395 4292 2474 4350 ad
2503 4293 2785 4348 eumdem
2826 4292 3202 4349 octonarium
3231 4289 3607 4363 quadruplus

1946 4383 2265 4441 invenitur.
2321 4384 2386 4437 In
2439 4381 2767 4454 triplicibus
2842 4397 3085 4454 quoque
3134 4377 3605 4434 extremitatibus

1949 4474 2145 4544 major
2174 4471 2508 4528 differentia
2539 4470 2618 4526 ad
2641 4470 2938 4525 minorem
2985 4466 3318 4523 differentia
3345 4465 3607 4536 quadru-

1948 4562 2050 4635 pla
2074 4567 2180 4618 est.
2218 4561 2525 4634 Siquidem
2554 4560 2705 4615 inter
2732 4561 2816 4613 VI.
2865 4562 2920 4613 et
2966 4557 3148 4612 XVIII.
3199 4552 3607 4609 duodenarius

1947 4656 2055 4721 est,
2086 4656 2491 4707 extremorum
2522 4648 2740 4704 scilicet
2767 4645 3138 4709 differentia;
3197 4648 3253 4699 et
3293 4643 3445 4697 inter
3488 4641 3604 4696 IIII.

1948 4746 2004 4796 et
2038 4740 2131 4794 VI.
2165 4740 2480 4805 ternarius,
2514 4737 2618 4809 qui
2650 4736 2730 4791 ad
2758 4733 3201 4797 duodenarium
3228 4735 3316 4787 est
3343 4729 3608 4803 quadru-

1947 4828 2107 4901 plus.
2138 4832 2203 4883 ln
2227 4826 2451 4899 duplici
2496 4825 2677 4881 etiam
2728 4821 3140 4896 dispositione,
3197 4835 3322 4891 qua
3373 4817 3607 4873 medius

1950 4916 2238 4973 terminus
2258 4915 2339 4972 ad
2367 4914 2663 4970 minorem
2693 4916 2935 4968 resonat
2964 4907 3453 4973 diatessaron,ad
3476 4922 3607 4963 ma-

1941 5007 2138 5077 jorem
2158 5020 2300 5060 vero
2320 5004 2618 5076 diapente,
2652 5002 2701 5057 si
2725 5000 3124 5057 extremitates
3180 4997 3242 5053 in
3281 5012 3472 5051 unum
3522 5012 3611 5051 re-

1948 5094 2248 5165 digantur,
2299 5097 2356 5148 et
2410 5108 2446 5148 a
2493 5090 2809 5146 medietate
2854 5087 3342 5159 multiplicantur,
3387 5083 3608 5157 duplus

1949 5183 2056 5239 erit
2085 5183 2163 5238 ab
2184 5197 2256 5238 eo
2282 5196 2556 5245 numero,
2590 5194 2774 5251 quem
2806 5177 2946 5233 solre
2977 5174 3376 5232 extremitates
3409 5172 3609 5229 multi-

1946 5271 2178 5344 plicatae
2231 5269 2604 5342 perfecerint,
2658 5272 2721 5322 ut
2767 5267 2853 5321 VI.
2917 5265 3050 5318 VIII.
3112 5264 3223 5319 XII.
3288 5261 3428 5317 Hinc
3473 5263 3610 5332 jun-

1948 5364 2057 5415 ctae
2114 5358 2511 5413 extremitates
2564 5357 2652 5421 VI,
2708 5359 2764 5409 et
2820 5355 2929 5409 XII.
2984 5351 3308 5408 conﬁciunt
3367 5353 3425 5405 X.
3468 5349 3602 5403 VIII.

1948 5450 2051 5522 qui
2132 5464 2236 5521 per
2309 5445 2686 5503 octonarium
2762 5442 3131 5516 multiplicati
3212 5442 3271 5496 in
3351 5436 3603 5494 CXLIIII.

260 5634 409 5704 (6'26)
451 5637 598 5690 Nota
627 5633 1029 5705 expositorem
1060 5650 1072 5697 ;
1107 5630 1211 5687 sed
1242 5647 1377 5703 qua:
1408 5630 1652 5703 exponit
1680 5629 1758 5686 ad
1790 5628 2056 5702 primum
2091 5632 2319 5693 tonum,
2354 5630 2420 5682 ut
2442 5625 2731 5691 diximus,
2760 5623 3000 5680 desunt.
