3950 6178
327 217 423 271 931

964 209 1518 280 HUCBALDIjMON.
1560 210 1620 265 S.
1658 200 1930 262 AMANDI
1969 202 2121 257 OPP.
2162 202 2337 257 PARS
2376 200 2442 256 II.
2488 233 2556 242 —
2594 197 3101 259 MISCELLANEA.

3651 206 3752 258 932

328 340 696 405 excrescunt,
722 335 893 406 cujus
923 349 1178 389 summae
1204 332 1496 388 medietas
1528 336 1615 388 est
1646 330 1842 386 LXXII.
1875 325 1981 400 qui
2013 328 2059 379 Α
2090 325 2478 380 constituunt.
2535 328 2757 392 Quarta
2801 341 2945 381 vero
3001 323 3229 397 species
3279 324 3605 382 semitonio
3656 330 3755 382 ter-

329 424 724 482 conﬁciuntur
751 439 824 477 ex
847 421 1251 494 multiplicatis
1275 422 1337 477 in
1363 436 1425 476 se
1456 422 1542 475 VI.
1577 424 1633 475 et
1656 418 1767 475 XII.

401 514 565 574 I-Ianc
591 522 847 583 quoque
861 508 1045 565 habet
1073 514 1352 565 naturam
1382 508 1516 564 talis
1545 505 1877 581 dispositio,
1916 505 1983 557 ut

329 601 563 658 medius
587 598 739 654 alius
770 615 879 655 sua
903 603 1073 672 parte
1102 598 1396 654 minorem
1426 597 1749 669 praecedat,
1781 599 1837 650 et
1867 593 1982 648 alia

332 705 441 744 sua
469 692 637 762 parte
651 687 728 743 ad
755 688 1050 758 majorem
1075 686 1485 759 praecedatur;
1541 686 1753 743 eadem
1783 687 1983 738 autem

328 782 497 851 parte
525 775 774 834 minoris
804 776 1101 832 minorem
1122 780 1378 848 superet,
1402 792 1525 848 qua
1551 778 1714 848 parte
1739 770 1985 843 majoris

330 883 366 922 a
394 867 627 937 majore
654 868 987 936 superatur.
1022 865 1077 922 Si
1105 881 1248 921 vero
1295 864 1461 937 dupli
1510 862 1823 936 dispositio
1854 859 1985 915 talis

332 956 428 1027 sit,
460 958 528 1011 ut
555 953 791 1009 medius
843 953 919 1009 ad
958 953 1255 1009 minorem
1308 957 1547 1008 resonet
1575 952 1873 1024 diapente,
1908 947 1989 1003 ad

333 1044 630 1115 majorem
655 1042 1047 1109 diatessaron,
1078 1045 1145 1097 ut
1173 1046 1309 1099 sunt
1336 1041 1426 1095 VI.
1462 1041 1626 1097 VIIII.
1679 1040 1786 1095 XII.
1842 1053 1989 1110 quo-

334 1132 499 1187 niam
527 1129 873 1186 differentiae
902 1129 1131 1185 eaedem
1180 1134 1336 1199 sunt,
1389 1129 1804 1202 proportiones
1848 1142 1987 1181 vero

334 1235 457 1277 non
478 1219 726 1287 easdem,
759 1219 1129 1275 arithmetica
1176 1218 1377 1291 potius
1416 1218 1708 1274 medietas
1734 1214 1991 1273 dicenda

335 1313 441 1380 est,
472 1324 655 1380 quam
678 1307 1053 1364 harmonica.
1086 1307 1190 1363 Illa
1219 1311 1308 1362 est
1331 1307 1492 1362 enim
1518 1322 1656 1362 vere
1680 1304 1988 1361 harmoni-

335 1413 406 1453 ca
434 1396 747 1465 medietas,
805 1413 943 1469 quas
969 1396 1106 1452 cubi
1137 1395 1629 1452 determinatione
1674 1394 1987 1464 colligitur.

337 1486 542 1542 Omnis
561 1485 719 1541 enim
750 1484 942 1540 cubus
969 1485 1151 1540 habet
1182 1484 1369 1540 latera
1399 1486 1509 1540 XII.
1562 1484 1818 1554 angulos
1853 1483 1990 1537 VIII.

337 1574 679 1647 superﬁcies
701 1576 787 1630 VI.
812 1574 915 1647 qui
942 1574 1343 1645 disponantur
1362 1574 1443 1629 ita
1477 1575 1485 1644 Ι
1518 1574 1604 1629 VI.
1642 1575 1650 1643 |
1683 1574 1804 1626 VIII
1839 1575 1847 1643 ι
1882 1573 1990 1628 XII.

2090 414 2371 481 minatur,
2430 419 2488 470 et
2523 416 2720 487 prima
2772 433 2809 472 a
2863 418 2997 471 nete
3051 413 3536 484 diezeugmenon
3576 416 3757 471 sumit

2089 503 2343 559 initium.

2162 593 2362 648 Restat
2389 599 2453 649 ut
2482 593 2873 667 proprietates
2900 592 3232 667 specierum
3271 592 3581 664 diapason
3605 591 3759 649 inve-

2093 681 2395 750 stigemus.
2430 682 2625 739 Prima
2654 682 2855 754 itaque
2887 682 3114 755 species
3145 681 3316 737 tertio
3347 686 3408 737 et
3435 686 3613 736 scxto
3634 680 3759 737 loco

2093 769 2272 825 utitur
2297 770 2611 826 semitonio
2644 788 2657 826 :
2695 770 2961 827 secunda
2986 773 3200 843 quarto
3230 776 3287 826 et
3313 769 3578 843 septimo
3614 787 3628 824 :
3658 776 3761 827 ter-

2091 859 2171 914 tia
2217 858 2413 930 primo
2470 864 2525 915 et
2571 859 2782 933 quinto
2838 879 2851 915 :
2905 865 3123 933 quarta
3149 858 3420 915 secundo
3450 863 3512 914 et
3548 864 3760 916 sexto:

2092 947 2302 1020 quinta
2339 948 2507 1004 tertio
2538 953 2595 1003 et
2619 948 2871 1021 septimo
2906 966 2918 1003 :
2949 953 3115 1004 sexta
3145 948 3344 1021 primo
3386 952 3444 1003 et
3494 953 3717 1020 quarto
3746 967 3759 1003 :

2094 1038 2347 1108 septima
2378 1037 2646 1093 secundo
2675 1042 2731 1093 et
2756 1037 2967 1110 quinto
3001 1055 3013 1092 :
3047 1040 3263 1094 octava
3292 1036 3446 1093 sicut
3478 1041 3539 1092 et
3568 1038 3765 1114 prima

2095 1126 2264 1182 tertio
2291 1131 2347 1182 et
2378 1130 2563 1183 sexto.

2167 1216 2459 1271 Caeterum
2480 1219 2545 1271 ut
2571 1215 2651 1271 ad
2671 1216 2835 1288 ipsas
2857 1214 3084 1287 species
3100 1215 3400 1289 diapason
3416 1214 3767 1283 redeamus,

2097 1304 2386 1377 quoniam
2408 1304 2679 1360 lichanos
2705 1305 2976 1377 hypaton
2995 1304 3315 1377 hypodorii
3343 1308 3452 1366 est,
3468 1303 3773 1381 proslam-

2096 1392 2473 1447 banomenos
2502 1391 2676 1463 dorii,
2706 1407 2904 1447 meses
2936 1391 3111 1462 dorii,
3150 1407 3288 1464 quae
3337 1395 3430 1446 est
3474 1399 3768 1468 paranete

2099 1480 2569 1551 diezeugmenon
2624 1480 2966 1553 hypodorii,
3049 1479 3279 1553 integra
3364 1484 3768 1537 consonantia

2101 1570 2470 1625 diatessaron
2502 1569 2731 1625 acutior
2754 1573 2841 1624 est
2870 1585 2906 1625 a
2935 1584 3098 1625 mese
3115 1569 3386 1640 ejusdem
3420 1569 3769 1643 bypodorii.

410 1663 508 1718 His
530 1662 857 1735 praemissis
886 1663 963 1718 ad
1019 1663 1164 1717 VIII.
1208 1667 1543 1734 troporum,
1601 1678 1757 1735 quos
1810 1661 2065 1731 LatiniB
2105 1658 2379 1716 Similiter
2407 1657 2738 1714 differentia
2776 1663 2865 1714 est
2892 1658 3046 1714 inter
3096 1657 3421 1731 Phrygium
3476 1664 3535 1715 et
3582 1660 3775 1735 hypo~

339 1750 556 1807 modos
584 1752 956 1823 nuncupant,
988 1751 1449 1823 dispositionem
1492 1751 1821 1807 veniamus.
1886 1750 1997 1805 Pri-

342 1854 564 1912 moque
594 1839 926 1908 sciendum,
957 1838 1124 1911 quod
1153 1844 1361 1912 tropus
1389 1840 1464 1894 de
1497 1842 1698 1895 Graeco
1745 1840 1806 1895 in
1850 1839 1997 1895 Lati-

341 1945 492 1986 num
520 1928 831 1983 conversio
873 1926 1090 1982 dicitur
1135 1927 1356 1983 idcirco
1400 1927 1565 2000 quod
1595 1934 1843 2001 excepta
1887 1944 2000 1983 sua

342 2016 702 2089 proprietate
733 2016 880 2071 alter
908 2015 968 2071 in
996 2015 1250 2072 alterum
1281 2017 1656 2072 convertitur.
1686 2017 1829 2073 Toni
1858 2033 1999 2072 vero

342 2105 478 2161 ideo
502 2104 803 2174 dicuntur,
834 2105 1001 2177 quod
1028 2106 1289 2178 exceptis
1339 2106 1668 2162 semitoniis
1706 2107 1820 2179 ipsi
1875 2123 2001 2162 om-

344 2193 514 2252 nium
561 2196 873 2265 troporum
930 2194 1271 2250 communis
1326 2211 1611 2251 mensura
1665 2196 1799 2250 sint.
1852 2195 2001 2251 Modi

345 2280 523 2337 etiam
549 2280 690 2336 dicti
728 2285 885 2348 sunt,
940 2296 1012 2336 eo
1040 2281 1208 2353 quod
1246 2282 1661 2355 unusquisque
1693 2287 2001 2354 troporum

346 2369 659 2449 proprium
688 2369 941 2426 modum
970 2373 1185 2434 teneat,
1220 2386 1330 2427 nec
1360 2388 1710 2428 mensuram
1731 2372 1999 2427 excedat.

350 2458 655 2532 Siquidem
684 2459 841 2516 facta
868 2475 992 2515 una
1022 2461 1460 2531 constitutione,
1512 2479 1648 2534 quae
1706 2462 2005 2517 intexatur

348 2547 568 2621 duplis,
595 2547 801 2620 triplis,
831 2547 1206 2620 quadruplis,
1241 2549 1640 2623 sesquialteris
1681 2566 1750 2607 ac
1783 2550 2006 2623 sesqui-

350 2635 531 2692 tertiis
582 2653 720 2691 cum
760 2638 876 2692 ΧΥ.
918 2652 1237 2692 nervorum
1266 2638 1512 2694 vocibus
1541 2638 1863 2709 interjectis
1893 2640 2005 2693 hos

354 2725 489 2779 VIII.
520 2728 724 2797 tropos
752 2724 847 2779 vel
873 2724 1089 2780 modos
1119 2724 1419 2795 designari
1449 2741 1694 2782 necesse
1720 2730 1825 2783 est.

424 2812 544 2869 Erit
562 2828 710 2882 ergo
735 2812 968 2884 primus
1015 2813 1236 2869 modus
1285 2813 1561 2870 omnium
1620 2815 2010 2885 gravissimus

350 2902 727 2976 hypodorius
752 2918 827 2958 ex
851 2901 1049 2975 prima
1078 2902 1275 2975 specie
1299 2903 1617 2975 diapason,
1650 2908 1709 2960 et
1737 2904 2013 2960 termina-

2103 1747 2451 1820 phrygium,
2476 1747 2728 1819 Lydium
2759 1763 3003 1820 quoque
3032 1751 3091 1802 et
3131 1746 3558 1824 hypolydium.
3627 1753 3774 1803 Nam

2106 1835 2467 1909 mixoly'iius
2497 1835 2574 1892 ab
2601 1835 3125 1909 hypermixolydio
3144 1839 3375 1891 tantum
3398 1837 3589 1893 distat
3612 1843 3775 1893 tono.

2177 1926 2346 1980 Nunc
2375 1924 2449 1980 de
2480 1923 2705 1980 cubicis
2737 1925 3026 1992 numeris,
3061 1924 3166 1997 qui
3186 1925 3613 1981 harmonicam
3637 1943 3775 1981 con—

2107 2013 2529 2069 siderationem
2578 2018 2928 2084 suggerunt,
2970 2012 3225 2087 qualiter
3278 2014 3602 2087 praedictas
3642 2021 3774 2071 octo

2111 2102 2431 2158 modorum
2485 2102 2713 2176 species
2762 2101 2998 2157 differre
3028 2102 3267 2173 faciant,
3323 2102 3653 2175 paululum
3693 2108 3778 2159 est

2110 2191 2549 2259 disserendum,
2583 2191 2891 2247 Preelibato
2922 2195 3146 2261 tamen,
3179 2191 3346 2265 quod
3396 2191 3777 2249 diatessaron

2111 2298 2218 2353 per
2241 2281 2358 2335 VII.
2390 2281 2450 2335 id
2481 2286 2573 2337 est
2600 2296 2706 2354 per
2736 2282 2826 2335 III.
2860 2286 2917 2336 et
2936 2281 3050 2336 IIII.
3086 2281 3365 2353 diapente
3396 2297 3543 2338 vero
3574 2297 3689 2354 per
3715 2285 3776 2337 ν.

2111 2372 2172 2426 id
2202 2376 2449 2444 est,'per
2476 2370 2541 2425 II.
2575 2375 2633 2427 et
2662 2371 2750 2425 III.
2783 2371 2844 2426 in
2870 2369 3223 2426 harmonica
3276 2371 3486 2442 regula
3536 2387 3779 2426 mensu-

2110 2464 2293 2515 ratur.
2327 2462 2476 2515 Nam
2506 2463 2563 2515 et
2592 2474 2666 2513 ex
2691 2457 3025 2514 minoribus
3077 2458 3341 2514 numeris
3378 2459 3677 2531 majores,
3728 2464 3781 2513 et

2113 2566 2185 2605 ex
2215 2548 2545 2620 majoribus
2575 2547 2836 2604 minores
2866 2547 2929 2605 in
2958 2548 3173 2603 eadem
3218 2549 3612 2622 proportione
3678 2564 3781 2604 nu-

2115 2654 2310 2693 meros
2341 2636 2784 2706 cognoscimus.
2820 2639 3009 2710 Atque
3038 2638 3154 2692 hoc
3183 2641 3290 2707 est,
3330 2636 3499 2710 quod
3527 2636 3613 2693 ait
3638 2638 3785 2693 Boe-

2115 2726 2230 2781 tius
2253 2726 2315 2781 in
2340 2725 2493 2781 libro
2522 2730 2575 2781 2.
2618 2741 2750 2801 cap.
2794 2730 2825 2782 9
2885 2743 2898 2781 :
2962 2725 3009 2781 si
3062 2725 3215 2781 duos
3244 2742 3534 2782 numeros
3565 2742 3786 2782 eorum

2116 2815 2449 2871 differentia
2476 2813 2702 2884 integre
2732 2814 2905 2871 fuerit
2932 2831 3272 2888 permensa,
3306 2815 3368 2871 in
3395 2815 3614 2872 eadem
3647 2820 3788 2871 sunt

2115 2902 2503 2977 proportione
2528 2903 2785 2971 numeri,
2817 2919 2976 2976 quos
3020 2920 3131 2959 sua
3177 2902 3511 2960 differentia
3566 2920 3789 2960 mensa

352 2996 451 3049 tur
472 3008 565 3062 eo,
597 2992 702 3065 qui
729 3009 925 3048 meses
955 2992 1189 3061 dicitur,
1221 2993 1418 3049 medio
1434 3008 1637 3050 nervo.
1671 2994 2011 3051 Secundum
2047 3020 2090 3073 ο
2119 2997 2224 3060 est,
2254 2992 2315 3048 in
2345 3009 2467 3065 qua
2495 2997 2669 3047 erunt
2720 2993 3106 3065 proportione
3152 2996 3208 3048 et
3264 2993 3520 3060 numeri,
3572 3010 3790 3050 secun-

354 3082 607 3137 modum
634 3082 1129 3155 hypophrygium
1158 3083 1423 3139 secunda
1462 3083 1688 3155 species
1717 3083 2012 3157 diapason

357 3169 552 3237 efﬁcit,
582 3186 719 3242 quin
748 3169 809 3225 in
836 3186 1197 3243 paramesen
1238 3170 1385 3227 ﬁnit.
1438 3173 1697 3227 Tertium
1759 3172 2012 3228 modum

355 3258 758 3332 hypolydium
784 3260 952 3315 tertia
981 3259 1209 3332 species
1234 3260 1528 3332 diapason
1557 3260 1914 3317 determinat
1950 3261 2011 3317 in

357 3364 518 3411 eum,
548 3363 730 3419 quem
754 3350 976 3403 vocant
1006 3347 1177 3402 triten
1224 3347 1693 3418 diezeugmenon
1736 3364 2008 3404 nervum.

358 3438 647 3501 Quartum
675 3434 927 3491 modum
953 3435 1199 3491 Dorium
1218 3440 1434 3509 quarta
1459 3437 1686 3509 species
1716 3437 2011 3509 diapason

358 3522 570 3589 reddit,
644 3538 779 3594 quae
848 3522 980 3578 ﬁnit
1048 3523 1110 3578 in
1175 3528 1460 3596 paranete
1520 3524 2011 3595 diezeugmenon.

359 3611 608 3677 Quintus
635 3612 854 3666 modus
896 3612 1159 3684 Phygius
1210 3612 1423 3685 quinta
1473 3614 1670 3686 specie
1718 3613 2014 3686 diapason

358 3699 583 3767 ﬁnitur,
615 3699 709 3755 cui
736 3705 872 3756 nete
900 3701 1373 3772 diezeugmenon
1401 3718 1621 3758 nervus
1639 3707 1728 3758 est
1745 3702 2010 3760 ultimus.

367 3792 609 3847 Sextum
638 3789 1024 3846 nihilominus
1046 3792 1299 3848 modum
1324 3793 1577 3865 Lydium
1604 3797 1770 3848 sexta
1794 3794 2017 3866 species

366 3879 664 3951 diapason
715 3878 916 3946 exerit,
976 3880 1075 3935 cui
1114 3880 1242 3936 trite
1297 3882 1728 3954 hyperbolaeon
1811 3888 1900 3938 est
1954 3882 2019 3937 ﬁ-

364 3968 480 4023 nis.
562 3966 894 4038 Septimum
967 3982 1213 4041 quoque
1287 3970 1540 4025 modum
1621 3971 2019 4043 mixolydium

365 4054 619 4125 septima
656 4054 884 4125 species
938 4054 1233 4128 diapason
1288 4056 1573 4114 informat
1605 4076 1621 4126 ;
1660 4074 1800 4115 eum
1849 4075 2023 4132 para-

364 4147 501 4198 nete
527 4142 954 4215 hyperbolteon
986 4143 1359 4203 determinat.
1392 4148 1628 4217 Verum,
1672 4147 1817 4221 quia
1862 4165 2021 4205 unus

366 4229 614 4304 duplus,
687 4232 802 4288 hoc
857 4237 965 4304 est,
1044 4250 1169 4290 una
1223 4235 1520 4308 diapason
1571 4242 1706 4294 octo
1773 4238 2022 4295 vocibus

366 4319 621 4394 pollens,
704 4319 906 4393 plures
978 4322 1203 4395 species
1250 4339 1374 4380 non
1425 4325 1692 4398 recepit;
1751 4328 2024 4402 quando-

365 4409 614 4482 quidem
637 4409 835 4465 omnis
865 4411 1228 4485 symphonia
1253 4429 1440 4469 unam
1463 4430 1673 4471 vocem
1699 4416 2021 4491 pluresque

367 4498 595 4571 species
639 4498 898 4556 admittit
952 4518 965 4555 :
1017 4505 1296 4558 octavum
1344 4502 1599 4561 modum
1644 4506 2027 4581 hypermixo-

366 4587 600 4660 lydium
655 4586 1017 4645 Ptolomaaus
1060 4589 1322 4661 adjecit,
1403 4608 1587 4665 quem
1658 4594 1904 4650 secundi
1955 4611 2025 4651 ac

367 4677 519 4734 tertii
573 4677 740 4732 modi
786 4678 1250 4751 proprietatibus
1304 4680 1667 4738 informavit.
1698 4686 1812 4740 ‘Est
1862 4685 2024 4741 enim

369 4765 745 4823 diatessaron
775 4767 892 4824 IIII.
940 4768 1327 4838 chordarum,
1373 4774 1430 4826 et
1458 4770 1637 4827 trium
1668 4773 2025 4845 specierum.

371 4856 657 4930 Diapente
731 4871 978 4930 quoque
1057 4859 1122 4914 V.
1208 4859 1571 4917 chordarum
1626 4865 1683 4918 et
1712 4862 1831 4920 IIII.
1894 4879 2028 4937 spe-

370 4945 615 5002 cierum.
676 4947 1053 5020 Quapropter
1106 4951 1166 5003 et
1217 4946 1509 5021 diapason
1568 4950 1712 5007 VIII.
1777 4953 2029 5010 chorda-

372 5048 509 5089 rum
529 5038 586 5089 et
608 5034 729 5090 VII.
763 5034 1117 5106 specierum.
1151 5036 1417 5111 Denique
1439 5037 1636 5109 prima
1656 5039 1883 5111 species
1907 5040 2031 5096 dia-

374 5123 642 5178 tessaron
688 5122 863 5179 tertio
885 5124 1020 5180 Ioco
1066 5124 1251 5181 habet
1279 5126 1661 5183 semitonium
1696 5147 1710 5198 ;
1765 5130 2031 5187 secunda

375 5210 600 5281 species
629 5210 896 5267 secundo
924 5230 936 5281 ;
966 5212 1137 5269 tertia
1168 5213 1395 5286 species
1422 5215 1639 5289 primo,
1673 5233 2030 5293 semperque

376 5295 499 5352 sive
529 5312 634 5369 per
660 5297 1052 5370 disjunctum,
1114 5301 1241 5357 sive
1292 5318 1405 5375 per
1438 5303 1828 5376 conjunctum
1858 5310 2029 5363 tetra-

374 5384 670 5441 chordum
696 5388 923 5459 quartis
946 5388 1095 5445 locis
1127 5390 1341 5447 eadem
1369 5393 1598 5464 species
1626 5393 1778 5451 redit
1807 5395 2030 5469 quintis

374 5474 521 5532 locis
575 5494 590 5532 :
646 5491 769 5532 non
816 5481 1018 5534 tamen
1058 5495 1297 5552 semper
1321 5480 1601 5555 diapente
1632 5484 1746 5541 sibi
1773 5484 2032 5543 invicem

378 5566 661 5623 succedit.
694 5566 861 5623 Unde
886 5571 1124 5625 constat
1150 5571 1316 5642 quod
1348 5575 1465 5629 tres
1496 5574 1723 5648 species
1751 5574 2035 5633 diatessa-

375 5671 486 5714 ron
511 5660 628 5714 tres
648 5656 878 5730 primas
911 5657 1137 5730 species
1165 5658 1448 5733 diapente
1464 5678 1588 5718 uno
1618 5666 1762 5720 tono
1798 5664 2033 5736 adjecto

2119 3083 2266 3138 dum
2297 3098 2451 3154 quos
2482 3097 2585 3136 eos
2615 3097 2726 3137 sua
2751 3097 2961 3137 mensa
2992 3087 3084 3137 est
3108 3081 3439 3139 differentia
3473 3098 3487 3137 :
3529 3086 3597 3137 ut
3635 3081 3791 3138 inter

2119 3172 2207 3226 VI.
2237 3176 2295 3226 et
2312 3171 2442 3226 VIII.
2476 3170 2741 3226 binarius
2769 3175 2875 3240 est,
2908 3171 3012 3244 qui
3051 3171 3354 3227 senarium
3386 3175 3488 3239 ter,
3529 3174 3791 3228 octona-

2119 3262 2277 3317 rium
2333 3265 2545 3333 quater
2600 3260 2864 3316 metitur.
2916 3260 3193 3317 Similiter
3245 3261 3397 3317 inter
3468 3260 3643 3315 VIIII.
3733 3267 3791 3316 et

2121 3351 2228 3407 XII.
2286 3353 2379 3406 est
2431 3349 2744 3417 ternarius,
2791 3350 2893 3421 qui
2946 3349 3341 3406 novenarium
3392 3354 3497 3416 ter,
3556 3348 3793 3406 duode-

2122 3436 2358 3491 narium
2409 3440 2622 3509 quater
2662 3436 2905 3493 mititur.
2967 3437 3181 3510 Sicque
3236 3438 3321 3504 ﬁt,
3374 3442 3437 3493 ut
3488 3438 3549 3493 in
3594 3454 3795 3510 quan-

2124 3526 2457 3598 tiscumque
2486 3525 2773 3591 numeris,
2795 3524 2930 3583 licet
2952 3525 3534 3600 magnis,propor‘.io
3556 3527 3795 3599 sesqui-

2123 3614 2293 3669 tertia
2322 3613 2604 3682 incurrat,
2637 3629 2770 3670 eam
2797 3615 3114 3682 ternarius,
3136 3620 3193 3671 et
3220 3614 3644 3688 quaternarius
3665 3631 3793 3671 non

2123 3701 2482 3774 relinquant,
2514 3702 2619 3777 qui
2641 3701 2819 3775 primi
2850 3707 2906 3758 et
2933 3702 3108 3775 quasi
3136 3703 3368 3759 radices
3393 3707 3532 3760 sunt
3560 3705 3798 3778 sesqui-

2125 3791 2304 3847 tertiae
2332 3790 2751 3864 proportionis.
2783 3790 3007 3847 Eodem
3042 3791 3227 3848 modo
3278 3792 3338 3847 in
3398 3792 3796 3866 sesquialtera

2125 3881 2509 3953 proportione
2562 3880 2715 3936 inter
2764 3881 2853 3936 VI.
2912 3886 2969 3936 et
3018 3881 3180 3935 VIIII.
3227 3885 3315 3937 est
3340 3881 3657 3949 ternarias,
3687 3881 3796 3954 qui

2128 3968 2431 4024 senarium
2452 3968 2564 4035 bis,
2595 3967 2992 4025 novenarium
3022 3972 3109 4025 ter
3128 3969 3383 4025 metitur.
3413 3970 3553 4033 Qua:
3579 3970 3796 4025 omnia

2118 4057 2190 4113 in
2236 4057 2589 4113 harmonica
2645 4056 2855 4127 regula
2904 4056 3058 4113 ﬁunt
3111 4057 3331 4114 circino
3384 4058 3672 4125 notiora;
3727 4058 3801 4113 si-

2129 4147 2374 4219 quidem
2428 4162 2499 4202 eo
2548 4146 3181 4203 instrumentdomnis
3223 4146 3442 4220 duplus
3495 4146 3557 4202 in
3617 4163 3801 4221 aequa

2129 4240 2296 4309 parte
2351 4236 2602 4308 partitur
2657 4252 2670 4288 :
2726 4240 2783 4290 et
2833 4235 3155 4307 propositis
3227 4235 3306 4291 ad
3374 4234 3636 4308 duplum
3717 4234 3799 4291 fa-

2131 4324 2413 4381 ciendum
2468 4322 2835 4397 quibuslibet
2883 4323 3150 4379 numeris
3176 4366 3190 4392 ,
3264 4338 3500 4396 semper
3557 4323 3803 4379 medius

2131 4413 2451 4477 invenitur,
2483 4412 2589 4485 qui
2618 4412 2808 4486 aequis
2839 4410 3189 4468 differentiis
3217 4411 3297 4468 ab
3314 4413 3579 4484 utrisque
3611 4418 3806 4468 extre-

2132 4503 2246 4559 mis
2278 4506 2622 4573 segregetur
2655 4519 2670 4556 :
2701 4504 2765 4557 ut
2792 4501 2946 4558 inter
2975 4501 3043 4555 II.
3077 4504 3135 4557 et
3162 4500 3280 4555 IIII.
3322 4500 3644 4572 ternarias,
3698 4501 3805 4574 qui

2134 4593 2212 4650 ab
2268 4597 2523 4667 utroque
2573 4595 2838 4647 extremo
2897 4589 3147 4661 singulis
3204 4588 3402 4646 differt
3442 4589 3803 4646 unitaﬁbus.

2135 4686 2290 4740 Inter
2337 4683 2454 4737 IIII.
2508 4686 2564 4738 et
2618 4682 2757 4737 VIII.
2808 4680 3080 4737 senarius
3110 4678 3325 4736 eodem
3349 4678 3538 4735 modo
3561 4683 3657 4735 est
3684 4695 3810 4735 me.

2134 4773 2270 4829 dius
2303 4790 2315 4827 :
2342 4773 2495 4828 Inter
2521 4770 2609 4826 VI.
2642 4774 2699 4827 et
2728 4770 2837 4827 XII.
2867 4769 3229 4826 novenarius
3255 4787 3269 4838 ;
3320 4773 3379 4825 et
3400 4768 3553 4824 inter
3580 4768 3702 4825 XII.
3737 4784 3807 4824 ac

2135 4860 2341 4918 XXIIII.
2373 4864 2512 4917 sunt
2538 4859 2718 4916 XVIII.
2747 4864 2804 4915 et
2832 4858 3063 4931 utrique
3092 4857 3260 4933 dupli
3281 4857 3505 4913 distant
3524 4857 3807 4924 amedio,

2136 4950 2230 5006 ille
2260 4949 2509 5023 quidem
2540 4948 2818 5019 ternario,
2848 4947 2944 5004 hic
2976 4962 3114 5003 vero
3140 4946 3395 5003 senario.
3458 4947 3610 5002 Sunt
3642 4945 3809 5001 enim

2137 5039 2405 5114 praedicti
2460 5038 2698 5094 numeri
2752 5036 3090 5111 aliquah’ter
3139 5035 3250 5092 sibi
3288 5036 3811 5092 ineommensura-

2137 5129 2308 5199 biles,
2335 5129 2474 5202 quia
2503 5127 2828 5198 binarium,
2876 5142 3000 5200 quo
3053 5130 3483 5182 mensurantur
3532 5126 3624 5181 VI.
3660 5125 3805 5180 VIII.

2138 5219 2249 5274 XII.
2280 5217 2640 5275 novenarius
2663 5216 2910 5290 respuit,
2943 5220 2999 5272 et
3030 5220 3236 5272 contra
3268 5215 3627 5287 ternarium,
3688 5229 3807 5289 quo

2140 5312 2570 5364 mensurantur
2598 5306 2692 5361 VI.
2722 5306 2885 5361 VIIII.
2917 5305 3029 5361 XII.
3062 5304 3404 5361 octonarius
3424 5319 3553 5360 non
3575 5303 3803 5376 recipit.

2146 5397 2568 5466 Quaternarius
2599 5394 2886 5473 octonarii
2909 5399 2965 5450 et
2982 5393 3360 5462 duodenarii,
3402 5398 3492 5450 est
3521 5407 3807 5450 mensura

2144 5486 2480 5543 communis
2540 5504 2553 5541 :
2607 5489 2665 5541 et
2719 5484 2799 5540 ob
2854 5483 2915 5539 id
2966 5484 3138 5554 juxta
3210 5482 3517 5556 quosdam
3598 5481 3809 5557 triplus

2141 5574 2460 5650 hypodorii
2489 5591 2527 5632 a
2551 5572 2934 5648 quaternario
2956 5571 3181 5646 incipit,
3196 5575 3253 5628 et
3276 5570 3339 5627 in
3359 5570 3811 5629 duodenarium

2144 5664 2382 5721 desinit.
