3950 6178
324 231 426 288 935

954 214 1300 275 HUCBALDI
1340 212 1508 267 MON.
1550 209 1607 264 S.
1650 202 1915 259 AMANUI
1953 199 2099 254 OPP.
2145 197 2323 252 PARS
2367 195 2409 248 ΙΙ
2473 226 2539 234 -
2579 190 3095 249 MISCELLANEA.

3637 190 3753 240 936

326 354 458 410 loca
484 352 543 406 in
574 345 896 405 nocturnis.
932 344 1028 396 Est
1049 351 1312 408 namque
1338 333 1535 406 prima
1560 323 1892 384 differentia
1918 322 1975 376 in
2008 323 2054 373 A
2091 333 2199 373 sua
2224 317 2521 389 diapason
2546 312 2880 410 excesserit.
2909 315 2978 367 Et
3003 312 3127 410 hoc
3173 314 3281 408 est,
3300 307 3495 410 quod
3541 307 3649 374 ait,
3678 307 3759 410 ἐἰ

330 446 395 499 Ο.
429 457 563 513 quae
590 438 769 493 habet
788 432 929 496 duo,
961 429 1224 513 primum
1256 425 1317 479 in
1358 439 1419 478 se
1454 439 1466 477 :
1527 420 1725 476 Veniet
1777 414 1979 510 Domi-

330 503 469 595 nus:
497 523 827 583 secundum
858 520 918 574 in
944 505 1403 573 lfenarmonico
1427 508 1677 564 remisso
1713 523 1724 560 :
1757 503 1979 573 apertis

332 589 625 674 thesauris
653 610 795 665 suis.
830 604 1103 663 Secunda
1141 616 1283 657 vero
1314 596 1647 653 differentia
1683 593 1743 648 in
1802 595 1869 648 M.
1918 589 1982 644 li-

330 706 554 760 chanos
582 712 813 765 meson,
844 710 980 766 quae
1002 691 1185 746 habet
1215 688 1325 744 tria
1351 686 1482 741 loca
1509 684 1571 739 in
1601 686 1680 737 'se
1713 698 1725 735 :
1787 679 1982 736 canite

331 793 491 849 tuba.
524 789 899 845 Diatessaron
931 781 1251 836 remissum
1282 776 1341 831 in
1374 778 1434 830 E.
1467 789 1596 830 ecce
1614 784 1827 826 nomen
1871 769 1981 821 Do-

330 882 495 938 mini.
524 878 806 948 diapente
837 871 1155 928 remissum
1185 868 1244 922 in
1285 866 1343 919 C.
1372 866 1733 931 Intempesta
1791 860 1977 912 nocte.

331 969 530 1025 Tertia
560 943 892 1021 differentia
922 961 981 1015 in
1008 960 1048 1014 Ι.
1079 974 1213 1031 quae
1239 955 1424 1011 habet
1454 968 1641 1007 unum
1682 951 1879 1004 locum
1922 943 1981 997 in

334 1076 417 1121 se,
441 1057 815 1112 diatessaron
849 1049 1069 1105 scilicet
1097 1045 1412 1101 remissum
1442 1041 1501 1096 in
1533 1044 1592 1095 C.
1653 1039 1700 1093 0
1748 1038 1981 1091 beatum

330 1147 690 1218 pontiﬁcem.
715 1142 932 1203 Quarta
959 1133 1288 1191 differentia
1320 1136 1407 1186 est
1428 1131 1487 1186 in
1518 1130 1583 1184 Η.
1618 1145 1750 1201 quae
1806 1123 1986 1179 habet

333 1214 525 1291 unum
578 1232 779 1287 locum
822 1228 880 1282 in
914 1242 974 1280 se
1009 1245 1020 1280 :
1087 1224 1387 1278 inclinans
1427 1235 1485 1275 se
1537 1220 1729 1274 Jesus.
1774 1214 1987 1278 Quinta

333 1321 669 1399 differentia
718 1322 804 1373 est
860 1316 919 1370 in
979 1318 1038 1370 (ἶ.
1099 1329 1231 1385 quae
1262 1309 1443 1366 habet
1471 1308 1594 1363 duo
1622 1306 1755 1361 loca
1786 1305 1846 1359 in
1876 1318 1936 1355 se
1971 1317 1983 1353 :

334 1392 478 1482 euge
504 1424 669 1466 serve
724 1408 887 1462 bone.
920 1401 1404 1475 sesquioctavum
1445 1397 1767 1451 remissum
1822 1392 1879 1446 in
1925 1392 1985 1443 E.

334 1478 469 1555 Sint
503 1497 688 1553 lumbi
712 1494 911 1550 vestri.
943 1488 1446 1557 Concluditurque
1475 1484 1657 1553 hujus
1684 1479 1839 1551 tropi
1878 1478 1990 1532 for-

335 1589 609 1645 maintra
639 1585 938 1651 integrum
977 1579 1255 1650 diapente
1289 1593 1300 1629 :
1363 1579 1419 1630 et
1454 1572 1702 1639 singulae
1750 1567 1988 1625 chordae

338 1675 605 1745 singulas
633 1670 1019 1733 differentias,
1053 1672 1107 1722 et
1134 1665 1329 1737 prima
1359 1661 1691 1717 differentia
1718 1658 1843 1712 duo
1889 1656 1991 1710 ha-
2018 1664 2063 1717 Β

340 1765 440 1819 bet
464 1761 617 1826 loca,
653 1756 917 1815 secunda
953 1755 1079 1820 tria,
1111 1753 1281 1809 tertia
1304 1767 1514 1818 unum,
1546 1751 1762 1821 quarta
1802 1760 1991 1800 unum

340 1851 548 1924 quinta
577 1849 698 1903 duo
733 1865 745 1901 :
783 1845 942 1901 unde
972 1846 1205 1899 constat
1234 1846 1297 1894 ut
1339 1840 1435 1894 hic
1485 1844 1691 1909 tropus
1725 1835 1993 1907 quinque

341 1923 561 1995 habeat
591 1934 975 1999 differentias,
1009 1936 1065 1986 et
1115 1945 1330 1985 novem
1381 1927 1513 1982 loca
1564 1925 1621 1979 in
1664 1923 1990 1979 nocturnis.

342 2032 405 2084 In
437 2028 665 2082 diurnis
698 2030 899 2079 autem
917 2022 1012 2076 hic
1030 2026 1237 2091 tropus
1268 2024 1382 2073 tres
1398 2016 1582 2071 habet
1596 2012 1990 2068 differentias:

342 2117 602 2189 primam
626 2114 687 2169 in
719 2114 759 2168 Ι.
793 2128 926 2184 quae
968 2109 1151 2164 habet
1179 2123 1371 2162 unum
1398 2105 1598 2159 locum
1656 2103 1714 2157 in
1772 2103 1833 2155 C.
1884 2105 1947 2155 ut
1978 2117 1990 2153 ε

341 2207 589 2262 inclina.
627 2201 901 2259 Secunda
923 2200 989 2254 H.
1023 2214 1156 2269 quae
1210 2195 1390 2251 habet
1420 2194 1620 2248 locum
1652 2192 1714 2246 in
1758 2194 1818 2246 P.
1863 2192 1996 2245 Sta-

343 2296 477 2350 tuit.
507 2290 696 2347 Tertia
726 2290 784 2344 in
818 2290 877 2341 C.
904 2302 1038 2358 quae
1070 2285 1251 2339 habet
1272 2289 1470 2336 locum
1495 2282 1553 2335 in
1578 2296 1637 2334 se
1665 2296 1676 2333 :
1712 2279 1991 2334 Gaudete.

346 2383 508 2440 Unde
540 2384 807 2452 apparet,
852 2381 912 2431 ut
968 2373 1212 2442 singulae
1262 2372 1321 2427 in
1366 2370 1596 2426 diurnis
1652 2366 1995 2423 differentiae

343 2471 578 2541 singula
628 2468 893 2523 habeant
932 2464 1081 2518 loca.
1111 2465 1349 2532 Propter
1371 2458 1791 2515 admirabilem
1822 2456 1999 2526 igitur

342 2561 524 2631 hujus
555 2557 702 2629 tropi
720 2553 1185 2610 differentiarum
1214 2556 1491 2604 naturam
1546 2564 1581 2602 a
1630 2545 1997 2618 quibusdam

343 2650 405 2705 in
436 2643 796 2718 symphonia
825 2643 953 2712 ejus
981 2645 1038 2697 C.
1070 2655 1191 2693 non
1233 2636 1471 2692 additur
1505 2654 1516 2699 ;
1548 2635 1691 2706 quia
1720 2650 1790 2688 ea
1833 2632 1998 2686 nulla

344 2732 674 2789 differentia
702 2730 1036 2797 insignitur.
1065 2727 1250 2796 Hujus
1279 2725 1439 2780 enim
1465 2724 1526 2777 in
1552 2720 1859 2777 nocturnis
1916 2720 1997 2774 sic

344 2822 525 2879 currit
552 2837 756 2876 versus
780 2820 947 2890 (6‘29).
974 2818 1181 2872 Gloria
1209 2815 1404 2874 Patri.
1438 2818 1527 2867 etc
1580 2813 1639 2866 In
1664 2810 1895 2865 diurnis
1918 2809 2000 2862 sic

347 2911 526 2966 currit
552 2925 764 2965 versus
800 2926 811 2962 :
849 2908 1078 2973 Gloria,
1111 2909 1220 2959 etc.

896 3047 962 3084 DE
1001 3044 1167 3084 SI‘ICI'N
1177 3042 1242 3081 DO
1281 3042 1422 3081 TONO
1432 3068 1442 3078 .

420 3141 694 3213 Sequitur
723 3138 783 3192 in
813 3137 1028 3192 eadem
1060 3132 1428 3205 expositione
1455 3136 1759 3203 trOporum
1783 3129 2001 3184 modus

349 3231 670 3295 secundus,
696 3232 780 3284 ter
813 3228 898 3280 VI.
930 3226 990 3280 id
1021 3230 1110 3280 est
1136 3223 1318 3278 XVIII.
1345 3221 1421 3276 ad
1452 3221 1559 3275 XII.
1617 3220 1719 3291 qui
1777 3218 2001 3273 faciunt

347 3319 525 3376 simul
556 3321 699 3374 XXX.
743 3332 850 3388 per
872 3312 1328 3385 sesquialterain
1375 3307 1819 3380 proportionem
1875 3306 2001 3359 red-

345 3413 498 3467 dunt
526 3408 824 3480 diapente.
859 3403 951 3458 Ad
974 3403 1057 3457 VI.
1091 3406 1291 3456 autem
1337 3399 1411 3454 de
1461 3397 1654 3469 primo
1712 3400 1853 3450 tono
1907 3395 2001 3449 isti

347 3504 432 3555 ter
454 3500 542 3552 Vl.
576 3495 650 3552 de
683 3492 951 3549 secunda
981 3490 1156 3562 tripla
1194 3486 1500 3561 proportio
1550 3489 1659 3554 est,
1709 3483 1853 3556 quia
1912 3483 2004 3537 tri-

346 3588 599 3661 plicatus
631 3601 770 3640 eum
803 3584 1062 3654 superat.
1097 3580 1239 3634 Item
1269 3577 1361 3633 bis
1393 3576 1531 3630 VIII.
1582 3574 1660 3629 ad
1707 3575 1814 3629 XII.
1866 3577 2004 3628 sunt

349 3678 567 3733 XXVIII.
592 3674 652 3729 id
682 3677 788 3742 est,
812 3674 1024 3743 quater
1044 3668 1152 3722 VII.
1189 3672 1245 3722 et
1275 3665 1497 3721 faciunt
1554 3678 1659 3735 per
1690 3661 2005 3735 sesquiter—

348 3765 493 3821 tiam
522 3761 970 3836 proportionem
997 3757 1392 3812 diatessaron.
1426 3754 1560 3826 Ipsa
1585 3767 1726 3821 ergo
1756 3766 2004 3824 propor-

350 3853 429 3910 tio
458 3850 712 3917 numeri,
746 3848 807 3904 id
829 3852 936 3910 est,
969 3845 1060 3901 bis
1086 3847 1220 3899 VIII.
1256 3843 1333 3898 ad
1359 3843 1494 3897 VIII.
1526 3841 1600 3895 de
1621 3840 1817 3913 primo
1840 3844 2002 3907 tono,

345 3941 601 4014 duplum
631 3943 736 4004 est,
768 3942 824 3992 et
846 3937 981 3992 ideo
1007 3935 1068 3991 in
1107 3933 1409 4005 diapason
1459 3930 1620 3986 cadit
1674 3930 1880 3985 XXIIII.
1944 3928 2005 3984 id

350 4035 442 4085 est
469 4032 678 4100 quater
709 4042 834 4097 sex,
865 4030 922 4081 et
948 4024 1044 4080 bis
1074 4024 1185 4080 XII.
1219 4023 1362 4077 Item
1392 4019 1486 4076 bis
1508 4019 1668 4073 VIIII.
1722 4017 1826 4100 qui
1869 4021 2008 4073 sunt

352 4094 531 4172 XVIII.
566 4115 643 4170 ad
668 4118 780 4170 XII.
811 4094 1038 4169 faciunt
1090 4112 1390 4184 diapente,
1442 4112 1507 4163 ut
1554 4121 1755 4180 supra.
1801 4094 2006 4162 Omnis

351 4205 513 4260 enim
538 4202 809 4258 melodiae
859 4200 1108 4256 secundi
1160 4199 1302 4261 toni,
1332 4202 1435 4253 aut
1462 4212 1568 4269 per
1596 4195 1875 4266 diapente
1903 4193 2005 4249 de-

350 4292 590 4349 narium
616 4289 965 4347 numerabis
997 4292 1210 4355 totum,
1244 4291 1308 4341 ut
1359 4289 1445 4344 est
1475 4289 1605 4340 Ant.
1634 4284 1788 4339 Ecce
1834 4285 2007 4340 adve-

2088 411 2196 462 ΧΗ.
2231 407 2307 462 ad
2342 409 2425 460 Vl.
2449 402 2865 478 pervenerint:
2923 398 3437 473 quandoquidem.
3478 395 3761 468 hypodo—

2087 497 2210 551 rius
2240 495 2316 550 ad
2346 494 2513 549 illum
2539 494 2925 563 comparatus
2956 488 3132 561 triplo
3159 486 3400 557 gravior
3426 484 3651 540 existit.
3705 485 3756 539 Si

2089 583 2248 639 enim
2278 583 2338 638 in
2368 583 2482 638 hac
2514 580 2696 653 plaga
2724 583 2858 634 nete
2887 575 3320 650 hyperbolaeon
3370 572 3761 630 ascribantur

2091 676 2176 728 VI.
2227 687 2421 727 meses
2473 668 2721 725 habebit
2770 668 2877 723 XII.
2922 666 3194 722 lichanos
3242 665 3523 735 hypaton
3577 664 3755 717 XVIII.

2090 760 2747 835 proslambanomenon
2767 756 2968 812 XXIIII.
3002 760 3059 810 et
3095 754 3204 809 erit
3256 756 3368 809 Xll.
3418 749 3761 806 differentia

2091 850 2241 905 inter
2266 853 2374 905 XII.
2409 853 2464 904 et
2521 846 2740 902 XXIIII.
2805 845 2985 899 Hanc.
3019 842 3199 912 igitur
3226 839 3641 896 differentiam
3670 838 3763 893 vix

2092 938 2323 993 excedit
2358 937 2540 1006 hujus
2579 934 2772 1007 plagae.
2826 931 3085 988 melodia
3135 930 3213 986 ad
3244 934 3494 985 acutam
3522 933 3761 1001 partem

2094 1027 2154 1082 in
2181 1025 2545 1097 antiphonis,
2593 1023 2697 1078 sed
2742 1022 3008 1089 inferius,
3056 1020 3178 1075 sive
3227 1017 3614 1073 diatessaron
3662 1032 3765 1088 per

2096 1116 2212 1168 VII.
2242 1115 2362 1168 sive
2392 1113 2672 1185 diapente
2699 1126 2804 1183 per
2833 1115 2892 1166 X.
2918 1108 3288 1165 numerabis.
3319 1109 3418 1162 Est
3444 1110 3661 1161 autem
3682 1105 3766 1160 in-

2098 1210 2260 1272 tegra
2292 1202 2665 1261 diatessaron
2695 1197 3089 1256 consonantia
3109 1197 3262 1252 inter
3281 1200 3620 1267 utrumque
3642 1209 3767 1249 mo-

2097 1294 2240 1348 dum
2271 1309 2282 1345 :
2315 1292 2463 1345 dum
2495 1290 2765 1345 lichanos
2786 1289 3055 1360 hypaton
3086 1282 3409 1357 hypodorii
3456 1282 3554 1351 sit,
3602 1297 3768 1354 pros-

2097 1381 2600 1437 lambanomenos
2630 1377 2801 1433 dorii.
2831 1374 3136 1448 Siquidem
3158 1389 3233 1429 ex
3256 1372 3446 1445 duplo
3503 1376 3563 1426 et
3593 1370 3768 1443 triplo

2098 1472 2253 1525 hanc
2278 1466 2737 1543 consonantiam
2766 1464 3066 1538 procreari
3094 1462 3327 1517 Boetius
3356 1461 3437 1516 ita
3470 1459 3769 1516 dicit.$int

2098 1556 2448 1629 hujusmodi
2482 1554 2828 1610 medietatis
2889 1552 3145 1618 termini,
3195 1566 3457 1623 quorum
3516 1548 3767 1605 extremi

2103 1651 2222 1704 sint
2248 1648 2438 1719 dupli,
2462 1651 2518 1701 et
2546 1645 2665 1711 alii,
2689 1660 2949 1721 quorum
2979 1641 3225 1698 extremi
3257 1641 3377 1696 sint
3400 1639 3563 1712 tripli
3593 1640 3697 1694 ita.

2276 1738 2359 1790 v1.
2424 1738 2430 1805 ι
2485 1735 2624 1788 Vlll.
2686 1735 2694 1802 |
2752 1722 2936 1801 xui
2996 1731 3111 1785 IIII.
3174 1732 3182 1799 ι
3244 1730 3333 1783 v1.
3396 1731 3404 1797 ι
3468 1729 3582 1784 xu.

2175 1822 2586 1881 Duodenarius
2616 1821 2794 1891 igitur
2819 1819 2897 1876 ad
2918 1818 3223 1875 senarium
3242 1815 3469 1889 duplus
3494 1821 3609 1881 est,
3632 1815 3767 1871 etin

2105 1914 2224 1969 alia
2254 1912 2643 1983 dispositione
2674 1910 2786 1965 XII.
2828 1908 2908 1964 ad
2929 1908 3045 1960 IIII.
3071 1906 3281 1979 triplus
3309 1910 3416 1960 est.
3451 1908 3685 1961 Horum
3724 1905 3769 1959 si

2104 2001 2465 2057 differentias
2487 1999 2862 2069 colligamus,
2893 2001 2952 2053 et
2973 1996 3053 2051 ad
3083 2012 3146 2051 se
3175 1994 3428 2051 invicem
3456 2010 3770 2065 compare-

2107 2106 2261 2149 mus.
2282 2089 2514 2161 epitrita
2534 2087 2861 2160 proportio,
2886 2084 2946 2140 id
2968 2088 3075 2151 est,
3089 2084 3462 2139 diatessaron
3484 2082 3772 2154 sympho-

2105 2179 2205 2234 nia
2233 2177 2545 2247 colligitur,
2578 2181 2635 2231 et
2662 2175 2914 2248 reliqua.
2937 2175 3086 2228 Cum
3116 2174 3243 2228 haec
3270 2172 3352 2228 ita
3369 2170 3508 2237 sint,
3539 2177 3770 2225 (sartum

2107 2266 2385 2339 estquod
2437 2269 2722 2338 paranete
2767 2265 3243 2333 diezeugmenon
3293 2260 3648 2333 hypodorii,
3681 2259 3774 2314 cui

2108 2356 2531 2413 adscribuntur
2564 2372 2689 2423 sex,
2719 2354 2793 2409 sit
2819 2369 3016 2409 meses
3049 2350 3510 2422 dorii.Adquam
3562 2365 3769 2404 mes-en

2107 2445 2257 2501 dorii
2290 2446 2337 2500 si
2360 2443 2691 2516 pervenerit
2716 2446 2928 2498 cantus
2959 2440 3204 2497 secundi
3235 2439 3409 2511 tropi,
3422 2439 3555 2509 jam
3570 2439 3771 2511 potius

2108 2535 2338 2590 dicetur
2374 2532 2546 2601 dorii,
2573 2548 2761 2604 quam
2792 2530 3132 2603 hypodorii,
3157 2533 3219 2584 ut
3247 2534 3335 2585 est
3362 2528 3424 2583 in
3448 2544 3775 2599 responso—

2109 2624 2196 2678 rio
2227 2621 2456 2693 gradali
2481 2639 2495 2675 :
2516 2622 2802 2686 universi,
2834 2620 2939 2691 qui
2959 2626 3015 2675 te
3043 2623 3381 2688 expectant.
3411 2616 3592 2682 Quod
3653 2633 3772 2670 res-

2109 2710 2459 2784 ponsorium
2488 2724 2593 2781 per
2618 2707 3037 2773 differentiam,
3070 2722 3203 2779 qua:
3236 2709 3325 2761 est
3370 2705 3484 2761 XII.
3539 2706 3772 2777 passim

2110 2799 2367 2855 excurrit
2389 2799 2539 2853 inter
2564 2797 2656 2852 bis
2684 2798 2787 2851 XII
2818 2802 2874 2851 et
2901 2797 3013 2852 XII.
3047 2796 3219 2865 cujus
3274 2811 3485 2850 versus
3533 2794 3775 2849 habens

2111 2890 2169 2945 in
2202 2887 2500 2961 primodio
2526 2887 2832 2942 intensum
2858 2885 3160 2956 diapente,
3192 2900 3228 2939 a
3257 2884 3440 2939 XVIII.
3502 2881 3777 2937 videlicet

2112 2980 2173 3033 in
2204 2979 2311 3032 XII.
2349 2976 2637 3048 percurrit
2657 2975 2822 3029 VIIII.
2856 2974 2958 3046 qui
2980 2978 3120 3029 sunt
3142 2973 3203 3028 in
3233 2971 3566 3028 differentia
3586 2987 3629 3026 a
3683 2970 3778 3025 bis

2115 3068 2273 3121 VIIII.
2307 3066 2367 3120 in
2409 3065 2560 3119 VIIII.
2587 3062 3061 3135 Responsorium
3104 3077 3345 3134 quoque
3393 3059 3777 3127 nocturnale,

2111 3154 2279 3228 quod
2332 3158 2420 3209 est
2476 3152 3015 3208 Circumdederunt
3071 3166 3183 3217 me,
3230 3166 3370 3205 eum
3423 3165 3535 3204 suo
3595 3164 3777 3203 versu

2113 3261 2300 3300 unum
2332 3250 2541 3298 tonum
2593 3242 2745 3297 ultra
2797 3239 3214 3306 differentiam,
3262 3255 3444 3311 quam
3503 3237 3780 3294 diximus

2112 3339 2385 3390 constare
2416 3333 2567 3387 inter
2593 3331 2796 3386 XXIIII.
2825 3334 2882 3385 et
2909 3331 3020 3386 XII.
3048 3329 3321 3386 acuendo
3346 3328 3597 3400 peragit.

2162 3477 2286 3515 ΙΤΕΜ
2330 3476 2392 3514 DE
2434 3473 2677 3515 SECUNDO
2717 3472 2860 3511 TONO
2900 3472 3041 3510 ΝΟΥΑ
3087 3470 3358 3511 (ἪΙΙἪΒΑΜ
3398 3469 3721 3508 ωοςιτιο.

2185 3590 2229 3638 Α
2259 3587 2475 3655 quarta
2507 3580 2699 3654 specie
2729 3580 3049 3653 diapason,
3068 3596 3203 3651 quae
3226 3584 3313 3634 est
3342 3578 3403 3633 in
3434 3579 3496 3634 C.
3520 3576 3621 3631 ubi
3648 3576 3784 3632 tini—

2115 3678 2208 3730 tur
2259 3672 2490 3745 primus
2546 3676 2773 3742 tropus,
2829 3670 3142 3749 inchoatur
3172 3666 3512 3735 secundus;
3566 3666 3781 3738 illique

2113 3762 2336 3829 ﬁnitur,
2360 3760 2463 3816 ubi
2493 3765 2549 3815 et
2577 3759 2911 3815 inchoatur.
2961 3757 3345 3815 Concluditur
3391 3760 3591 3812 autem
3644 3757 3781 3828 ejus

2114 3853 2310 3908 forma
2335 3850 2488 3906 intra
2518 3849 2817 3922 diapente,
2851 3846 3016 3920 quod
3046 3851 3138 3903 est
3168 3846 3244 3903 ab
3276 3849 3345 3903 Μ.
3369 3846 3447 3902 ad
3477 3848 3537 3900 C.
3580 3846 3777 3917 Hujus

2115 3941 2276 3997 enim
2306 3940 2435 3995 haec
2483 3942 2571 3994 est
2614 3937 2808 3993 forma
2853 3936 3177 3993 NOEAGIS.
3230 3935 3417 3992 Habet
3442 3935 3541 3991 hic
3564 3938 3781 4008 tropus

2115 4027 2513 4085 differentiam
2534 4042 2720 4082 unam
2750 4026 2810 4082 in
2837 4040 2888 4080 e.
2913 4040 3046 4097 quae
3074 4023 3255 4080 habet
3284 4023 3395 4079 tria
3418 4022 3553 4079 loca
3579 4040 3592 4076 :
3650 4024 3783 4079 Dia-

2119 4124 2386 4175 tessaron
2413 4117 2731 4173 remissum
2762 4117 2822 4171 in
2848 4120 2915 4170 Λ.
2946 4119 3009 4171 ut
3040 4116 3320 4170 laetentur
3344 4115 3483 4170 creti
3505 4127 3528 4186 ,°
3572 4114 3785 4187 sesqui

2116 4212 2392 4263 octavum
2440 4205 2760 4262 remissum
2807 4205 2867 4259 in
2927 4207 2987 4260 C.
3044 4208 3109 4259 ut
3162 4206 3328 4272 juste
3356 4209 3411 4259 et
3438 4204 3556 4273 pie.
3614 4202 3784 4258 L’nde

2117 4301 2368 4363 constat,
2400 4299 2462 4351 ut
2480 4295 2577 4350 hic
2603 4298 2811 4367 tropus
2840 4309 3026 4349 unam
3055 4291 3279 4347 habeat
3296 4291 3703 4347 differentiam
3724 4292 3787 4346 in

351 4389 460 4439 nit.
484 4383 547 4438 in
576 4397 699 4454 quo
733 4383 875 4435 sunt
904 4382 963 4433 V.
994 4376 1089 4433 vel
1118 4380 1179 4432 X.
1203 4380 1306 4432 aut
1334 4391 1439 4448 per
1494 4373 1868 4430 diatessaron
1925 4377 2008 4428 to-
2038 4360 2082 4414 D
2116 4360 2443 4451 noctumﬁs,
2496 4388 2552 4440 et
2605 4360 2719 4440 tria:
2742 4383 2894 4439 loca.
2947 4383 3011 4438 1n
3041 4380 3272 4437 diurnis
3305 4380 3403 4437 hic
3432 4386 3645 4454 tmpus
3695 4382 3785 4455 ip,

350 4476 502 4541 tum,
523 4470 587 4526 id
617 4474 724 4539 est,
764 4484 870 4542 per
901 4467 1009 4522 VII.
1045 4468 1109 4521 ut
1129 4467 1221 4522 est
1250 4466 1382 4519 Ant.
1450 4463 1594 4518 Veni
1642 4467 1696 4518 et
1748 4462 2004 4518 ostende.

351 4565 495 4617 Item
520 4563 641 4615 ant.
667 4556 1047 4631 diapentica:
1084 4554 1467 4622 Omnipotens
1509 4566 1700 4608 sermo
1748 4558 1904 4606 tuus.
1953 4554 2010 4606 et

350 4649 743 4718 diatessaron,
804 4650 869 4701 ut
907 4648 1040 4700 est:
1100 4642 1387 4719 Dominus
1441 4641 1598 4696 Deus
1675 4640 2009 4695 auxiliator

351 4753 533 4793 meus.
568 4737 623 4793 Si
649 4739 851 4791 autem
879 4734 941 4789 iu
970 4731 1265 4805 diapason
1292 4728 1520 4786 venerit
1574 4729 1880 4801 proportio
1924 4742 2009 4782 se-

353 4826 536 4884 cundi
564 4825 710 4897 toni,
741 4823 803 4879 id
823 4827 929 4890 est,
964 4823 1073 4878 XII.
1098 4821 1175 4877 ad
1202 4820 1289 4875 VI.
1318 4822 1373 4875 et
1402 4818 1495 4875 bis
1521 4817 1683 4873 VIIII.
1712 4815 1791 4871 ad
1842 4817 2005 4872 VIIII.

359 4921 416 4973 et
433 4916 526 4972 bis
557 4917 691 4970 VIII.
726 4913 805 4969 ad
832 4915 968 4968 Vlll.
1002 4910 1265 4983 primum
1305 4913 1514 4964 tonum
1573 4906 1753 4962 efﬁcit
1784 4922 1798 4961 :
1856 4921 2007 4978 quo-

354 5005 519 5060 niam
543 5002 762 5075 singuli
791 5000 955 5058 modi
986 5015 1160 5056 suam
1185 4997 1493 5071 propriam
1523 4995 1747 5051 habent
1796 4994 2010 5050 consti-

356 5092 647 5148 tutionem
682 5111 694 5147 :
729 5106 966 5163 semper
990 5105 1051 5144 se
1078 5086 1299 5158 gemini
1342 5101 1373 5140 e
1427 5084 1607 5139 latere
1664 5083 2007 5155 respiciunt,

357 5186 421 5236 ut
451 5181 776 5254 aliquando
807 5180 1067 5236 fraterna
1095 5174 1419 5233 concordia
1447 5172 1593 5229 alter
1642 5171 1703 5227 in
1758 5171 2010 5229 alterum

358 5276 702 5340 segregatus
722 5268 983 5339 reclinet,
1007 5267 1152 5323 alter
1179 5266 1237 5319 in
1271 5264 1522 5321 alterum
1545 5260 1927 5317 ascendendo
1949 5276 2010 5315 se

358 5359 593 5416 exaltet.
641 5362 788 5414 Nam
845 5356 1222 5429 hypodorius
1273 5355 1332 5409 in
1388 5353 1629 5425 Dorium
1678 5351 1906 5419 transit,
1963 5349 2011 5404 si

431 5501 838 5586 (egemotulas
886 5505 1112 5556 veteres
1154 5500 1418 5555 musicas
1465 5496 1644 5554 textui
1698 5495 2011 5569 impositas

358 5580 705 5632 omittimus.
957 5590 961 5595 τ
1608 5628 1615 5633 ε

429 5647 577 5717 (630)
606 5644 750 5702 Cod.
782 5644 845 5700 S.
878 5644 1010 5699 Em.
1044 5641 1317 5714 Sequitur
1354 5645 1633 5697 tonorum
1685 5637 2003 5711 expositor.

2119 4492 2253 4531 sam
2272 4474 2456 4530 habet
2480 4472 2879 4530 differentiam
2900 4476 2957 4528 et
2985 4472 3118 4545 ipsa
3161 4470 3295 4527 loca
3330 4488 3343 4524 :
3404 4469 3785 4527 diatessaron

2117 4564 2440 4621 remissum
2497 4564 2559 4619 in
2604 4566 2669 4619 A.
2701 4566 2765 4618 ut
2795 4580 2808 4618 :
2865 4577 2997 4618 ecce
3023 4562 3287 4617 advenit.
3323 4562 3789 4635 Tonumremis»

2119 4670 2256 4710 sum
2308 4653 2369 4708 in
2424 4655 2485 4708 C.
2533 4653 2817 4708 sitientes.
2879 4651 3130 4708 Servite.
3187 4651 3259 4707 de
3313 4650 3787 4706 necessitatibus.

2120 4742 2305 4813 Hujus
2334 4740 2486 4814 tropi
2512 4740 2575 4795 in
2600 4738 2909 4796 nocturnis
2956 4738 3038 4795 sic
3090 4738 3270 4794 currit
3310 4754 3518 4795 versus
3568 4737 3785 4794 Gloria

2117 4831 2314 4897 Patri,
2369 4833 2480 4885 etc.
2543 4828 2607 4883 In
2653 4827 2883 4883 diurnis
2939 4831 3142 4884 autem
3193 4826 3275 4882 sic
3314 4826 3497 4883 currit
3532 4841 3783 4882 versus:

2120 4920 2331 4976 Gloria
2353 4919 2550 4985 Patri,
2579 4921 2689 4974 etc.

2600 5060 2664 5099 DE
2703 5059 2899 5099 TERTIO
2939 5058 3082 5099 ΤοΝο
3123 5042 3293 5113 (630).

2193 5168 2426 5226 Tertius
2454 5174 2643 5251 tonus
2660 5168 2783 5225 duo
2814 5172 2858 5224 A
2888 5169 3091 5239 habet,
3125 5183 3315 5223 unum
3343 5173 3592 5240 propter
3619 5185 3784 5224 men-

2121 5275 2329 5315 suram
2359 5258 2582 5315 autenti
2610 5258 2859 5327 deuteri,
2889 5257 3141 5341 alterum
3170 5261 3417 5329 propter
3446 5258 3597 5327 (63f)
3656 5259 3783 5331 pla-

2120 5365 2260 5419 gam
2282 5348 2330 5418 ej
2342 5348 2495 5417 us,in
2510 5348 2681 5417 cujus
2697 5347 2994 5419 diapason
3007 5362 3183 5401 suum
3202 5345 3588 5400 semitonium
3604 5346 3783 5418 expli-

2192 5494 2333 5563 (631)
2359 5492 2490 5548 Scil.
2522 5494 2798 5563 plagiam
2827 5511 2839 5547 :
2874 5492 2955 5547 uti
2985 5491 3047 5545 in
3107 5489 3606 5546 antecedentibus
3635 5506 3782 5564 quo-

2119 5581 2237 5638 que
2266 5564 2610 5633 legendum.
