  <div class='ocr_page' id='page_1' title='image "/cluster/home/n/w/nwhite01/storage/ocr_20150623/132/hvd.32044054759931/474.png"; bbox 0 0 4000 6190; ppageno 0'>
   <div class='ocr_carea' id='block_1_1' title="bbox 167 76 2448 170">
    <p class='ocr_par' dir='ltr' id='par_1_1' title="bbox 167 76 2448 170">
     <span class='ocr_line' id='line_1_1' title="bbox 167 76 2448 170; baseline 0.007 -18"><span class='ocrx_word' id='word_1_1' title='bbox 167 119 264 169; x_wconf 68' lang='lat'><strong>937</strong></span> <span class='ocrx_word' id='word_1_2' title='bbox 1366 109 1457 162; x_wconf 89' lang='lat' dir='ltr'><strong>DE</strong></span> <span class='ocrx_word' id='word_1_3' title='bbox 1499 108 1902 165; x_wconf 83' lang='lat' dir='ltr'><strong>HARMONICA</strong></span> <span class='ocrx_word' id='word_1_4' title='bbox 1948 76 2448 170; x_wconf 75' lang='lat' dir='ltr'><strong>INSTI&#39;I‘U&#39;I‘IONE.</strong></span> 
     </span>
    </p>
   </div>
   <div class='ocr_carea' id='block_1_2' title="bbox 3527 122 3634 175">
    <p class='ocr_par' dir='ltr' id='par_1_2' title="bbox 3527 122 3634 175">
     <span class='ocr_line' id='line_1_2' title="bbox 3527 122 3634 175; baseline -0.019 0"><span class='ocrx_word' id='word_1_5' title='bbox 3527 122 3634 175; x_wconf 87' lang='lat'><strong>938</strong></span> 
     </span>
    </p>
   </div>
   <div class='ocr_carea' id='block_1_3' title="bbox 111 231 3636 314">
    <p class='ocr_par' dir='ltr' id='par_1_3' title="bbox 111 231 3636 314">
     <span class='ocr_line' id='line_1_3' title="bbox 111 231 3636 314; baseline 0 -20"><span class='ocrx_word' id='word_1_6' title='bbox 111 267 117 272; x_wconf 79' lang='lat'>~</span> <span class='ocrx_word' id='word_1_7' title='bbox 167 244 283 306; x_wconf 88' lang='lat' dir='ltr'><strong>cat,</strong></span> <span class='ocrx_word' id='word_1_8' title='bbox 308 241 369 292; x_wconf 89' lang='lat' dir='ltr'><strong>et</strong></span> <span class='ocrx_word' id='word_1_9' title='bbox 396 235 663 290; x_wconf 89' lang='lat' dir='ltr'><strong>alterum</strong></span> <span class='ocrx_word' id='word_1_10' title='bbox 712 231 1097 287; x_wconf 90' lang='lat' dir='ltr'><strong>semitonium</strong></span> <span class='ocrx_word' id='word_1_11' title='bbox 1148 231 1206 286; x_wconf 92' lang='lat' dir='ltr'><strong>in</strong></span> <span class='ocrx_word' id='word_1_12' title='bbox 1259 231 1552 302; x_wconf 78' lang='lat' dir='ltr'><strong>diapason</strong></span> <span class='ocrx_word' id='word_1_13' title='bbox 1599 232 1848 287; x_wconf 90' lang='lat' dir='ltr'><strong>secundi</strong></span> <span class='ocrx_word' id='word_1_14' title='bbox 1889 250 1935 300; x_wconf 81' lang='grc' dir='ltr'>Α</span> <span class='ocrx_word' id='word_1_15' title='bbox 1966 239 2022 289; x_wconf 91' lang='lat' dir='ltr'><strong>et</strong></span> <span class='ocrx_word' id='word_1_16' title='bbox 2047 235 2295 308; x_wconf 91' lang='lat' dir='ltr'><strong>reliqua.</strong></span> <span class='ocrx_word' id='word_1_17' title='bbox 2328 240 2570 310; x_wconf 80' lang='lat' dir='ltr'><strong>Propter</strong></span> <span class='ocrx_word' id='word_1_18' title='bbox 2599 235 2936 308; x_wconf 80' lang='lat' dir='ltr'><strong>triplumet</strong></span> <span class='ocrx_word' id='word_1_19' title='bbox 2977 233 3411 310; x_wconf 85' lang='lat' dir='ltr'><strong>quadruplum,</strong></span> <span class='ocrx_word' id='word_1_20' title='bbox 3467 243 3636 314; x_wconf 88' lang='lat' dir='ltr'><strong>quod</strong></span> 
     </span>
    </p>
   </div>
   <div class='ocr_carea' id='block_1_4' title="bbox 171 320 1852 398">
    <p class='ocr_par' dir='ltr' id='par_1_4' title="bbox 171 320 1852 398">
     <span class='ocr_line' id='line_1_4' title="bbox 171 320 1852 398; baseline -0.004 -15"><span class='ocrx_word' id='word_1_21' title='bbox 171 326 346 398; x_wconf 80' lang='lat' dir='ltr'><strong>tropi,</strong></span> <span class='ocrx_word' id='word_1_22' title='bbox 379 328 636 397; x_wconf 77' lang='lat' dir='ltr'><strong>propter</strong></span> <span class='ocrx_word' id='word_1_23' title='bbox 667 321 927 392; x_wconf 88' lang='lat' dir='ltr'><strong>triplam,</strong></span> <span class='ocrx_word' id='word_1_24' title='bbox 965 326 1026 375; x_wconf 90' lang='lat' dir='ltr'><strong>ut</strong></span> <span class='ocrx_word' id='word_1_25' title='bbox 1057 320 1282 374; x_wconf 85' lang='lat' dir='ltr'><strong>dictum</strong></span> <span class='ocrx_word' id='word_1_26' title='bbox 1313 324 1418 386; x_wconf 90' lang='lat' dir='ltr'><strong>est,</strong></span> <span class='ocrx_word' id='word_1_27' title='bbox 1477 325 1533 374; x_wconf 93' lang='lat' dir='ltr'><strong>et</strong></span> <span class='ocrx_word' id='word_1_28' title='bbox 1589 321 1852 392; x_wconf 88' lang='lat' dir='ltr'><strong>quadru-</strong></span> 
     </span>
    </p>
   </div>
   <div class='ocr_carea' id='block_1_5' title="bbox 171 408 1847 489">
    <p class='ocr_par' dir='ltr' id='par_1_5' title="bbox 171 408 1847 489">
     <span class='ocr_line' id='line_1_5' title="bbox 171 408 1847 489; baseline -0.005 -18"><span class='ocrx_word' id='word_1_29' title='bbox 171 416 360 489; x_wconf 90' lang='lat' dir='ltr'><strong>plam,</strong></span> <span class='ocrx_word' id='word_1_30' title='bbox 387 417 642 486; x_wconf 89' lang='lat' dir='ltr'><strong>propter</strong></span> <span class='ocrx_word' id='word_1_31' title='bbox 663 414 874 482; x_wconf 81' lang='lat' dir='ltr'><strong>quater</strong></span> <span class='ocrx_word' id='word_1_32' title='bbox 906 410 996 463; x_wconf 85' lang='lat' dir='ltr'><strong>\&#39;I.</strong></span> <span class='ocrx_word' id='word_1_33' title='bbox 1047 409 1125 464; x_wconf 88' lang='lat' dir='ltr'><strong>ad</strong></span> <span class='ocrx_word' id='word_1_34' title='bbox 1151 425 1333 464; x_wconf 87' lang='lat' dir='ltr'><strong>unam</strong></span> <span class='ocrx_word' id='word_1_35' title='bbox 1363 409 1452 462; x_wconf 86' lang='lat' dir='ltr'><strong>III.</strong></span> <span class='ocrx_word' id='word_1_36' title='bbox 1509 408 1583 463; x_wconf 88' lang='lat' dir='ltr'><strong>de</strong></span> <span class='ocrx_word' id='word_1_37' title='bbox 1631 410 1847 482; x_wconf 90' lang='lat' dir='ltr'><strong>primo.</strong></span> 
     </span>
    </p>
   </div>
   <div class='ocr_carea' id='block_1_6' title="bbox 173 497 1848 570">
    <p class='ocr_par' dir='ltr' id='par_1_6' title="bbox 173 497 1848 570">
     <span class='ocr_line' id='line_1_6' title="bbox 173 497 1848 570; baseline -0.004 -11"><span class='ocrx_word' id='word_1_38' title='bbox 173 508 395 570; x_wconf 79' lang='lat' dir='ltr'><strong>Quater</strong></span> <span class='ocrx_word' id='word_1_39' title='bbox 425 502 591 557; x_wconf 86' lang='lat' dir='ltr'><strong>enim</strong></span> <span class='ocrx_word' id='word_1_40' title='bbox 627 499 706 553; x_wconf 91' lang='lat' dir='ltr'><strong>VI.</strong></span> <span class='ocrx_word' id='word_1_41' title='bbox 740 497 816 552; x_wconf 88' lang='lat' dir='ltr'><strong>ad</strong></span> <span class='ocrx_word' id='word_1_42' title='bbox 846 502 1061 568; x_wconf 88' lang='lat' dir='ltr'><strong>quater</strong></span> <span class='ocrx_word' id='word_1_43' title='bbox 1093 499 1180 553; x_wconf 94' lang='lat' dir='ltr'><strong>lII.</strong></span> <span class='ocrx_word' id='word_1_44' title='bbox 1215 497 1290 552; x_wconf 90' lang='lat' dir='ltr'><strong>de</strong></span> <span class='ocrx_word' id='word_1_45' title='bbox 1334 501 1443 552; x_wconf 93' lang='lat' dir='ltr'><strong>XII.</strong></span> <span class='ocrx_word' id='word_1_46' title='bbox 1494 503 1707 569; x_wconf 85' lang='lat' dir='ltr'>quater</span> <span class='ocrx_word' id='word_1_47' title='bbox 1763 499 1848 553; x_wconf 90' lang='lat' dir='ltr'><strong>IX.</strong></span> 
     </span>
    </p>
   </div>
   <div class='ocr_carea' id='block_1_7' title="bbox 171 586 1848 664">
    <p class='ocr_par' dir='ltr' id='par_1_7' title="bbox 171 586 1848 664">
     <span class='ocr_line' id='line_1_7' title="bbox 171 586 1848 664; baseline -0.004 -16"><span class='ocrx_word' id='word_1_48' title='bbox 171 600 334 660; x_wconf 89' lang='lat' dir='ltr'><strong>sunt,</strong></span> <span class='ocrx_word' id='word_1_49' title='bbox 367 591 475 664; x_wconf 89' lang='lat' dir='ltr'><strong>qui</strong></span> <span class='ocrx_word' id='word_1_50' title='bbox 503 595 645 644; x_wconf 86' lang='lat' dir='ltr'><strong>sunt</strong></span> <span class='ocrx_word' id='word_1_51' title='bbox 677 587 899 648; x_wconf 83' lang='lat' dir='ltr'><strong>XXXVI,</strong></span> <span class='ocrx_word' id='word_1_52' title='bbox 924 586 1246 658; x_wconf 77' lang='lat' dir='ltr'><strong>diapason,</strong></span> <span class='ocrx_word' id='word_1_53' title='bbox 1277 586 1337 641; x_wconf 88' lang='lat' dir='ltr'><strong>id</strong></span> <span class='ocrx_word' id='word_1_54' title='bbox 1367 590 1454 641; x_wconf 88' lang='lat' dir='ltr'><strong>est</strong></span> <span class='ocrx_word' id='word_1_55' title='bbox 1483 587 1674 643; x_wconf 83' lang='lat' dir='ltr'><strong>sexies</strong></span> <span class='ocrx_word' id='word_1_56' title='bbox 1724 603 1848 642; x_wconf 84' lang='lat' dir='ltr'><strong>sex.</strong></span> 
     </span>
    </p>
   </div>
   <div class='ocr_carea' id='block_1_8' title="bbox 173 675 1852 749">
    <p class='ocr_par' dir='ltr' id='par_1_8' title="bbox 173 675 1852 749">
     <span class='ocr_line' id='line_1_8' title="bbox 173 675 1852 749; baseline -0.006 -9"><span class='ocrx_word' id='word_1_57' title='bbox 173 690 230 740; x_wconf 92' lang='lat' dir='ltr'><strong>et</strong></span> <span class='ocrx_word' id='word_1_58' title='bbox 259 683 346 738; x_wconf 83' lang='lat' dir='ltr'><strong>III&#39;.</strong></span> <span class='ocrx_word' id='word_1_59' title='bbox 375 681 463 737; x_wconf 90' lang='lat' dir='ltr'><strong>XII</strong></span> <span class='ocrx_word' id='word_1_60' title='bbox 484 679 653 749; x_wconf 81' lang='lat'><strong>(632).</strong></span> <span class='ocrx_word' id='word_1_61' title='bbox 681 675 948 731; x_wconf 80' lang='lat' dir='ltr'><strong>similiter</strong></span> <span class='ocrx_word' id='word_1_62' title='bbox 980 681 1066 731; x_wconf 90' lang='lat' dir='ltr'><strong>ter</strong></span> <span class='ocrx_word' id='word_1_63' title='bbox 1095 676 1228 730; x_wconf 94' lang='lat' dir='ltr'><strong>VIII.</strong></span> <span class='ocrx_word' id='word_1_64' title='bbox 1257 676 1336 731; x_wconf 90' lang='lat' dir='ltr'><strong>ad</strong></span> <span class='ocrx_word' id='word_1_65' title='bbox 1353 678 1462 740; x_wconf 94' lang='lat' dir='ltr'><strong>XII,</strong></span> <span class='ocrx_word' id='word_1_66' title='bbox 1493 675 1636 747; x_wconf 88' lang='lat' dir='ltr'><strong>quia</strong></span> <span class='ocrx_word' id='word_1_67' title='bbox 1651 675 1852 748; x_wconf 83' lang='lat' dir='ltr'><strong>duplae</strong></span> 
     </span>
    </p>
   </div>
   <div class='ocr_carea' id='block_1_9' title="bbox 177 763 1852 845">
    <p class='ocr_par' dir='ltr' id='par_1_9' title="bbox 177 763 1852 845">
     <span class='ocr_line' id='line_1_9' title="bbox 177 763 1852 845; baseline -0.007 -17"><span class='ocrx_word' id='word_1_68' title='bbox 177 769 600 845; x_wconf 76' lang='lat' dir='ltr'><strong>proportiones</strong></span> <span class='ocrx_word' id='word_1_69' title='bbox 632 769 787 821; x_wconf 92' lang='lat' dir='ltr'><strong>sunt.</strong></span> <span class='ocrx_word' id='word_1_70' title='bbox 824 765 915 819; x_wconf 87' lang='lat' dir='ltr'><strong>Bis</strong></span> <span class='ocrx_word' id='word_1_71' title='bbox 948 767 1104 820; x_wconf 93' lang='lat' dir='ltr'><strong>VIIII.</strong></span> <span class='ocrx_word' id='word_1_72' title='bbox 1155 764 1233 819; x_wconf 89' lang='lat' dir='ltr'><strong>ad</strong></span> <span class='ocrx_word' id='word_1_73' title='bbox 1284 763 1403 818; x_wconf 86' lang='lat' dir='ltr'><strong>XII.</strong></span> <span class='ocrx_word' id='word_1_74' title='bbox 1463 764 1852 836; x_wconf 88' lang='lat' dir='ltr'><strong>sesquialtera</strong></span> 
     </span>
    </p>
   </div>
   <div class='ocr_carea' id='block_1_10' title="bbox 174 852 1852 935">
    <p class='ocr_par' dir='ltr' id='par_1_10' title="bbox 174 852 1852 935">
     <span class='ocr_line' id='line_1_10' title="bbox 174 852 1852 935; baseline -0.007 -18"><span class='ocrx_word' id='word_1_75' title='bbox 174 859 486 935; x_wconf 85' lang='lat' dir='ltr'><strong>proportio</strong></span> <span class='ocrx_word' id='word_1_76' title='bbox 512 861 625 922; x_wconf 90' lang='lat' dir='ltr'><strong>est,</strong></span> <span class='ocrx_word' id='word_1_77' title='bbox 659 855 716 909; x_wconf 89' lang='lat' dir='ltr'><strong>id</strong></span> <span class='ocrx_word' id='word_1_78' title='bbox 748 859 856 923; x_wconf 90' lang='lat' dir='ltr'><strong>est,</strong></span> <span class='ocrx_word' id='word_1_79' title='bbox 889 853 1174 926; x_wconf 85' lang='lat' dir='ltr'><strong>diapente</strong></span> <span class='ocrx_word' id='word_1_80' title='bbox 1207 853 1265 908; x_wconf 89' lang='lat' dir='ltr'><strong>in</strong></span> <span class='ocrx_word' id='word_1_81' title='bbox 1302 853 1490 908; x_wconf 86' lang='lat' dir='ltr'><strong>XXX.</strong></span> <span class='ocrx_word' id='word_1_82' title='bbox 1553 853 1722 908; x_wconf 88' lang='lat' dir='ltr'><strong>Unde</strong></span> <span class='ocrx_word' id='word_1_83' title='bbox 1744 852 1852 906; x_wconf 91' lang='lat' dir='ltr'><strong>iste</strong></span> 
     </span>
    </p>
   </div>
   <div class='ocr_carea' id='block_1_11' title="bbox 177 942 1854 1014">
    <p class='ocr_par' dir='ltr' id='par_1_11' title="bbox 177 942 1854 1014">
     <span class='ocr_line' id='line_1_11' title="bbox 177 942 1854 1014; baseline -0.008 -8"><span class='ocrx_word' id='word_1_84' title='bbox 177 949 386 1006; x_wconf 89' lang='lat' dir='ltr'><strong>tertius</strong></span> <span class='ocrx_word' id='word_1_85' title='bbox 418 953 593 1002; x_wconf 90' lang='lat' dir='ltr'><strong>tonus</strong></span> <span class='ocrx_word' id='word_1_86' title='bbox 627 947 726 999; x_wconf 92' lang='lat' dir='ltr'><strong>aut</strong></span> <span class='ocrx_word' id='word_1_87' title='bbox 757 943 1056 1014; x_wconf 86' lang='lat' dir='ltr'><strong>diapason</strong></span> <span class='ocrx_word' id='word_1_88' title='bbox 1089 942 1218 1006; x_wconf 91' lang='lat' dir='ltr'><strong>erit,</strong></span> <span class='ocrx_word' id='word_1_89' title='bbox 1253 946 1356 996; x_wconf 91' lang='lat' dir='ltr'><strong>aut</strong></span> <span class='ocrx_word' id='word_1_90' title='bbox 1382 942 1660 1008; x_wconf 86' lang='lat' dir='ltr'><strong>diapente</strong></span> <span class='ocrx_word' id='word_1_91' title='bbox 1719 959 1730 996; x_wconf 91' lang='lat'>:</span> <span class='ocrx_word' id='word_1_92' title='bbox 1790 945 1854 994; x_wconf 90' lang='lat' dir='ltr'><strong>ut</strong></span> 
     </span>
    </p>
   </div>
   <div class='ocr_carea' id='block_1_12' title="bbox 179 1031 1851 1106">
    <p class='ocr_par' dir='ltr' id='par_1_12' title="bbox 179 1031 1851 1106">
     <span class='ocr_line' id='line_1_12' title="bbox 179 1031 1851 1106; baseline -0.006 -13"><span class='ocrx_word' id='word_1_93' title='bbox 179 1043 322 1095; x_wconf 88' lang='lat' dir='ltr'><strong>sunt</strong></span> <span class='ocrx_word' id='word_1_94' title='bbox 349 1034 625 1106; x_wconf 84' lang='lat' dir='ltr'><strong>gradales</strong></span> <span class='ocrx_word' id='word_1_95' title='bbox 655 1032 1000 1103; x_wconf 61' lang='lat' dir='ltr'><strong>antiphona:</strong></span> <span class='ocrx_word' id='word_1_96' title='bbox 1032 1051 1043 1087; x_wconf 91' lang='lat'><strong>:</strong></span> <span class='ocrx_word' id='word_1_97' title='bbox 1076 1032 1385 1100; x_wconf 75' lang='lat' dir='ltr'><strong>Confessio</strong></span> <span class='ocrx_word' id='word_1_98' title='bbox 1420 1038 1472 1087; x_wconf 86' lang='lat' dir='ltr'><strong>et</strong></span> <span class='ocrx_word' id='word_1_99' title='bbox 1505 1031 1851 1101; x_wconf 80' lang='lat' dir='ltr'><strong>pulchritu-</strong></span> 
     </span>
    </p>
   </div>
   <div class='ocr_carea' id='block_1_13' title="bbox 179 1121 1854 1195">
    <p class='ocr_par' dir='ltr' id='par_1_13' title="bbox 179 1121 1854 1195">
     <span class='ocr_line' id='line_1_13' title="bbox 179 1121 1854 1195; baseline -0.006 -12"><span class='ocrx_word' id='word_1_100' title='bbox 179 1129 277 1184; x_wconf 96' lang='lat' dir='ltr'><strong>do.</strong></span> <span class='ocrx_word' id='word_1_101' title='bbox 314 1125 602 1195; x_wconf 79' lang='lat' dir='ltr'><strong>Dispersil</strong></span> <span class='ocrx_word' id='word_1_102' title='bbox 634 1122 814 1177; x_wconf 81' lang='lat' dir='ltr'><strong>dedit.</strong></span> <span class='ocrx_word' id='word_1_103' title='bbox 843 1127 902 1176; x_wconf 92' lang='lat' dir='ltr'><strong>et</strong></span> <span class='ocrx_word' id='word_1_104' title='bbox 927 1122 1195 1191; x_wconf 82' lang='lat' dir='ltr'><strong>Cognovi</strong></span> <span class='ocrx_word' id='word_1_105' title='bbox 1221 1121 1482 1176; x_wconf 80' lang='lat' dir='ltr'><strong>Domine.</strong></span> <span class='ocrx_word' id='word_1_106' title='bbox 1529 1124 1854 1176; x_wconf 84' lang='lat' dir='ltr'><strong>Nocturna-</strong></span> 
     </span>
    </p>
   </div>
   <div class='ocr_carea' id='block_1_14' title="bbox 183 1211 1850 1288">
    <p class='ocr_par' dir='ltr' id='par_1_14' title="bbox 183 1211 1850 1288">
     <span class='ocr_line' id='line_1_14' title="bbox 183 1211 1850 1288; baseline -0.006 -15"><span class='ocrx_word' id='word_1_107' title='bbox 183 1219 270 1273; x_wconf 91' lang='lat' dir='ltr'><strong>Ies</strong></span> <span class='ocrx_word' id='word_1_108' title='bbox 300 1215 640 1288; x_wconf 79' lang='lat' dir='ltr'><strong>autiphonae</strong></span> <span class='ocrx_word' id='word_1_109' title='bbox 675 1231 686 1267; x_wconf 92' lang='lat'><strong>:</strong></span> <span class='ocrx_word' id='word_1_110' title='bbox 721 1213 827 1282; x_wconf 84' lang='lat' dir='ltr'><strong>qui</strong></span> <span class='ocrx_word' id='word_1_111' title='bbox 855 1212 928 1266; x_wconf 90' lang='lat' dir='ltr'><strong>de</strong></span> <span class='ocrx_word' id='word_1_112' title='bbox 957 1217 1122 1267; x_wconf 75' lang='lat' dir='ltr'><strong>terra</strong></span> <span class='ocrx_word' id='word_1_113' title='bbox 1153 1217 1256 1266; x_wconf 76' lang='lat' dir='ltr'><strong>est.</strong></span> <span class='ocrx_word' id='word_1_114' title='bbox 1290 1211 1542 1277; x_wconf 77' lang='lat' dir='ltr'><strong>Quando</strong></span> <span class='ocrx_word' id='word_1_115' title='bbox 1567 1216 1752 1266; x_wconf 84' lang='lat' dir='ltr'><strong>natus</strong></span> <span class='ocrx_word' id='word_1_116' title='bbox 1773 1224 1850 1264; x_wconf 87' lang='lat' dir='ltr'><strong>es.</strong></span> 
     </span>
    </p>
   </div>
   <div class='ocr_carea' id='block_1_15' title="bbox 184 1301 802 1371">
    <p class='ocr_par' dir='ltr' id='par_1_15' title="bbox 184 1301 802 1371">
     <span class='ocr_line' id='line_1_15' title="bbox 184 1301 802 1371; baseline -0.013 -9"><span class='ocrx_word' id='word_1_117' title='bbox 184 1307 382 1362; x_wconf 80' lang='lat' dir='ltr'><strong>Malos</strong></span> <span class='ocrx_word' id='word_1_118' title='bbox 408 1304 561 1359; x_wconf 89' lang='lat' dir='ltr'><strong>male</strong></span> <span class='ocrx_word' id='word_1_119' title='bbox 575 1301 802 1371; x_wconf 81' lang='lat' dir='ltr'><strong>perdet.</strong></span> 
     </span>
    </p>
   </div>
   <div class='ocr_carea' id='block_1_16' title="bbox 256 1384 1857 1463">
    <p class='ocr_par' dir='ltr' id='par_1_16' title="bbox 256 1384 1857 1463">
     <span class='ocr_line' id='line_1_16' title="bbox 256 1384 1857 1463; baseline -0.006 -13"><span class='ocrx_word' id='word_1_120' title='bbox 256 1398 472 1458; x_wconf 88' lang='lat' dir='ltr'><strong>&#39;I‘onus,</strong></span> <span class='ocrx_word' id='word_1_121' title='bbox 502 1390 694 1463; x_wconf 90' lang='lat' dir='ltr'><strong>inquit</strong></span> <span class='ocrx_word' id='word_1_122' title='bbox 721 1391 891 1459; x_wconf 86' lang='lat'><strong>(633),</strong></span> <span class='ocrx_word' id='word_1_123' title='bbox 919 1388 1121 1444; x_wconf 90' lang='lat' dir='ltr'><strong>tertius</strong></span> <span class='ocrx_word' id='word_1_124' title='bbox 1149 1387 1272 1442; x_wconf 92' lang='lat' dir='ltr'><strong>duo</strong></span> <span class='ocrx_word' id='word_1_125' title='bbox 1304 1389 1348 1443; x_wconf 94' lang='grc' dir='ltr'><strong>Ο</strong></span> <span class='ocrx_word' id='word_1_126' title='bbox 1378 1387 1583 1456; x_wconf 87' lang='lat' dir='ltr'><strong>habet,</strong></span> <span class='ocrx_word' id='word_1_127' title='bbox 1645 1384 1709 1439; x_wconf 89' lang='lat' dir='ltr'><strong>id</strong></span> <span class='ocrx_word' id='word_1_128' title='bbox 1765 1391 1857 1441; x_wconf 88' lang='lat' dir='ltr'><strong>est</strong></span> 
     </span>
    </p>
   </div>
   <div class='ocr_carea' id='block_1_17' title="bbox 188 1473 1853 1551">
    <p class='ocr_par' dir='ltr' id='par_1_17' title="bbox 188 1473 1853 1551">
     <span class='ocr_line' id='line_1_17' title="bbox 188 1473 1853 1551; baseline -0.005 -12"><span class='ocrx_word' id='word_1_129' title='bbox 188 1484 284 1539; x_wconf 87' lang='lat' dir='ltr'><strong>bis</strong></span> <span class='ocrx_word' id='word_1_130' title='bbox 313 1483 428 1536; x_wconf 84' lang='lat' dir='ltr'><strong>XII.</strong></span> <span class='ocrx_word' id='word_1_131' title='bbox 463 1483 504 1537; x_wconf 94' lang='grc' dir='ltr'>Ο</span> <span class='ocrx_word' id='word_1_132' title='bbox 535 1478 694 1536; x_wconf 91' lang='lat' dir='ltr'><strong>enim</strong></span> <span class='ocrx_word' id='word_1_133' title='bbox 723 1494 834 1551; x_wconf 90' lang='lat' dir='ltr'><strong>pro</strong></span> <span class='ocrx_word' id='word_1_134' title='bbox 866 1481 973 1534; x_wconf 89' lang='lat' dir='ltr'><strong>XII.</strong></span> <span class='ocrx_word' id='word_1_135' title='bbox 1008 1477 1314 1549; x_wconf 86' lang='lat' dir='ltr'><strong>accipitur.</strong></span> <span class='ocrx_word' id='word_1_136' title='bbox 1352 1477 1570 1540; x_wconf 92' lang='lat' dir='ltr'><strong>Unum,</strong></span> <span class='ocrx_word' id='word_1_137' title='bbox 1639 1473 1853 1544; x_wconf 88' lang='lat' dir='ltr'><strong>inquit,</strong></span> 
     </span>
    </p>
   </div>
   <div class='ocr_carea' id='block_1_18' title="bbox 187 1562 1856 1645">
    <p class='ocr_par' dir='ltr' id='par_1_18' title="bbox 187 1562 1856 1645">
     <span class='ocr_line' id='line_1_18' title="bbox 187 1562 1856 1645; baseline -0.005 -19"><span class='ocrx_word' id='word_1_138' title='bbox 187 1575 430 1645; x_wconf 88' lang='lat' dir='ltr'><strong>propter</strong></span> <span class='ocrx_word' id='word_1_139' title='bbox 458 1584 806 1625; x_wconf 87' lang='lat' dir='ltr'><strong>mensuram</strong></span> <span class='ocrx_word' id='word_1_140' title='bbox 839 1567 1063 1623; x_wconf 91' lang='lat' dir='ltr'><strong>autenti</strong></span> <span class='ocrx_word' id='word_1_141' title='bbox 1093 1563 1340 1625; x_wconf 86' lang='lat' dir='ltr'><strong>deuteri,</strong></span> <span class='ocrx_word' id='word_1_142' title='bbox 1374 1563 1437 1618; x_wconf 91' lang='lat' dir='ltr'><strong>id</strong></span> <span class='ocrx_word' id='word_1_143' title='bbox 1461 1567 1549 1619; x_wconf 91' lang='lat' dir='ltr'><strong>est</strong></span> <span class='ocrx_word' id='word_1_144' title='bbox 1584 1562 1856 1634; x_wconf 83' lang='lat' dir='ltr'><strong>phrygii,</strong></span> 
     </span>
    </p>
   </div>
   <div class='ocr_carea' id='block_1_19' title="bbox 182 1651 1860 1731">
    <p class='ocr_par' dir='ltr' id='par_1_19' title="bbox 182 1651 1860 1731">
     <span class='ocr_line' id='line_1_19' title="bbox 182 1651 1860 1731; baseline -0.007 -14"><span class='ocrx_word' id='word_1_145' title='bbox 182 1667 242 1716; x_wconf 92' lang='lat' dir='ltr'><strong>et</strong></span> <span class='ocrx_word' id='word_1_146' title='bbox 271 1661 515 1716; x_wconf 87' lang='lat' dir='ltr'><strong>alterum</strong></span> <span class='ocrx_word' id='word_1_147' title='bbox 549 1663 790 1731; x_wconf 87' lang='lat' dir='ltr'><strong>propter</strong></span> <span class='ocrx_word' id='word_1_148' title='bbox 820 1657 1068 1730; x_wconf 83' lang='lat' dir='ltr'><strong>plagam</strong></span> <span class='ocrx_word' id='word_1_149' title='bbox 1093 1656 1243 1726; x_wconf 88' lang='lat' dir='ltr'><strong>ejus,</strong></span> <span class='ocrx_word' id='word_1_150' title='bbox 1277 1653 1332 1708; x_wconf 88' lang='lat' dir='ltr'><strong>id</strong></span> <span class='ocrx_word' id='word_1_151' title='bbox 1361 1659 1452 1708; x_wconf 91' lang='lat' dir='ltr'><strong>est</strong></span> <span class='ocrx_word' id='word_1_152' title='bbox 1498 1651 1860 1724; x_wconf 78' lang='lat' dir='ltr'><strong>hypophry-</strong></span> 
     </span>
    </p>
   </div>
   <div class='ocr_carea' id='block_1_20' title="bbox 185 1741 1860 1819">
    <p class='ocr_par' dir='ltr' id='par_1_20' title="bbox 185 1741 1860 1819">
     <span class='ocr_line' id='line_1_20' title="bbox 185 1741 1860 1819; baseline -0.005 -13"><span class='ocrx_word' id='word_1_153' title='bbox 185 1751 374 1818; x_wconf 81' lang='lat' dir='ltr'><strong>gium.</strong></span> <span class='ocrx_word' id='word_1_154' title='bbox 403 1753 546 1804; x_wconf 76' lang='lat' dir='ltr'><strong>Nam</strong></span> <span class='ocrx_word' id='word_1_155' title='bbox 575 1763 768 1802; x_wconf 88' lang='lat' dir='ltr'><strong>meses</strong></span> <span class='ocrx_word' id='word_1_156' title='bbox 795 1746 1055 1819; x_wconf 77' lang='lat' dir='ltr'><strong>phrygii,</strong></span> <span class='ocrx_word' id='word_1_157' title='bbox 1093 1745 1150 1800; x_wconf 91' lang='lat' dir='ltr'><strong>id</strong></span> <span class='ocrx_word' id='word_1_158' title='bbox 1174 1749 1260 1799; x_wconf 92' lang='lat' dir='ltr'><strong>est</strong></span> <span class='ocrx_word' id='word_1_159' title='bbox 1281 1744 1402 1797; x_wconf 87' lang='lat' dir='ltr'><strong>XII.</strong></span> <span class='ocrx_word' id='word_1_160' title='bbox 1433 1748 1520 1798; x_wconf 91' lang='lat' dir='ltr'><strong>est</strong></span> <span class='ocrx_word' id='word_1_161' title='bbox 1559 1742 1708 1796; x_wconf 85' lang='lat' dir='ltr'><strong>nete</strong></span> <span class='ocrx_word' id='word_1_162' title='bbox 1743 1741 1860 1798; x_wconf 82' lang='lat' dir='ltr'><strong>die-</strong></span> 
     </span>
    </p>
   </div>
   <div class='ocr_carea' id='block_1_21' title="bbox 184 1828 1859 1909">
    <p class='ocr_par' dir='ltr' id='par_1_21' title="bbox 184 1828 1859 1909">
     <span class='ocr_line' id='line_1_21' title="bbox 184 1828 1859 1909; baseline -0.004 -15"><span class='ocrx_word' id='word_1_163' title='bbox 184 1853 557 1908; x_wconf 83' lang='lat' dir='ltr'><strong>zeugmenon</strong></span> <span class='ocrx_word' id='word_1_164' title='bbox 578 1836 926 1909; x_wconf 85' lang='lat' dir='ltr'><strong>hypodorii,</strong></span> <span class='ocrx_word' id='word_1_165' title='bbox 959 1835 1060 1889; x_wconf 90' lang='lat' dir='ltr'><strong>ubi</strong></span> <span class='ocrx_word' id='word_1_166' title='bbox 1093 1833 1301 1906; x_wconf 89' lang='lat' dir='ltr'><strong>quinta</strong></span> <span class='ocrx_word' id='word_1_167' title='bbox 1357 1831 1589 1904; x_wconf 89' lang='lat' dir='ltr'><strong>species</strong></span> <span class='ocrx_word' id='word_1_168' title='bbox 1653 1828 1859 1902; x_wconf 88' lang='lat' dir='ltr'><strong>diapa-</strong></span> 
     </span>
    </p>
   </div>
   <div class='ocr_carea' id='block_1_22' title="bbox 183 1920 1851 1998">
    <p class='ocr_par' dir='ltr' id='par_1_22' title="bbox 183 1920 1851 1998">
     <span class='ocr_line' id='line_1_22' title="bbox 183 1920 1851 1998; baseline -0.005 -15"><span class='ocrx_word' id='word_1_169' title='bbox 183 1944 299 1984; x_wconf 91' lang='lat' dir='ltr'><strong>son</strong></span> <span class='ocrx_word' id='word_1_170' title='bbox 329 1926 547 1998; x_wconf 91' lang='lat' dir='ltr'><strong>incipit,</strong></span> <span class='ocrx_word' id='word_1_171' title='bbox 577 1930 632 1981; x_wconf 92' lang='lat' dir='ltr'><strong>et</strong></span> <span class='ocrx_word' id='word_1_172' title='bbox 660 1925 888 1980; x_wconf 91' lang='lat' dir='ltr'><strong>idcirco</strong></span> <span class='ocrx_word' id='word_1_173' title='bbox 919 1925 1100 1994; x_wconf 88' lang='lat' dir='ltr'><strong>hujus</strong></span> <span class='ocrx_word' id='word_1_174' title='bbox 1140 1923 1362 1994; x_wconf 86' lang='lat' dir='ltr'><strong>hypate</strong></span> <span class='ocrx_word' id='word_1_175' title='bbox 1390 1935 1604 1976; x_wconf 89' lang='lat' dir='ltr'><strong>meson</strong></span> <span class='ocrx_word' id='word_1_176' title='bbox 1643 1923 1731 1974; x_wconf 85' lang='lat' dir='ltr'><strong>est</strong></span> <span class='ocrx_word' id='word_1_177' title='bbox 1788 1920 1851 1975; x_wconf 94' lang='lat' dir='ltr'><strong>i1-</strong></span> 
     </span>
    </p>
   </div>
   <div class='ocr_carea' id='block_1_23' title="bbox 180 2010 1855 2086">
    <p class='ocr_par' dir='ltr' id='par_1_23' title="bbox 180 2010 1855 2086">
     <span class='ocr_line' id='line_1_23' title="bbox 180 2010 1855 2086; baseline -0.004 -15"><span class='ocrx_word' id='word_1_178' title='bbox 180 2016 304 2071; x_wconf 89' lang='lat' dir='ltr'><strong>lius</strong></span> <span class='ocrx_word' id='word_1_179' title='bbox 359 2013 1024 2086; x_wconf 80' lang='lat' dir='ltr'><strong>proslambanomenos.</strong></span> <span class='ocrx_word' id='word_1_180' title='bbox 1108 2013 1289 2066; x_wconf 86' lang='lat' dir='ltr'><strong>Porro</strong></span> <span class='ocrx_word' id='word_1_181' title='bbox 1342 2010 1562 2081; x_wconf 83' lang='lat' dir='ltr'><strong>hypate</strong></span> <span class='ocrx_word' id='word_1_182' title='bbox 1644 2024 1855 2064; x_wconf 90' lang='lat' dir='ltr'><strong>meson</strong></span> 
     </span>
    </p>
   </div>
   <div class='ocr_carea' id='block_1_24' title="bbox 182 2095 1849 2178">
    <p class='ocr_par' dir='ltr' id='par_1_24' title="bbox 182 2095 1849 2178">
     <span class='ocr_line' id='line_1_24' title="bbox 182 2095 1849 2178; baseline -0.004 -18"><span class='ocrx_word' id='word_1_183' title='bbox 182 2105 421 2178; x_wconf 88' lang='lat' dir='ltr'><strong>phrygi:</strong></span> <span class='ocrx_word' id='word_1_184' title='bbox 446 2110 532 2158; x_wconf 87' lang='lat' dir='ltr'><strong>est</strong></span> <span class='ocrx_word' id='word_1_185' title='bbox 551 2095 753 2158; x_wconf 86' lang='lat' dir='ltr'><strong>mescs</strong></span> <span class='ocrx_word' id='word_1_186' title='bbox 785 2098 1196 2174; x_wconf 77' lang='lat' dir='ltr'><strong>hypophrygii</strong></span> <span class='ocrx_word' id='word_1_187' title='bbox 1231 2115 1242 2151; x_wconf 93' lang='lat'>:</span> <span class='ocrx_word' id='word_1_188' title='bbox 1278 2103 1457 2169; x_wconf 90' lang='lat' dir='ltr'><strong>atque</strong></span> <span class='ocrx_word' id='word_1_189' title='bbox 1483 2097 1562 2151; x_wconf 88' lang='lat' dir='ltr'><strong>ob</strong></span> <span class='ocrx_word' id='word_1_190' title='bbox 1594 2097 1710 2152; x_wconf 93' lang='lat' dir='ltr'><strong>hoc</strong></span> <span class='ocrx_word' id='word_1_191' title='bbox 1733 2097 1849 2153; x_wconf 90' lang='lat' dir='ltr'><strong>ait:</strong></span> 
     </span>
    </p>
   </div>
   <div class='ocr_carea' id='block_1_25' title="bbox 181 2185 1852 2264">
    <p class='ocr_par' dir='ltr' id='par_1_25' title="bbox 181 2185 1852 2264">
     <span class='ocr_line' id='line_1_25' title="bbox 181 2185 1852 2264; baseline -0.004 -16"><span class='ocrx_word' id='word_1_192' title='bbox 181 2194 249 2248; x_wconf 91' lang='lat' dir='ltr'><strong>in</strong></span> <span class='ocrx_word' id='word_1_193' title='bbox 308 2193 476 2262; x_wconf 82' lang='lat' dir='ltr'><strong>cujus</strong></span> <span class='ocrx_word' id='word_1_194' title='bbox 528 2192 828 2264; x_wconf 83' lang='lat' dir='ltr'><strong>diapason</strong></span> <span class='ocrx_word' id='word_1_195' title='bbox 887 2205 1065 2244; x_wconf 89' lang='lat' dir='ltr'><strong>suum</strong></span> <span class='ocrx_word' id='word_1_196' title='bbox 1127 2185 1511 2242; x_wconf 89' lang='lat' dir='ltr'><strong>semitonium</strong></span> <span class='ocrx_word' id='word_1_197' title='bbox 1557 2185 1852 2256; x_wconf 81' lang='lat' dir='ltr'><strong>explicat;</strong></span> 
     </span>
    </p>
   </div>
   <div class='ocr_carea' id='block_1_26' title="bbox 181 2273 1854 2353">
    <p class='ocr_par' dir='ltr' id='par_1_26' title="bbox 181 2273 1854 2353">
     <span class='ocr_line' id='line_1_26' title="bbox 181 2273 1854 2353; baseline -0.005 -16"><span class='ocrx_word' id='word_1_198' title='bbox 181 2281 334 2353; x_wconf 87' lang='lat' dir='ltr'><strong>quia</strong></span> <span class='ocrx_word' id='word_1_199' title='bbox 361 2297 550 2336; x_wconf 90' lang='lat' dir='ltr'><strong>meses</strong></span> <span class='ocrx_word' id='word_1_200' title='bbox 579 2278 1058 2350; x_wconf 83' lang='lat' dir='ltr'><strong>uniuscujusque</strong></span> <span class='ocrx_word' id='word_1_201' title='bbox 1089 2274 1528 2332; x_wconf 88' lang='lat' dir='ltr'><strong>constitutionis</strong></span> <span class='ocrx_word' id='word_1_202' title='bbox 1557 2273 1854 2346; x_wconf 89' lang='lat' dir='ltr'><strong>diapason</strong></span> 
     </span>
    </p>
   </div>
   <div class='ocr_carea' id='block_1_27' title="bbox 184 2362 1854 2443">
    <p class='ocr_par' dir='ltr' id='par_1_27' title="bbox 184 2362 1854 2443">
     <span class='ocr_line' id='line_1_27' title="bbox 184 2362 1854 2443; baseline -0.005 -17"><span class='ocrx_word' id='word_1_203' title='bbox 184 2369 435 2443; x_wconf 82' lang='lat' dir='ltr'><strong>perﬁcit,</strong></span> <span class='ocrx_word' id='word_1_204' title='bbox 460 2375 516 2425; x_wconf 92' lang='lat' dir='ltr'><strong>et</strong></span> <span class='ocrx_word' id='word_1_205' title='bbox 543 2369 622 2425; x_wconf 87' lang='lat' dir='ltr'><strong>ab</strong></span> <span class='ocrx_word' id='word_1_206' title='bbox 652 2367 868 2424; x_wconf 91' lang='lat' dir='ltr'><strong>eodem</strong></span> <span class='ocrx_word' id='word_1_207' title='bbox 931 2367 1154 2440; x_wconf 90' lang='lat' dir='ltr'><strong>hypate</strong></span> <span class='ocrx_word' id='word_1_208' title='bbox 1217 2379 1430 2420; x_wconf 89' lang='lat' dir='ltr'><strong>meson</strong></span> <span class='ocrx_word' id='word_1_209' title='bbox 1479 2362 1573 2418; x_wconf 91' lang='lat' dir='ltr'><strong>hic</strong></span> <span class='ocrx_word' id='word_1_210' title='bbox 1617 2363 1712 2417; x_wconf 84' lang='lat' dir='ltr'><strong>vel</strong></span> <span class='ocrx_word' id='word_1_211' title='bbox 1737 2363 1854 2418; x_wconf 92' lang='lat' dir='ltr'><strong>illic</strong></span> 
     </span>
    </p>
   </div>
   <div class='ocr_carea' id='block_1_28' title="bbox 184 2452 1852 2533">
    <p class='ocr_par' dir='ltr' id='par_1_28' title="bbox 184 2452 1852 2533">
     <span class='ocr_line' id='line_1_28' title="bbox 184 2452 1852 2533; baseline -0.005 -17"><span class='ocrx_word' id='word_1_212' title='bbox 184 2476 430 2533; x_wconf 85' lang='lat' dir='ltr'><strong>semper</strong></span> <span class='ocrx_word' id='word_1_213' title='bbox 472 2460 677 2532; x_wconf 87' lang='lat' dir='ltr'><strong>incipit</strong></span> <span class='ocrx_word' id='word_1_214' title='bbox 752 2457 1014 2513; x_wconf 84' lang='lat' dir='ltr'><strong>melodia</strong></span> <span class='ocrx_word' id='word_1_215' title='bbox 1061 2455 1259 2528; x_wconf 85' lang='lat' dir='ltr'><strong>quarti</strong></span> <span class='ocrx_word' id='word_1_216' title='bbox 1308 2453 1482 2524; x_wconf 89' lang='lat' dir='ltr'><strong>tropi.</strong></span> <span class='ocrx_word' id='word_1_217' title='bbox 1545 2452 1852 2524; x_wconf 91' lang='lat' dir='ltr'><strong>Siquidem</strong></span> 
     </span>
    </p>
   </div>
   <div class='ocr_carea' id='block_1_29' title="bbox 179 2541 1851 2619">
    <p class='ocr_par' dir='ltr' id='par_1_29' title="bbox 179 2541 1851 2619">
     <span class='ocr_line' id='line_1_29' title="bbox 179 2541 1851 2619; baseline -0.004 -16"><span class='ocrx_word' id='word_1_218' title='bbox 179 2549 372 2619; x_wconf 88' lang='lat' dir='ltr'><strong>hujus</strong></span> <span class='ocrx_word' id='word_1_219' title='bbox 436 2547 667 2602; x_wconf 91' lang='lat' dir='ltr'><strong>initium</strong></span> <span class='ocrx_word' id='word_1_220' title='bbox 745 2551 837 2601; x_wconf 89' lang='lat' dir='ltr'><strong>est</strong></span> <span class='ocrx_word' id='word_1_221' title='bbox 912 2543 1188 2599; x_wconf 71' lang='lat' dir='ltr'><strong>melodize</strong></span> <span class='ocrx_word' id='word_1_222' title='bbox 1254 2541 1422 2609; x_wconf 89' lang='lat' dir='ltr'><strong>tertii,</strong></span> <span class='ocrx_word' id='word_1_223' title='bbox 1494 2545 1851 2612; x_wconf 88' lang='lat' dir='ltr'><strong>extremum,</strong></span> 
     </span>
    </p>
   </div>
   <div class='ocr_carea' id='block_1_30' title="bbox 178 2628 1855 2710">
    <p class='ocr_par' dir='ltr' id='par_1_30' title="bbox 178 2628 1855 2710">
     <span class='ocr_line' id='line_1_30' title="bbox 178 2628 1855 2710; baseline -0.005 -18"><span class='ocrx_word' id='word_1_224' title='bbox 178 2634 686 2710; x_wconf 88' lang='lat' dir='ltr'><strong>quandoquidem</strong></span> <span class='ocrx_word' id='word_1_225' title='bbox 719 2633 1028 2690; x_wconf 79' lang='lat' dir='ltr'><strong>mollitiem</strong></span> <span class='ocrx_word' id='word_1_226' title='bbox 1064 2629 1414 2688; x_wconf 90' lang='lat' dir='ltr'><strong>chromatici</strong></span> <span class='ocrx_word' id='word_1_227' title='bbox 1439 2628 1670 2698; x_wconf 83' lang='lat' dir='ltr'><strong>generis</strong></span> <span class='ocrx_word' id='word_1_228' title='bbox 1727 2629 1855 2685; x_wconf 79' lang='lat' dir='ltr'><strong>imi-</strong></span> 
     </span>
    </p>
   </div>
   <div class='ocr_carea' id='block_1_31' title="bbox 180 2717 1851 2798">
    <p class='ocr_par' dir='ltr' id='par_1_31' title="bbox 180 2717 1851 2798">
     <span class='ocr_line' id='line_1_31' title="bbox 180 2717 1851 2798; baseline -0.004 -16"><span class='ocrx_word' id='word_1_229' title='bbox 180 2731 366 2792; x_wconf 83' lang='lat' dir='ltr'><strong>tatur,</strong></span> <span class='ocrx_word' id='word_1_230' title='bbox 396 2725 457 2781; x_wconf 92' lang='lat' dir='ltr'><strong>in</strong></span> <span class='ocrx_word' id='word_1_231' title='bbox 481 2741 604 2798; x_wconf 92' lang='lat' dir='ltr'><strong>quo</strong></span> <span class='ocrx_word' id='word_1_232' title='bbox 628 2722 1000 2796; x_wconf 87' lang='lat' dir='ltr'><strong>frequentius</strong></span> <span class='ocrx_word' id='word_1_233' title='bbox 1031 2738 1139 2794; x_wconf 92' lang='lat' dir='ltr'><strong>per</strong></span> <span class='ocrx_word' id='word_1_234' title='bbox 1171 2726 1356 2776; x_wconf 89' lang='lat' dir='ltr'><strong>totam</strong></span> <span class='ocrx_word' id='word_1_235' title='bbox 1399 2717 1693 2790; x_wconf 88' lang='lat' dir='ltr'><strong>diapason</strong></span> <span class='ocrx_word' id='word_1_236' title='bbox 1723 2719 1851 2776; x_wconf 86' lang='lat' dir='ltr'><strong>dia—</strong></span> 
     </span>
    </p>
   </div>
   <div class='ocr_carea' id='block_1_32' title="bbox 180 2807 1853 2888">
    <p class='ocr_par' dir='ltr' id='par_1_32' title="bbox 180 2807 1853 2888">
     <span class='ocr_line' id='line_1_32' title="bbox 180 2807 1853 2888; baseline -0.004 -17"><span class='ocrx_word' id='word_1_237' title='bbox 180 2820 366 2888; x_wconf 87' lang='lat' dir='ltr'><strong>pente</strong></span> <span class='ocrx_word' id='word_1_238' title='bbox 422 2815 561 2886; x_wconf 87' lang='grc'>(634)</span> <span class='ocrx_word' id='word_1_239' title='bbox 614 2811 916 2885; x_wconf 86' lang='lat' dir='ltr'><strong>recipitur.</strong></span> <span class='ocrx_word' id='word_1_240' title='bbox 995 2813 1144 2867; x_wconf 86' lang='lat' dir='ltr'><strong>Nam</strong></span> <span class='ocrx_word' id='word_1_241' title='bbox 1192 2823 1509 2882; x_wconf 90' lang='lat' dir='ltr'><strong>paramese</strong></span> <span class='ocrx_word' id='word_1_242' title='bbox 1560 2807 1853 2880; x_wconf 89' lang='lat' dir='ltr'><strong>incipiens</strong></span> 
     </span>
    </p>
   </div>
   <div class='ocr_carea' id='block_1_33' title="bbox 180 2896 1850 2978">
    <p class='ocr_par' dir='ltr' id='par_1_33' title="bbox 180 2896 1850 2978">
     <span class='ocr_line' id='line_1_33' title="bbox 180 2896 1850 2978; baseline -0.005 -17"><span class='ocrx_word' id='word_1_243' title='bbox 180 2907 406 2978; x_wconf 87' lang='lat' dir='ltr'><strong>quarto</strong></span> <span class='ocrx_word' id='word_1_244' title='bbox 435 2903 568 2959; x_wconf 91' lang='lat' dir='ltr'><strong>loco</strong></span> <span class='ocrx_word' id='word_1_245' title='bbox 591 2917 768 2958; x_wconf 90' lang='lat' dir='ltr'><strong>suam</strong></span> <span class='ocrx_word' id='word_1_246' title='bbox 798 2900 1119 2974; x_wconf 88' lang='lat' dir='ltr'><strong>diapason,</strong></span> <span class='ocrx_word' id='word_1_247' title='bbox 1143 2913 1442 2970; x_wconf 91' lang='lat' dir='ltr'><strong>suumque</strong></span> <span class='ocrx_word' id='word_1_248' title='bbox 1468 2896 1850 2953; x_wconf 90' lang='lat' dir='ltr'><strong>semitonium</strong></span> 
     </span>
    </p>
   </div>
   <div class='ocr_carea' id='block_1_34' title="bbox 181 2985 1850 3066">
    <p class='ocr_par' dir='ltr' id='par_1_34' title="bbox 181 2985 1850 3066">
     <span class='ocr_line' id='line_1_34' title="bbox 181 2985 1850 3066; baseline -0.004 -17"><span class='ocrx_word' id='word_1_249' title='bbox 181 2992 466 3066; x_wconf 81' lang='lat' dir='ltr'><strong>explicat.</strong></span> <span class='ocrx_word' id='word_1_250' title='bbox 501 2990 611 3046; x_wconf 88' lang='lat' dir='ltr'><strong>Sed</strong></span> <span class='ocrx_word' id='word_1_251' title='bbox 644 2989 965 3062; x_wconf 66' lang='lat' dir='ltr'><strong>euphoniae</strong></span> <span class='ocrx_word' id='word_1_252' title='bbox 993 3004 1176 3044; x_wconf 90' lang='lat' dir='ltr'><strong>causa</strong></span> <span class='ocrx_word' id='word_1_253' title='bbox 1207 2987 1402 3043; x_wconf 91' lang='lat' dir='ltr'><strong>eidem</strong></span> <span class='ocrx_word' id='word_1_254' title='bbox 1431 2985 1731 3058; x_wconf 86' lang='lat' dir='ltr'><strong>diapason</strong></span> <span class='ocrx_word' id='word_1_255' title='bbox 1761 2991 1850 3043; x_wconf 86' lang='lat' dir='ltr'><strong>to-</strong></span> 
     </span>
    </p>
   </div>
   <div class='ocr_carea' id='block_1_35' title="bbox 181 3075 1854 3152">
    <p class='ocr_par' dir='ltr' id='par_1_35' title="bbox 181 3075 1854 3152">
     <span class='ocr_line' id='line_1_35' title="bbox 181 3075 1854 3152; baseline -0.004 -14"><span class='ocrx_word' id='word_1_256' title='bbox 181 3098 338 3138; x_wconf 90' lang='lat' dir='ltr'><strong>num</strong></span> <span class='ocrx_word' id='word_1_257' title='bbox 399 3080 622 3152; x_wconf 86' lang='lat' dir='ltr'><strong>adjicit,</strong></span> <span class='ocrx_word' id='word_1_258' title='bbox 671 3079 823 3134; x_wconf 88' lang='lat' dir='ltr'><strong>sicut</strong></span> <span class='ocrx_word' id='word_1_259' title='bbox 879 3078 941 3134; x_wconf 91' lang='lat' dir='ltr'><strong>in</strong></span> <span class='ocrx_word' id='word_1_260' title='bbox 997 3076 1260 3134; x_wconf 90' lang='lat' dir='ltr'><strong>melodia</strong></span> <span class='ocrx_word' id='word_1_261' title='bbox 1311 3075 1488 3148; x_wconf 87' lang='lat' dir='ltr'><strong>primi</strong></span> <span class='ocrx_word' id='word_1_262' title='bbox 1517 3075 1688 3147; x_wconf 90' lang='lat' dir='ltr'><strong>tropi,</strong></span> <span class='ocrx_word' id='word_1_263' title='bbox 1724 3081 1854 3132; x_wconf 90' lang='lat' dir='ltr'><strong>uta</strong></span> 
     </span>
    </p>
   </div>
   <div class='ocr_carea' id='block_1_36' title="bbox 181 3165 1854 3236">
    <p class='ocr_par' dir='ltr' id='par_1_36' title="bbox 181 3165 1854 3236">
     <span class='ocr_line' id='line_1_36' title="bbox 181 3165 1854 3236; baseline -0.004 -8"><span class='ocrx_word' id='word_1_264' title='bbox 181 3186 354 3228; x_wconf 91' lang='lat' dir='ltr'><strong>mese</strong></span> <span class='ocrx_word' id='word_1_265' title='bbox 405 3169 785 3226; x_wconf 88' lang='lat' dir='ltr'><strong>diatessaron</strong></span> <span class='ocrx_word' id='word_1_266' title='bbox 840 3167 1114 3233; x_wconf 89' lang='lat' dir='ltr'><strong>remissa,</strong></span> <span class='ocrx_word' id='word_1_267' title='bbox 1171 3182 1310 3222; x_wconf 90' lang='lat' dir='ltr'><strong>cum</strong></span> <span class='ocrx_word' id='word_1_268' title='bbox 1361 3169 1522 3234; x_wconf 90' lang='lat' dir='ltr'><strong>tono,</strong></span> <span class='ocrx_word' id='word_1_269' title='bbox 1568 3165 1733 3236; x_wconf 88' lang='lat' dir='ltr'><strong>quod</strong></span> <span class='ocrx_word' id='word_1_270' title='bbox 1763 3171 1854 3221; x_wconf 89' lang='lat' dir='ltr'><strong>est</strong></span> 
     </span>
    </p>
   </div>
   <div class='ocr_carea' id='block_1_37' title="bbox 180 3253 1853 3332">
    <p class='ocr_par' dir='ltr' id='par_1_37' title="bbox 180 3253 1853 3332">
     <span class='ocr_line' id='line_1_37' title="bbox 180 3253 1853 3332; baseline -0.004 -16"><span class='ocrx_word' id='word_1_271' title='bbox 180 3259 490 3332; x_wconf 90' lang='lat' dir='ltr'><strong>diapente,</strong></span> <span class='ocrx_word' id='word_1_272' title='bbox 522 3274 654 3313; x_wconf 84' lang='lat' dir='ltr'><strong>esse</strong></span> <span class='ocrx_word' id='word_1_273' title='bbox 684 3256 893 3329; x_wconf 87' lang='lat' dir='ltr'><strong>possit.</strong></span> <span class='ocrx_word' id='word_1_274' title='bbox 920 3255 1093 3321; x_wconf 87' lang='lat' dir='ltr'><strong>Quod</strong></span> <span class='ocrx_word' id='word_1_275' title='bbox 1113 3270 1255 3310; x_wconf 88' lang='lat' dir='ltr'><strong>vero</strong></span> <span class='ocrx_word' id='word_1_276' title='bbox 1277 3253 1392 3310; x_wconf 89' lang='lat' dir='ltr'><strong>ait:</strong></span> <span class='ocrx_word' id='word_1_277' title='bbox 1419 3269 1595 3308; x_wconf 88' lang='lat' dir='ltr'><strong>suum</strong></span> <span class='ocrx_word' id='word_1_278' title='bbox 1619 3253 1853 3309; x_wconf 85' lang='lat' dir='ltr'><strong>semito-</strong></span> 
     </span>
    </p>
   </div>
   <div class='ocr_carea' id='block_1_38' title="bbox 181 3341 1854 3417">
    <p class='ocr_par' dir='ltr' id='par_1_38' title="bbox 181 3341 1854 3417">
     <span class='ocr_line' id='line_1_38' title="bbox 181 3341 1854 3417; baseline -0.003 -12"><span class='ocrx_word' id='word_1_279' title='bbox 181 3349 358 3405; x_wconf 91' lang='lat' dir='ltr'><strong>nium</strong></span> <span class='ocrx_word' id='word_1_280' title='bbox 385 3367 397 3415; x_wconf 92' lang='lat'><strong>;</strong></span> <span class='ocrx_word' id='word_1_281' title='bbox 431 3351 660 3404; x_wconf 90' lang='lat' dir='ltr'><strong>certum</strong></span> <span class='ocrx_word' id='word_1_282' title='bbox 689 3349 779 3402; x_wconf 91' lang='lat' dir='ltr'><strong>est</strong></span> <span class='ocrx_word' id='word_1_283' title='bbox 797 3344 965 3417; x_wconf 92' lang='lat' dir='ltr'><strong>quod</strong></span> <span class='ocrx_word' id='word_1_284' title='bbox 993 3358 1376 3416; x_wconf 75' lang='lat' dir='ltr'><strong>unaquaeque</strong></span> <span class='ocrx_word' id='word_1_285' title='bbox 1399 3341 1627 3414; x_wconf 90' lang='lat' dir='ltr'><strong>species</strong></span> <span class='ocrx_word' id='word_1_286' title='bbox 1647 3341 1854 3415; x_wconf 88' lang='lat' dir='ltr'><strong>diapa-</strong></span> 
     </span>
    </p>
   </div>
   <div class='ocr_carea' id='block_1_39' title="bbox 182 3432 1852 3504">
    <p class='ocr_par' dir='ltr' id='par_1_39' title="bbox 182 3432 1852 3504">
     <span class='ocr_line' id='line_1_39' title="bbox 182 3432 1852 3504; baseline -0.004 -10"><span class='ocrx_word' id='word_1_287' title='bbox 182 3455 298 3495; x_wconf 86' lang='lat' dir='ltr'><strong>son</strong></span> <span class='ocrx_word' id='word_1_288' title='bbox 328 3437 595 3495; x_wconf 90' lang='lat' dir='ltr'><strong>secundo</strong></span> <span class='ocrx_word' id='word_1_289' title='bbox 627 3435 751 3491; x_wconf 90' lang='lat' dir='ltr'><strong>suis</strong></span> <span class='ocrx_word' id='word_1_290' title='bbox 777 3435 1108 3491; x_wconf 86' lang='lat' dir='ltr'><strong>semitoniis</strong></span> <span class='ocrx_word' id='word_1_291' title='bbox 1136 3433 1474 3504; x_wconf 87' lang='lat' dir='ltr'><strong>insignitur,</strong></span> <span class='ocrx_word' id='word_1_292' title='bbox 1493 3449 1630 3504; x_wconf 76' lang='lat' dir='ltr'><strong>quae</strong></span> <span class='ocrx_word' id='word_1_293' title='bbox 1649 3432 1699 3486; x_wconf 92' lang='lat' dir='ltr'><strong>si</strong></span> <span class='ocrx_word' id='word_1_294' title='bbox 1720 3433 1852 3488; x_wconf 92' lang='lat' dir='ltr'><strong>loco</strong></span> 
     </span>
    </p>
   </div>
   <div class='ocr_carea' id='block_1_40' title="bbox 181 3523 1894 3598">
    <p class='ocr_par' dir='ltr' id='par_1_40' title="bbox 181 3523 1894 3598">
     <span class='ocr_line' id='line_1_40' title="bbox 181 3523 1894 3598; baseline -0.004 -12"><span class='ocrx_word' id='word_1_295' title='bbox 181 3534 354 3586; x_wconf 84' lang='lat' dir='ltr'><strong>mota</strong></span> <span class='ocrx_word' id='word_1_296' title='bbox 382 3528 617 3594; x_wconf 88' lang='lat' dir='ltr'><strong>fuerint,</strong></span> <span class='ocrx_word' id='word_1_297' title='bbox 651 3531 841 3582; x_wconf 88' lang='lat' dir='ltr'><strong>totam</strong></span> <span class='ocrx_word' id='word_1_298' title='bbox 869 3525 1219 3598; x_wconf 88' lang='lat' dir='ltr'><strong>qualitatem</strong></span> <span class='ocrx_word' id='word_1_299' title='bbox 1251 3523 1402 3596; x_wconf 89' lang='lat' dir='ltr'><strong>tropi</strong></span> <span class='ocrx_word' id='word_1_300' title='bbox 1425 3527 1848 3591; x_wconf 74' lang='lat' dir='ltr'><strong>transmittant,</strong></span> <span class='ocrx_word' id='word_1_301' title='bbox 1883 3535 1894 3548; x_wconf 86' lang='lat'><strong>‘</strong></span> 
     </span>
    </p>
   </div>
   <div class='ocr_carea' id='block_1_41' title="bbox 181 3612 1852 3685">
    <p class='ocr_par' dir='ltr' id='par_1_41' title="bbox 181 3612 1852 3685">
     <span class='ocr_line' id='line_1_41' title="bbox 181 3612 1852 3685; baseline -0.005 -10"><span class='ocrx_word' id='word_1_302' title='bbox 181 3637 298 3675; x_wconf 91' lang='lat' dir='ltr'><strong>suo</strong></span> <span class='ocrx_word' id='word_1_303' title='bbox 330 3619 464 3674; x_wconf 92' lang='lat' dir='ltr'><strong>loco</strong></span> <span class='ocrx_word' id='word_1_304' title='bbox 496 3621 734 3674; x_wconf 88' lang='lat' dir='ltr'><strong>servata</strong></span> <span class='ocrx_word' id='word_1_305' title='bbox 762 3618 1135 3671; x_wconf 88' lang='lat' dir='ltr'><strong>conservant.</strong></span> <span class='ocrx_word' id='word_1_306' title='bbox 1174 3613 1263 3669; x_wconf 83' lang='lat' dir='ltr'><strong>Ad</strong></span> <span class='ocrx_word' id='word_1_307' title='bbox 1314 3613 1372 3669; x_wconf 93' lang='lat' dir='ltr'><strong>id</strong></span> <span class='ocrx_word' id='word_1_308' title='bbox 1404 3628 1648 3685; x_wconf 91' lang='lat' dir='ltr'><strong>quoque</strong></span> <span class='ocrx_word' id='word_1_309' title='bbox 1700 3612 1852 3668; x_wconf 92' lang='lat' dir='ltr'><strong>mul-</strong></span> 
     </span>
    </p>
   </div>
   <div class='ocr_carea' id='block_1_42' title="bbox 181 3703 1849 3781">
    <p class='ocr_par' dir='ltr' id='par_1_42' title="bbox 181 3703 1849 3781">
     <span class='ocr_line' id='line_1_42' title="bbox 181 3703 1849 3781; baseline -0.005 -15"><span class='ocrx_word' id='word_1_310' title='bbox 181 3715 316 3766; x_wconf 90' lang='lat' dir='ltr'><strong>tum</strong></span> <span class='ocrx_word' id='word_1_311' title='bbox 336 3707 470 3766; x_wconf 91' lang='lat' dir='ltr'><strong>soni</strong></span> <span class='ocrx_word' id='word_1_312' title='bbox 484 3711 757 3781; x_wconf 88' lang='lat' dir='ltr'><strong>prosunt,</strong></span> <span class='ocrx_word' id='word_1_313' title='bbox 783 3721 939 3778; x_wconf 91' lang='lat' dir='ltr'><strong>quos</strong></span> <span class='ocrx_word' id='word_1_314' title='bbox 963 3704 1172 3761; x_wconf 90' lang='lat' dir='ltr'><strong>dicunt</strong></span> <span class='ocrx_word' id='word_1_315' title='bbox 1186 3709 1427 3777; x_wconf 91' lang='lat' dir='ltr'><strong>protum</strong></span> <span class='ocrx_word' id='word_1_316' title='bbox 1446 3703 1849 3772; x_wconf 91' lang='lat' dir='ltr'><strong>etdeuterum,</strong></span> 
     </span>
    </p>
   </div>
   <div class='ocr_carea' id='block_1_43' title="bbox 1966 321 3636 398">
    <p class='ocr_par' dir='ltr' id='par_1_43' title="bbox 1966 321 3636 398">
     <span class='ocr_line' id='line_1_43' title="bbox 1966 321 3636 398; baseline 0.006 -21"><span class='ocrx_word' id='word_1_317' title='bbox 1966 323 2047 378; x_wconf 89' lang='lat' dir='ltr'><strong>ait</strong></span> <span class='ocrx_word' id='word_1_318' title='bbox 2071 341 2082 378; x_wconf 92' lang='lat'><strong>:</strong></span> <span class='ocrx_word' id='word_1_319' title='bbox 2116 325 2430 382; x_wconf 92' lang='lat' dir='ltr'><strong>sciendum</strong></span> <span class='ocrx_word' id='word_1_320' title='bbox 2459 331 2548 382; x_wconf 94' lang='lat' dir='ltr'><strong>est</strong></span> <span class='ocrx_word' id='word_1_321' title='bbox 2571 324 2741 398; x_wconf 92' lang='lat' dir='ltr'><strong>quod</strong></span> <span class='ocrx_word' id='word_1_322' title='bbox 2771 321 3079 379; x_wconf 86' lang='lat' dir='ltr'><strong>secundus</strong></span> <span class='ocrx_word' id='word_1_323' title='bbox 3108 326 3318 397; x_wconf 89' lang='lat' dir='ltr'><strong>tropus</strong></span> <span class='ocrx_word' id='word_1_324' title='bbox 3340 332 3426 384; x_wconf 89' lang='lat' dir='ltr'><strong>ter</strong></span> <span class='ocrx_word' id='word_1_325' title='bbox 3455 333 3542 387; x_wconf 91' lang='lat' dir='ltr'><strong>Vl.</strong></span> <span class='ocrx_word' id='word_1_326' title='bbox 3571 332 3636 386; x_wconf 92' lang='lat' dir='ltr'><strong>in</strong></span> 
     </span>
    </p>
   </div>
   <div class='ocr_carea' id='block_1_44' title="bbox 1962 409 3636 490">
    <p class='ocr_par' dir='ltr' id='par_1_44' title="bbox 1962 409 3636 490">
     <span class='ocr_line' id='line_1_44' title="bbox 1962 409 3636 490; baseline 0.005 -24"><span class='ocrx_word' id='word_1_327' title='bbox 1962 409 2233 469; x_wconf 90' lang='lat' dir='ltr'><strong>lichanos</strong></span> <span class='ocrx_word' id='word_1_328' title='bbox 2262 414 2529 488; x_wconf 87' lang='lat' dir='ltr'><strong>hypaton</strong></span> <span class='ocrx_word' id='word_1_329' title='bbox 2567 415 2932 477; x_wconf 90' lang='lat' dir='ltr'><strong>consumat;</strong></span> <span class='ocrx_word' id='word_1_330' title='bbox 2994 411 3201 466; x_wconf 84' lang='lat' dir='ltr'><strong>tertius</strong></span> <span class='ocrx_word' id='word_1_331' title='bbox 3232 431 3372 471; x_wconf 90' lang='lat' dir='ltr'><strong>vero</strong></span> <span class='ocrx_word' id='word_1_332' title='bbox 3423 423 3636 490; x_wconf 90' lang='lat' dir='ltr'><strong>quater</strong></span> 
     </span>
    </p>
   </div>
   <div class='ocr_carea' id='block_1_45' title="bbox 1965 499 3634 581">
    <p class='ocr_par' dir='ltr' id='par_1_45' title="bbox 1965 499 3634 581">
     <span class='ocr_line' id='line_1_45' title="bbox 1965 499 3634 581; baseline 0.006 -26"><span class='ocrx_word' id='word_1_333' title='bbox 1965 503 2032 556; x_wconf 93' lang='lat' dir='ltr'><strong>VI</strong></span> <span class='ocrx_word' id='word_1_334' title='bbox 2062 501 2122 557; x_wconf 91' lang='lat' dir='ltr'><strong>in</strong></span> <span class='ocrx_word' id='word_1_335' title='bbox 2151 504 2814 574; x_wconf 84' lang='lat' dir='ltr'><strong>proslambanomenon</strong></span> <span class='ocrx_word' id='word_1_336' title='bbox 2860 499 3240 572; x_wconf 89' lang='lat' dir='ltr'><strong>determinat,</strong></span> <span class='ocrx_word' id='word_1_337' title='bbox 3299 507 3407 578; x_wconf 90' lang='lat' dir='ltr'><strong>qui</strong></span> <span class='ocrx_word' id='word_1_338' title='bbox 3461 524 3634 581; x_wconf 88' lang='lat' dir='ltr'><strong>supe-</strong></span> 
     </span>
    </p>
   </div>
   <div class='ocr_carea' id='block_1_46' title="bbox 1963 588 3636 665">
    <p class='ocr_par' dir='ltr' id='par_1_46' title="bbox 1963 588 3636 665">
     <span class='ocr_line' id='line_1_46' title="bbox 1963 588 3636 665; baseline 0.005 -21"><span class='ocrx_word' id='word_1_339' title='bbox 1963 589 2104 645; x_wconf 91' lang='lat' dir='ltr'><strong>riori</strong></span> <span class='ocrx_word' id='word_1_340' title='bbox 2128 607 2310 649; x_wconf 88' lang='lat' dir='ltr'><strong>nervo</strong></span> <span class='ocrx_word' id='word_1_341' title='bbox 2335 609 2457 649; x_wconf 90' lang='lat' dir='ltr'><strong>una</strong></span> <span class='ocrx_word' id='word_1_342' title='bbox 2483 592 2910 665; x_wconf 90' lang='lat' dir='ltr'><strong>sesquioctava</strong></span> <span class='ocrx_word' id='word_1_343' title='bbox 2935 588 3176 646; x_wconf 87' lang='lat' dir='ltr'><strong>brevior</strong></span> <span class='ocrx_word' id='word_1_344' title='bbox 3201 599 3454 653; x_wconf 88' lang='lat' dir='ltr'><strong>constat.</strong></span> <span class='ocrx_word' id='word_1_345' title='bbox 3487 598 3636 655; x_wconf 82' lang='lat' dir='ltr'><strong>Sub-</strong></span> 
     </span>
    </p>
   </div>
   <div class='ocr_carea' id='block_1_47' title="bbox 1959 677 3638 754">
    <p class='ocr_par' dir='ltr' id='par_1_47' title="bbox 1959 677 3638 754">
     <span class='ocr_line' id='line_1_47' title="bbox 1959 677 3638 754; baseline 0.005 -20"><span class='ocrx_word' id='word_1_346' title='bbox 1959 678 2178 749; x_wconf 90' lang='lat' dir='ltr'><strong>jungit,</strong></span> <span class='ocrx_word' id='word_1_347' title='bbox 2211 681 2374 753; x_wconf 92' lang='lat' dir='ltr'><strong>quod</strong></span> <span class='ocrx_word' id='word_1_348' title='bbox 2404 686 2617 754; x_wconf 90' lang='lat' dir='ltr'><strong>quater</strong></span> <span class='ocrx_word' id='word_1_349' title='bbox 2648 681 2744 736; x_wconf 92' lang='lat' dir='ltr'><strong>VI.</strong></span> <span class='ocrx_word' id='word_1_350' title='bbox 2781 677 2864 734; x_wconf 90' lang='lat' dir='ltr'><strong>ad</strong></span> <span class='ocrx_word' id='word_1_351' title='bbox 2894 682 3106 750; x_wconf 89' lang='lat' dir='ltr'><strong>quater</strong></span> <span class='ocrx_word' id='word_1_352' title='bbox 3127 679 3216 736; x_wconf 93' lang='lat' dir='ltr'><strong>III.</strong></span> <span class='ocrx_word' id='word_1_353' title='bbox 3247 682 3322 739; x_wconf 93' lang='lat' dir='ltr'><strong>de</strong></span> <span class='ocrx_word' id='word_1_354' title='bbox 3343 685 3452 741; x_wconf 91' lang='lat' dir='ltr'><strong>XII.</strong></span> <span class='ocrx_word' id='word_1_355' title='bbox 3510 687 3638 742; x_wconf 92' lang='lat' dir='ltr'><strong>dia-</strong></span> 
     </span>
    </p>
   </div>
   <div class='ocr_carea' id='block_1_48' title="bbox 1962 767 3633 844">
    <p class='ocr_par' dir='ltr' id='par_1_48' title="bbox 1962 767 3633 844">
     <span class='ocr_line' id='line_1_48' title="bbox 1962 767 3633 844; baseline 0.005 -21"><span class='ocrx_word' id='word_1_356' title='bbox 1962 783 2160 839; x_wconf 90' lang='lat' dir='ltr'><strong>pason</strong></span> <span class='ocrx_word' id='word_1_357' title='bbox 2192 771 2284 841; x_wconf 92' lang='lat' dir='ltr'><strong>sit,</strong></span> <span class='ocrx_word' id='word_1_358' title='bbox 2311 772 2454 843; x_wconf 89' lang='lat' dir='ltr'><strong>quia</strong></span> <span class='ocrx_word' id='word_1_359' title='bbox 2473 771 2704 844; x_wconf 90' lang='lat' dir='ltr'><strong>primus</strong></span> <span class='ocrx_word' id='word_1_360' title='bbox 2726 767 3166 837; x_wconf 90' lang='lat' dir='ltr'><strong>duodenarius,</strong></span> <span class='ocrx_word' id='word_1_361' title='bbox 3195 771 3258 828; x_wconf 92' lang='lat' dir='ltr'><strong>id</strong></span> <span class='ocrx_word' id='word_1_362' title='bbox 3283 779 3374 830; x_wconf 90' lang='lat' dir='ltr'><strong>est</strong></span> <span class='ocrx_word' id='word_1_363' title='bbox 3392 775 3484 831; x_wconf 91' lang='lat' dir='ltr'><strong>bis</strong></span> <span class='ocrx_word' id='word_1_364' title='bbox 3507 793 3633 843; x_wconf 84' lang='lat' dir='ltr'><strong>sex,</strong></span> 
     </span>
    </p>
   </div>
   <div class='ocr_carea' id='block_1_49' title="bbox 1963 857 3635 937">
    <p class='ocr_par' dir='ltr' id='par_1_49' title="bbox 1963 857 3635 937">
     <span class='ocr_line' id='line_1_49' title="bbox 1963 857 3635 937; baseline 0.006 -25"><span class='ocrx_word' id='word_1_365' title='bbox 1963 858 2042 912; x_wconf 91' lang='lat' dir='ltr'><strong>ad</strong></span> <span class='ocrx_word' id='word_1_366' title='bbox 2069 874 2243 914; x_wconf 89' lang='lat' dir='ltr'><strong>suam</strong></span> <span class='ocrx_word' id='word_1_367' title='bbox 2265 876 2470 916; x_wconf 88' lang='lat' dir='ltr'><strong>mesen</strong></span> <span class='ocrx_word' id='word_1_368' title='bbox 2493 860 2784 933; x_wconf 89' lang='lat' dir='ltr'><strong>pervenit,</strong></span> <span class='ocrx_word' id='word_1_369' title='bbox 2836 857 3012 927; x_wconf 92' lang='lat' dir='ltr'><strong>cujus</strong></span> <span class='ocrx_word' id='word_1_370' title='bbox 3067 865 3346 930; x_wconf 89' lang='lat' dir='ltr'><strong>quartam</strong></span> <span class='ocrx_word' id='word_1_371' title='bbox 3399 869 3635 937; x_wconf 87' lang='lat' dir='ltr'><strong>partem</strong></span> 
     </span>
    </p>
   </div>
   <div class='ocr_carea' id='block_1_50' title="bbox 1966 946 3633 1024">
    <p class='ocr_par' dir='ltr' id='par_1_50' title="bbox 1966 946 3633 1024">
     <span class='ocr_line' id='line_1_50' title="bbox 1966 946 3633 1024; baseline 0.007 -24"><span class='ocrx_word' id='word_1_372' title='bbox 1966 946 2133 1017; x_wconf 79' lang='grc'>(635),</span> <span class='ocrx_word' id='word_1_373' title='bbox 2161 947 2222 1002; x_wconf 92' lang='lat' dir='ltr'><strong>id</strong></span> <span class='ocrx_word' id='word_1_374' title='bbox 2254 953 2344 1004; x_wconf 90' lang='lat' dir='ltr'><strong>est</strong></span> <span class='ocrx_word' id='word_1_375' title='bbox 2375 949 2462 1004; x_wconf 93' lang='lat' dir='ltr'><strong>III.</strong></span> <span class='ocrx_word' id='word_1_376' title='bbox 2493 947 2871 1021; x_wconf 86' lang='lat' dir='ltr'><strong>frequentius</strong></span> <span class='ocrx_word' id='word_1_377' title='bbox 2899 955 3258 1018; x_wconf 90' lang='lat' dir='ltr'><strong>percurrunt</strong></span> <span class='ocrx_word' id='word_1_378' title='bbox 3286 953 3443 1009; x_wconf 90' lang='lat' dir='ltr'><strong>mela</strong></span> <span class='ocrx_word' id='word_1_379' title='bbox 3472 956 3633 1024; x_wconf 87' lang='lat' dir='ltr'><strong>ejus-</strong></span> 
     </span>
    </p>
   </div>
   <div class='ocr_carea' id='block_1_51' title="bbox 1963 1034 3636 1112">
    <p class='ocr_par' dir='ltr' id='par_1_51' title="bbox 1963 1034 3636 1112">
     <span class='ocr_line' id='line_1_51' title="bbox 1963 1034 3636 1112; baseline 0.005 -22"><span class='ocrx_word' id='word_1_380' title='bbox 1963 1034 2105 1091; x_wconf 90' lang='lat' dir='ltr'><strong>dem</strong></span> <span class='ocrx_word' id='word_1_381' title='bbox 2137 1037 2310 1108; x_wconf 87' lang='lat' dir='ltr'><strong>tropi,</strong></span> <span class='ocrx_word' id='word_1_382' title='bbox 2341 1037 2842 1109; x_wconf 89' lang='lat' dir='ltr'><strong>descenduntque</strong></span> <span class='ocrx_word' id='word_1_383' title='bbox 2871 1051 2978 1108; x_wconf 90' lang='lat' dir='ltr'><strong>per</strong></span> <span class='ocrx_word' id='word_1_384' title='bbox 3005 1042 3288 1107; x_wconf 89' lang='lat' dir='ltr'><strong>quartam</strong></span> <span class='ocrx_word' id='word_1_385' title='bbox 3307 1047 3539 1112; x_wconf 83' lang='lat' dir='ltr'><strong>partem</strong></span> <span class='ocrx_word' id='word_1_386' title='bbox 3559 1043 3636 1098; x_wconf 92' lang='lat' dir='ltr'><strong>de</strong></span> 
     </span>
    </p>
   </div>
   <div class='ocr_carea' id='block_1_52' title="bbox 1964 1123 3638 1204">
    <p class='ocr_par' dir='ltr' id='par_1_52' title="bbox 1964 1123 3638 1204">
     <span class='ocr_line' id='line_1_52' title="bbox 1964 1123 3638 1204; baseline 0.005 -25"><span class='ocrx_word' id='word_1_387' title='bbox 1964 1123 2061 1180; x_wconf 93' lang='lat' dir='ltr'><strong>bis</strong></span> <span class='ocrx_word' id='word_1_388' title='bbox 2094 1127 2203 1181; x_wconf 91' lang='lat' dir='ltr'><strong>XII.</strong></span> <span class='ocrx_word' id='word_1_389' title='bbox 2232 1130 2295 1181; x_wconf 92' lang='lat' dir='ltr'><strong>ut</strong></span> <span class='ocrx_word' id='word_1_390' title='bbox 2323 1126 2404 1182; x_wconf 90' lang='lat' dir='ltr'><strong>ita</strong></span> <span class='ocrx_word' id='word_1_391' title='bbox 2424 1127 2724 1199; x_wconf 90' lang='lat' dir='ltr'><strong>diapason</strong></span> <span class='ocrx_word' id='word_1_392' title='bbox 2755 1124 3048 1197; x_wconf 91' lang='lat' dir='ltr'><strong>compleri</strong></span> <span class='ocrx_word' id='word_1_393' title='bbox 3075 1128 3330 1197; x_wconf 90' lang='lat' dir='ltr'><strong>possint.</strong></span> <span class='ocrx_word' id='word_1_394' title='bbox 3352 1133 3468 1187; x_wconf 89' lang='lat' dir='ltr'><strong>Hoc</strong></span> <span class='ocrx_word' id='word_1_395' title='bbox 3487 1148 3638 1204; x_wconf 86' lang='lat' dir='ltr'><strong>quo-</strong></span> 
     </span>
    </p>
   </div>
   <div class='ocr_carea' id='block_1_53' title="bbox 1965 1215 3638 1292">
    <p class='ocr_par' dir='ltr' id='par_1_53' title="bbox 1965 1215 3638 1292">
     <span class='ocr_line' id='line_1_53' title="bbox 1965 1215 3638 1292; baseline 0.005 -24"><span class='ocrx_word' id='word_1_396' title='bbox 1965 1229 2084 1285; x_wconf 93' lang='lat' dir='ltr'><strong>que</strong></span> <span class='ocrx_word' id='word_1_397' title='bbox 2117 1215 2332 1270; x_wconf 90' lang='lat' dir='ltr'><strong>senties</strong></span> <span class='ocrx_word' id='word_1_398' title='bbox 2363 1216 2637 1272; x_wconf 89' lang='lat' dir='ltr'><strong>canendo</strong></span> <span class='ocrx_word' id='word_1_399' title='bbox 2669 1216 3098 1271; x_wconf 80' lang='lat' dir='ltr'><strong>AIANEOANE.</strong></span> <span class='ocrx_word' id='word_1_400' title='bbox 3137 1217 3442 1290; x_wconf 90' lang='lat' dir='ltr'><strong>Siquidem</strong></span> <span class='ocrx_word' id='word_1_401' title='bbox 3465 1237 3502 1276; x_wconf 91' lang='lat' dir='ltr'><strong>a</strong></span> <span class='ocrx_word' id='word_1_402' title='bbox 3532 1236 3638 1292; x_wconf 88' lang='lat' dir='ltr'><strong>pa-</strong></span> 
     </span>
    </p>
   </div>
   <div class='ocr_carea' id='block_1_54' title="bbox 1964 1303 3637 1379">
    <p class='ocr_par' dir='ltr' id='par_1_54' title="bbox 1964 1303 3637 1379">
     <span class='ocr_line' id='line_1_54' title="bbox 1964 1303 3637 1379; baseline 0.005 -23"><span class='ocrx_word' id='word_1_403' title='bbox 1964 1318 2221 1370; x_wconf 89' lang='lat' dir='ltr'><strong>ramese,</strong></span> <span class='ocrx_word' id='word_1_404' title='bbox 2252 1310 2493 1376; x_wconf 88' lang='lat' dir='ltr'><strong>peracta</strong></span> <span class='ocrx_word' id='word_1_405' title='bbox 2508 1310 2727 1378; x_wconf 92' lang='lat' dir='ltr'><strong>quarta</strong></span> <span class='ocrx_word' id='word_1_406' title='bbox 2751 1303 2953 1378; x_wconf 91' lang='lat' dir='ltr'><strong>specie</strong></span> <span class='ocrx_word' id='word_1_407' title='bbox 2984 1304 3284 1379; x_wconf 81' lang='lat' dir='ltr'><strong>diapente,</strong></span> <span class='ocrx_word' id='word_1_408' title='bbox 3319 1309 3397 1365; x_wconf 89' lang='lat' dir='ltr'><strong>ad</strong></span> <span class='ocrx_word' id='word_1_409' title='bbox 3451 1309 3637 1365; x_wconf 87' lang='lat' dir='ltr'><strong>licha-</strong></span> 
     </span>
    </p>
   </div>
   <div class='ocr_carea' id='block_1_55' title="bbox 1967 1393 3638 1466">
    <p class='ocr_par' dir='ltr' id='par_1_55' title="bbox 1967 1393 3638 1466">
     <span class='ocr_line' id='line_1_55' title="bbox 1967 1393 3638 1466; baseline 0.004 -19"><span class='ocrx_word' id='word_1_410' title='bbox 1967 1408 2079 1448; x_wconf 93' lang='lat' dir='ltr'><strong>nos</strong></span> <span class='ocrx_word' id='word_1_411' title='bbox 2109 1408 2323 1449; x_wconf 91' lang='lat' dir='ltr'><strong>meson</strong></span> <span class='ocrx_word' id='word_1_412' title='bbox 2354 1410 2460 1466; x_wconf 89' lang='lat' dir='ltr'><strong>per</strong></span> <span class='ocrx_word' id='word_1_413' title='bbox 2491 1394 2758 1465; x_wconf 86' lang='lat' dir='ltr'><strong>singulas</strong></span> <span class='ocrx_word' id='word_1_414' title='bbox 2779 1393 3040 1450; x_wconf 90' lang='lat' dir='ltr'><strong>chordas</strong></span> <span class='ocrx_word' id='word_1_415' title='bbox 3070 1397 3453 1454; x_wconf 83' lang='lat' dir='ltr'><strong>ascendendo</strong></span> <span class='ocrx_word' id='word_1_416' title='bbox 3510 1398 3638 1454; x_wconf 89' lang='lat' dir='ltr'><strong>dia-</strong></span> 
     </span>
    </p>
   </div>
   <div class='ocr_carea' id='block_1_56' title="bbox 1968 1480 3635 1556">
    <p class='ocr_par' dir='ltr' id='par_1_56' title="bbox 1968 1480 3635 1556">
     <span class='ocr_line' id='line_1_56' title="bbox 1968 1480 3635 1556; baseline 0.004 -21"><span class='ocrx_word' id='word_1_417' title='bbox 1968 1485 2146 1552; x_wconf 90' lang='lat' dir='ltr'><strong>pente</strong></span> <span class='ocrx_word' id='word_1_418' title='bbox 2173 1480 2422 1538; x_wconf 89' lang='lat' dir='ltr'><strong>intendit</strong></span> <span class='ocrx_word' id='word_1_419' title='bbox 2456 1501 2467 1537; x_wconf 93' lang='lat'>:</span> <span class='ocrx_word' id='word_1_420' title='bbox 2500 1499 2832 1556; x_wconf 88' lang='lat' dir='ltr'><strong>rursusque</strong></span> <span class='ocrx_word' id='word_1_421' title='bbox 2857 1482 2935 1538; x_wconf 91' lang='lat' dir='ltr'><strong>ad</strong></span> <span class='ocrx_word' id='word_1_422' title='bbox 2967 1483 3125 1540; x_wconf 90' lang='lat' dir='ltr'><strong>triste</strong></span> <span class='ocrx_word' id='word_1_423' title='bbox 3160 1485 3635 1556; x_wconf 87' lang='lat' dir='ltr'><strong>diezeugmenon</strong></span> 
     </span>
    </p>
   </div>
   <div class='ocr_carea' id='block_1_57' title="bbox 1903 1569 3634 1654">
    <p class='ocr_par' dir='ltr' id='par_1_57' title="bbox 1903 1569 3634 1654">
     <span class='ocr_line' id='line_1_57' title="bbox 1903 1569 3634 1654; baseline 0.005 -30"><span class='ocrx_word' id='word_1_424' title='bbox 1903 1600 1942 1654; x_wconf 76' lang='grc' dir='ltr'>Β</span> <span class='ocrx_word' id='word_1_425' title='bbox 1971 1569 2279 1640; x_wconf 79' lang='lat' dir='ltr'><strong>gravanda</strong></span> <span class='ocrx_word' id='word_1_426' title='bbox 2299 1572 2539 1628; x_wconf 90' lang='lat' dir='ltr'><strong>remittit</strong></span> <span class='ocrx_word' id='word_1_427' title='bbox 2568 1589 2580 1626; x_wconf 91' lang='lat'>:</span> <span class='ocrx_word' id='word_1_428' title='bbox 2615 1572 2692 1628; x_wconf 92' lang='lat' dir='ltr'><strong>ad</strong></span> <span class='ocrx_word' id='word_1_429' title='bbox 2724 1577 3060 1628; x_wconf 83' lang='lat' dir='ltr'><strong>extremum</strong></span> <span class='ocrx_word' id='word_1_430' title='bbox 3083 1573 3140 1628; x_wconf 92' lang='lat' dir='ltr'><strong>in</strong></span> <span class='ocrx_word' id='word_1_431' title='bbox 3171 1591 3282 1631; x_wconf 92' lang='lat' dir='ltr'><strong>sua</strong></span> <span class='ocrx_word' id='word_1_432' title='bbox 3308 1575 3493 1643; x_wconf 83' lang='lat' dir='ltr'><strong>ﬁnali,</strong></span> <span class='ocrx_word' id='word_1_433' title='bbox 3516 1577 3634 1632; x_wconf 92' lang='lat' dir='ltr'><strong>hoc</strong></span> 
     </span>
    </p>
   </div>
   <div class='ocr_carea' id='block_1_58' title="bbox 1971 1657 3632 1734">
    <p class='ocr_par' dir='ltr' id='par_1_58' title="bbox 1971 1657 3632 1734">
     <span class='ocr_line' id='line_1_58' title="bbox 1971 1657 3632 1734; baseline 0.004 -22"><span class='ocrx_word' id='word_1_434' title='bbox 1971 1662 2078 1726; x_wconf 90' lang='lat' dir='ltr'><strong>est,</strong></span> <span class='ocrx_word' id='word_1_435' title='bbox 2106 1657 2542 1730; x_wconf 89' lang='lat' dir='ltr'><strong>hypatemeson</strong></span> <span class='ocrx_word' id='word_1_436' title='bbox 2568 1660 2808 1716; x_wconf 87' lang='lat' dir='ltr'><strong>desinit.</strong></span> <span class='ocrx_word' id='word_1_437' title='bbox 2844 1662 3037 1726; x_wconf 87' lang='lat' dir='ltr'><strong>Quam</strong></span> <span class='ocrx_word' id='word_1_438' title='bbox 3086 1660 3328 1718; x_wconf 87' lang='lat' dir='ltr'><strong>ﬁnalem</strong></span> <span class='ocrx_word' id='word_1_439' title='bbox 3368 1664 3632 1734; x_wconf 88' lang='lat' dir='ltr'><strong>primam</strong></span> 
     </span>
    </p>
   </div>
   <div class='ocr_carea' id='block_1_59' title="bbox 1971 1747 3637 1822">
    <p class='ocr_par' dir='ltr' id='par_1_59' title="bbox 1971 1747 3637 1822">
     <span class='ocr_line' id='line_1_59' title="bbox 1971 1747 3637 1822; baseline 0.004 -21"><span class='ocrx_word' id='word_1_440' title='bbox 1971 1747 2158 1818; x_wconf 87' lang='lat' dir='ltr'><strong>tangit</strong></span> <span class='ocrx_word' id='word_1_441' title='bbox 2189 1748 2450 1816; x_wconf 87' lang='lat' dir='ltr'><strong>gradalis</strong></span> <span class='ocrx_word' id='word_1_442' title='bbox 2478 1749 2829 1822; x_wconf 88' lang='lat' dir='ltr'><strong>antiphona,</strong></span> <span class='ocrx_word' id='word_1_443' title='bbox 2859 1765 2992 1822; x_wconf 77' lang='lat' dir='ltr'><strong>quae</strong></span> <span class='ocrx_word' id='word_1_444' title='bbox 3038 1754 3130 1805; x_wconf 91' lang='lat' dir='ltr'><strong>est</strong></span> <span class='ocrx_word' id='word_1_445' title='bbox 3161 1770 3173 1805; x_wconf 88' lang='lat'>:</span> <span class='ocrx_word' id='word_1_446' title='bbox 3220 1752 3527 1820; x_wconf 79' lang='lat' dir='ltr'><strong>Confessio</strong></span> <span class='ocrx_word' id='word_1_447' title='bbox 3580 1760 3637 1808; x_wconf 84' lang='lat' dir='ltr'><strong>et</strong></span> 
     </span>
    </p>
   </div>
   <div class='ocr_carea' id='block_1_60' title="bbox 1955 1837 3631 1910">
    <p class='ocr_par' dir='ltr' id='par_1_60' title="bbox 1955 1837 3631 1910">
     <span class='ocr_line' id='line_1_60' title="bbox 1955 1837 3631 1910; baseline 0.005 -20"><span class='ocrx_word' id='word_1_448' title='bbox 1955 1837 2383 1907; x_wconf 59' lang='lat' dir='ltr'><strong>pulchritudo,</strong></span> <span class='ocrx_word' id='word_1_449' title='bbox 2412 1837 2571 1892; x_wconf 90' lang='lat' dir='ltr'><strong>etsic</strong></span> <span class='ocrx_word' id='word_1_450' title='bbox 2605 1853 2796 1910; x_wconf 83' lang='lat' dir='ltr'><strong>usque</strong></span> <span class='ocrx_word' id='word_1_451' title='bbox 2825 1838 2903 1893; x_wconf 92' lang='lat' dir='ltr'><strong>ad</strong></span> <span class='ocrx_word' id='word_1_452' title='bbox 2931 1839 3021 1893; x_wconf 92' lang='lat' dir='ltr'><strong>III.</strong></span> <span class='ocrx_word' id='word_1_453' title='bbox 3055 1838 3130 1894; x_wconf 91' lang='lat' dir='ltr'><strong>de</strong></span> <span class='ocrx_word' id='word_1_454' title='bbox 3169 1840 3277 1895; x_wconf 93' lang='lat' dir='ltr'><strong>XII.</strong></span> <span class='ocrx_word' id='word_1_455' title='bbox 3314 1840 3585 1897; x_wconf 88' lang='lat' dir='ltr'><strong>ascendit</strong></span> <span class='ocrx_word' id='word_1_456' title='bbox 3620 1859 3631 1897; x_wconf 92' lang='lat'>:</span> 
     </span>
    </p>
   </div>
   <div class='ocr_carea' id='block_1_61' title="bbox 1968 1925 3632 1994">
    <p class='ocr_par' dir='ltr' id='par_1_61' title="bbox 1968 1925 3632 1994">
     <span class='ocr_line' id='line_1_61' title="bbox 1968 1925 3632 1994; baseline 0.003 -12"><span class='ocrx_word' id='word_1_457' title='bbox 1968 1941 2039 1982; x_wconf 90' lang='lat' dir='ltr'><strong>ac</strong></span> <span class='ocrx_word' id='word_1_458' title='bbox 2071 1925 2286 1981; x_wconf 92' lang='lat' dir='ltr'><strong>deinde</strong></span> <span class='ocrx_word' id='word_1_459' title='bbox 2317 1926 2396 1982; x_wconf 91' lang='lat' dir='ltr'><strong>ad</strong></span> <span class='ocrx_word' id='word_1_460' title='bbox 2426 1927 2669 1982; x_wconf 87' lang='lat' dir='ltr'><strong>ﬁnalem</strong></span> <span class='ocrx_word' id='word_1_461' title='bbox 2695 1943 2870 1983; x_wconf 90' lang='lat' dir='ltr'><strong>suam</strong></span> <span class='ocrx_word' id='word_1_462' title='bbox 2900 1928 3072 1984; x_wconf 90' lang='lat' dir='ltr'><strong>redit.</strong></span> <span class='ocrx_word' id='word_1_463' title='bbox 3111 1931 3240 1994; x_wconf 86' lang='lat' dir='ltr'><strong>Quo</strong></span> <span class='ocrx_word' id='word_1_464' title='bbox 3270 1929 3450 1986; x_wconf 88' lang='lat' dir='ltr'><strong>etiam</strong></span> <span class='ocrx_word' id='word_1_465' title='bbox 3481 1931 3632 1987; x_wconf 89' lang='lat' dir='ltr'><strong>inci-</strong></span> 
     </span>
    </p>
   </div>
   <div class='ocr_carea' id='block_1_62' title="bbox 1967 2011 3628 2086">
    <p class='ocr_par' dir='ltr' id='par_1_62' title="bbox 1967 2011 3628 2086">
     <span class='ocr_line' id='line_1_62' title="bbox 1967 2011 3628 2086; baseline 0.005 -20"><span class='ocrx_word' id='word_1_466' title='bbox 1967 2011 2054 2084; x_wconf 90' lang='lat' dir='ltr'><strong>pit</strong></span> <span class='ocrx_word' id='word_1_467' title='bbox 2081 2013 2395 2070; x_wconf 92' lang='lat' dir='ltr'><strong>semitonio</strong></span> <span class='ocrx_word' id='word_1_468' title='bbox 2422 2013 2654 2070; x_wconf 88' lang='lat' dir='ltr'><strong>intenso</strong></span> <span class='ocrx_word' id='word_1_469' title='bbox 2696 2014 3028 2086; x_wconf 90' lang='lat' dir='ltr'><strong>antiphona</strong></span> <span class='ocrx_word' id='word_1_470' title='bbox 3052 2017 3311 2085; x_wconf 82' lang='lat' dir='ltr'><strong>Cognovi</strong></span> <span class='ocrx_word' id='word_1_471' title='bbox 3360 2020 3628 2075; x_wconf 82' lang='lat' dir='ltr'><strong>Domine.</strong></span> 
     </span>
    </p>
   </div>
   <div class='ocr_carea' id='block_1_63' title="bbox 1967 2103 3630 2178">
    <p class='ocr_par' dir='ltr' id='par_1_63' title="bbox 1967 2103 3630 2178">
     <span class='ocr_line' id='line_1_63' title="bbox 1967 2103 3630 2178; baseline 0.004 -22"><span class='ocrx_word' id='word_1_472' title='bbox 1967 2105 2025 2156; x_wconf 89' lang='lat' dir='ltr'><strong>et</strong></span> <span class='ocrx_word' id='word_1_473' title='bbox 2054 2103 2208 2158; x_wconf 85' lang='lat' dir='ltr'><strong>Dum</strong></span> <span class='ocrx_word' id='word_1_474' title='bbox 2231 2104 2556 2159; x_wconf 83' lang='lat' dir='ltr'><strong>clamarem</strong></span> <span class='ocrx_word' id='word_1_475' title='bbox 2583 2103 2664 2158; x_wconf 89' lang='lat' dir='ltr'><strong>ad</strong></span> <span class='ocrx_word' id='word_1_476' title='bbox 2685 2105 3026 2160; x_wconf 74' lang='lat' dir='ltr'><strong>Dominum.</strong></span> <span class='ocrx_word' id='word_1_477' title='bbox 3053 2105 3438 2162; x_wconf 85' lang='lat' dir='ltr'><strong>Nocturnales</strong></span> <span class='ocrx_word' id='word_1_478' title='bbox 3475 2123 3630 2178; x_wconf 91' lang='lat' dir='ltr'><strong>quo-</strong></span> 
     </span>
    </p>
   </div>
   <div class='ocr_carea' id='block_1_64' title="bbox 1963 2190 3631 2263">
    <p class='ocr_par' dir='ltr' id='par_1_64' title="bbox 1963 2190 3631 2263">
     <span class='ocr_line' id='line_1_64' title="bbox 1963 2190 3631 2263; baseline 0.004 -19"><span class='ocrx_word' id='word_1_479' title='bbox 1963 2207 2083 2262; x_wconf 90' lang='lat' dir='ltr'><strong>que</strong></span> <span class='ocrx_word' id='word_1_480' title='bbox 2114 2191 2459 2263; x_wconf 68' lang='lat' dir='ltr'><strong>antiphona:</strong></span> <span class='ocrx_word' id='word_1_481' title='bbox 2489 2190 2582 2246; x_wconf 89' lang='lat' dir='ltr'><strong>vel</strong></span> <span class='ocrx_word' id='word_1_482' title='bbox 2620 2192 3008 2263; x_wconf 89' lang='lat' dir='ltr'><strong>responsoria</strong></span> <span class='ocrx_word' id='word_1_483' title='bbox 3033 2193 3246 2249; x_wconf 92' lang='lat' dir='ltr'><strong>eodem</strong></span> <span class='ocrx_word' id='word_1_484' title='bbox 3275 2194 3460 2250; x_wconf 90' lang='lat' dir='ltr'><strong>modo</strong></span> <span class='ocrx_word' id='word_1_485' title='bbox 3501 2211 3631 2250; x_wconf 91' lang='lat' dir='ltr'><strong>cur-</strong></span> 
     </span>
    </p>
   </div>
   <div class='ocr_carea' id='block_1_65' title="bbox 1964 2279 3627 2351">
    <p class='ocr_par' dir='ltr' id='par_1_65' title="bbox 1964 2279 3627 2351">
     <span class='ocr_line' id='line_1_65' title="bbox 1964 2279 3627 2351; baseline 0.005 -17"><span class='ocrx_word' id='word_1_486' title='bbox 1964 2285 2104 2334; x_wconf 89' lang='lat' dir='ltr'><strong>runt</strong></span> <span class='ocrx_word' id='word_1_487' title='bbox 2133 2281 2321 2335; x_wconf 88' lang='lat' dir='ltr'><strong>malos</strong></span> <span class='ocrx_word' id='word_1_488' title='bbox 2342 2281 2500 2335; x_wconf 88' lang='lat' dir='ltr'><strong>male</strong></span> <span class='ocrx_word' id='word_1_489' title='bbox 2544 2279 2775 2347; x_wconf 81' lang='lat' dir='ltr'><strong>perdet.</strong></span> <span class='ocrx_word' id='word_1_490' title='bbox 2836 2285 2893 2335; x_wconf 92' lang='lat' dir='ltr'><strong>et</strong></span> <span class='ocrx_word' id='word_1_491' title='bbox 2916 2281 3173 2338; x_wconf 83' lang='lat' dir='ltr'><strong>Peccavi</strong></span> <span class='ocrx_word' id='word_1_492' title='bbox 3198 2298 3378 2351; x_wconf 78' lang='lat' dir='ltr'><strong>super</strong></span> <span class='ocrx_word' id='word_1_493' title='bbox 3427 2301 3627 2342; x_wconf 86' lang='lat' dir='ltr'><strong>nume-</strong></span> 
     </span>
    </p>
   </div>
   <div class='ocr_carea' id='block_1_66' title="bbox 1966 2369 3625 2437">
    <p class='ocr_par' dir='ltr' id='par_1_66' title="bbox 1966 2369 3625 2437">
     <span class='ocr_line' id='line_1_66' title="bbox 1966 2369 3625 2437; baseline 0.005 -15"><span class='ocrx_word' id='word_1_494' title='bbox 1966 2384 2120 2424; x_wconf 80' lang='lat' dir='ltr'><strong>rum.</strong></span> <span class='ocrx_word' id='word_1_495' title='bbox 2144 2369 2433 2425; x_wconf 78' lang='lat' dir='ltr'><strong>Alleluia.</strong></span> <span class='ocrx_word' id='word_1_496' title='bbox 2467 2373 2524 2423; x_wconf 92' lang='lat' dir='ltr'><strong>et</strong></span> <span class='ocrx_word' id='word_1_497' title='bbox 2547 2369 2810 2437; x_wconf 83' lang='lat' dir='ltr'><strong>Spiritus</strong></span> <span class='ocrx_word' id='word_1_498' title='bbox 2828 2370 3087 2424; x_wconf 80' lang='lat' dir='ltr'><strong>Domini.</strong></span> <span class='ocrx_word' id='word_1_499' title='bbox 3113 2375 3171 2426; x_wconf 92' lang='lat' dir='ltr'><strong>et</strong></span> <span class='ocrx_word' id='word_1_500' title='bbox 3200 2371 3579 2431; x_wconf 77' lang='lat' dir='ltr'><strong>Offertorium</strong></span> <span class='ocrx_word' id='word_1_501' title='bbox 3613 2395 3625 2430; x_wconf 90' lang='lat'>:</span> 
     </span>
    </p>
   </div>
   <div class='ocr_carea' id='block_1_67' title="bbox 1965 2456 3628 2532">
    <p class='ocr_par' dir='ltr' id='par_1_67' title="bbox 1965 2456 3628 2532">
     <span class='ocr_line' id='line_1_67' title="bbox 1965 2456 3628 2532; baseline 0.005 -21"><span class='ocrx_word' id='word_1_502' title='bbox 1965 2458 2120 2512; x_wconf 86' lang='lat' dir='ltr'><strong>Deus</strong></span> <span class='ocrx_word' id='word_1_503' title='bbox 2151 2463 2215 2511; x_wconf 76' lang='lat' dir='ltr'><strong>tu</strong></span> <span class='ocrx_word' id='word_1_504' title='bbox 2238 2463 2605 2513; x_wconf 80' lang='lat' dir='ltr'><strong>convertens.</strong></span> <span class='ocrx_word' id='word_1_505' title='bbox 2640 2456 2732 2511; x_wconf 92' lang='lat' dir='ltr'><strong>Sic</strong></span> <span class='ocrx_word' id='word_1_506' title='bbox 2763 2457 2824 2512; x_wconf 92' lang='lat' dir='ltr'><strong>in</strong></span> <span class='ocrx_word' id='word_1_507' title='bbox 2853 2457 3070 2514; x_wconf 91' lang='lat' dir='ltr'><strong>eodem</strong></span> <span class='ocrx_word' id='word_1_508' title='bbox 3101 2464 3274 2532; x_wconf 90' lang='lat' dir='ltr'><strong>tropo</strong></span> <span class='ocrx_word' id='word_1_509' title='bbox 3323 2477 3447 2517; x_wconf 93' lang='lat' dir='ltr'><strong>non</strong></span> <span class='ocrx_word' id='word_1_510' title='bbox 3501 2467 3628 2520; x_wconf 89' lang='lat' dir='ltr'><strong>tan-</strong></span> 
     </span>
    </p>
   </div>
   <div class='ocr_carea' id='block_1_68' title="bbox 1965 2543 3622 2618">
    <p class='ocr_par' dir='ltr' id='par_1_68' title="bbox 1965 2543 3622 2618">
     <span class='ocr_line' id='line_1_68' title="bbox 1965 2543 3622 2618; baseline 0.005 -19"><span class='ocrx_word' id='word_1_511' title='bbox 1965 2549 2088 2599; x_wconf 90' lang='lat' dir='ltr'><strong>tum</strong></span> <span class='ocrx_word' id='word_1_512' title='bbox 2114 2561 2218 2616; x_wconf 91' lang='lat' dir='ltr'><strong>per</strong></span> <span class='ocrx_word' id='word_1_513' title='bbox 2243 2545 2538 2616; x_wconf 88' lang='lat' dir='ltr'><strong>diapason</strong></span> <span class='ocrx_word' id='word_1_514' title='bbox 2567 2543 2827 2613; x_wconf 82' lang='lat' dir='ltr'><strong>XXXVI,</strong></span> <span class='ocrx_word' id='word_1_515' title='bbox 2847 2545 2941 2601; x_wconf 91' lang='lat' dir='ltr'><strong>vel</strong></span> <span class='ocrx_word' id='word_1_516' title='bbox 2961 2545 3242 2618; x_wconf 90' lang='lat' dir='ltr'><strong>diapente</strong></span> <span class='ocrx_word' id='word_1_517' title='bbox 3263 2548 3418 2605; x_wconf 89' lang='lat' dir='ltr'><strong>infra</strong></span> <span class='ocrx_word' id='word_1_518' title='bbox 3434 2551 3622 2608; x_wconf 89' lang='lat' dir='ltr'><strong>XXX.</strong></span> 
     </span>
    </p>
   </div>
   <div class='ocr_carea' id='block_1_69' title="bbox 1965 2633 3624 2706">
    <p class='ocr_par' dir='ltr' id='par_1_69' title="bbox 1965 2633 3624 2706">
     <span class='ocr_line' id='line_1_69' title="bbox 1965 2633 3624 2706; baseline 0.006 -19"><span class='ocrx_word' id='word_1_519' title='bbox 1965 2634 2072 2689; x_wconf 90' lang='lat' dir='ltr'><strong>sed</strong></span> <span class='ocrx_word' id='word_1_520' title='bbox 2102 2634 2281 2689; x_wconf 90' lang='lat' dir='ltr'><strong>etiam</strong></span> <span class='ocrx_word' id='word_1_521' title='bbox 2313 2649 2418 2706; x_wconf 90' lang='lat' dir='ltr'><strong>per</strong></span> <span class='ocrx_word' id='word_1_522' title='bbox 2447 2633 2844 2700; x_wconf 89' lang='lat' dir='ltr'><strong>diatessaron,</strong></span> <span class='ocrx_word' id='word_1_523' title='bbox 2901 2634 3269 2706; x_wconf 89' lang='lat' dir='ltr'><strong>frequentius</strong></span> <span class='ocrx_word' id='word_1_524' title='bbox 3327 2638 3624 2697; x_wconf 91' lang='lat' dir='ltr'><strong>intensam</strong></span> 
     </span>
    </p>
   </div>
   <div class='ocr_carea' id='block_1_70' title="bbox 1962 2721 2676 2778">
    <p class='ocr_par' dir='ltr' id='par_1_70' title="bbox 1962 2721 2676 2778">
     <span class='ocr_line' id='line_1_70' title="bbox 1962 2721 2676 2778; baseline 0.001 -2"><span class='ocrx_word' id='word_1_525' title='bbox 1962 2722 2054 2777; x_wconf 91' lang='lat' dir='ltr'><strong>vel</strong></span> <span class='ocrx_word' id='word_1_526' title='bbox 2083 2722 2398 2778; x_wconf 89' lang='lat' dir='ltr'><strong>remissam</strong></span> <span class='ocrx_word' id='word_1_527' title='bbox 2424 2721 2676 2777; x_wconf 91' lang='lat' dir='ltr'><strong>canitur.</strong></span> 
     </span>
    </p>
   </div>
   <div class='ocr_carea' id='block_1_71' title="bbox 2529 2881 3056 2926">
    <p class='ocr_par' dir='ltr' id='par_1_71' title="bbox 2529 2881 3056 2926">
     <span class='ocr_line' id='line_1_71' title="bbox 2529 2881 3056 2926; baseline 0.002 -9"><span class='ocrx_word' id='word_1_528' title='bbox 2529 2881 2591 2917; x_wconf 84' lang='lat' dir='ltr'><strong>DF.</strong></span> <span class='ocrx_word' id='word_1_529' title='bbox 2632 2881 2853 2926; x_wconf 75' lang='lat' dir='ltr'><strong>QUARTO</strong></span> <span class='ocrx_word' id='word_1_530' title='bbox 2894 2881 3056 2919; x_wconf 73' lang='lat' dir='ltr'><strong>TONO.</strong></span> 
     </span>
    </p>
   </div>
   <div class='ocr_carea' id='block_1_72' title="bbox 2037 2987 3626 3067">
    <p class='ocr_par' dir='ltr' id='par_1_72' title="bbox 2037 2987 3626 3067">
     <span class='ocr_line' id='line_1_72' title="bbox 2037 2987 3626 3067; baseline 0.006 -23"><span class='ocrx_word' id='word_1_531' title='bbox 2037 2989 2420 3044; x_wconf 80' lang='lat' dir='ltr'><strong>Aristoxenus</strong></span> <span class='ocrx_word' id='word_1_532' title='bbox 2445 2989 2716 3044; x_wconf 90' lang='lat' dir='ltr'><strong>musicus</strong></span> <span class='ocrx_word' id='word_1_533' title='bbox 2745 2987 2868 3046; x_wconf 88' lang='lat' dir='ltr'><strong>no&#39;n</strong></span> <span class='ocrx_word' id='word_1_534' title='bbox 2893 3005 3070 3046; x_wconf 89' lang='lat' dir='ltr'><strong>voces</strong></span> <span class='ocrx_word' id='word_1_535' title='bbox 3099 2991 3288 3063; x_wconf 90' lang='lat' dir='ltr'><strong>ipsas,</strong></span> <span class='ocrx_word' id='word_1_536' title='bbox 3321 2999 3385 3050; x_wconf 90' lang='lat' dir='ltr'><strong>ut</strong></span> <span class='ocrx_word' id='word_1_537' title='bbox 3411 2996 3626 3067; x_wconf 81' lang='lat' dir='ltr'><strong>Pytha-</strong></span> 
     </span>
    </p>
   </div>
   <div class='ocr_carea' id='block_1_73' title="bbox 1965 3077 3624 3149">
    <p class='ocr_par' dir='ltr' id='par_1_73' title="bbox 1965 3077 3624 3149">
     <span class='ocr_line' id='line_1_73' title="bbox 1965 3077 3624 3149; baseline 0.005 -17"><span class='ocrx_word' id='word_1_538' title='bbox 1965 3077 2527 3149; x_wconf 86' lang='lat' dir='ltr'><strong>goras,dimetiens,</strong></span> <span class='ocrx_word' id='word_1_539' title='bbox 2560 3077 2666 3133; x_wconf 88' lang='lat' dir='ltr'><strong>sed</strong></span> <span class='ocrx_word' id='word_1_540' title='bbox 2714 3080 2866 3135; x_wconf 89' lang='lat' dir='ltr'><strong>inter</strong></span> <span class='ocrx_word' id='word_1_541' title='bbox 2919 3095 3098 3136; x_wconf 91' lang='lat' dir='ltr'><strong>voces</strong></span> <span class='ocrx_word' id='word_1_542' title='bbox 3151 3081 3624 3141; x_wconf 75' lang='lat' dir='ltr'><strong>differentiarum</strong></span> 
     </span>
    </p>
   </div>
   <div class='ocr_carea' id='block_1_74' title="bbox 1964 3165 3620 3236">
    <p class='ocr_par' dir='ltr' id='par_1_74' title="bbox 1964 3165 3620 3236">
     <span class='ocr_line' id='line_1_74' title="bbox 1964 3165 3620 3236; baseline 0.004 -14"><span class='ocrx_word' id='word_1_543' title='bbox 1964 3181 2281 3222; x_wconf 88' lang='lat' dir='ltr'><strong>mensuras</strong></span> <span class='ocrx_word' id='word_1_544' title='bbox 2311 3165 2616 3234; x_wconf 89' lang='lat' dir='ltr'><strong>colligens,</strong></span> <span class='ocrx_word' id='word_1_545' title='bbox 2642 3166 2878 3236; x_wconf 88' lang='lat' dir='ltr'><strong>singula</strong></span> <span class='ocrx_word' id='word_1_546' title='bbox 2900 3168 3278 3225; x_wconf 89' lang='lat' dir='ltr'><strong>tetrachorda</strong></span> <span class='ocrx_word' id='word_1_547' title='bbox 3301 3171 3489 3226; x_wconf 89' lang='lat' dir='ltr'><strong>tribus</strong></span> <span class='ocrx_word' id='word_1_548' title='bbox 3509 3188 3620 3228; x_wconf 90' lang='lat' dir='ltr'><strong>nu-</strong></span> 
     </span>
    </p>
   </div>
   <div class='ocr_carea' id='block_1_75' title="bbox 1964 3254 3622 3328">
    <p class='ocr_par' dir='ltr' id='par_1_75' title="bbox 1964 3254 3622 3328">
     <span class='ocr_line' id='line_1_75' title="bbox 1964 3254 3622 3328; baseline 0.004 -18"><span class='ocrx_word' id='word_1_549' title='bbox 1964 3255 2146 3311; x_wconf 89' lang='lat' dir='ltr'><strong>meris</strong></span> <span class='ocrx_word' id='word_1_550' title='bbox 2176 3254 2466 3324; x_wconf 88' lang='lat' dir='ltr'><strong>distinxit,</strong></span> <span class='ocrx_word' id='word_1_551' title='bbox 2497 3255 2602 3328; x_wconf 92' lang='lat' dir='ltr'><strong>qui</strong></span> <span class='ocrx_word' id='word_1_552' title='bbox 2632 3272 2743 3313; x_wconf 91' lang='lat' dir='ltr'><strong>nec</strong></span> <span class='ocrx_word' id='word_1_553' title='bbox 2770 3260 2872 3312; x_wconf 87' lang='lat' dir='ltr'><strong>LX.</strong></span> <span class='ocrx_word' id='word_1_554' title='bbox 2907 3257 3280 3328; x_wconf 84' lang='lat' dir='ltr'><strong>excederent,</strong></span> <span class='ocrx_word' id='word_1_555' title='bbox 3313 3275 3423 3316; x_wconf 91' lang='lat' dir='ltr'><strong>nec</strong></span> <span class='ocrx_word' id='word_1_556' title='bbox 3467 3261 3622 3318; x_wconf 85' lang='lat' dir='ltr'><strong>infra</strong></span> 
     </span>
    </p>
   </div>
   <div class='ocr_carea' id='block_1_76' title="bbox 1963 3343 3624 3422">
    <p class='ocr_par' dir='ltr' id='par_1_76' title="bbox 1963 3343 3624 3422">
     <span class='ocr_line' id='line_1_76' title="bbox 1963 3343 3624 3422; baseline 0.004 -23"><span class='ocrx_word' id='word_1_557' title='bbox 1963 3343 2373 3409; x_wconf 79' lang='lat' dir='ltr'><strong>subsisterent.</strong></span> <span class='ocrx_word' id='word_1_558' title='bbox 2400 3348 2542 3400; x_wconf 88' lang='lat' dir='ltr'><strong>Nam</strong></span> <span class='ocrx_word' id='word_1_559' title='bbox 2570 3345 2628 3400; x_wconf 92' lang='lat' dir='ltr'><strong>in</strong></span> <span class='ocrx_word' id='word_1_560' title='bbox 2647 3351 2909 3418; x_wconf 91' lang='lat' dir='ltr'><strong>quatuor</strong></span> <span class='ocrx_word' id='word_1_561' title='bbox 2923 3347 3314 3404; x_wconf 87' lang='lat' dir='ltr'><strong>tetrachordis</strong></span> <span class='ocrx_word' id='word_1_562' title='bbox 3335 3349 3486 3404; x_wconf 90' lang='lat' dir='ltr'><strong>inter</strong></span> <span class='ocrx_word' id='word_1_563' title='bbox 3505 3351 3624 3422; x_wconf 88' lang='lat' dir='ltr'><strong>pri-</strong></span> 
     </span>
    </p>
   </div>
   <div class='ocr_carea' id='block_1_77' title="bbox 1962 3433 3624 3509">
    <p class='ocr_par' dir='ltr' id='par_1_77' title="bbox 1962 3433 3624 3509">
     <span class='ocr_line' id='line_1_77' title="bbox 1962 3433 3624 3509; baseline 0.004 -21"><span class='ocrx_word' id='word_1_564' title='bbox 1962 3449 2127 3488; x_wconf 89' lang='lat' dir='ltr'><strong>mam</strong></span> <span class='ocrx_word' id='word_1_565' title='bbox 2149 3437 2205 3488; x_wconf 92' lang='lat' dir='ltr'><strong>et</strong></span> <span class='ocrx_word' id='word_1_566' title='bbox 2235 3433 2563 3490; x_wconf 90' lang='lat' dir='ltr'><strong>secundam</strong></span> <span class='ocrx_word' id='word_1_567' title='bbox 2592 3434 2906 3504; x_wconf 91' lang='lat' dir='ltr'><strong>chordam,</strong></span> <span class='ocrx_word' id='word_1_568' title='bbox 2939 3436 3392 3509; x_wconf 89' lang='lat' dir='ltr'><strong>secundamque</strong></span> <span class='ocrx_word' id='word_1_569' title='bbox 3413 3455 3483 3494; x_wconf 92' lang='lat' dir='ltr'><strong>ac</strong></span> <span class='ocrx_word' id='word_1_570' title='bbox 3512 3443 3624 3494; x_wconf 92' lang='lat' dir='ltr'><strong>ter-</strong></span> 
     </span>
    </p>
   </div>
   <div class='ocr_carea' id='block_1_78' title="bbox 1961 3522 3620 3596">
    <p class='ocr_par' dir='ltr' id='par_1_78' title="bbox 1961 3522 3620 3596">
     <span class='ocr_line' id='line_1_78' title="bbox 1961 3522 3620 3596; baseline 0.004 -20"><span class='ocrx_word' id='word_1_571' title='bbox 1961 3522 2106 3577; x_wconf 87' lang='lat' dir='ltr'><strong>tiam</strong></span> <span class='ocrx_word' id='word_1_572' title='bbox 2128 3523 2388 3577; x_wconf 89' lang='lat' dir='ltr'><strong>eundem</strong></span> <span class='ocrx_word' id='word_1_573' title='bbox 2415 3539 2736 3579; x_wconf 90' lang='lat' dir='ltr'><strong>numerum</strong></span> <span class='ocrx_word' id='word_1_574' title='bbox 2767 3524 2970 3596; x_wconf 90' lang='lat' dir='ltr'><strong>posuit</strong></span> <span class='ocrx_word' id='word_1_575' title='bbox 2997 3541 3009 3576; x_wconf 90' lang='lat'><strong>:</strong></span> <span class='ocrx_word' id='word_1_576' title='bbox 3043 3524 3194 3580; x_wconf 92' lang='lat' dir='ltr'><strong>inter</strong></span> <span class='ocrx_word' id='word_1_577' title='bbox 3223 3526 3456 3582; x_wconf 89' lang='lat' dir='ltr'><strong>tertiam</strong></span> <span class='ocrx_word' id='word_1_578' title='bbox 3483 3543 3620 3582; x_wconf 88' lang='lat' dir='ltr'><strong>vero</strong></span> 
     </span>
    </p>
   </div>
   <div class='ocr_carea' id='block_1_79' title="bbox 1959 3611 3618 3686">
    <p class='ocr_par' dir='ltr' id='par_1_79' title="bbox 1959 3611 3618 3686">
     <span class='ocr_line' id='line_1_79' title="bbox 1959 3611 3618 3686; baseline 0.002 -19"><span class='ocrx_word' id='word_1_579' title='bbox 1959 3616 2018 3667; x_wconf 92' lang='lat' dir='ltr'><strong>et</strong></span> <span class='ocrx_word' id='word_1_580' title='bbox 2045 3614 2346 3682; x_wconf 89' lang='lat' dir='ltr'><strong>quartam,</strong></span> <span class='ocrx_word' id='word_1_581' title='bbox 2378 3611 2539 3684; x_wconf 90' lang='lat' dir='ltr'><strong>quod</strong></span> <span class='ocrx_word' id='word_1_582' title='bbox 2573 3612 2880 3668; x_wconf 91' lang='lat' dir='ltr'><strong>residuum</strong></span> <span class='ocrx_word' id='word_1_583' title='bbox 2902 3615 3028 3666; x_wconf 89' lang='lat' dir='ltr'><strong>erat</strong></span> <span class='ocrx_word' id='word_1_584' title='bbox 3055 3612 3131 3666; x_wconf 93' lang='lat' dir='ltr'><strong>de</strong></span> <span class='ocrx_word' id='word_1_585' title='bbox 3164 3616 3278 3668; x_wconf 91' lang='lat' dir='ltr'><strong>LX.</strong></span> <span class='ocrx_word' id='word_1_586' title='bbox 3332 3617 3618 3686; x_wconf 87' lang='lat' dir='ltr'><strong>superad-</strong></span> 
     </span>
    </p>
   </div>
   <div class='ocr_carea' id='block_1_80' title="bbox 1953 3699 2245 3772">
    <p class='ocr_par' dir='ltr' id='par_1_80' title="bbox 1953 3699 2245 3772">
     <span class='ocr_line' id='line_1_80' title="bbox 1953 3699 2245 3772; baseline -0.01 -16"><span class='ocrx_word' id='word_1_587' title='bbox 1953 3699 2096 3772; x_wconf 91' lang='lat' dir='ltr'><strong>jecit</strong></span> <span class='ocrx_word' id='word_1_588' title='bbox 2120 3699 2202 3754; x_wconf 90' lang='lat' dir='ltr'><strong>ita</strong></span> <span class='ocrx_word' id='word_1_589' title='bbox 2233 3717 2245 3754; x_wconf 92' lang='lat'>:</span> 
     </span>
    </p>
   </div>
   <div class='ocr_carea' id='block_1_81' title="bbox 665 3839 3138 3915">
    <p class='ocr_par' dir='ltr' id='par_1_81' title="bbox 665 3839 3138 3915">
     <span class='ocr_line' id='line_1_81' title="bbox 665 3839 3138 3915; baseline -0.004 -12"><span class='ocrx_word' id='word_1_590' title='bbox 665 3851 753 3903; x_wconf 83' lang='lat' dir='ltr'><strong>VI.</strong></span> <span class='ocrx_word' id='word_1_591' title='bbox 794 3849 879 3903; x_wconf 86' lang='lat' dir='ltr'><strong>VI.</strong></span> <span class='ocrx_word' id='word_1_592' title='bbox 922 3847 1162 3902; x_wconf 89' lang='lat' dir='ltr'><strong>XLVIII.</strong></span> <span class='ocrx_word' id='word_1_593' title='bbox 1209 3848 1217 3915; x_wconf 90' lang='grc' dir='ltr'><strong>Ι</strong></span> <span class='ocrx_word' id='word_1_594' title='bbox 1261 3848 1398 3901; x_wconf 89' lang='lat' dir='ltr'><strong>VIII.</strong></span> <span class='ocrx_word' id='word_1_595' title='bbox 1443 3848 1576 3900; x_wconf 89' lang='lat' dir='ltr'><strong>Vlll.</strong></span> <span class='ocrx_word' id='word_1_596' title='bbox 1619 3844 1812 3900; x_wconf 84' lang='lat' dir='ltr'><strong>XLIII.</strong></span> <span class='ocrx_word' id='word_1_597' title='bbox 1859 3846 1867 3915; x_wconf 92' lang='grc' dir='ltr'><strong>Ι</strong></span> <span class='ocrx_word' id='word_1_598' title='bbox 1911 3841 2048 3898; x_wconf 81' lang='lat' dir='ltr'><strong>VIII.</strong></span> <span class='ocrx_word' id='word_1_599' title='bbox 2093 3839 2253 3895; x_wconf 89' lang='lat' dir='ltr'><strong>VIIII.</strong></span> <span class='ocrx_word' id='word_1_600' title='bbox 2296 3843 2451 3898; x_wconf 83' lang='lat' dir='ltr'><strong>XLII.</strong></span> <span class='ocrx_word' id='word_1_601' title='bbox 2499 3843 2506 3910; x_wconf 95' lang='lat'>|</span> <span class='ocrx_word' id='word_1_602' title='bbox 2549 3841 2668 3897; x_wconf 88' lang='lat' dir='ltr'><strong>XII.</strong></span> <span class='ocrx_word' id='word_1_603' title='bbox 2713 3843 2834 3897; x_wconf 88' lang='lat' dir='ltr'><strong>XII.</strong></span> <span class='ocrx_word' id='word_1_604' title='bbox 2876 3841 3138 3895; x_wconf 87' lang='lat' dir='ltr'><strong>XXXVI.</strong></span> 
     </span>
    </p>
   </div>
   <div class='ocr_carea' id='block_1_82' title="bbox 183 3969 1852 4043">
    <p class='ocr_par' dir='ltr' id='par_1_82' title="bbox 183 3969 1852 4043">
     <span class='ocr_line' id='line_1_82' title="bbox 183 3969 1852 4043; baseline -0.004 -12"><span class='ocrx_word' id='word_1_605' title='bbox 183 3977 438 4032; x_wconf 81' lang='lat' dir='ltr'><strong>Restant</strong></span> <span class='ocrx_word' id='word_1_606' title='bbox 462 3973 584 4028; x_wconf 92' lang='lat' dir='ltr'><strong>duo</strong></span> <span class='ocrx_word' id='word_1_607' title='bbox 613 3970 1010 4038; x_wconf 86' lang='lat' dir='ltr'><strong>tetrachorda,</strong></span> <span class='ocrx_word' id='word_1_608' title='bbox 1066 3985 1326 4043; x_wconf 88' lang='lat' dir='ltr'><strong>quorum</strong></span> <span class='ocrx_word' id='word_1_609' title='bbox 1384 3969 1639 4026; x_wconf 88' lang='lat' dir='ltr'><strong>alterum</strong></span> <span class='ocrx_word' id='word_1_610' title='bbox 1669 3969 1852 4025; x_wconf 88' lang='lat' dir='ltr'><strong>habet</strong></span> 
     </span>
    </p>
   </div>
   <div class='ocr_carea' id='block_1_83' title="bbox 213 4057 1817 4133">
    <p class='ocr_par' dir='ltr' id='par_1_83' title="bbox 213 4057 1817 4133">
     <span class='ocr_line' id='line_1_83' title="bbox 213 4057 1817 4133; baseline -0.004 -14"><span class='ocrx_word' id='word_1_611' title='bbox 213 4065 222 4133; x_wconf 99' lang='lat'><strong><em>|</em></strong></span> <span class='ocrx_word' id='word_1_612' title='bbox 257 4066 372 4119; x_wconf 89' lang='lat' dir='ltr'><strong>XII.</strong></span> <span class='ocrx_word' id='word_1_613' title='bbox 407 4063 586 4117; x_wconf 88' lang='lat' dir='ltr'><strong>XVIII.</strong></span> <span class='ocrx_word' id='word_1_614' title='bbox 619 4063 764 4116; x_wconf 89' lang='lat' dir='ltr'><strong>XXX.</strong></span> <span class='ocrx_word' id='word_1_615' title='bbox 803 4062 811 4129; x_wconf 96' lang='lat'><strong><em>|</em></strong></span> <span class='ocrx_word' id='word_1_616' title='bbox 846 4059 1099 4115; x_wconf 90' lang='lat' dir='ltr'><strong>alterum</strong></span> <span class='ocrx_word' id='word_1_617' title='bbox 1132 4057 1141 4131; x_wconf 98' lang='lat'><strong><em>|</em></strong></span> <span class='ocrx_word' id='word_1_618' title='bbox 1174 4061 1284 4114; x_wconf 92' lang='lat' dir='ltr'><strong>XII.</strong></span> <span class='ocrx_word' id='word_1_619' title='bbox 1314 4061 1484 4114; x_wconf 90' lang='lat' dir='ltr'><strong>XXIV.</strong></span> <span class='ocrx_word' id='word_1_620' title='bbox 1533 4063 1588 4114; x_wconf 93' lang='lat' dir='ltr'><strong>et</strong></span> <span class='ocrx_word' id='word_1_621' title='bbox 1625 4061 1777 4114; x_wconf 88' lang='lat' dir='ltr'><strong>XXIV</strong></span> <span class='ocrx_word' id='word_1_622' title='bbox 1811 4061 1817 4128; x_wconf 99' lang='lat'><strong><em>|</em></strong></span> 
     </span>
    </p>
   </div>
   <div class='ocr_carea' id='block_1_84' title="bbox 179 4147 1846 4220">
    <p class='ocr_par' dir='ltr' id='par_1_84' title="bbox 179 4147 1846 4220">
     <span class='ocr_line' id='line_1_84' title="bbox 179 4147 1846 4220; baseline -0.004 -12"><span class='ocrx_word' id='word_1_623' title='bbox 179 4155 290 4208; x_wconf 86' lang='lat' dir='ltr'><strong>Est</strong></span> <span class='ocrx_word' id='word_1_624' title='bbox 318 4154 520 4207; x_wconf 90' lang='lat' dir='ltr'><strong>autem</strong></span> <span class='ocrx_word' id='word_1_625' title='bbox 537 4148 785 4205; x_wconf 89' lang='lat' dir='ltr'><strong>eorumd</strong></span> <span class='ocrx_word' id='word_1_626' title='bbox 795 4164 890 4204; x_wconf 91' lang='lat' dir='ltr'><strong>em</strong></span> <span class='ocrx_word' id='word_1_627' title='bbox 906 4163 1295 4203; x_wconf 89' lang='lat' dir='ltr'><strong>numerorum</strong></span> <span class='ocrx_word' id='word_1_628' title='bbox 1319 4147 1447 4202; x_wconf 81' lang='lat' dir='ltr'><strong>haec</strong></span> <span class='ocrx_word' id='word_1_629' title='bbox 1464 4147 1614 4204; x_wconf 90' lang='lat' dir='ltr'><strong>ratio</strong></span> <span class='ocrx_word' id='word_1_630' title='bbox 1640 4165 1652 4202; x_wconf 87' lang='lat'><strong>:</strong></span> <span class='ocrx_word' id='word_1_631' title='bbox 1679 4147 1846 4220; x_wconf 90' lang='lat' dir='ltr'><strong>quod</strong></span> 
     </span>
    </p>
   </div>
   <div class='ocr_carea' id='block_1_85' title="bbox 1959 3964 3615 4037">
    <p class='ocr_par' dir='ltr' id='par_1_85' title="bbox 1959 3964 3615 4037">
     <span class='ocr_line' id='line_1_85' title="bbox 1959 3964 3615 4037; baseline 0.001 -15"><span class='ocrx_word' id='word_1_632' title='bbox 1959 3964 2211 4037; x_wconf 85' lang='lat' dir='ltr'><strong>generis.</strong></span> <span class='ocrx_word' id='word_1_633' title='bbox 2247 3965 2428 4036; x_wconf 86' lang='lat' dir='ltr'><strong>Igitur</strong></span> <span class='ocrx_word' id='word_1_634' title='bbox 2454 3965 2784 4023; x_wconf 89' lang='lat' dir='ltr'><strong>secundum</strong></span> <span class='ocrx_word' id='word_1_635' title='bbox 2832 3966 3126 4036; x_wconf 86' lang='lat' dir='ltr'><strong>majorem</strong></span> <span class='ocrx_word' id='word_1_636' title='bbox 3183 3968 3615 4024; x_wconf 87' lang='lat' dir='ltr'><strong>extremitatem</strong></span> 
     </span>
    </p>
   </div>
   <div class='ocr_carea' id='block_1_86' title="bbox 1959 4054 3618 4129">
    <p class='ocr_par' dir='ltr' id='par_1_86' title="bbox 1959 4054 3618 4129">
     <span class='ocr_line' id='line_1_86' title="bbox 1959 4054 3618 4129; baseline 0.001 -18"><span class='ocrx_word' id='word_1_637' title='bbox 1959 4054 2478 4112; x_wconf 87' lang='lat' dir='ltr'><strong>tetrachordorum</strong></span> <span class='ocrx_word' id='word_1_638' title='bbox 2535 4060 2621 4112; x_wconf 91' lang='lat' dir='ltr'><strong>est</strong></span> <span class='ocrx_word' id='word_1_639' title='bbox 2682 4054 3190 4112; x_wconf 89' lang='lat' dir='ltr'><strong>commensuratio</strong></span> <span class='ocrx_word' id='word_1_640' title='bbox 3233 4057 3618 4129; x_wconf 90' lang='lat' dir='ltr'><strong>symphonia-</strong></span> 
     </span>
    </p>
   </div>
   <div class='ocr_carea' id='block_1_87' title="bbox 1957 4143 3618 4215">
    <p class='ocr_par' dir='ltr' id='par_1_87' title="bbox 1957 4143 3618 4215">
     <span class='ocr_line' id='line_1_87' title="bbox 1957 4143 3618 4215; baseline 0.001 -15"><span class='ocrx_word' id='word_1_641' title='bbox 1957 4158 2114 4211; x_wconf 89' lang='lat' dir='ltr'><strong>rum,</strong></span> <span class='ocrx_word' id='word_1_642' title='bbox 2145 4143 2438 4215; x_wconf 91' lang='lat' dir='ltr'><strong>quoniam</strong></span> <span class='ocrx_word' id='word_1_643' title='bbox 2469 4143 2704 4200; x_wconf 88' lang='lat' dir='ltr'><strong>XLVIII.</strong></span> <span class='ocrx_word' id='word_1_644' title='bbox 2736 4148 2874 4200; x_wconf 90' lang='lat' dir='ltr'><strong>sunt</strong></span> <span class='ocrx_word' id='word_1_645' title='bbox 2909 4143 3001 4199; x_wconf 90' lang='lat' dir='ltr'><strong>bis</strong></span> <span class='ocrx_word' id='word_1_646' title='bbox 3033 4144 3265 4212; x_wconf 80' lang='lat' dir='ltr'><strong>XXIIII,</strong></span> <span class='ocrx_word' id='word_1_647' title='bbox 3316 4145 3379 4200; x_wconf 90' lang='lat' dir='ltr'><strong>id</strong></span> <span class='ocrx_word' id='word_1_648' title='bbox 3418 4149 3508 4202; x_wconf 89' lang='lat' dir='ltr'><strong>est</strong></span> <span class='ocrx_word' id='word_1_649' title='bbox 3525 4145 3618 4202; x_wconf 91' lang='lat' dir='ltr'><strong>bis</strong></span> 
     </span>
    </p>
   </div>
   <div class='ocr_carea' id='block_1_88' title="bbox 175 4231 3620 4311">
    <p class='ocr_par' dir='ltr' id='par_1_88' title="bbox 175 4231 3620 4311">
     <span class='ocr_line' id='line_1_88' title="bbox 175 4231 3620 4311; baseline -0.001 -17"><span class='ocrx_word' id='word_1_650' title='bbox 175 4239 390 4295; x_wconf 82' lang='lat' dir='ltr'><strong>XXIV.</strong></span> <span class='ocrx_word' id='word_1_651' title='bbox 416 4254 526 4311; x_wconf 89' lang='lat' dir='ltr'><strong>pro</strong></span> <span class='ocrx_word' id='word_1_652' title='bbox 555 4241 695 4294; x_wconf 92' lang='lat' dir='ltr'><strong>tono</strong></span> <span class='ocrx_word' id='word_1_653' title='bbox 720 4237 942 4310; x_wconf 85' lang='lat' dir='ltr'><strong>posuit,</strong></span> <span class='ocrx_word' id='word_1_654' title='bbox 1004 4237 1126 4291; x_wconf 88' lang='lat' dir='ltr'><strong>XII.</strong></span> <span class='ocrx_word' id='word_1_655' title='bbox 1189 4252 1298 4310; x_wconf 90' lang='lat' dir='ltr'><strong>pro</strong></span> <span class='ocrx_word' id='word_1_656' title='bbox 1323 4235 1659 4300; x_wconf 89' lang='lat' dir='ltr'><strong>semitonio,</strong></span> <span class='ocrx_word' id='word_1_657' title='bbox 1706 4238 1842 4292; x_wconf 90' lang='lat' dir='ltr'><strong>VIII.</strong></span> <span class='ocrx_word' id='word_1_658' title='bbox 1883 4241 1928 4296; x_wconf 90' lang='lat' dir='ltr'><strong>D</strong></span> <span class='ocrx_word' id='word_1_659' title='bbox 1959 4231 2254 4304; x_wconf 90' lang='lat' dir='ltr'><strong>diapason</strong></span> <span class='ocrx_word' id='word_1_660' title='bbox 2285 4233 2454 4302; x_wconf 85' lang='lat'><strong>(639),</strong></span> <span class='ocrx_word' id='word_1_661' title='bbox 2487 4232 2653 4305; x_wconf 89' lang='lat' dir='ltr'><strong>quod</strong></span> <span class='ocrx_word' id='word_1_662' title='bbox 2685 4237 2773 4288; x_wconf 87' lang='lat' dir='ltr'><strong>est</strong></span> <span class='ocrx_word' id='word_1_663' title='bbox 2802 4231 3046 4305; x_wconf 88' lang='lat' dir='ltr'><strong>quidem</strong></span> <span class='ocrx_word' id='word_1_664' title='bbox 3077 4238 3289 4305; x_wconf 90' lang='lat' dir='ltr'><strong>quater</strong></span> <span class='ocrx_word' id='word_1_665' title='bbox 3319 4235 3388 4288; x_wconf 91' lang='lat' dir='ltr'><strong>VI</strong></span> <span class='ocrx_word' id='word_1_666' title='bbox 3447 4239 3504 4290; x_wconf 91' lang='lat' dir='ltr'><strong>et</strong></span> <span class='ocrx_word' id='word_1_667' title='bbox 3533 4238 3620 4290; x_wconf 89' lang='lat' dir='ltr'><strong>ter</strong></span> 
     </span>
    </p>
   </div>
   <div class='ocr_carea' id='block_1_89' title="bbox 170 4324 1844 4403">
    <p class='ocr_par' dir='ltr' id='par_1_89' title="bbox 170 4324 1844 4403">
     <span class='ocr_line' id='line_1_89' title="bbox 170 4324 1844 4403; baseline -0.003 -18"><span class='ocrx_word' id='word_1_668' title='bbox 170 4344 301 4403; x_wconf 87' lang='lat' dir='ltr'><strong>pro</strong></span> <span class='ocrx_word' id='word_1_669' title='bbox 328 4327 498 4384; x_wconf 90' lang='lat' dir='ltr'><strong>tertia</strong></span> <span class='ocrx_word' id='word_1_670' title='bbox 523 4330 692 4399; x_wconf 88' lang='lat' dir='ltr'><strong>parte</strong></span> <span class='ocrx_word' id='word_1_671' title='bbox 718 4325 863 4394; x_wconf 91' lang='lat' dir='ltr'><strong>toni,</strong></span> <span class='ocrx_word' id='word_1_672' title='bbox 896 4327 983 4380; x_wconf 91' lang='lat' dir='ltr'><strong>VI.</strong></span> <span class='ocrx_word' id='word_1_673' title='bbox 1009 4340 1118 4397; x_wconf 91' lang='lat' dir='ltr'><strong>pro</strong></span> <span class='ocrx_word' id='word_1_674' title='bbox 1139 4329 1375 4398; x_wconf 90' lang='lat' dir='ltr'><strong>quarta;</strong></span> <span class='ocrx_word' id='word_1_675' title='bbox 1408 4325 1573 4397; x_wconf 90' lang='lat' dir='ltr'><strong>quod</strong></span> <span class='ocrx_word' id='word_1_676' title='bbox 1599 4330 1687 4381; x_wconf 91' lang='lat' dir='ltr'><strong>est</strong></span> <span class='ocrx_word' id='word_1_677' title='bbox 1719 4324 1844 4381; x_wconf 90' lang='lat' dir='ltr'><strong>die-</strong></span> 
     </span>
    </p>
   </div>
   <div class='ocr_carea' id='block_1_90' title="bbox 172 4413 1849 4488">
    <p class='ocr_par' dir='ltr' id='par_1_90' title="bbox 172 4413 1849 4488">
     <span class='ocr_line' id='line_1_90' title="bbox 172 4413 1849 4488; baseline -0.001 -16"><span class='ocrx_word' id='word_1_678' title='bbox 172 4418 268 4473; x_wconf 88' lang='lat' dir='ltr'><strong>sis</strong></span> <span class='ocrx_word' id='word_1_679' title='bbox 296 4435 308 4484; x_wconf 93' lang='lat'><strong>;</strong></span> <span class='ocrx_word' id='word_1_680' title='bbox 339 4416 438 4472; x_wconf 89' lang='lat' dir='ltr'><strong>IX.</strong></span> <span class='ocrx_word' id='word_1_681' title='bbox 467 4431 608 4471; x_wconf 82' lang='lat' dir='ltr'><strong>vero</strong></span> <span class='ocrx_word' id='word_1_682' title='bbox 639 4431 713 4471; x_wconf 90' lang='lat' dir='ltr'><strong>ex</strong></span> <span class='ocrx_word' id='word_1_683' title='bbox 739 4417 956 4488; x_wconf 88' lang='lat' dir='ltr'><strong>quarta</strong></span> <span class='ocrx_word' id='word_1_684' title='bbox 984 4417 1150 4486; x_wconf 89' lang='lat' dir='ltr'><strong>parte</strong></span> <span class='ocrx_word' id='word_1_685' title='bbox 1175 4413 1320 4485; x_wconf 90' lang='lat' dir='ltr'><strong>toni,</strong></span> <span class='ocrx_word' id='word_1_686' title='bbox 1348 4413 1515 4485; x_wconf 90' lang='lat' dir='ltr'><strong>quod</strong></span> <span class='ocrx_word' id='word_1_687' title='bbox 1546 4417 1634 4470; x_wconf 93' lang='lat' dir='ltr'><strong>est</strong></span> <span class='ocrx_word' id='word_1_688' title='bbox 1656 4416 1743 4470; x_wconf 90' lang='lat' dir='ltr'><strong>VI.</strong></span> <span class='ocrx_word' id='word_1_689' title='bbox 1793 4418 1849 4470; x_wconf 92' lang='lat' dir='ltr'><strong>et</strong></span> 
     </span>
    </p>
   </div>
   <div class='ocr_carea' id='block_1_91' title="bbox 170 4501 1846 4577">
    <p class='ocr_par' dir='ltr' id='par_1_91' title="bbox 170 4501 1846 4577">
     <span class='ocr_line' id='line_1_91' title="bbox 170 4501 1846 4577; baseline -0.003 -14"><span class='ocrx_word' id='word_1_690' title='bbox 170 4509 422 4570; x_wconf 89' lang='lat' dir='ltr'><strong>octava,</strong></span> <span class='ocrx_word' id='word_1_691' title='bbox 456 4503 621 4577; x_wconf 92' lang='lat' dir='ltr'><strong>quod</strong></span> <span class='ocrx_word' id='word_1_692' title='bbox 638 4507 726 4560; x_wconf 90' lang='lat' dir='ltr'><strong>est</strong></span> <span class='ocrx_word' id='word_1_693' title='bbox 751 4507 844 4558; x_wconf 94' lang='lat' dir='ltr'><strong>III.</strong></span> <span class='ocrx_word' id='word_1_694' title='bbox 874 4501 1194 4558; x_wconf 87' lang='lat' dir='ltr'><strong>constituit.</strong></span> <span class='ocrx_word' id='word_1_695' title='bbox 1222 4504 1286 4557; x_wconf 85' lang='lat' dir='ltr'><strong>Et</strong></span> <span class='ocrx_word' id='word_1_696' title='bbox 1309 4501 1574 4575; x_wconf 90' lang='lat' dir='ltr'><strong>primum</strong></span> <span class='ocrx_word' id='word_1_697' title='bbox 1599 4502 1846 4575; x_wconf 89' lang='lat' dir='ltr'><strong>quidem</strong></span> 
     </span>
    </p>
   </div>
   <div class='ocr_carea' id='block_1_92' title="bbox 167 4591 1848 4658">
    <p class='ocr_par' dir='ltr' id='par_1_92' title="bbox 167 4591 1848 4658">
     <span class='ocr_line' id='line_1_92' title="bbox 167 4591 1848 4658; baseline -0.002 -6"><span class='ocrx_word' id='word_1_698' title='bbox 167 4593 638 4652; x_wconf 75' lang='lat' dir='ltr'><strong>tetrachordum</strong></span> <span class='ocrx_word' id='word_1_699' title='bbox 667 4591 814 4648; x_wconf 88' lang='lat' dir='ltr'><strong>dixit</strong></span> <span class='ocrx_word' id='word_1_700' title='bbox 840 4591 1194 4658; x_wconf 87' lang='lat' dir='ltr'><strong>enarmonii,</strong></span> <span class='ocrx_word' id='word_1_701' title='bbox 1219 4591 1554 4647; x_wconf 89' lang='lat' dir='ltr'><strong>secundum</strong></span> <span class='ocrx_word' id='word_1_702' title='bbox 1576 4591 1848 4649; x_wconf 90' lang='lat' dir='ltr'><strong>chroma-</strong></span> 
     </span>
    </p>
   </div>
   <div class='ocr_carea' id='block_1_93' title="bbox 172 4678 1847 4752">
    <p class='ocr_par' dir='ltr' id='par_1_93' title="bbox 172 4678 1847 4752">
     <span class='ocr_line' id='line_1_93' title="bbox 172 4678 1847 4752; baseline -0.002 -13"><span class='ocrx_word' id='word_1_703' title='bbox 172 4683 289 4741; x_wconf 85' lang='lat' dir='ltr'><strong>tici</strong></span> <span class='ocrx_word' id='word_1_704' title='bbox 309 4681 526 4748; x_wconf 89' lang='lat' dir='ltr'><strong>mollis,</strong></span> <span class='ocrx_word' id='word_1_705' title='bbox 545 4680 777 4737; x_wconf 90' lang='lat' dir='ltr'><strong>tertiam</strong></span> <span class='ocrx_word' id='word_1_706' title='bbox 790 4678 1138 4736; x_wconf 90' lang='lat' dir='ltr'><strong>chromatici</strong></span> <span class='ocrx_word' id='word_1_707' title='bbox 1156 4679 1304 4750; x_wconf 85' lang='lat'><strong>(636)</strong></span> <span class='ocrx_word' id='word_1_708' title='bbox 1327 4679 1544 4748; x_wconf 90' lang='lat' dir='ltr'><strong>emolii,</strong></span> <span class='ocrx_word' id='word_1_709' title='bbox 1563 4685 1847 4752; x_wconf 90' lang='lat' dir='ltr'><strong>quartum</strong></span> 
     </span>
    </p>
   </div>
   <div class='ocr_carea' id='block_1_94' title="bbox 170 4767 1844 4841">
    <p class='ocr_par' dir='ltr' id='par_1_94' title="bbox 170 4767 1844 4841">
     <span class='ocr_line' id='line_1_94' title="bbox 170 4767 1844 4841; baseline -0.002 -13"><span class='ocrx_word' id='word_1_710' title='bbox 170 4769 540 4828; x_wconf 88' lang='lat' dir='ltr'><strong>chromatici</strong></span> <span class='ocrx_word' id='word_1_711' title='bbox 569 4769 748 4825; x_wconf 92' lang='lat' dir='ltr'><strong>tonici</strong></span> <span class='ocrx_word' id='word_1_712' title='bbox 773 4770 944 4838; x_wconf 86' lang='lat'><strong>(637),</strong></span> <span class='ocrx_word' id='word_1_713' title='bbox 977 4767 1255 4841; x_wconf 87' lang='lat' dir='ltr'><strong>quintum</strong></span> <span class='ocrx_word' id='word_1_714' title='bbox 1285 4768 1567 4825; x_wconf 91' lang='lat' dir='ltr'><strong>diatonici</strong></span> <span class='ocrx_word' id='word_1_715' title='bbox 1623 4768 1844 4838; x_wconf 89' lang='lat' dir='ltr'><strong>mollis,</strong></span> 
     </span>
    </p>
   </div>
   <div class='ocr_carea' id='block_1_95' title="bbox 168 4856 1845 4928">
    <p class='ocr_par' dir='ltr' id='par_1_95' title="bbox 168 4856 1845 4928">
     <span class='ocr_line' id='line_1_95' title="bbox 168 4856 1845 4928; baseline -0.002 -12"><span class='ocrx_word' id='word_1_716' title='bbox 168 4864 426 4916; x_wconf 84' lang='lat' dir='ltr'><strong>sextum</strong></span> <span class='ocrx_word' id='word_1_717' title='bbox 447 4857 727 4914; x_wconf 90' lang='lat' dir='ltr'><strong>diatonici</strong></span> <span class='ocrx_word' id='word_1_718' title='bbox 748 4856 1157 4928; x_wconf 79' lang='lat' dir='ltr'><strong>(638)incitati.</strong></span> <span class='ocrx_word' id='word_1_719' title='bbox 1192 4856 1373 4927; x_wconf 83' lang='lat' dir='ltr'><strong>Major</strong></span> <span class='ocrx_word' id='word_1_720' title='bbox 1395 4861 1596 4912; x_wconf 91' lang='lat' dir='ltr'><strong>autem</strong></span> <span class='ocrx_word' id='word_1_721' title='bbox 1625 4857 1685 4912; x_wconf 93' lang='lat' dir='ltr'><strong>in</strong></span> <span class='ocrx_word' id='word_1_722' title='bbox 1715 4874 1845 4912; x_wconf 91' lang='lat' dir='ltr'><strong>om-</strong></span> 
     </span>
    </p>
   </div>
   <div class='ocr_carea' id='block_1_96' title="bbox 168 4944 1846 5017">
    <p class='ocr_par' dir='ltr' id='par_1_96' title="bbox 168 4944 1846 5017">
     <span class='ocr_line' id='line_1_96' title="bbox 168 4944 1846 5017; baseline -0.002 -12"><span class='ocrx_word' id='word_1_723' title='bbox 168 4948 370 5008; x_wconf 87' lang='lat' dir='ltr'><strong>nibus</strong></span> <span class='ocrx_word' id='word_1_724' title='bbox 391 4944 776 5002; x_wconf 90' lang='lat' dir='ltr'><strong>tetrachordis</strong></span> <span class='ocrx_word' id='word_1_725' title='bbox 788 4950 1088 5000; x_wconf 87' lang='lat' dir='ltr'><strong>extremus</strong></span> <span class='ocrx_word' id='word_1_726' title='bbox 1101 4960 1390 5000; x_wconf 90' lang='lat' dir='ltr'><strong>numerus</strong></span> <span class='ocrx_word' id='word_1_727' title='bbox 1409 4949 1710 5017; x_wconf 89' lang='lat' dir='ltr'><strong>est,quam</strong></span> <span class='ocrx_word' id='word_1_728' title='bbox 1723 4945 1846 5002; x_wconf 93' lang='lat' dir='ltr'><strong>duo</strong></span> 
     </span>
    </p>
   </div>
   <div class='ocr_carea' id='block_1_97' title="bbox 165 5032 1848 5108">
    <p class='ocr_par' dir='ltr' id='par_1_97' title="bbox 165 5032 1848 5108">
     <span class='ocr_line' id='line_1_97' title="bbox 165 5032 1848 5108; baseline -0.002 -15"><span class='ocrx_word' id='word_1_729' title='bbox 165 5035 424 5108; x_wconf 89' lang='lat' dir='ltr'><strong>reliqui,</strong></span> <span class='ocrx_word' id='word_1_730' title='bbox 452 5033 564 5090; x_wconf 90' lang='lat' dir='ltr'><strong>nisi</strong></span> <span class='ocrx_word' id='word_1_731' title='bbox 590 5034 649 5090; x_wconf 93' lang='lat' dir='ltr'><strong>in</strong></span> <span class='ocrx_word' id='word_1_732' title='bbox 675 5033 914 5090; x_wconf 90' lang='lat' dir='ltr'><strong>duobus</strong></span> <span class='ocrx_word' id='word_1_733' title='bbox 944 5032 1188 5101; x_wconf 91' lang='lat' dir='ltr'><strong>ultimis,</strong></span> <span class='ocrx_word' id='word_1_734' title='bbox 1215 5049 1350 5104; x_wconf 70' lang='lat' dir='ltr'><strong>quae</strong></span> <span class='ocrx_word' id='word_1_735' title='bbox 1383 5037 1522 5089; x_wconf 89' lang='lat' dir='ltr'><strong>sunt</strong></span> <span class='ocrx_word' id='word_1_736' title='bbox 1563 5033 1848 5090; x_wconf 82' lang='lat' dir='ltr'><strong>diatonici</strong></span> 
     </span>
    </p>
   </div>
   <div class='ocr_carea' id='block_1_98' title="bbox 285 5209 1074 5268">
    <p class='ocr_par' dir='ltr' id='par_1_98' title="bbox 285 5209 1074 5268">
     <span class='ocr_line' id='line_1_98' title="bbox 285 5209 1074 5268; baseline -0.004 -1"><span class='ocrx_word' id='word_1_737' title='bbox 285 5212 412 5268; x_wconf 81' lang='grc'>632)</span> <span class='ocrx_word' id='word_1_738' title='bbox 453 5211 584 5267; x_wconf 88' lang='lat' dir='ltr'><strong>Sci].</strong></span> <span class='ocrx_word' id='word_1_739' title='bbox 620 5214 707 5266; x_wconf 90' lang='lat' dir='ltr'><strong>ter</strong></span> <span class='ocrx_word' id='word_1_740' title='bbox 735 5209 1074 5266; x_wconf 92' lang='lat' dir='ltr'><strong>duodecim.</strong></span> 
     </span>
    </p>
   </div>
   <div class='ocr_carea' id='block_1_99' title="bbox 281 5212 1551 5354">
    <p class='ocr_par' dir='ltr' id='par_1_99' title="bbox 281 5212 1551 5354">
     <span class='ocr_line' id='line_1_99' title="bbox 285 5212 1074 5268; baseline -0.005 0"><span class='ocrx_word' id='word_1_741' title='bbox 285 5216 389 5268; x_wconf 85' lang='lat'><strong>632</strong></span> <span class='ocrx_word' id='word_1_742' title='bbox 453 5212 584 5267; x_wconf 92' lang='lat' dir='ltr'><strong>Scil.</strong></span> <span class='ocrx_word' id='word_1_743' title='bbox 620 5214 707 5266; x_wconf 90' lang='lat' dir='ltr'><strong>ter</strong></span> <span class='ocrx_word' id='word_1_744' title='bbox 735 5212 1074 5266; x_wconf 92' lang='lat' dir='ltr'><strong>duodecim.</strong></span> 
     </span>
     <span class='ocr_line' id='line_1_100' title="bbox 281 5212 1551 5354; baseline -0.006 -15"><span class='ocrx_word' id='word_1_745' title='bbox 281 5212 412 5354; x_wconf 48' lang='lat'><strong>633;</strong></span> <span class='ocrx_word' id='word_1_746' title='bbox 449 5283 584 5336; x_wconf 65' lang='lat' dir='ltr'><strong>Haec</strong></span> <span class='ocrx_word' id='word_1_747' title='bbox 616 5281 828 5336; x_wconf 89' lang='lat' dir='ltr'><strong>iterum</strong></span> <span class='ocrx_word' id='word_1_748' title='bbox 856 5279 1146 5354; x_wconf 86' lang='lat' dir='ltr'><strong>expositio</strong></span> <span class='ocrx_word' id='word_1_749' title='bbox 1177 5284 1263 5335; x_wconf 85' lang='lat' dir='ltr'><strong>est</strong></span> <span class='ocrx_word' id='word_1_750' title='bbox 1292 5279 1551 5335; x_wconf 84' lang='lat' dir='ltr'><strong>alterius.</strong></span> 
     </span>
    </p>
   </div>
   <div class='ocr_carea' id='block_1_100' title="bbox 281 5354 1019 5422">
    <p class='ocr_par' dir='ltr' id='par_1_100' title="bbox 281 5354 1019 5422">
     <span class='ocr_line' id='line_1_101' title="bbox 281 5354 1019 5422; baseline -0.005 -12"><span class='ocrx_word' id='word_1_751' title='bbox 281 5357 410 5422; x_wconf 77' lang='grc'>634)</span> <span class='ocrx_word' id='word_1_752' title='bbox 452 5357 511 5410; x_wconf 88' lang='lat' dir='ltr'><strong>C.</strong></span> <span class='ocrx_word' id='word_1_753' title='bbox 547 5356 670 5408; x_wconf 89' lang='lat' dir='ltr'><strong>Em.</strong></span> <span class='ocrx_word' id='word_1_754' title='bbox 702 5354 1019 5422; x_wconf 83' lang='lat' dir='ltr'><strong>repet-itur.</strong></span> 
     </span>
    </p>
   </div>
   <div class='ocr_carea' id='block_1_101' title="bbox 283 5424 1083 5482">
    <p class='ocr_par' dir='ltr' id='par_1_101' title="bbox 283 5424 1083 5482">
     <span class='ocr_line' id='line_1_102' title="bbox 283 5424 1083 5482; baseline -0.005 0"><span class='ocrx_word' id='word_1_755' title='bbox 283 5424 408 5482; x_wconf 75' lang='grc'>635)</span> <span class='ocrx_word' id='word_1_756' title='bbox 450 5425 512 5480; x_wconf 92' lang='lat' dir='ltr'><strong>C.</strong></span> <span class='ocrx_word' id='word_1_757' title='bbox 542 5425 674 5481; x_wconf 85' lang='lat' dir='ltr'><strong>Em.</strong></span> <span class='ocrx_word' id='word_1_758' title='bbox 708 5424 802 5480; x_wconf 87' lang='lat' dir='ltr'><strong>vel</strong></span> <span class='ocrx_word' id='word_1_759' title='bbox 831 5424 1083 5480; x_wconf 87' lang='lat' dir='ltr'><strong>tertiam.</strong></span> 
     </span>
    </p>
   </div>
   <div class='ocr_carea' id='block_1_102' title="bbox 265 5495 1848 5569">
    <p class='ocr_par' dir='ltr' id='par_1_102' title="bbox 265 5495 1848 5569">
     <span class='ocr_line' id='line_1_103' title="bbox 265 5495 1848 5569; baseline -0.001 -15"><span class='ocrx_word' id='word_1_760' title='bbox 265 5495 418 5565; x_wconf 60' lang='grc'>(636⁷)</span> <span class='ocrx_word' id='word_1_761' title='bbox 459 5499 594 5567; x_wconf 86' lang='lat' dir='ltr'><strong>Leg.</strong></span> <span class='ocrx_word' id='word_1_762' title='bbox 627 5495 911 5563; x_wconf 90' lang='lat' dir='ltr'><strong>hemiolii,</strong></span> <span class='ocrx_word' id='word_1_763' title='bbox 941 5510 1047 5551; x_wconf 91' lang='lat' dir='ltr'><strong>seu</strong></span> <span class='ocrx_word' id='word_1_764' title='bbox 1073 5495 1619 5569; x_wconf 86' lang='lat' dir='ltr'><strong>sesquialteri._Vid.</strong></span> <span class='ocrx_word' id='word_1_765' title='bbox 1681 5499 1848 5552; x_wconf 81' lang='lat' dir='ltr'><strong>Ams-</strong></span> 
     </span>
    </p>
   </div>
   <div class='ocr_carea' id='block_1_103' title="bbox 155 5566 1843 5640">
    <p class='ocr_par' dir='ltr' id='par_1_103' title="bbox 155 5566 1843 5640">
     <span class='ocr_line' id='line_1_104' title="bbox 155 5566 1843 5640; baseline -0.003 -11"><span class='ocrx_word' id='word_1_766' title='bbox 155 5585 442 5630; x_wconf 65' lang='lat' dir='ltr'><strong>roxesus</strong></span> <span class='ocrx_word' id='word_1_767' title='bbox 475 5566 575 5625; x_wconf 68' lang='lat' dir='ltr'><strong>lib.</strong></span> <span class='ocrx_word' id='word_1_768' title='bbox 614 5569 692 5624; x_wconf 86' lang='grc' dir='ltr'><strong>ΙΙ.</strong></span> <span class='ocrx_word' id='word_1_769' title='bbox 723 5566 1209 5640; x_wconf 72' lang='grc' dir='ltr'><strong>Ηανγηοηίσον.ρῖ</strong></span> <span class='ocrx_word' id='word_1_770' title='bbox 1265 5568 1352 5624; x_wconf 75' lang='grc'><strong>50.</strong></span> <span class='ocrx_word' id='word_1_771' title='bbox 1409 5566 1547 5625; x_wconf 90' lang='lat' dir='ltr'><strong>edit.</strong></span> <span class='ocrx_word' id='word_1_772' title='bbox 1608 5570 1843 5625; x_wconf 79' lang='lat' dir='ltr'><strong>MEIBOM.</strong></span> 
     </span>
    </p>
   </div>
   <div class='ocr_carea' id='block_1_104' title="bbox 618 5655 1182 5712">
    <p class='ocr_par' dir='ltr' id='par_1_104' title="bbox 618 5655 1182 5712">
     <span class='ocr_line' id='line_1_105' title="bbox 618 5655 1182 5712; baseline -0.002 -1"><span class='ocrx_word' id='word_1_773' title='bbox 618 5659 859 5712; x_wconf 74' lang='lat' dir='ltr'><strong>PAIRG‘L.</strong></span> <span class='ocrx_word' id='word_1_774' title='bbox 903 5655 1182 5712; x_wconf 85' lang='lat' dir='ltr'><strong>CXXXII.</strong></span> 
     </span>
    </p>
   </div>
   <div class='ocr_carea' id='block_1_105' title="bbox 1958 4321 3616 4381">
    <p class='ocr_par' dir='ltr' id='par_1_105' title="bbox 1958 4321 3616 4381">
     <span class='ocr_line' id='line_1_106' title="bbox 1958 4321 3616 4381; baseline 0.002 -4"><span class='ocrx_word' id='word_1_775' title='bbox 1958 4325 2094 4379; x_wconf 90' lang='lat' dir='ltr'><strong>VIII.</strong></span> <span class='ocrx_word' id='word_1_776' title='bbox 2129 4326 2185 4378; x_wconf 92' lang='lat' dir='ltr'><strong>et</strong></span> <span class='ocrx_word' id='word_1_777' title='bbox 2213 4321 2398 4378; x_wconf 88' lang='lat' dir='ltr'><strong>octies</strong></span> <span class='ocrx_word' id='word_1_778' title='bbox 2426 4325 2512 4378; x_wconf 95' lang='lat' dir='ltr'><strong>VI.</strong></span> <span class='ocrx_word' id='word_1_779' title='bbox 2551 4323 2825 4380; x_wconf 90' lang='lat' dir='ltr'><strong>Similiter</strong></span> <span class='ocrx_word' id='word_1_780' title='bbox 2845 4323 2938 4379; x_wconf 91' lang='lat' dir='ltr'><strong>bis</strong></span> <span class='ocrx_word' id='word_1_781' title='bbox 2966 4326 3074 4379; x_wconf 86' lang='lat' dir='ltr'><strong>XII.</strong></span> <span class='ocrx_word' id='word_1_782' title='bbox 3110 4325 3224 4380; x_wconf 89' lang='lat' dir='ltr'><strong>hoc</strong></span> <span class='ocrx_word' id='word_1_783' title='bbox 3254 4329 3344 4380; x_wconf 90' lang='lat' dir='ltr'><strong>est</strong></span> <span class='ocrx_word' id='word_1_784' title='bbox 3365 4324 3460 4380; x_wconf 89' lang='lat' dir='ltr'><strong>bis</strong></span> <span class='ocrx_word' id='word_1_785' title='bbox 3488 4325 3616 4381; x_wconf 88' lang='lat' dir='ltr'><strong>dia-</strong></span> 
     </span>
    </p>
   </div>
   <div class='ocr_carea' id='block_1_106' title="bbox 1956 4412 3612 4485">
    <p class='ocr_par' dir='ltr' id='par_1_106' title="bbox 1956 4412 3612 4485">
     <span class='ocr_line' id='line_1_107' title="bbox 1956 4412 3612 4485; baseline -0.002 -17"><span class='ocrx_word' id='word_1_786' title='bbox 1956 4426 2172 4485; x_wconf 87' lang='lat' dir='ltr'><strong>pason,</strong></span> <span class='ocrx_word' id='word_1_787' title='bbox 2211 4415 2350 4466; x_wconf 90' lang='lat' dir='ltr'><strong>sunt</strong></span> <span class='ocrx_word' id='word_1_788' title='bbox 2373 4414 2577 4468; x_wconf 85' lang='lat' dir='ltr'><strong>XXIIII.</strong></span> <span class='ocrx_word' id='word_1_789' title='bbox 2606 4412 2774 4485; x_wconf 91' lang='lat' dir='ltr'><strong>quod</strong></span> <span class='ocrx_word' id='word_1_790' title='bbox 2798 4416 2884 4468; x_wconf 91' lang='lat' dir='ltr'><strong>est</strong></span> <span class='ocrx_word' id='word_1_791' title='bbox 2927 4416 3138 4484; x_wconf 90' lang='lat' dir='ltr'><strong>quater</strong></span> <span class='ocrx_word' id='word_1_792' title='bbox 3169 4415 3253 4466; x_wconf 89' lang='lat' dir='ltr'><strong>VI.</strong></span> <span class='ocrx_word' id='word_1_793' title='bbox 3288 4415 3346 4467; x_wconf 91' lang='lat' dir='ltr'><strong>et</strong></span> <span class='ocrx_word' id='word_1_794' title='bbox 3374 4415 3461 4467; x_wconf 89' lang='lat' dir='ltr'><strong>ter</strong></span> <span class='ocrx_word' id='word_1_795' title='bbox 3477 4415 3612 4466; x_wconf 94' lang='lat' dir='ltr'><strong>VIII.</strong></span> 
     </span>
    </p>
   </div>
   <div class='ocr_carea' id='block_1_107' title="bbox 1958 4499 3612 4574">
    <p class='ocr_par' dir='ltr' id='par_1_107' title="bbox 1958 4499 3612 4574">
     <span class='ocr_line' id='line_1_108' title="bbox 1958 4499 3612 4574; baseline -0.002 -17"><span class='ocrx_word' id='word_1_796' title='bbox 1958 4501 2050 4557; x_wconf 90' lang='lat' dir='ltr'><strong>Bis</strong></span> <span class='ocrx_word' id='word_1_797' title='bbox 2083 4503 2284 4556; x_wconf 89' lang='lat' dir='ltr'><strong>autem</strong></span> <span class='ocrx_word' id='word_1_798' title='bbox 2315 4501 2450 4556; x_wconf 95' lang='lat' dir='ltr'><strong>VIII.</strong></span> <span class='ocrx_word' id='word_1_799' title='bbox 2477 4501 2558 4557; x_wconf 91' lang='lat' dir='ltr'><strong>ad</strong></span> <span class='ocrx_word' id='word_1_800' title='bbox 2585 4507 2798 4574; x_wconf 89' lang='lat' dir='ltr'><strong>quater</strong></span> <span class='ocrx_word' id='word_1_801' title='bbox 2824 4501 2908 4554; x_wconf 91' lang='lat' dir='ltr'><strong>VI.</strong></span> <span class='ocrx_word' id='word_1_802' title='bbox 2931 4499 3097 4570; x_wconf 89' lang='lat' dir='ltr'><strong>quod</strong></span> <span class='ocrx_word' id='word_1_803' title='bbox 3119 4499 3612 4566; x_wconf 89' lang='lat' dir='ltr'><strong>cstdiatessaron,</strong></span> 
     </span>
    </p>
   </div>
   <div class='ocr_carea' id='block_1_108' title="bbox 1957 4587 3613 4659">
    <p class='ocr_par' dir='ltr' id='par_1_108' title="bbox 1957 4587 3613 4659">
     <span class='ocr_line' id='line_1_109' title="bbox 1957 4587 3613 4659; baseline -0.001 -15"><span class='ocrx_word' id='word_1_804' title='bbox 1957 4592 2123 4646; x_wconf 87' lang='lat' dir='ltr'><strong>XLII.</strong></span> <span class='ocrx_word' id='word_1_805' title='bbox 2158 4593 2315 4659; x_wconf 89' lang='lat' dir='ltr'><strong>sunt,</strong></span> <span class='ocrx_word' id='word_1_806' title='bbox 2344 4594 2402 4646; x_wconf 86' lang='lat' dir='ltr'><strong>et</strong></span> <span class='ocrx_word' id='word_1_807' title='bbox 2429 4591 2522 4647; x_wconf 91' lang='lat' dir='ltr'><strong>bis</strong></span> <span class='ocrx_word' id='word_1_808' title='bbox 2581 4593 2664 4645; x_wconf 93' lang='lat' dir='ltr'><strong>VI.</strong></span> <span class='ocrx_word' id='word_1_809' title='bbox 2725 4589 2801 4645; x_wconf 91' lang='lat' dir='ltr'><strong>ad</strong></span> <span class='ocrx_word' id='word_1_810' title='bbox 2848 4588 2939 4643; x_wconf 90' lang='lat' dir='ltr'><strong>bis</strong></span> <span class='ocrx_word' id='word_1_811' title='bbox 2970 4591 3048 4643; x_wconf 91' lang='lat' dir='ltr'><strong>IX.</strong></span> <span class='ocrx_word' id='word_1_812' title='bbox 3109 4588 3273 4659; x_wconf 91' lang='lat' dir='ltr'><strong>quod</strong></span> <span class='ocrx_word' id='word_1_813' title='bbox 3313 4587 3613 4659; x_wconf 89' lang='lat' dir='ltr'><strong>diapente,</strong></span> 
     </span>
    </p>
   </div>
   <div class='ocr_carea' id='block_1_109' title="bbox 1955 4675 3614 4748">
    <p class='ocr_par' dir='ltr' id='par_1_109' title="bbox 1955 4675 3614 4748">
     <span class='ocr_line' id='line_1_110' title="bbox 1955 4675 3614 4748; baseline -0.002 -14"><span class='ocrx_word' id='word_1_814' title='bbox 1955 4681 2101 4734; x_wconf 87' lang='lat' dir='ltr'><strong>XXX.</strong></span> <span class='ocrx_word' id='word_1_815' title='bbox 2137 4681 2296 4734; x_wconf 92' lang='lat' dir='ltr'><strong>sunt.</strong></span> <span class='ocrx_word' id='word_1_816' title='bbox 2329 4679 2419 4733; x_wconf 82' lang='lat' dir='ltr'><strong>Ad</strong></span> <span class='ocrx_word' id='word_1_817' title='bbox 2447 4679 2725 4735; x_wconf 92' lang='lat' dir='ltr'><strong>ultimum</strong></span> <span class='ocrx_word' id='word_1_818' title='bbox 2746 4676 2837 4732; x_wconf 91' lang='lat' dir='ltr'><strong>bis</strong></span> <span class='ocrx_word' id='word_1_819' title='bbox 2864 4679 2951 4732; x_wconf 88' lang='lat' dir='ltr'><strong>VI.</strong></span> <span class='ocrx_word' id='word_1_820' title='bbox 2985 4675 3063 4731; x_wconf 89' lang='lat' dir='ltr'><strong>ad</strong></span> <span class='ocrx_word' id='word_1_821' title='bbox 3089 4680 3302 4746; x_wconf 75' lang='lat' dir='ltr'><strong>quater</strong></span> <span class='ocrx_word' id='word_1_822' title='bbox 3332 4678 3418 4730; x_wconf 94' lang='lat' dir='ltr'><strong>VI.</strong></span> <span class='ocrx_word' id='word_1_823' title='bbox 3448 4675 3614 4748; x_wconf 89' lang='lat' dir='ltr'><strong>quod</strong></span> 
     </span>
    </p>
   </div>
   <div class='ocr_carea' id='block_1_110' title="bbox 1956 4767 2780 4840">
    <p class='ocr_par' dir='ltr' id='par_1_110' title="bbox 1956 4767 2780 4840">
     <span class='ocr_line' id='line_1_111' title="bbox 1956 4767 2780 4840; baseline -0.004 -16"><span class='ocrx_word' id='word_1_824' title='bbox 1956 4772 2044 4824; x_wconf 92' lang='lat' dir='ltr'><strong>est</strong></span> <span class='ocrx_word' id='word_1_825' title='bbox 2064 4767 2364 4840; x_wconf 90' lang='lat' dir='ltr'><strong>diapason</strong></span> <span class='ocrx_word' id='word_1_826' title='bbox 2397 4771 2536 4822; x_wconf 90' lang='lat' dir='ltr'><strong>sunt</strong></span> <span class='ocrx_word' id='word_1_827' title='bbox 2565 4769 2780 4822; x_wconf 88' lang='lat' dir='ltr'><strong>XXXVI.</strong></span> 
     </span>
    </p>
   </div>
   <div class='ocr_carea' id='block_1_111' title="bbox 2027 4851 3615 4929">
    <p class='ocr_par' dir='ltr' id='par_1_111' title="bbox 2027 4851 3615 4929">
     <span class='ocr_line' id='line_1_112' title="bbox 2027 4851 3615 4929; baseline -0.003 -17"><span class='ocrx_word' id='word_1_828' title='bbox 2027 4858 2400 4929; x_wconf 86' lang='lat' dir='ltr'><strong>QuaprOpter</strong></span> <span class='ocrx_word' id='word_1_829' title='bbox 2429 4853 2777 4927; x_wconf 69' lang='lat' dir='ltr'><strong>prtemissus</strong></span> <span class='ocrx_word' id='word_1_830' title='bbox 2808 4853 3109 4924; x_wconf 82' lang='lat' dir='ltr'><strong>expositor</strong></span> <span class='ocrx_word' id='word_1_831' title='bbox 3135 4851 3370 4923; x_wconf 85' lang='lat' dir='ltr'><strong>adjecit.</strong></span> <span class='ocrx_word' id='word_1_832' title='bbox 3416 4855 3615 4908; x_wconf 86' lang='lat' dir='ltr'><strong>&#39;I‘onus</strong></span> 
     </span>
    </p>
   </div>
   <div class='ocr_carea' id='block_1_112' title="bbox 1954 4941 3617 5017">
    <p class='ocr_par' dir='ltr' id='par_1_112' title="bbox 1954 4941 3617 5017">
     <span class='ocr_line' id='line_1_113' title="bbox 1954 4941 3617 5017; baseline -0.002 -17"><span class='ocrx_word' id='word_1_833' title='bbox 1954 4949 2224 5017; x_wconf 90' lang='lat' dir='ltr'><strong>quartus,</strong></span> <span class='ocrx_word' id='word_1_834' title='bbox 2246 4959 2429 5016; x_wconf 89' lang='lat' dir='ltr'><strong>quem</strong></span> <span class='ocrx_word' id='word_1_835' title='bbox 2462 4959 2574 4999; x_wconf 91' lang='lat' dir='ltr'><strong>nos</strong></span> <span class='ocrx_word' id='word_1_836' title='bbox 2602 4942 3093 5016; x_wconf 84' lang='lat' dir='ltr'><strong>hypophrygium</strong></span> <span class='ocrx_word' id='word_1_837' title='bbox 3122 4941 3400 5009; x_wconf 86' lang='lat' dir='ltr'><strong>dicimus,</strong></span> <span class='ocrx_word' id='word_1_838' title='bbox 3432 4941 3617 4997; x_wconf 82' lang='lat' dir='ltr'><strong>habet</strong></span> 
     </span>
    </p>
   </div>
   <div class='ocr_carea' id='block_1_113' title="bbox 1955 5030 3616 5090">
    <p class='ocr_par' dir='ltr' id='par_1_113' title="bbox 1955 5030 3616 5090">
     <span class='ocr_line' id='line_1_114' title="bbox 1955 5030 3616 5090; baseline -0.001 -1"><span class='ocrx_word' id='word_1_839' title='bbox 1955 5034 2046 5090; x_wconf 93' lang='lat' dir='ltr'><strong>bis</strong></span> <span class='ocrx_word' id='word_1_840' title='bbox 2078 5036 2200 5089; x_wconf 93' lang='lat' dir='ltr'><strong>XII.</strong></span> <span class='ocrx_word' id='word_1_841' title='bbox 2233 5032 2312 5089; x_wconf 90' lang='lat' dir='ltr'><strong>ad</strong></span> <span class='ocrx_word' id='word_1_842' title='bbox 2344 5032 2438 5088; x_wconf 92' lang='lat' dir='ltr'><strong>bis</strong></span> <span class='ocrx_word' id='word_1_843' title='bbox 2460 5036 2600 5088; x_wconf 94' lang='lat' dir='ltr'><strong>VIIII</strong></span> <span class='ocrx_word' id='word_1_844' title='bbox 2649 5037 2707 5088; x_wconf 89' lang='lat' dir='ltr'><strong>et</strong></span> <span class='ocrx_word' id='word_1_845' title='bbox 2731 5036 2818 5088; x_wconf 90' lang='lat' dir='ltr'><strong>ter</strong></span> <span class='ocrx_word' id='word_1_846' title='bbox 2843 5035 2980 5088; x_wconf 95' lang='lat' dir='ltr'><strong>VIII.</strong></span> <span class='ocrx_word' id='word_1_847' title='bbox 3037 5031 3118 5087; x_wconf 89' lang='lat' dir='ltr'><strong>ad</strong></span> <span class='ocrx_word' id='word_1_848' title='bbox 3148 5035 3232 5086; x_wconf 91' lang='lat' dir='ltr'><strong>ter</strong></span> <span class='ocrx_word' id='word_1_849' title='bbox 3259 5033 3343 5085; x_wconf 92' lang='lat' dir='ltr'><strong>VI.</strong></span> <span class='ocrx_word' id='word_1_850' title='bbox 3397 5030 3459 5086; x_wconf 91' lang='lat' dir='ltr'><strong>in</strong></span> <span class='ocrx_word' id='word_1_851' title='bbox 3491 5048 3616 5088; x_wconf 90' lang='lat' dir='ltr'><strong>una</strong></span> 
     </span>
    </p>
   </div>
   <div class='ocr_carea' id='block_1_114' title="bbox 2024 5211 3094 5353">
    <p class='ocr_par' dir='ltr' id='par_1_114' title="bbox 2024 5211 3094 5353">
     <span class='ocr_line' id='line_1_115' title="bbox 2024 5211 3094 5353; baseline -0.008 -86"><span class='ocrx_word' id='word_1_852' title='bbox 2024 5214 2173 5353; x_wconf 46' lang='grc'>(637)</span> <span class='ocrx_word' id='word_1_853' title='bbox 2219 5212 2348 5269; x_wconf 78' lang='lat' dir='ltr'><strong>Sive</strong></span> <span class='ocrx_word' id='word_1_854' title='bbox 2375 5211 2597 5282; x_wconf 68' lang='lat' dir='ltr'><strong>toniaai,</strong></span> <span class='ocrx_word' id='word_1_855' title='bbox 2625 5213 2819 5267; x_wconf 67' lang='lat' dir='ltr'><strong>Graece</strong></span> <span class='ocrx_word' id='word_1_856' title='bbox 2848 5214 3094 5260; x_wconf 76' lang='grc' dir='ltr'><strong>τονιαίου.</strong></span> 
     </span>
     <span class='ocr_line' id='line_1_116' title="bbox 2051 5281 3094 5353; baseline -0.001 -17"><span class='ocrx_word' id='word_1_857' title='bbox 2051 5288 2174 5353; x_wconf 87' lang='grc'>638)</span> <span class='ocrx_word' id='word_1_858' title='bbox 2215 5286 2430 5340; x_wconf 74' lang='lat' dir='ltr'><strong>Mmaon</strong></span> <span class='ocrx_word' id='word_1_859' title='bbox 2483 5287 2520 5337; x_wconf 94' lang='lat' dir='ltr'><strong>I.</strong></span> <span class='ocrx_word' id='word_1_860' title='bbox 2555 5298 2684 5353; x_wconf 93' lang='lat' dir='ltr'><strong>c.p.</strong></span> <span class='ocrx_word' id='word_1_861' title='bbox 2711 5285 2798 5335; x_wconf 79' lang='lat' dir='ltr'><strong>5t.</strong></span> <span class='ocrx_word' id='word_1_862' title='bbox 2825 5296 3027 5335; x_wconf 82' lang='lat' dir='ltr'><strong>vocem</strong></span> <span class='ocrx_word' id='word_1_863' title='bbox 3059 5281 3094 5335; x_wconf 90' lang='lat' dir='ltr'><strong>G</strong></span> 
     </span>
    </p>
   </div>
   <div class='ocr_carea' id='block_1_115' title="bbox 2051 5281 3614 5356">
    <p class='ocr_par' dir='ltr' id='par_1_115' title="bbox 2051 5281 3614 5356">
     <span class='ocr_line' id='line_1_117' title="bbox 2051 5281 3614 5356; baseline 0 -20"><span class='ocrx_word' id='word_1_864' title='bbox 2051 5281 2174 5356; x_wconf 87' lang='grc'>638)</span> <span class='ocrx_word' id='word_1_865' title='bbox 2215 5286 2430 5340; x_wconf 67' lang='grc' dir='ltr'><strong>ΜειΒοΜ</strong></span> <span class='ocrx_word' id='word_1_866' title='bbox 2483 5285 3027 5356; x_wconf 82' lang='lat' dir='ltr'><strong>I._c.p.5I.vocem</strong></span> <span class='ocrx_word' id='word_1_867' title='bbox 3059 5281 3324 5335; x_wconf 70' lang='lat' dir='ltr'><strong>Graecam</strong></span> <span class='ocrx_word' id='word_1_868' title='bbox 3379 5281 3614 5336; x_wconf 77' lang='lat' dir='ltr'><strong>ARISTO-</strong></span> 
     </span>
    </p>
   </div>
   <div class='ocr_carea' id='block_1_116' title="bbox 1955 5353 2890 5425">
    <p class='ocr_par' dir='ltr' id='par_1_116' title="bbox 1955 5353 2890 5425">
     <span class='ocr_line' id='line_1_118' title="bbox 1955 5353 2890 5425; baseline -0.004 -16"><span class='ocrx_word' id='word_1_869' title='bbox 1955 5371 2085 5409; x_wconf 73' lang='lat' dir='ltr'><strong>XENI</strong></span> <span class='ocrx_word' id='word_1_870' title='bbox 2119 5353 2375 5425; x_wconf 59' lang='grc' dir='ltr'><strong>σὺντὸμου</strong></span> <span class='ocrx_word' id='word_1_871' title='bbox 2397 5353 2591 5409; x_wconf 89' lang='lat' dir='ltr'><strong>reddit</strong></span> <span class='ocrx_word' id='word_1_872' title='bbox 2612 5353 2890 5425; x_wconf 63' lang='lat' dir='ltr'><strong>contenti.</strong></span> 
     </span>
    </p>
   </div>
   <div class='ocr_carea' id='block_1_117' title="bbox 2030 5421 3612 5497">
    <p class='ocr_par' dir='ltr' id='par_1_117' title="bbox 2030 5421 3612 5497">
     <span class='ocr_line' id='line_1_119' title="bbox 2030 5421 3612 5497; baseline -0.003 -17"><span class='ocrx_word' id='word_1_873' title='bbox 2030 5427 2172 5497; x_wconf 88' lang='grc'>(639)</span> <span class='ocrx_word' id='word_1_874' title='bbox 2211 5421 2284 5480; x_wconf 69' lang='grc'>(3.⁷</span> <span class='ocrx_word' id='word_1_875' title='bbox 2309 5426 2437 5497; x_wconf 86' lang='lat' dir='ltr'><strong>Em.</strong></span> <span class='ocrx_word' id='word_1_876' title='bbox 2470 5425 2583 5480; x_wconf 90' lang='lat' dir='ltr'><strong>hoc</strong></span> <span class='ocrx_word' id='word_1_877' title='bbox 2611 5429 2698 5480; x_wconf 90' lang='lat' dir='ltr'><strong>est</strong></span> <span class='ocrx_word' id='word_1_878' title='bbox 2726 5423 3040 5497; x_wconf 83' lang='lat' dir='ltr'><strong>diapason,</strong></span> <span class='ocrx_word' id='word_1_879' title='bbox 3069 5421 3234 5494; x_wconf 92' lang='lat' dir='ltr'><strong>quod</strong></span> <span class='ocrx_word' id='word_1_880' title='bbox 3264 5427 3352 5478; x_wconf 88' lang='lat' dir='ltr'><strong>est</strong></span> <span class='ocrx_word' id='word_1_881' title='bbox 3401 5427 3612 5495; x_wconf 86' lang='lat' dir='ltr'><strong>quater</strong></span> 
     </span>
    </p>
   </div>
   <div class='ocr_carea' id='block_1_118' title="bbox 1959 5494 2972 5552">
    <p class='ocr_par' dir='ltr' id='par_1_118' title="bbox 1959 5494 2972 5552">
     <span class='ocr_line' id='line_1_120' title="bbox 1959 5494 2972 5552; baseline -0.002 -1"><span class='ocrx_word' id='word_1_882' title='bbox 1959 5494 2080 5552; x_wconf 87' lang='lat' dir='ltr'><strong>XII.</strong></span> <span class='ocrx_word' id='word_1_883' title='bbox 2116 5494 2172 5552; x_wconf 87' lang='lat' dir='ltr'><strong>et</strong></span> <span class='ocrx_word' id='word_1_884' title='bbox 2200 5495 2390 5552; x_wconf 86' lang='lat' dir='ltr'><strong>sexies</strong></span> <span class='ocrx_word' id='word_1_885' title='bbox 2422 5498 2558 5552; x_wconf 91' lang='lat' dir='ltr'><strong>VIII.</strong></span> <span class='ocrx_word' id='word_1_886' title='bbox 2593 5500 2649 5551; x_wconf 92' lang='lat' dir='ltr'><strong>et</strong></span> <span class='ocrx_word' id='word_1_887' title='bbox 2677 5494 2857 5551; x_wconf 83' lang='lat' dir='ltr'><strong>octies</strong></span> <span class='ocrx_word' id='word_1_888' title='bbox 2888 5495 2972 5549; x_wconf 94' lang='lat' dir='ltr'><strong>VI.</strong></span> 
     </span>
    </p>
   </div>
   <div class='ocr_carea' id='block_1_119' title="bbox 3121 5657 3189 5708">
    <p class='ocr_par' dir='ltr' id='par_1_119' title="bbox 3121 5657 3189 5708">
     <span class='ocr_line' id='line_1_121' title="bbox 3121 5657 3189 5708; baseline 0 0"><span class='ocrx_word' id='word_1_889' title='bbox 3121 5657 3189 5708; x_wconf 91' lang='lat'><strong>30</strong></span> 
     </span>
    </p>
   </div>
  </div>
