4014 6198
392 115 494 167 939
1027 107 1376 163 HUCBALDI
1416 108 1578 163 ΜΟΝ.
1622 107 1677 160 S.
1720 104 1990 159 AMANDI
2030 102 2184 158 OPP.
2226 106 2407 162 PARS
2444 108 2510 161 Il.
2541 138 2623 173 ,—~
2668 110 3176 167 MISCELLANEA.
3720 115 3835 170 940

390 231 788 291 consonantia
816 244 1255 295 numerorum;
1305 233 1393 285 est
1416 229 1578 284 enim
1606 227 1699 283 bis
1750 226 2038 283 diatessa-
2083 227 2131 279 A
2166 230 2208 286 0
2266 231 2343 287 ad
2401 248 2487 288 cc,
2566 234 2756 303 Hujus
2809 234 2970 290 enim
3058 236 3206 307 ιιιορί
3252 236 3383 291 talis
3453 243 3547 295 ρει
3631 237 3831 292 forma

388 339 520 380 ron.
548 322 613 378 In
638 322 932 394 diapason
958 334 1097 375 vero
1126 320 1216 372 VI.
1242 317 1315 373 ad
1342 319 1450 373 XII.
1481 317 1541 373 id
1566 321 1655 372 est
1674 316 1878 372 XVIII.
1903 331 2043 371 con—

388 411 658 469 veniunt.
692 410 915 465 Idcirco
938 412 1023 464 ter
1054 408 1126 460 VI
1147 422 1271 462 non
1298 407 1376 463 ad
1391 407 1485 462 bis
1511 407 2045 479 XII.comparatur,

391 502 682 576 quoniam
712 513 819 571 per
848 502 936 553 ter
963 511 1085 553 non
1116 495 1418 567 dividitur,
1451 496 1561 552 sed
1591 500 1676 566 ,ut
1698 494 1926 551 dictum
1940 498 2048 556 est,

393 598 479 648 ter
508 589 649 644 VIII.
685 587 763 643 ad
790 590 876 641 ter
907 587 1010 655 VI;
1040 590 1096 642 et
1125 586 1219 642 bis
1247 588 1356 642 XII.
1387 586 1464 643 ad
1495 587 1586 641 bis
1615 586 1786 639 VIIII.
1830 584 1908 639 ad
1932 599 2053 638 ses-

389 677 731 754 quitertiam
752 676 1227 749 proportionem,
1246 675 1351 749 qui
1378 681 1515 732 sunt
1529 674 1696 731 XLII.
1724 678 1868 730 Nam
1892 677 2051 729 totus

386 770 499 825 iste
519 774 698 825 tonus
731 766 840 822 erit
863 778 971 839 per
1008 766 1393 822 diatessaron
1419 780 1674 837 semper.
1709 767 2051 821 Consonan-

389 860 533 916 tiam
563 863 765 915 autem
799 857 1114 929 diapason,
1148 856 1207 912 id
1239 860 1325 912 est
1345 856 1439 910 VI.
1470 856 1551 911 ad
1574 856 1699 909 XII.
1725 854 1951 911 faciunt
1967 858 2053 908 ter

389 949 483 1001 VI.
540 952 598 1004 et
627 947 720 1002 bis
750 946 930 1003 VIIII.
986 950 1042 1002 et
1071 950 1156 1002 ter
1188 945 1330 1001 VIII.
1389 950 1443 1001 et
1472 944 1565 999 bis
1596 944 1725 999 XII.
1784 957 2048 1015 quorum

389 1035 719 1109 proportio,
753 1034 815 1089 id
840 1039 927 1089 est
955 1034 1325 1106 comparatio
1352 1033 1598 1104 majoris
1648 1032 1724 1088 ad
1753 1031 2049 1086 minorem

392 1130 450 1181 et
475 1122 724 1180 minoris
754 1122 831 1178 ad
854 1124 1169 1193 majorem,
1199 1124 1568 1179 diatessaron
1616 1119 1869 1189 habens,
1898 1134 2050 1175 sem-

391 1228 500 1287 per
529 1212 862 1285 septenario
884 1210 1351 1283 mensurabitur,
1380 1215 1443 1266 ut
1470 1211 1532 1266 in
1564 1208 1911 1279 gradalibus
1950 1224 2054 1263 an-

392 1301 652 1373 tiphonis
682 1318 694 1354 :
727 1301 1072 1355 Resum'eari.
1117 1300 1543 1357 Misericorde
1572 1299 1831 1354 Domini.
1875 1301 1932 1352 et
1977 1298 2051 1351 In

392 1386 700 1445 voluntate
726 1394 831 1445 tua
864 1390 1131 1445 Domine.
1178 1390 1245 1444 In
1268 1387 1725 1444 nocturnalibus
1755 1401 1999 1458 quoque
2033 1403 2045 1440 :

390 1478 622 1535 Rubum
663 1490 834 1548 quem
893 1478 1147 1534 viderat.
1202 1479 1399 1534 Turba
1454 1479 1667 1533 multa.
1726 1477 1865 1531 Tria
1911 1479 2051 1530 sunt

389 1581 659 1624 munera.

461 1658 526 1711 In
556 1657 668 1711 hac
694 1655 1064 1727 expositione
1086 1655 1200 1711 hoc
1214 1660 1444 1711 tantum
1472 1654 1871 1727 quaerendum
1884 1653 2047 1709 vides

394 1751 505 1814 tur,
537 1745 703 1819 quod
728 1750 809 1801 ait
842 1763 852 1799 :
890 1749 973 1801 ter
1000 1748 1089 1801 VI.
1120 1761 1242 1801 non
1273 1746 1349 1801 ad
1379 1744 1472 1802 bis
1506 1747 1629 1800 XII.
1689 1744 2047 1818 comparari,

392 1835 683 1907 quoniam
708 1848 815 1906 per
844 1838 898 1889 te
929 1849 1050 1889 non
1081 1834 1364 1889 dividitur
1396 1852 1408 1888 :
1440 1851 1508 1890 ac
1539 1835 1587 1889 si
1616 1834 1707 1889 bis
1732 1834 1852 1890 XII.
1876 1833 1938 1888 id
1959 1837 2052 1888 est

393 1924 622 1980 XXIIII.
655 1936 762 1996 per
786 1922 1017 1979 tertiam
1039 1928 1271 1995 partem
1302 1924 1493 1978 metiri
1540 1923 1912 1995 impossibile
1955 1923 2048 1977 sit.

394 2016 546 2068 Dum
571 2014 774 2068 autem
792 2008 1025 2068 XXIIII.
1059 2017 1114 2068 et
1143 2024 1251 2080 per
1272 2012 1576 2068 binarium
1605 2017 1663 2068 et
1700 2024 1808 2085 per
1860 2017 2050 2067 terna-

390 2101 547 2156 rium
572 2100 765 2156 metiri
782 2102 990 2173 possit,
1016 2105 1244 2156 certum
1256 2105 1363 2167 est,
1384 2101 1553 2172 quod
1564 2098 1869 2157 binarium
1885 2100 2051 2156 bina-

391 2190 500 2259 rio,
529 2189 856 2245 ternarium
885 2189 1144 2245 ternario
1174 2189 1236 2244 in
1267 2189 1479 2245 eadem
1505 2190 1899 2245 consonantia
1933 2205 2049 2244 res-

391 2278 658 2352 pondere
684 2278 886 2345 voluit,
919 2278 1023 2333 ubi
1053 2278 1380 2334 ternarium
1408 2278 1643 2334 biuario
1687 2278 2050 2352 respondere

393 2367 767 2424 contradixit.
791 2368 959 2432 Quod
978 2383 1121 2423 vero
1149 2367 1383 2439 adjecit,
1409 2368 1595 2424 VLad
1622 2368 2049 2441 XII.diapason

392 2457 540 2526 ﬁeri,
573 2472 714 2512 cum
739 2458 868 2528 jam
893 2457 1194 2529 posuisset
1236 2457 1329 2513 bis
1359 2454 1483 2525 XII,
1516 2457 1904 2514 recolendum
1938 2462 2046 2523 est,

390 2547 554 2620 quod
588 2562 710 2602 non
741 2546 938 2601 solum
967 2547 1031 2601 in
1048 2546 1322 2611 vocibus,
1353 2546 1460 2602 sed
1482 2546 1661 2602 etiam
1690 2547 1843 2603 inter
1867 2562 2046 2603 voces

390 2636 861 2693 ditferentiarum
884 2651 1168 2691 mensura
1200 2635 1536 2707 colligenda
1568 2637 1658 2693 sit.
1709 2640 1855 2693 Nam
1907 2637 2052 2710 quia

387 2724 482 2780 bis
512 2724 633 2779 XII.
667 2722 814 2779 dixit
842 2724 936 2778 VI.
971 2723 1049 2780 ad
1078 2723 1171 2779 bis
1199 2725 1325 2779 XII.
1366 2724 1779 2797 quadruplum
1830 2724 2052 2781 consti-

391 2811 521 2882 tuit,
553 2816 731 2884 atque
761 2810 983 2868 idcirco
1002 2811 1155 2867 inter
1186 2812 1279 2867 VI.
1314 2816 1370 2867 et
1411 2814 1535 2868 XII.
1587 2814 1857 2869 senarius
1887 2814 2051 2869 diffe-

392 2900 646 2957 rentiam
676 2900 833 2956 facit.
868 2904 1092 2956 Rursus
1118 2899 1406 2957 interXII.
1440 2917 1507 2957 ac
1532 2901 1625 2956 bis
1657 2904 1780 2959 XII.
1827 2902 2051 2958 duode-
2089 2920 2135 2977 ο

392 2989 546 3046 uarii
573 2986 906 3047 differentia
933 2990 1144 3046 existit.
1190 2992 1350 3056 Quas
1408 2991 1651 3047 tandem
1686 2992 2051 3049 differentias

397 3080 477 3134 ad
504 3094 568 3134 se
604 3079 861 3135 invicem
882 3083 1286 3151 comparatas,
1316 3079 1611 3152 diapason
1637 3081 1885 3138 reddere
1916 3081 2052 3137 nul-

394 3167 490 3222 lus
521 3167 774 3237 ignorat.
832 3170 897 3222 Et
952 3168 1066 3223 hoc
1121 3171 1232 3237 est,
1264 3169 1431 3240 quod
1462 3171 1561 3237 ait,
1593 3172 2052 3227 consonantiam

397 3255 716 3327 diapason,
739 3255 799 3310 id
825 3260 914 3312 est
942 3256 1034 3312 VI.
1070 3257 1147 3312 ad
1171 3258 1294 3312 XII.
1326 3256 1556 3314 faciunt
1570 3264 1657 3315 ter
1681 3274 1805 3329 sex,
1839 3264 1895 3316 et
1925 3252 2056 3317 reli-

396 3356 539 3417 qua.
574 3342 910 3399 Diﬁ'erentia
936 3343 1069 3413 ista,
1097 3361 1234 3418 quae
1246 3346 1472 3402 estXII.
1497 3351 1814 3421 utramque
1836 3365 2052 3405 conso-

394 3433 687 3503 nantiam,
720 3433 781 3489 id
806 3437 895 3489 est
921 3433 1015 3489 bis
1037 3434 1414 3492 diatessaron
1444 3436 1675 3508 retinet,
1705 3453 1814 3494 nec
1832 3454 1967 3496 eam
1990 3438 2051 3495 in

392 3523 728 3580 minoribus
755 3523 1098 3596 antiphonis
1121 3526 1369 3582 excedit.
1403 3527 1573 3590 Quod
1604 3528 1656 3583 si
1683 3528 1902 3596 fecerit,
1922 3530 2052 3600 jam

396 3613 521 3670 vim
550 3613 790 3686 phrygii
809 3612 1119 3670 obtinebit.
1151 3618 1441 3672 Caeterum
1463 3617 1594 3689 ejus
1616 3618 1896 3690 melodia,
1918 3634 2055 3692 quae

397 3708 485 3761 est
512 3705 813 3761 NOEAGIS
837 3704 913 3760 ab
930 3705 1151 3778 hypate
1174 3723 1404 3778 meson,
1422 3708 1536 3764 hoc
1558 3714 1663 3775 est,
1690 3709 2056 3766 asemitonio

396 3794 632 3850 intenso
657 3793 884 3866 incipit,
915 3798 970 3850 et
996 3793 1056 3849 in
1086 3795 1320 3863 eadem,
1350 3795 1527 3853 ﬁnale
1545 3801 1913 3867 transcurso,
1937 3799 2059 3857 dia-

397 3885 574 3954 pente
602 3881 839 3937 desinit.
858 3878 1172 3947 Quomodo
1201 3889 1401 3940 autem
1430 3884 1625 3942 omnis
1684 3884 2056 3944 diatessaron

400 3970 736 4042 septenario
754 3975 1133 4027 mensuretur
1159 3987 1267 4046 per
1294 3974 1406 4026 IIII.
1437 3980 1494 4030 et
1518 3975 1610 4032 III.
1664 3982 1806 4033 sunt
1846 3982 2059 4050 quater

400 4058 495 4112 VI.
521 4058 665 4114 etin
690 4058 784 4114 bis
811 4060 909 4115 IX.
939 4064 1076 4116 sunt
1124 4065 1210 4117 ter
1265 4064 1358 4117 VI.
1412 4064 1752 4138 Sequuntur
1782 4066 2057 4137 gradales

400 4146 1049 4220 antiphonae,quarum
1074 4150 1270 4223 prima
1326 4156 1415 4208 est
1472 4153 1816 4211 Resurrexi.
1869 4155 2055 4227 Cujus

400 4240 489 4291 est
515 4235 749 4291 initium
774 4236 1043 4292 lichanos
1073 4239 1365 4310 hypaton,
1398 4241 1666 4299 medium
1696 4248 1753 4299 et
1782 4244 1920 4300 ﬁnis
1948 4244 2056 4317 hy-

399 4328 539 4397 pate
569 4340 800 4393 meson,
834 4322 1128 4382 acuminis
1192 4326 1506 4385 summitas
1559 4344 1740 4388 mese.
1801 4333 2053 4390 Gradale

399 4430 644 4487 quoque
669 4414 1119 4488 responsorium
1150 4417 1295 4474 Haec
1325 4418 1465 4475 dies.
1525 4422 1876 4479 Nocturnale
1932 4424 2058 4480 Rea:

400 4510 620 4576 noster,
652 4504 818 4578 quod
835 4504 1107 4562 acuendo
1119 4522 1477 4580 paramesen
1492 4512 1768 4583 praeterit.
1785 4514 2056 4571 Alleluia

398 4594 579 4649 etiam
610 4594 848 4651 Pascha
874 4601 1142 4653 nostrum
1159 4595 1218 4653 in
1234 4597 1349 4654 hoc
1379 4602 1551 4674 tropo
1580 4600 1868 4671 consistit,
1892 4604 2057 4677 quod

397 4697 552 4755 pene
578 4680 658 4738 ad
688 4698 865 4738 suum
893 4684 1187 4756 diapason
1216 4688 1499 4759 pervenit.

397 4786 464 4826 DE
494 4787 688 4827 TERTIO
715 4789 779 4827 ET
830 4790 1044 4836 QUARTO
1078 4791 1219 4830 TONO
1261 4791 1403 4832 NOVA
1445 4794 1721 4834 CUJUSDAM
1764 4796 2054 4838 EXPOSITIO

469 4864 514 4914 A
553 4860 749 4932 prima
802 4861 996 4934 specie
1045 4862 1338 4937 diapason
1394 4868 1452 4921 et
1508 4866 1763 4939 primus,
1812 4875 2058 4943 propter

399 4950 734 5035 quamdam
762 4955 1063 5023 naturam,
1095 4953 1430 5017 inchoatur.
1482 4961 1538 5012 et
1578 4958 1779 5015 tertius
1823 4964 2054 5035 tmpus,

390 5034 722 5122 ﬁniturque
743 5038 805 5096 in
835 5040 1210 5100 diatessaron
1238 5061 1252 5100 :
1276 5043 1337 5100 in
1367 5044 1481 5102 hoc
1514 5046 1740 5106 scilicet
1756 5034 2058 5108 concludi-

400 5126 496 5178 tur
523 5125 654 5195 ejus
680 5126 875 5186 forma
905 5130 1059 5187 intra
1089 5131 1368 5204 diapente
1387 5136 1429 5190 Ο
1454 5134 1533 5191 ad
1549 5151 1581 5191 e
1598 5140 1654 5192 et
1679 5137 2054 5196 diatessaron

490 5390 612 5461 640)
654 5395 861 5449 Totum
896 5412 1034 5453 cum
1067 5400 1243 5456 notis.

492 5465 617 5539 (iiii)
656 5465 715 5539 g.
752 5465 879 5521 Em.
906 5474 1141 5539 quarta.

490 5536 614 5607 642)
655 5534 874 5592 Totum
907 5534 1043 5607 cum
1075 5541 1253 5597 notis.

2160 322 2551 378 NOEOEANE.
2588 323 2775 379 Habet
2794 324 2955 379 enim
2981 324 3076 379 hic
3136 330 3341 398 tropus
3393 326 3456 381 in
3514 328 3831 383 nocturnis

2159 410 2522 467 differentias
2552 416 2689 482 tres,
2714 428 2896 470 unam
2930 414 2989 469 in
3023 417 3088 470 Μ.
3114 431 3251 487 quae
3276 416 3462 471 habet
3492 431 3692 471 unum
3744 417 3825 471 lo~

2158 510 2318 567 cum,
2347 494 2566 556 scilicet
2594 504 2700 573 qui
2716 502 2840 558 odit
2858 504 3147 559 animam.
3180 503 3439 559 Alteram
3472 506 3531 559 in
3568 507 3636 560 Ο.
3696 520 3829 576 quae

2157 588 2339 644 habet
2367 606 2556 646 unum
2586 590 2808 653 locum,
2832 592 3209 648 diatessaron
3238 594 3564 648 remissum
3589 594 3651 649 in
3677 594 3825 648 hoc:

2158 679 2264 748 qui
2287 679 2360 734 de
2386 686 2547 735 terra
2576 685 2679 736 est.
2711 680 2965 736 Tertiam
2996 681 3057 736 in
3086 685 3145 737 X.
3174 696 3311 753 quae
3340 681 3527 737 habet
3548 694 3829 738 enm-mo-

2157 767 2361 823 nicum
2385 768 2703 824 remissum
2733 770 2793 824 in
2834 773 2900 826 M.
2931 769 3010 825 Et
3036 771 3435 840 respicientes.
3499 772 3566 825 In
3599 771 3831 827 diurnis

2159 856 2318 911 enim
2348 857 2442 911 hic
2473 860 2681 930 tropus
2712 858 2956 914 easdem
2988 859 3170 914 habet
3195 859 3588 924 ditferentias,
3624 865 3684 915 et
3740 877 3830 916 ea-

2158 944 2298 999 dem
2326 944 2460 1000 loca
2489 948 2556 1002 Μ.
2591 950 2657 1001 ut
2684 947 2809 1016 Ego
2842 954 3060 1003 autem.
3097 963 3236 1003 cum
3269 949 3333 1003 0.
3378 948 3747 1015 ditferentia,
3778 956 3833 1004 et

2158 1034 2319 1087 hunc
2345 1030 2545 1089 locum
2576 1051 2586 1088 :
2622 1036 2775 1089 Dum
2806 1038 3235 1103 sanctiﬁcatus.
3261 1037 3448 1106 Hujus
3480 1042 3695 1092 autem
3720 1041 3831 1092 tro—

2158 1121 2217 1193 pi
2248 1121 2310 1177 in
2339 1122 2647 1178 nocturnis
2671 1123 2755 1179 sic
2778 1123 2958 1179 currit
2980 1138 3189 1178 versus
3220 1142 3232 1178 :
3257 1126 3467 1180 Gloria
3494 1126 3829 1189 Patr-Leto.

2160 1212 2307 1283 (940)
2338 1212 2402 1267 In
2419 1211 2649 1268 diurnis
2675 1214 2836 1269 enim
2868 1214 2952 1269 sic
2983 1212 3165 1270 currit
3202 1230 3411 1269 versus
3465 1216 3689 1271 Gloria
3716 1217 3831 1271 Pa-

2162 1304 2262 1368 tri,
2296 1306 2405 1357 etc.

2200 1402 2209 1405 ’
2810 1406 2882 1449 DE
2910 1410 3151 1457 QUANTO.

2230 1505 2275 1557 A
2304 1502 2514 1574 quinta
2544 1501 2692 1572 (641)
2725 1501 2919 1573 specie
2961 1496 3281 1575 diapason,
3336 1503 3440 1558 ubi
3471 1503 3692 1559 ﬁnitur
3722 1510 3830 1559 ter-

2090 1581 2131 1634 Β
2162 1591 2274 1646 tius
2300 1596 2526 1663 tropus,
2554 1591 2870 1646 inchoatur
2898 1596 2954 1647 et
2976 1598 3245 1663 quartus,
3279 1590 3357 1647 ab
3387 1594 3451 1647 Η,
3496 1591 3732 1648 scilicet
3780 1599 3829 1647 et

2158 1680 2361 1736 ﬁnitur
2384 1680 2445 1736 in
2476 1679 2688 1736 eadem
2720 1682 2783 1735 H.
2817 1679 3202 1737 Concluditur
3249 1680 3375 1736 haec
3434 1683 3571 1753 ejus
3632 1680 3831 1737 forma

2158 1768 2314 1824 intra
2339 1768 2638 1841 diapente,
2671 1766 2834 1841 quod
2866 1773 2952 1823 est
2982 1768 3059 1825 ab
3088 1769 3156 1825 Ο.
3208 1768 3281 1823 ad
3353 1785 3405 1823 e.
3467 1769 3684 1825 addito
3718 1788 3832 1825 ses-

2159 1858 2475 1930 quioctavo
2503 1857 2754 1912 remisso
2777 1871 2827 1912 c.
2864 1857 2943 1912 ad
2974 1872 3024 1912 e.
3060 1858 3248 1929 Hujus
3279 1858 3435 1913 enim
3487 1858 3648 1933 tropi
3708 1859 3828 1915 haec

2159 1951 2245 2002 est
2274 1947 2467 2003 forma
2495 1946 2816 2003 NOEAGIS.
2841 1945 3029 2002 Habet
3060 1947 3218 2002 enim
3246 1947 3340 2002 hic
3370 1954 3579 2020 tropus
3611 1948 3676 2003 in
3730 1964 3828 2003 uo-

2159 2036 2382 2091 cturnis
2410 2035 2774 2091 differentias
2826 2038 2892 2091 Il.
2920 2036 3178 2091 Primam
3235 2036 3293 2092 in
3326 2037 3382 2102 h,
3445 2046 3585 2109 quae
3643 2037 3828 2093 habet

2159 2129 2417 2197 quatuor
2446 2124 2657 2181 locain
2685 2140 2733 2180 c.
2770 2125 2817 2179 0
2845 2139 3024 2195 quam
3051 2126 3256 2181 clarus
3287 2131 3389 2189 est,
3421 2125 3482 2180 id
3513 2132 3623 2193 est,
3657 2128 3828 2182 Jeru-

2159 2216 2384 2284 salem;
2442 2215 2926 2288 sesquioctavum
2974 2215 3292 2270 remissum
3347 2216 3407 2270 in
3460 2217 3520 2270 Ο.
3586 2216 3826 2272 Bubum

2162 2321 2331 2377 quem
2358 2306 2609 2362 viderat.
2639 2303 2914 2362 Secunda
2935 2302 3268 2361 differentia
3288 2310 3375 2361 cst
3395 2305 3455 2360 in
3478 2320 3528 2362 c.
3553 2322 3698 2378 quae
3724 2306 3829 2361 ha.

2159 2393 2261 2449 bet
2287 2396 2477 2449 unum
2503 2394 2701 2450 locum
2750 2393 2810 2448 in
2840 2391 2908 2449 C.
2940 2393 3199 2450 Betleem
3250 2409 3367 2449 non
3427 2409 3483 2451 es
3542 2396 3821 2451 minima.

2160 2483 2325 2538 Unde
2356 2486 2605 2549 constat,
2639 2484 2704 2538 ut
2730 2481 2825 2537 hic
2855 2486 3063 2555 tropus
3101 2481 3253 2538 duas
3315 2480 3497 2539 habet
3540 2483 3829 2539 differen-

2160 2572 2271 2627 tias
2310 2575 2366 2627 et
2390 2562 2664 2645 dedicata
2692 2570 2824 2626 loca
2854 2570 2915 2625 in
2936 2571 3263 2627 nocturnis:
3308 2575 3368 2627 In
3397 2570 3628 2627 diurnis
3660 2572 3830 2629 enim

2159 2660 2255 2716 hic
2276 2665 2484 2733 tropus
2508 2672 2692 2716 unam
2713 2659 2895 2716 habet
2921 2659 3315 2717 differentiam
3337 2658 3397 2716 in
3424 2662 3490 2717 Μ.
3511 2667 3577 2716 ut
3606 2662 3831 2719 Resur-

2160 2750 2312 2806 remi.
2332 2749 2520 2822 Hujus
2533 2750 2693 2805 enim
2708 2749 2766 2804 in
2784 2748 3089 2805 nocturnis
3102 2749 3185 2805 sic
3207 2750 3386 2805 currit
3412 2764 3648 2806 versus:
3680 2752 3830 2807 Glo—

2162 2840 2256 2896 ria
2280 2839 2476 2906 Patri,
2509 2842 2619 2896 etc.
2645 2840 2793 2911 (642)
2812 2843 2874 2894 In
2890 2839 3119 2895 diurnis
3138 2838 3248 2895 sic:
3270 2832 3477 2896 Gloria
3488 2841 3691 2911 Patri,
3714 2844 3829 2897 etc.

2746 2999 2873 3038 ΙΤΕΜ
2906 2999 2971 3037 DE
3002 2998 3223 3046 QUINTO.

2230 3095 2427 3148 Tonus
2457 3090 2726 3164 quintus,
2746 3104 2927 3163 quem
2950 3090 3127 3146 nobis
3154 3090 3406 3162 Lydium
3436 3089 3723 3156 dicimus.
3750 3099 3835 3148 to-

2163 3189 2257 3241 tus
2286 3196 2394 3257 per
2419 3182 2757 3254 denarium,
2785 3196 3024 3254 semper
3053 3186 3147 3238 est
3200 3182 3573 3255 diapenticus
3607 3200 3622 3238 :
3678 3185 3835 3256 quia

2162 3280 2249 3330 ter
2277 3272 2420 3327 VIII.
2459 3286 2567 3345 per
2595 3270 3046 3344 sesquialteram
3076 3270 3526 3345 proportionem
3573 3272 3635 3327 in
3694 3271 3834 3329 dia-

2162 3366 2339 3436 pente
2370 3361 2612 3430 cadunt,
2640 3375 2900 3433 quorum
2950 3359 3345 3416 consonantia
3396 3359 3701 3432 diapason
3740 3367 3836 3417 est

2164 3452 2223 3507 in
2253 3451 2560 3521 XII.,Nam
2590 3455 2801 3522 quater
2831 3449 3001 3504 VIIII.
3028 3453 3086 3505 et
3104 3453 3193 3505 ter
3218 3449 3343 3505 XII.
3389 3449 3465 3505 ad
3488 3454 3710 3523 quater
3734 3452 3830 3507 VI.

2165 3545 2219 3596 et
2238 3546 2327 3597 ter
2353 3540 2477 3594 VIII
2502 3542 2653 3606 (644)
2686 3538 2911 3594 faciunt
2938 3539 3055 3594 LX.
3082 3538 3145 3594 In
3171 3538 3389 3610 quibus
3418 3544 3557 3595 sunt
3602 3540 3833 3609 grada-

2165 3632 2249 3686 les
2280 3629 2625 3703 antiphonm
2649 3618 3186 3685 Circumdedenmt
3222 3640 3336 3685 me.
3398 3630 3462 3685 Et
3484 3630 3743 3685 Domine
3768 3632 3834 3686 in

2168 3727 2273 3776 tua
2301 3719 2731 3776 misericordia.
2758 3722 2815 3775 et
2842 3717 3244 3774 noctumales.
3278 3722 3399 3774 ant.
3428 3718 3652 3775 Solvite
3678 3726 3835 3775 tem-

2164 3812 2336 3880 plum
2359 3811 2487 3867 hoc.
2514 3812 2580 3864 Et
2600 3810 2781 3865 Salve
2804 3824 2978 3865 erum.
3004 3810 3074 3863 Et
3092 3809 3339 3864 Exultet
3362 3807 3829 3877 Spiritusmeus.

2166 3899 2267 3955 Hic
2286 3898 2435 3954 nihil
2450 3898 2613 3954 aliud
2632 3896 3024 3971 quaerendum
3042 3896 3233 3963 video,
3258 3895 3373 3952 nisi
3394 3896 3561 3971 quod
3585 3897 3689 3963 ait,
3718 3914 3810 3954 nu

2164 3988 2314 4046 meri
2335 3985 2413 4044 ad
2439 3988 2531 4043 bis
2556 3986 2836 4061 diapente
2865 3984 3208 4041 faciendum
3238 3985 3551 4061 propositi,
3598 3986 3839 4045 faciunt

2166 4077 2626 4135 consonantiam
2653 4076 2948 4148 diapason
2970 4073 3049 4130 ad
3074 4074 3202 4132 XII.
3226 4078 3355 4131 Duo
3375 4076 3535 4131 enim
3566 4080 3837 4141 tantum.

2165 4166 2227 4224 id
2251 4172 2358 4237 est,
2376 4171 2588 4240 quater
2614 4164 2709 4222 Vl.
2736 4168 2793 4222 et
2820 4170 2906 4222 ter
2937 4165 3081 4220 VIII.
3112 4164 3189 4221 ad
3218 4164 3479 4221 eundem
3500 4182 3840 4225 numerum

2089 4275 2139 4332 ι)
2165 4256 2458 4330 diapason
2486 4254 2730 4311 faciunt.
2765 4256 2911 4310 Nam
2929 4254 3063 4327 quis
3084 4251 3391 4325 intelligat,
3416 4254 3583 4327 quod
3611 4261 3845 4328 quater

2166 4345 2326 4402 VIIII.
2362 4350 2418 4403 et
2447 4349 2532 4401 ter
2555 4344 2682 4400 XII.
2709 4344 2771 4400 in
2799 4343 3086 4417 praedicta
3105 4344 3492 4417 proportione
3515 4343 3633 4401 sint
3648 4344 3686 4400 ?
3720 4345 3847 4402 Un-

2164 4436 2239 4493 de
2268 4434 2720 4507 inteliigendum
2747 4438 2834 4491 est
2860 4431 3025 4508 quod
3052 4449 3125 4489 ex
3173 4432 3548 4490 duodenario
3601 4434 3845 4493 oriatur

2164 4526 2460 4598 diapason
2492 4524 2570 4581 ad
2596 4538 2921 4581 numerum
2946 4522 3040 4579 bis
3071 4522 3198 4578 XII.
3229 4524 3332 4596 qui
3359 4524 3437 4579 ad
3463 4522 3720 4595 XLVIII,
3759 4526 3844 4581 aJ~

2165 4620 2354 4673 teram
2384 4614 2677 4688 diapason
2700 4613 2949 4687 perﬁcit,
2980 4612 3041 4669 in
3073 4626 3335 4687 quorum
3356 4611 3557 4669 medio
3587 4612 3688 4669 hic
3720 4624 3843 4671 tro-

2164 4720 2281 4779 pus
2305 4718 2479 4761 suam
2489 4702 2916 4778 proprietatem
2927 4701 3194 4776 requirit,
3218 4696 3723 4775 quandoquidem
3738 4704 3841 4761 illa

2166 4792 2730 4865 consonantia,qua3
2747 4794 2835 4847 est
2865 4794 2953 4847 ter
2978 4790 3102 4845 XII.
3138 4788 3218 4845 ad
3248 4793 3335 4845 ter
3362 4784 3503 4844 VIII.
3535 4790 3683 4846 hinc
3703 4790 3838 4848 XI].

2164 4881 2324 4938 illinc
2355 4881 2431 4938 ad
2454 4879 2705 4950 XLVIII,
2732 4879 2991 4953 respicit,
3021 4882 3075 4935 et
3088 4877 3167 4934 ad
3180 4882 3266 4933 ter
3289 4876 3433 4933 VIII.
3450 4881 3705 4951 uterque
3726 4895 3841 4936 nu.

2163 4987 2366 5029 merus
2387 4970 2680 5043 diapason
2701 4964 2857 5025 facit.
2878 4971 3057 5025 Porro
3069 4973 3156 5024 ter
3176 4968 3286 5023 XII.
3313 4966 3391 5023 ad
3420 4970 3655 5040 partem
3692 4981 3837 5037 gra-

2164 5074 2302 5118 vem
2329 5060 2608 5117 observat
2636 5062 2826 5116 metas
2850 5057 3125 5130 ejusdem
3136 5056 3313 5130 tropi,
3336 5054 3684 5129 quoniama
3702 5056 3839 5114 trite

2165 5149 2656 5222 diezeugmenon,
2691 5148 2804 5205 sub
2824 5148 2992 5205 tertia
3045 5147 3242 5220 specie
3290 5145 3699 5219 diatessaron,
3754 5148 3841 5203 in-

2234 5418 2384 5489 (643)
2425 5420 2481 5473 F.
2519 5422 2608 5473 ter
2649 5416 2807 5494 VIII.
2841 5416 2921 5471 ad
2952 5421 3043 5471 ter
3070 5415 3207 5471 XII.
3232 5430 3307 5469 ex
3365 5418 3652 5470 contextu

2234 5490 2385 5541 (644)
2424 5489 2465 5541 I.
2498 5502 2550 5541 e.
2584 5489 2796 5541 quater
2826 5487 2990 5541 VIIII.
3022 5486 3099 5541 ad
3130 5489 3345 5541 quater
3371 5486 3462 5541 VI.
3506 5489 3677 5541 etter
3718 5487 3791 5541 XI
3816 5525 3831 5536 .

2178 5524 2183 5525 κ
2205 5486 2550 5617 d('titl‘t)vll.ne.
2584 5489 2796 5562 quater
2826 5487 2990 5544 VIIII.
3022 5486 3099 5543 ad
3130 5489 3345 5559 quater
3371 5486 3462 5542 VI.
3506 5489 3677 5543 etter
3718 5486 3831 5542 XII.

2167 5578 2203 5617 a
2298 5577 2363 5617 er
2511 5602 2524 5615 .
