4000 6190
338 192 441 245 943

1017 179 1361 237 HUCBALDI
1394 178 1559 234 MON.
1592 178 1647 233 S.
1678 173 1952 232 AMANDI
1982 173 2131 230 OPP.
2166 177 2347 235 PARS
2378 182 2446 234 ll.
2480 211 2549 219 ——
2575 178 3076 238 MISCELLANEA.

3663 184 3767 238 944

337 309 723 386 proportione
762 303 1006 381 propria
1048 302 1234 359 habet
1269 306 1482 375 quater
1526 301 1637 358 XII.
1686 298 1854 373 quod
1904 301 1997 354 est
2024 299 2074 352 A
2189 301 2507 359 Sciendum
2531 319 2796 377 quoque,
2841 303 3006 377 quod
3054 304 3265 361 Dorius
3295 303 3561 361 maxime
3600 309 3776 377 proto

337 402 659 473 diapason.
691 394 864 463 Quod
894 393 992 459 ait,
1020 408 1091 448 ex
1120 391 1320 465 quarti
1349 396 1407 447 et
1453 390 1646 464 quinti
1689 390 1814 446 toni
1856 404 1994 461 pro-

338 487 713 563 portionibus
755 480 1154 553 mixolydium
1186 480 1333 547 ﬁeri,
1384 479 1490 553 qui
1537 479 1759 535 idcirco
1806 477 2000 534 dictus

338 583 449 648 est,
481 594 553 633 eo
577 574 742 648 quod
788 588 860 628 ex
908 570 1092 643 Lydio
1143 569 1367 626 mixtus
1410 568 1501 638 sit,
1547 568 1695 624 scire
1745 572 1999 640 oportet,

339 665 504 739 quod
532 664 593 719 in
620 663 838 734 quarto
866 663 1011 715 tono
1039 657 1133 713 bis
1162 658 1323 713 VIIII.
1357 657 1434 713 ad
1459 656 1553 712 bis
1584 656 1694 723 XII,
1727 659 1783 711 et
1809 660 1893 711 ter
1912 658 1999 711 VI.

337 756 415 812 ad
474 757 557 809 ter
608 751 747 820 VIII,
801 764 908 822 per
966 748 1119 804 XLII.
1175 746 1551 803 diatessaron
1601 745 1887 801 consistit.
1938 745 2003 800 In

338 842 549 917 quinto
578 856 722 897 vero
752 839 942 895 sexies
969 839 1055 893 Vl.
1086 836 1165 893 ad
1191 836 1380 893 sexies
1410 837 1521 891 IIII.
1556 835 1631 891 de
1658 834 1751 890 bis
1797 835 1899 889 XII
1947 838 2005 890 et

336 936 550 1006 quater
577 930 742 985 VIIII.
789 927 869 985 ad
910 930 1122 1000 quater
1169 928 1255 981 VI.
1302 926 1377 981 de
1424 925 1517 980 bis
1565 923 1690 979 XII.
1742 938 1849 995 per
1879 924 2000 978 LX.

338 1021 619 1093 diapente
648 1016 944 1091 producit,
974 1015 1037 1071 in
1082 1014 1467 1087 proportione
1516 1017 1717 1069 autem
1760 1011 2005 1085 propria

339 1109 523 1167 habet
552 1108 874 1180 diapason,
905 1104 1071 1177 quod
1099 1108 1187 1159 est
1214 1109 1425 1175 quater
1456 1101 1625 1157 Vl.ad
1653 1105 1866 1173 quater
1893 1101 2000 1156 XII.

341 1204 400 1256 et
427 1198 619 1255 sexies
653 1199 914 1270 quatuor
937 1194 1011 1250 de
1042 1193 1136 1250 bis
1170 1194 1295 1248 XII.
1348 1192 1425 1247 ad
1470 1192 1659 1247 sexies
1706 1190 1849 1246 VIII.
1900 1190 2005 1263 qui

340 1286 577 1344 numeri
606 1283 783 1341 simul
804 1282 995 1355 juncti
1022 1281 1248 1338 faciunt
1277 1282 1500 1337 XLVIII.
1533 1279 1827 1352 siquidem
1849 1296 1884 1336 a
1903 1296 2007 1352 pa-

340 1380 543 1433 ranete
609 1373 1084 1442 diezeugmenon
1143 1369 1404 1426 melodia
1460 1369 1642 1439 hujus
1710 1368 1863 1441 tropi
1914 1368 2004 1423 in—

341 1466 589 1534 choans,
619 1463 681 1519 in
708 1462 980 1518 lichanos
1018 1475 1249 1525 meson,
1306 1474 1441 1531 quae
1490 1462 1577 1512 est
1625 1473 1735 1513 sua
1784 1456 2003 1524 ﬁnalis,

340 1555 560 1613 desinit
587 1569 694 1628 per
720 1552 1093 1608 diatessaron
1126 1553 1183 1605 et
1214 1554 1446 1616 tonum,
1480 1547 1703 1603 faciens
1731 1546 2007 1618 primitus

2112 390 2353 461 regitur,
2382 391 2649 465 similiter
2694 392 2992 465 Phrygius
3034 393 3299 460 deutero,
3331 392 3560 466 Lydius
3616 392 3775 460 trito,

2112 479 2479 551 mixolydius
2524 481 2803 538 tetrardo.
2866 483 3027 547 Quos
3070 498 3250 539 sonos
3298 481 3359 537 in
3402 481 3779 555 quibusdam

2111 569 2421 626 cantilenis
2448 587 2571 627 suae
2603 572 2751 643 (65I)
2782 571 2975 645 plagae
2998 572 3455 645 quodammodo
3467 572 3781 643 tangendo

2111 657 2322 729 libant,
2370 664 2435 716 ut
2465 659 2645 732 plaga
2674 660 2831 733 proti
2862 663 3067 733 tangat
3093 665 3356 734 protum,
3379 660 3613 717 deuteri
3638 661 3784 717 deu-

2113 751 2327 815 terum,
2356 748 2471 803 triti
2504 748 2724 814 tritum,
2754 749 2996 805 tetrardi
3025 749 3339 806 tetradum.
3378 752 3443 806 Et
3480 749 3544 806 id
3571 749 3667 806 fas
3695 754 3785 806 est

2112 836 2366 909 experiri
2393 837 2451 892 in
2480 836 2827 906 gradalibus
2853 838 3214 910 antiphonis.
3269 842 3331 894 In
3377 838 3784 912 responsoriis

2112 942 2379 999 namque
2413 927 2722 983 nocturnis
2747 927 2843 983 vel
2871 927 3119 993 diurnis,
3153 945 3257 984 seu
3283 927 3661 1001 quibuslibet
3686 945 3785 985 ec-

2113 1014 2423 1071 clesiaticis
2456 1014 2787 1087 cantilenis,
2818 1015 2966 1090 ipsa:
2997 1015 3187 1089 plagae
3230 1034 3443 1073 eorum
3488 1033 3785 1074 sonorum

2112 1104 2328 1160 limites
2352 1104 2430 1160 ad
2462 1104 2769 1177 placidum
2795 1105 3244 1170 transcendunt,
3278 1123 3349 1163 ac
3380 1107 3614 1181 species
3654 1107 3787 1164 dia-

2112 1209 2328 1267 pason,
2356 1209 2510 1266 quas
2550 1210 2586 1250 a
2617 1194 2889 1263 graviore
2914 1200 3082 1267 parte
3107 1196 3563 1261 inchoaveram,
3609 1202 3793 1269 prout

2113 1281 2369 1347 libuerit,
2395 1287 2751 1355 percurrunt
2783 1300 2795 1338 :
2829 1284 3053 1357 quippe
3084 1284 3336 1355 singulae
3359 1285 3606 1340 chordae
3632 1284 3788 1342 ﬁna-

2114 1371 2200 1427 les
2231 1370 2496 1442 singulas
2545 1371 2901 1428 adoriuntur
2924 1373 3172 1446 species.
3208 1375 3479 1439 Quarum
3513 1374 3795 1431 videlicet

2116 1460 2451 1533 specierum
2483 1465 2673 1517 metas
2697 1460 3121 1534 principalium
3151 1466 3465 1535 troporum
3513 1464 3794 1536 superius

2115 1553 2173 1605 et
2198 1548 2441 1605 inferius
2469 1549 2917 1611 observantium
2944 1549 3140 1622 prima
3162 1550 3321 1606 Dorii
3362 1556 3473 1617 est,
3520 1552 3794 1608 secunda

342 1644 623 1717 diapente
649 1642 968 1698 remissum
1001 1659 1013 1696 :
1046 1643 1174 1695 tum
1203 1638 1420 1693 deinde
1461 1636 1694 1692 tertiam
1742 1634 2006 1708 speciem
2044 1649 2088 1702 Β
2116 1636 2375 1709 Phrygii,
2408 1638 2577 1694 tertia
2607 1638 2800 1710 Lydii,
2831 1643 3047 1711 quarta
3084 1638 3434 1712 mixolydii;
3487 1641 3795 1713 siquidem

344 1734 532 1807 ipsius
557 1732 837 1806 diapente
865 1730 1023 1786 infra
1052 1745 1187 1785 eam
1218 1725 1682 1783 consonantiam
1734 1724 2007 1781 videatur

346 1823 668 1880 consistere
694 1838 707 1875 :
740 1825 799 1876 et
822 1819 965 1892 quia
994 1834 1235 1874 sursum
1269 1833 1474 1873 versus
1514 1832 1549 1871 a
1579 1831 1692 1870 sua
1715 1814 1883 1870 ﬁnali
1910 1813 2006 1869 hic

347 1912 637 1985 septimus
668 1914 875 1981 tropus
907 1907 1227 1980 septimam
1259 1905 1519 1978 speciem
1569 1904 1864 1976 diapason
1913 1920 2009 1959 ex-

347 1999 634 2073 sequitur,
666 1996 819 2053 sicut
844 2000 1096 2068 quartus
1140 1994 1512 2050 diatessaron
1555 1991 1911 2065 septenario,
1952 1997 2009 2048 et

346 2089 498 2145 sicut
559 2085 807 2159 quintus
871 2085 1149 2157 diapente
1215 2082 1462 2139 denario
1539 2080 2004 2137 mensurabitur.

346 2176 533 2247 Hujus
563 2174 724 2231 enim
756 2171 972 2246 speciei
1000 2174 1285 2244 paranete
1323 2168 1758 2241 hyperbolaeon
1800 2173 1888 2225 est
1928 2169 2008 2225 ad

346 2270 586 2323 acutam
613 2267 848 2337 partem
898 2261 1055 2317 ﬁnis.
1107 2259 1213 2317 Ubi
1262 2264 1465 2316 autem
1518 2258 1779 2315 melodia
1826 2258 2007 2329 hujus

347 2354 521 2428 tropi,
550 2370 688 2426 quae
717 2357 808 2408 est
837 2352 1216 2407 NOEOEANE
1246 2348 1484 2414 desinit,
1516 2347 1778 2404 melodia
1814 2348 2005 2404 octavi

346 2443 521 2516 tropi,
566 2457 704 2514 quae
750 2444 838 2496 est
879 2439 1204 2505 NOEAGIS,
1246 2452 1353 2509 per
1400 2436 1774 2505 diatessaron
1814 2435 2005 2492 inten-

348 2549 487 2587 sum
510 2528 717 2602 incipit
744 2546 757 2583 :
790 2527 955 2601 quod
986 2526 1185 2583 statim
1213 2524 1474 2594 remittit,
1500 2540 1608 2580 nec
1641 2540 1678 2579 a
1709 2540 1819 2580 suo
1847 2523 2007 2597 prin-

346 2620 523 2694 cipali
570 2621 815 2692 propter
842 2616 999 2671 hanc
1049 2613 1449 2670 differentiam
1496 2612 1793 2685 discrepat
1839 2612 2007 2685 quod

349 2725 461 2766 suo
519 2707 763 2765 nomine
816 2702 1376 2778 hypermixolydius
1433 2702 1745 2773 designat;
1792 2701 2008 2773 hyper-

346 2796 711 2869 mixolydius
744 2809 888 2851 sane
913 2792 1149 2859 dicitur,
1182 2790 1349 2863 quod
1382 2789 1800 2862 myxolydium
1845 2794 2005 2846 tran-

343 2886 592 2959 scendit,
621 2885 726 2958 qui
767 2884 939 2955 juxta
981 2882 1371 2938 Ptolombeum
1421 2884 1689 2936 octavam
1743 2880 2004 2953 speciem

2116 1741 2330 1782 omnes
2359 1725 2587 1798 species
2618 1725 2915 1799 diapason
2945 1732 3003 1782 et
3026 1726 3305 1799 superius
3344 1733 3403 1783 et
3429 1728 3686 1784 inferius
3715 1729 3798 1784 in-

2116 1814 2321 1870 choari
2348 1819 2626 1887 possunt,
2670 1832 2725 1870 v.
2760 1831 2816 1886 g.
2862 1815 3059 1889 prima
3104 1816 3183 1872 ab
3232 1818 3277 1873 Ο
3309 1816 3372 1872 in
3399 1822 3444 1872 A
3474 1816 3571 1873 vel
3618 1816 3701 1873 ab
3732 1824 3794 1873 Α.

2114 1902 2177 1958 in
2207 1904 2270 1959 Ο.
2309 1902 2585 1960 Secunda
2610 1902 2689 1959 ab
2716 1920 2773 1959 x.
2807 1904 2868 1959 in
2898 1903 2958 1959 b.
2991 1903 3085 1959 vel
3115 1920 3152 1961 a
3175 1904 3234 1960 b.
3269 1904 3330 1961 in
3370 1922 3430 1961 x.
3464 1906 3663 1962 Tertia
3720 1906 3798 1962 ab

2115 1990 2730 2064 yinc.velaciny.
2761 1993 3143 2058 Quartaacc
3186 1993 3246 2049 in
3277 2010 3332 2050 e.
3379 1993 3477 2049 vel
3523 1993 3607 2050 ab
3654 2011 3687 2050 e
3740 1995 3798 2051 in

2116 2095 2201 2136 cc.
2233 2079 2449 2145 Quinta
2477 2096 2513 2135 a
2537 2079 2621 2135 dd
2653 2080 2713 2135 in
2738 2080 2798 2136 h.
2832 2080 2927 2136 vel
2957 2080 3034 2136 ab
3076 2080 3117 2135 b
3148 2080 3209 2136 in
3258 2081 3365 2138 dd.
3420 2084 3604 2138 Sexta
3648 2083 3731 2139 ab
3756 2084 3804 2139 Η

2114 2168 2177 2224 in
2205 2168 2242 2224 i.
2277 2167 2367 2223 vel
2396 2168 2474 2223 ab
2502 2167 2520 2223 i
2547 2169 2609 2224 in
2638 2168 2701 2224 Η.
2734 2169 3000 2242 Septima
3027 2169 3106 2226 ab
3129 2185 3214 2225 nn
3240 2170 3303 2226 in
3333 2186 3416 2226 m.
3452 2170 3549 2227 vel
3603 2171 3686 2227 ab
3736 2188 3798 2227 m

2115 2256 2178 2313 in
2202 2272 2287 2312 nn
2318 2258 2487 2329 (652).
2518 2259 2668 2314 Sunt
2696 2257 2878 2328 igitur
2902 2262 3162 2331 quatuor
3192 2258 3561 2331 superiores,
3599 2259 3658 2315 id
3689 2265 3794 2326 est,

2117 2348 2181 2403 Ο.
2216 2346 2288 2402 X.
2320 2363 2381 2417 y.
2411 2362 2495 2402 cc.
2531 2350 2588 2403 et
2619 2348 2765 2418 (653)
2794 2351 2912 2403 tres
2943 2347 3247 2404 inferiores
3279 2348 3346 2403 Η.
3373 2348 3412 2404 i.
3458 2351 3529 2405 Μ.
3572 2352 3658 2423 ~Et
3705 2366 3798 2405 su-

2114 2434 2381 2508 periores
2433 2435 2682 2508 quidem
2728 2435 3127 2493 excellentiori
3177 2442 3346 2510 parte
3392 2438 3547 2509 (654)
3597 2437 3792 2494 ﬁunt:

2115 2522 2542 2596 hypodorium,
2584 2523 3101 2597 hypophrygium,
3125 2524 3557 2598 hypolydium,
3576 2526 3795 2600 hyper-

2115 2611 2534 2683 mixolydium.
2597 2611 2909 2668 Interiores
2962 2628 3103 2668 vero
3161 2613 3316 2669 ﬁunt
3386 2630 3462 2669 ex
3516 2616 3793 2684 graviore

2115 2706 2303 2775 parte,
2340 2701 2600 2765 Dorium,
2634 2702 2985 2774 Phrygium,
3033 2702 3309 2774 Lydium,
3357 2703 3789 2776 mixolydium,

2115 2790 2276 2847 unde
2305 2795 2362 2847 et
2388 2790 2600 2846 ﬁnales
2632 2790 2804 2847 dictae
2831 2795 2988 2848 sunt.
3025 2793 3400 2866 Quapropter
3452 2793 3793 2851 modulatio

2116 2878 2424 2935 cantilenae
2455 2878 2610 2935 infra
2635 2879 2896 2951 speciem
2923 2868 3244 2952 hypodorii
3288 2881 3651 2952 decurrens,
3682 2900 3791 2939 sua

340 2977 658 3050 diapason,
686 2972 970 3030 omnibus
1008 2969 1251 3042 reliquis
1300 2969 1645 3037 acutiorem,
1694 2970 2000 3040 percurrit,
2042 3001 2085 3057 ρ
2115 2970 2223 3035 est,
2258 2966 2531 3039 superius
2570 2966 2923 3035 ascendens,
2958 2967 3115 3023 Dorii
3164 2971 3269 3023 est.
3318 2967 3549 3023 Eodem
3606 2967 3790 3024 modo

341 3069 627 3122 constans
654 3060 852 3135 quarti
883 3064 940 3115 et
968 3057 1161 3131 quinti
1192 3059 1313 3113 toni
1344 3056 1831 3129 proprietatibus,
1856 3057 2006 3114 sicut

340 3151 749 3226 myxolydius.
783 3149 1069 3203 Cantatur
1094 3149 1297 3202 autem
1329 3145 1716 3217 myxolydius
1758 3146 1820 3201 in
1868 3162 2002 3217 gra-

339 3241 577 3299 dalibus
603 3244 725 3295 ant.
755 3239 920 3316 Puer
947 3242 1127 3291 natus
1157 3240 1240 3290 est
1271 3236 1458 3290 nobis.
1509 3239 1566 3289 et
1607 3236 1847 3291 Audiuit
1885 3238 2001 3292 Do-

338 3331 555 3387 minus.
585 3330 652 3384 Et
674 3323 1049 3383 nocturnalia
1072 3322 1455 3394 responsoria
1475 3322 1689 3378 eodem
1711 3323 1894 3378 modo
1917 3325 2002 3379 in-

338 3417 562 3491 cipiunt
609 3419 667 3487 ιῖ).
710 3416 830 3470 Iste
858 3418 941 3469 est
984 3412 1186 3480 frater
1227 3416 1435 3466 vester.
1487 3414 1543 3465 et
1596 3411 1760 3467 Dixit
1810 3412 2002 3468 Judas

331 3506 633 3577 fratribus
661 3504 802 3560 suis.
851 3504 1141 3557 Caeterum
1193 3497 1390 3570 prima
1441 3498 1789 3570 antiphona.
1839 3500 2003 3556 Puer

334 3602 515 3653 natus
544 3600 627 3652 est
657 3592 937 3665 diapente
968 3588 1045 3645 ad
1075 3592 1362 3661 paranete
1412 3586 1886 3658 diezeugmenon
1913 3589 2001 3645 in-

334 3685 539 3756 tendit,
571 3683 676 3740 ubi
704 3679 967 3738 melodia
1000 3677 1183 3749 hujus
1211 3676 1366 3749 tropi
1393 3676 1508 3732 tale
1539 3676 1721 3732 habet
1740 3677 1996 3748 initium,

332 3774 510 3847 quale
538 3776 597 3829 et
621 3767 1072 3850 responsorium
1107 3782 1119 3819 :
1152 3765 1307 3821 Ecce
1334 3765 1455 3821 dies
1488 3766 1733 3821 veniunt
1763 3770 1824 3840 ιῆ.
1847 3767 2000 3823 Nas-

333 3868 502 3920 cetur
524 3860 710 3918 nobis.
760 3857 835 3913 de
883 3856 999 3911 hoc
1044 3858 1216 3926 tropo
1263 3853 1478 3909 eodem
1528 3853 1714 3909 modo
1768 3853 1991 3927 incipit.

332 3954 516 4007 Porro
562 3946 875 4004 cantilenae
927 3942 1121 4000 octavi
1168 3941 1321 4014 tropi
1370 3957 1536 3998 more
1585 3941 1995 4013 subjugalium

330 4040 487 4097 infra
513 4041 795 4111 quartam
827 4033 1087 4107 speciem
1116 4031 1412 4104 diapason
1438 4032 1763 4088 decurrunt
1791 4049 1805 4088 :
1854 4037 1996 4090 sunt

331 4128 492 4185 enim
514 4143 550 4183 a
565 4140 728 4183 mese
744 4122 1016 4195 superius
1036 4123 1296 4193 quatuor
1319 4120 1578 4187 chordze,
1597 4136 1734 4192 qua:
1756 4136 1993 4193 synem-

329 4233 524 4274 mense
554 4218 693 4271 sunt
714 4210 1022 4286 proximae,
1056 4213 1112 4265 et
1140 4225 1171 4265 e
1196 4208 1378 4265 latere
1408 4208 1550 4280 (650)
1584 4208 1822 4277 inﬁmae,
1854 4227 1991 4283 quae

328 4307 477 4364 dant
503 4304 582 4361 ab
612 4298 1009 4359 excellentiori
1037 4301 1205 4372 parte
1232 4297 1545 4354 exordium
1595 4302 1856 4371 quatuor
1873 4298 1991 4371 pri-

325 4396 442 4453 mis
457 4391 769 4468 speciebus
805 4390 1124 4463 diapason,
1173 4391 1352 4461 atque
1402 4386 1677 4443 melodiis
1725 4391 1988 4461 quatuor

325 4491 657 4559 troporum.
689 4484 953 4548 Quorum
982 4476 1256 4534 videlicet
1283 4481 1591 4550 troporum
1640 4477 1762 4534 sive
1806 4478 1985 4535 etiam

325 4589 636 4640 sonorum,
668 4570 897 4645 primus
926 4570 1129 4623 Graeca
1156 4565 1363 4638 lingua
1392 4566 1605 4645 dicitur
1628 4568 1840 4622 Protus
1860 4585 1874 4635 ;
1898 4584 1984 4623 se-

323 4665 558 4721 cundus
593 4665 916 4726 Deuterus;
950 4657 1153 4714 tertius
1204 4657 1430 4721 Tritus;
1484 4658 1736 4727 quartus
1785 4659 1982 4713 Tetra-

321 4756 437 4811 dus
464 4772 477 4821 ;
505 4752 609 4826 qui
645 4748 864 4819 singuli
886 4764 923 4803 a
955 4746 1079 4801 suis
1112 4743 1395 4800 ﬁnalibus
1441 4742 1729 4798 deorsum
1778 4748 1983 4815 penta-

321 4843 568 4911 chordo,
593 4838 760 4913 quod
779 4841 866 4894 est
885 4834 1185 4907 diapente,
1205 4831 1509 4889 differunt.
1537 4830 1818 4903 Superius
1838 4848 1980 4889 vero

318 4930 784 4995 tetrachordum,
816 4923 982 5000 quod
1012 4927 1101 4978 est
1125 4921 1502 4977 diatessaron
1552 4920 1882 4992 requirunt,
1916 4926 1982 4979 ut

322 5019 736 5094 unusquisque
767 5029 944 5072 suam
975 5010 1235 5083 speciem
1266 5008 1562 5080 diapason
1610 5012 1824 5083 teneat,
1872 5027 1978 5084 per

314 5127 505 5185 quam
525 5097 862 5177 evagando,
881 5115 1118 5156 sursum
1144 5114 1215 5154 ac
1244 5096 1533 5153 deorsum
1555 5096 1738 5155 libere
1753 5104 1973 5156 currat.

315 5203 421 5258 Cui
451 5198 669 5256 scilicet
696 5194 990 5265 diapason
1029 5187 1385 5260 plerumque
1412 5185 1667 5241 exterius
1711 5187 1970 5259 additur,

313 5291 414 5364 qui
448 5284 735 5352 cmmelis,
767 5281 827 5336 id
857 5282 963 5345 est,
995 5280 1171 5349 aptus
1202 5274 1361 5332 melo
1389 5277 1656 5332 vocatur.

384 5504 529 5575 (650)
559 5502 617 5576 C.
650 5500 809 5576 Em”
840 5492 1069 5576 vicinas.
1100 5564 1111 5576 .
1140 5564 1174 5576 Η
1270 5564 1280 5575 .

382 5564 533 5645 (651)
557 5573 605 5646 i.
628 5588 679 5646 e.
709 5564 890 5644 plagii
922 5582 1027 5621 seu
1056 5564 1303 5646 obliqui.
1451 5634 1464 5646 _
1493 5635 1507 5646 _
1615 5637 1625 5646 n
1696 5638 1705 5646 ‘
1740 5635 1750 5646 _

379 5634 528 5721 (652)
549 5634 785 5701 Videtur
810 5634 917 5713 pro
947 5654 1049 5693 nn.
1081 5634 1405 5708 legendum
1438 5634 1542 5692 hh.
1566 5637 1632 5692 ut
1654 5638 1711 5692 et
1733 5635 1797 5692 in
1832 5650 1958 5708 seq.

2113 3054 2267 3111 infra
2315 3054 2577 3128 speciem
2642 3055 3071 3129 hypophrygii,
3145 3073 3254 3113 sua
3324 3062 3434 3125 est,
3509 3057 3791 3130 superius

2113 3142 2467 3217 ascendens,
2513 3143 2755 3215 Phrygii
2808 3149 2914 3200 est.
2988 3148 3145 3200 Intra
3198 3161 3448 3218 quoque
3523 3146 3787 3219 speciem

2113 3232 2447 3306 hypolydii,
2507 3249 2616 3289 sua
2682 3239 2793 3303 est,
2862 3234 3136 3307 superius
3194 3233 3560 3302 ascendens,
3625 3235 3785 3309 Lydii

2113 3325 2219 3377 est.
2282 3324 2347 3377 Et
2410 3321 2484 3378 de
2533 3322 3058 3395 hypermixolydio
3114 3322 3381 3379 similiter
3446 3324 3784 3395 intelligen-

2111 3410 2260 3466 dum
2316 3414 2426 3467 est.
2482 3413 2633 3480 Ergo
2710 3411 3184 3469 modulationem
3255 3412 3577 3469 cantilena.-
3632 3414 3784 3470 Dorii

2111 3499 2185 3555 ad
2245 3499 2719 3557 excellentiorem
2782 3506 3015 3573 partem
3068 3501 3197 3558 ﬁnit
3253 3503 3358 3559 CC.
3418 3502 3781 3560 modulatio-

2108 3602 2251 3644 nem
2306 3588 2545 3661 Phrygii
2592 3587 2721 3644 ﬁnit
2766 3588 2869 3644 dd.
2922 3589 3401 3646 modulationem
3452 3591 3627 3664 Lydii
3657 3591 3781 3648 ﬁnit

2109 3675 2159 3730 ff
2206 3675 2678 3733 modulationem
2728 3677 3040 3750 mixolydii
3113 3678 3245 3734 ﬁnit
3292 3694 3400 3735 nn.
3471 3680 3637 3737 unde
3694 3681 3774 3749 ﬁt,

2108 3769 2173 3820 ut
2201 3764 2409 3821 Dorius
2463 3766 2542 3821 ab
2572 3783 2627 3822 ο.
2661 3771 2765 3823 aut
2790 3767 3116 3824 descendat
3146 3767 3206 3823 in
3236 3784 3289 3825 e.
3327 3773 3435 3826 aut
3491 3770 3778 3827 ascendat

2105 3853 2167 3909 in
2223 3870 2309 3910 cc.
2367 3854 2643 3911 Similiter
2682 3855 2974 3928 Phrygius
3023 3856 3103 3914 ab
3162 3856 3236 3914 Χ.
3290 3862 3399 3914 aut
3448 3858 3774 3917 descendat

2104 3942 2166 3999 in
2189 3942 2249 3999 h.
2279 3947 2384 4000 aut
2408 3944 2695 4001 ascendat
2721 3945 2783 4001 in
2808 3945 2911 4002 dd.
2935 3934 3164 4004 Eodem
3204 3947 3395 4004 modo
3444 3948 3670 4021 Lydius
3696 3950 3772 4006 ab

2102 4049 2144 4105 y
2173 4036 2278 4089 aut
2296 4032 2605 4090 descendit
2630 4034 2690 4089 in
2721 4038 2761 4090 I.
2797 4038 2901 4091 aut
2928 4035 3198 4092 ascendit
3234 4036 3296 4092 in
3322 4037 3385 4093 fl.
3416 4038 3770 4111 Mixolydius

2102 4120 2489 4178 nihilominus
2515 4123 2595 4179 ab
2625 4139 2710 4179 cc.
2745 4127 2850 4180 aut
2877 4123 3189 4182 descendit
3216 4125 3278 4182 in
3306 4129 3377 4184 Η.
3412 4133 3522 4184 aut
3570 4144 3772 4186 ascen-

2101 4209 2189 4266 dit
2214 4210 2279 4267 in
2305 4227 2409 4270 nn.
2443 4216 2501 4268 et
2530 4228 2770 4286 semper
2799 4214 3220 4288 unusquisque
3262 4216 3620 4290 principalis
3652 4223 3767 4276 tro—

2100 4314 2216 4372 pus
2244 4298 2491 4357 inferius
2519 4301 2701 4357 habet
2735 4300 3015 4376 diapente
3043 4319 3080 4360 a
3128 4303 3333 4361 media
3369 4305 3627 4377 chorda,
3677 4324 3770 4363 su-

2100 4387 2302 4461 perius
2327 4388 2698 4446 diatessaron
2722 4408 2736 4458 ;
2759 4406 2831 4447 ac
2861 4392 2915 4447 si
2942 4393 3083 4448 VIII.
3116 4391 3233 4449 sint
3257 4392 3413 4451 inter
3441 4395 3532 4450 VI.
3557 4399 3617 4451 et
3636 4396 3762 4450 XII.

2098 4478 2432 4551 subjugalis
2459 4495 2603 4536 vero
2631 4481 3048 4554 unusquisque
3063 4485 3272 4556 tropus
3294 4498 3330 4539 a
3350 4483 3521 4541 ﬁnali
3536 4485 3766 4542 chorda

2097 4568 2371 4641 superius
2408 4568 2593 4625 habet
2638 4568 2939 4643 diapente,
2983 4569 3230 4627 inferius
3278 4588 3424 4630 vero
3466 4573 3763 4632 diatessa-

2092 4671 2205 4713 ron
2237 4676 2250 4713 :
2284 4673 2354 4714 ac
2383 4657 2433 4713 si
2460 4660 2624 4713 VllII.
2659 4658 2776 4714 sint
2801 4658 2956 4716 inter
2980 4662 3069 4715 VI.
3100 4664 3160 4717 et
3185 4663 3327 4717 XIII.
3368 4663 3545 4729 Quod
3588 4664 3641 4720 si
3669 4681 3763 4720 su-

2091 4745 2292 4818 perius
2317 4746 2411 4802 vel
2437 4746 2682 4804 inferius
2710 4746 2889 4804 alicui
2910 4752 3083 4822 tropo
3104 4754 3272 4806 extra
3299 4752 3569 4825 speciem
3587 4753 3759 4827 dupli

2092 4836 2270 4890 tonus
2303 4835 2637 4905 accesserit,
2668 4851 2790 4892 non
2821 4836 2930 4893 erit
2957 4835 3295 4896 absurdum
3319 4841 3633 4899 emmelim
3652 4858 3758 4916 po-

2089 4938 2251 4993 nere,
2283 4924 2421 4981 utsi
2445 4940 2484 4982 a
2504 4925 2803 4999 praedictis
2829 4926 3267 4997 medietatibus,
3296 4929 3650 5005 ubicunque
3678 4936 3756 4988 te-

2051 5073 2065 5083 ,
2088 5011 2281 5084 tigerit
2307 5013 2449 5071 hinc
2472 5014 2568 5071 vel
2594 5015 2754 5088 inde,
2786 5015 3066 5089 diapente
3095 5023 3155 5074 et
3175 5022 3376 5091 tonus,
3408 5020 3508 5077 vel
3535 5020 3757 5079 diates-

2086 5116 2268 5158 saron
2296 5106 2353 5158 et
2381 5106 2578 5159 tonus.

2154 5193 2353 5248 Restat
2381 5191 2577 5249 dicere
2602 5192 2677 5248 de
2702 5192 2893 5250 tribus
2914 5194 3266 5254 directaneis
3283 5197 3461 5269 tonis,
3484 5215 3751 5273 quorum

2081 5283 2348 5336 tenorem
2381 5280 2819 5353 synemmenon
2850 5284 3293 5343 tetrachordum
3339 5287 3570 5357 recidit,
3599 5289 3746 5346 dum

2144 5494 2296 5635 (653)
2320 5494 2381 5550 C.
2407 5496 2532 5550 Em.
2558 5503 2823 5568 quatuor
2856 5498 3192 5570 inferiores,
3230 5500 3292 5555 id
3316 5506 3402 5557 est
3428 5518 3476 5558 e.
3502 5520 3563 5559 η.
3588 5505 3630 5560 ὅ,
3660 5521 3740 5563 m.

2170 5569 2297 5635 654)
2325 5566 2386 5622 C.
2418 5568 2544 5623 Em.
2575 5569 2818 5635 ﬁniunt.

2170 5569 2297 5637 654)
2325 5566 2386 5622 C.
2418 5568 2544 5623 Em.
2568 5566 2818 5636 ﬁniunt.
