4000 6190
253 217 356 270 945
1436 223 1528 277 DE
1569 219 1988 275 HARMONICA
2031 223 2540 286 INSTITUTIONE.

256 337 410 392 inter
441 331 506 393 0‘.
542 343 600 392 et
630 339 704 391 Χ.
730 341 856 395 trite
885 355 1350 411 synemmenon,
1378 343 1437 398 id
1459 347 1572 409 est,
1597 357 1658 414 q.
1689 341 1937 397 interve-
1963 349 2009 400 A

257 426 375 491 nit;
407 427 507 481 vix
539 431 742 483 tamen
773 444 1041 500 unquam
1074 429 1226 484 ratio
1271 436 1409 502 post
1443 445 1804 504 paramesen
1841 447 1935 486 so-

260 529 407 570 nare
437 515 758 586 permittit:
809 516 912 571 sed
957 522 1060 572 aut
1104 523 1246 590 post
1279 521 1343 574 0.
1378 526 1483 576 aut
1511 524 1652 592 post
1680 523 1739 574 Τ.
1773 519 1934 576 inve-

261 603 460 658 nitur:
493 609 631 676 post
663 606 726 661 Ο.
761 605 909 660 sicut
937 605 997 660 in
1029 606 1200 662 tertio
1257 624 1407 663 sono
1436 610 1622 680 hujus
1663 609 1939 682 antipho-

263 707 360 746 ωε
391 710 402 745 :
433 693 635 747 Justus
667 708 723 747 es
752 695 1014 750 Domine.
1049 695 1318 751 Tandem
1342 701 1596 753 octavus
1623 702 1832 770 tropus
1859 702 1939 754 te-

265 787 370 836 net
397 781 676 837 eamdem
709 783 966 854 speciem
995 784 1315 857 diapason,
1347 803 1535 859 quam
1575 792 1634 842 et
1681 786 1934 858 primus,

267 875 467 926 tamen
493 886 564 925 eo
594 870 810 941 differt,
842 872 1008 944 quod
1038 873 1133 928 ille
1160 874 1344 930 habet
1375 893 1456 931 m.
1481 875 1750 931 mediam
1773 877 1936 932 chor-

266 959 411 1016 dam
440 977 561 1015 suae
587 961 888 1033 qualitatis
917 963 1228 1018 custodem
1255 981 1268 1018 :
1302 964 1399 1020 hic
1421 981 1566 1020 vero
1589 965 1654 1021 Ο.
1671 964 1784 1020 sub
1802 981 1935 1036 pro-

264 1051 311 1106 ti
341 1049 595 1106 nomine.
633 1052 825 1116 Quam
870 1051 1268 1109 differentiam
1299 1055 1407 1126 qui
1440 1054 1648 1122 nescit,
1677 1070 1839 1109 nunc
1871 1054 1932 1110 in

266 1140 469 1208 istum,
499 1155 660 1195 nunc
708 1139 769 1195 in
809 1140 978 1197 illum
1027 1141 1275 1197 vitiosus
1322 1142 1588 1199 incurrit.
1629 1145 1695 1198 Ut
1734 1147 1822 1198 est
1865 1143 1924 1198 in

269 1229 496 1302 antiph.
532 1230 676 1286 Urbs
706 1231 1104 1301 fortitudinis,
1137 1249 1273 1304 quae
1320 1249 1357 1288 a
1385 1233 1582 1305 primo
1614 1237 1758 1288 tono
1788 1232 1931 1286 inci-

267 1321 380 1394 pit,
410 1326 462 1376 et
510 1321 570 1376 in
618 1325 900 1377 octavum
958 1322 1174 1378 desinit
1231 1327 1477 1395 propter
1523 1322 1927 1388 semitonium,

271 1409 435 1482 quod
465 1409 869 1482 chordae,quee
900 1416 992 1466 est
1018 1428 1098 1467 m.
1132 1411 1487 1484 imprudens
1511 1426 1633 1466 non
1662 1426 1771 1464 suo
1797 1409 1930 1465 loco

272 1498 576 1569 subjunxit
603 1515 695 1569 eo,
730 1498 833 1554 ubi
880 1500 1125 1570 Aperite
1151 1506 1361 1569 portas
1392 1499 1602 1555 intulit.
1637 1499 1928 1554 Caeterum

268 1587 333 1642 in
363 1587 706 1657 gradalibus
734 1588 1080 1660 antiphonis
1109 1588 1289 1644 habet
1319 1592 1566 1644 octavus
1596 1592 1804 1660 tropus
1835 1586 1932 1641 Ad

3599 240 3706 293 946

2379 368 2645 416 SEQUlTl‘R
2687 369 3001 410 ΡκιεΕΜΙΞΒυε
3041 371 3376 412 EXPOSITOR.

2119 458 2186 511 Ut
2226 458 2518 514 Vitruvius
2564 459 2710 516 dixit
2761 462 2820 516 in
2850 461 3001 518 libro
3047 461 3122 517 de
3152 463 3578 532 Architectura,
3619 483 3707 521 se-

2044 544 2309 600 cundum
2335 548 2616 620 physicos
2659 566 2779 605 non
2822 550 2957 621 plus
2991 553 3149 619 sunt,
3179 566 3366 621 quam
3397 556 3531 607 octo
3567 566 3706 605 ven-

2044 631 2081 687 ti
2108 650 2120 686 :
2156 635 2510 708 principales
2540 642 2818 708 quatuor,
2856 643 2913 693 et
2941 638 3193 708 subjecti
3223 643 3502 711 quatuor.
3538 643 3702 706 Qua-

2045 724 2178 777 tuor
2207 740 2362 792 vero,
2392 725 2494 796 qui
2527 727 2830 783 adduntur
2850 732 2914 782 ut
2943 727 3062 782 sint
3085 727 3426 798 duodecim,
3454 728 3536 784 sic
3562 732 3705 783 sunt

2043 815 2106 866 ut
2133 818 2390 884 quatuor
2419 816 2729 872 semitonia
2769 817 2847 873 ad
2896 821 3030 872 octo
3073 820 3263 873 tonos.
3297 821 3442 872 Nam
3475 818 3537 872 in
3586 833 3701 872 un-

2040 900 2131 956 dis
2158 903 2340 957 maris
2373 907 2428 958 et
2451 903 2773 961 fluminum
2803 921 3041 978 semper
3072 906 3263 974 magis
3295 911 3471 962 sonat
3499 906 3701 978 prima

2040 991 2225 1059 unda,
2253 1008 2440 1064 quam
2471 1000 2696 1066 septem
2742 999 3079 1067 sequentes.
3116 998 3282 1050 Nona
3307 1011 3448 1050 vero
3478 1000 3699 1051 octavae

2043 1080 2251 1136 similis
2281 1084 2385 1136 est.
2423 1082 2696 1139 Similiter
2739 1085 2799 1140 in
2839 1083 3112 1141 tonitruis
3161 1088 3294 1139 octo
3325 1083 3694 1153 discrimina,

2038 1185 2074 1223 a
2103 1169 2326 1242 quibus
2357 1171 2720 1242 Pythagoras
2751 1174 3146 1246 philosophus
3199 1174 3311 1228 hac
3365 1178 3498 1230 octo
3539 1178 3699 1228 tono~

2037 1274 2174 1313 rum
2223 1262 2644 1317 consonantias
2691 1264 2970 1335 praifatas
3014 1263 3093 1318 ad
3132 1263 3515 1318 harmoniam
3566 1262 3700 1318 coeli

2039 1345 2100 1400 in
2131 1345 2359 1402 Atlante
2391 1355 2614 1416 monte,
2647 1351 2750 1423 qui
2795 1357 2882 1407 est
2911 1352 3221 1424 proximus
3247 1351 3418 1421 cmlo,
3451 1351 3700 1406 adiuve-

2039 1434 2147 1502 nit,
2182 1435 2351 1505 cujus
2398 1440 2811 1511 proportiones
2859 1442 3048 1496 instar
3091 1441 3356 1512 quinque
3401 1444 3700 1495 Zonarum

2039 1521 2178 1576 coeli
2207 1526 2468 1595 perfecit,
2501 1545 2760 1600 quarum
2813 1529 3096 1602 temperie
3127 1529 3392 1584 mundus
3436 1529 3541 1584 iste
3573 1544 3701 1583 mo-

2039 1609 2306 1669 deratur.
2340 1616 2543 1670 Omnis
2586 1617 2745 1671 enim
2776 1617 3018 1672 musica?
3054 1617 3450 1673 consonantia
3490 1621 3593 1672 aut
3623 1616 3703 1671 ad

271 1681 329 1778 ξς
352 1677 564 1778 ίθςλίξξθί·
599 1678 930 1778 “Domine
959 1692 1032 1778 ης
1064 1678 1256 1778 ίςηθθο
1278 1677 1342 1778 1P
1375 1674 1925 1778 ξὶοοίυξηίδιδηίίῐξῇ·
1967 1697 2006 1748 Β
2041 1714 2243 1756 unum
2275 1707 2337 1758 11.
2372 1705 2551 1760 habet
2578 1705 2638 1760 in
2687 1705 2928 1778 duplici,
2977 1711 3080 1762 aut
3130 1711 3216 1761 Ill.
3246 1707 3306 1761 in
3338 1705 3568 1777 triplici,
3601 1709 3706 1761 aut

273 1766 500 1834 Repleti
536 1773 673 1820 sunt
715 1781 932 1821 omnes.
975 1770 1031 1821 et
1079 1768 1217 1821 Lux
1259 1767 1331 1821 de
1374 1768 1520 1821 luce.
1552 1763 1929 1820 Nocturnalia

269 1854 648 1925 responsoria
677 1855 904 1910 Montes
937 1855 1171 1909 Gelboe.
1217 1858 1273 1908 et
1305 1855 1466 1909 Dixit
1500 1853 1727 1910 Ruben.
1764 1852 1926 1908 Diur-

267 1958 348 1997 na
379 1942 760 2015 responsoria
782 1944 1082 1998 Ditexisti.
1117 1947 1172 1998 et
1199 1941 1314 2008 Qui
1340 1943 1520 1998 sedes.
1551 1941 1925 1996 Offertorium

263 2033 333 2086 Si
358 2031 762 2088 ambulavero.

319 2155 444 2194 ITEM
488 2157 552 2194 DE
591 2155 823 2195 SEPTIMO
864 2156 929 2194 ET
968 2154 1190 2194 OCTAVO
1229 2154 1372 2194 ΤΟΝΟ
1414 2154 1559 2192 Νονλ
1601 2155 1874 2194 CUJUSI)AM

935 2226 1254 2265 EXPOSITIO.

338 2303 388 2352 A
411 2305 628 2372 quarta
661 2299 857 2371 specie
884 2299 1200 2372 diapason,
1233 2314 1369 2370 quin
1399 2301 1489 2351 est
1521 2313 1703 2369 supra
1744 2315 1924 2365 mese,

261 2389 582 2445 inchoatur
607 2389 895 2462 septimus
942 2394 1168 2460 tropus,
1201 2388 1260 2443 id
1292 2393 1401 2448 est,
1436 2403 1521 2442 cc.
1555 2391 1612 2441 et
1635 2387 1839 2443 finitur
1867 2389 1927 2444 in

262 2479 546 2550 diapente
571 2495 650 2534 m.
671 2477 1057 2534 Concluditur
1077 2478 1206 2547 ejus
1229 2477 1420 2532 forma
1442 2476 1598 2531 intra
1626 2476 1925 2549 diapente,

260 2568 434 2640 quod
452 2572 541 2624 est
564 2585 650 2623 cc.
675 2567 752 2622 ad
769 2585 849 2622 m.
866 2567 1070 2623 addita
1092 2566 1504 2637 sesquioctava
1522 2566 1924 2638 proportione,

259 2657 434 2729 quod
465 2662 550 2712 est
583 2656 659 2712 ab
703 2673 784 2712 m.
819 2657 897 2712 ad
932 2660 968 2713 i.
1007 2657 1196 2728 Hujus
1227 2655 1380 2727 tropi
1425 2655 1547 2709 haec
1594 2658 1684 2708 est
1734 2653 1929 2710 forma

261 2747 680 2802 NOEOEAGIS.
720 2746 909 2802 Habet
938 2746 1097 2801 enim
1139 2746 1198 2800 in
1231 2743 1536 2800 nocturnis
1563 2743 1927 2798 differentias

258 2842 409 2904 tres,
441 2852 625 2891 unam
652 2837 710 2890 in
743 2853 979 2909 coquat
1001 2835 1182 2891 habet
1199 2851 1388 2890 unum
1407 2833 1630 2898 locum,
1648 2833 1926 2906 diapente

256 2925 586 2980 remissum
610 2924 669 2980 in
701 2941 780 2980 m.
800 2931 861 2980 ut
885 2925 1141 2981 Summae
1175 2924 1476 2979 Trinitati.
1503 2922 1761 2977 Alteram
1782 2922 1840 2977 in
1863 2940 1922 2994 y.

254 3030 398 3086 quae
426 3013 607 3069 habet
641 3013 762 3069 duo
793 3014 926 3070 loca
955 3015 1014 3068 in
1057 3029 1138 3068 se.
1172 3018 1238 3068 ut
1270 3013 1441 3068 Dixit
1470 3012 1680 3067 Judas.
1716 3016 1925 3067 tonum

257 3105 567 3159 intensum
597 3103 656 3158 in
689 3120 773 3158 cc.
810 3109 873 3158 ut
900 3105 1232 3172 Aspiciens.
1261 3100 1450 3157 Tertia
1481 3101 1813 3157 differentia
1839 3106 1927 3157 est

254 3194 324 3248 in
358 3195 424 3258 Ο,
449 3209 582 3265 quae
605 3193 783 3249 habet
804 3193 926 3248 duo
948 3193 1081 3248 loca
1102 3193 1163 3247 in
1186 3208 1266 3248 se.
1294 3191 1551 3247 Attende
1569 3192 1818 3247 Domine
1845 3192 1925 3247 ad

254 3297 372 3336 me.
400 3286 608 3336 tonum
630 3281 948 3338 remissum
973 3282 1032 3336 in
1060 3298 1140 3336 m.
1164 3286 1227 3336 ut
1240 3281 1457 3335 Missus
1474 3287 1557 3336 est
1576 3280 1835 3336 Gabriel.
1861 3283 1923 3334 Et

257 3370 339 3425 de
357 3371 468 3425 hac
486 3371 818 3426 differentia
849 3375 986 3425 sunt
1007 3385 1216 3426 omnes
1235 3385 1312 3424 an
1322 3369 1601 3441 tiphonae,
1617 3386 1768 3441 quas
1783 3369 1921 3424 vitio

256 3459 400 3514 finis
429 3459 490 3514 in
518 3465 731 3532 quarto
756 3461 1074 3532 ponimus:
1110 3465 1172 3514 ut
1197 3459 1522 3514 Benedicta
1554 3464 1638 3513 tu.
1675 3463 1734 3514 In
1762 3458 1920 3514 diur-

258 3546 355 3601 nis
402 3547 537 3602 huic
582 3553 751 3619 tropo
786 3563 907 3602 una
950 3546 1284 3601 differentia
1323 3550 1383 3599 in
1442 3563 1521 3600 ni.
1556 3563 1690 3618 quze
1741 3545 1922 3601 habet

255 3651 454 3690 unum
505 3635 703 3692 locum
757 3637 814 3691 in
872 3651 954 3701 se,
991 3635 1212 3690 scilicet
1244 3635 1407 3690 Puer
1453 3639 1631 3689 natus
1675 3640 1778 3690 est.
1830 3634 1920 3688 Sic

254 3725 423 3780 enim
443 3725 501 3778 in
524 3725 829 3781 nocturnis
861 3725 1041 3780 currit
1066 3740 1310 3778 versus:
1345 3724 1554 3778 Gloria
1587 3725 1782 3788 Patri,
1808 3728 1916 3778 etc.

257 3814 324 3866 In
356 3812 583 3867 diurnis
609 3831 620 3867 :
658 3814 868 3868 Gloria
893 3814 1090 3881 Patri,
1119 3817 1228 3868 etc.

833 3935 896 3972 DE
936 3934 1150 3974 OCTAVO
1191 3932 1332 3972 TONO
1341 3957 1353 3968 .

329 4029 376 4078 A
409 4025 661 4096 septima
689 4023 885 4096 specie
925 4024 1246 4096 diapason,
1279 4039 1412 4094 quae
1441 4027 1534 4077 est
1560 4025 1626 4078 Μ.
1663 4023 1763 4078 ubi
1789 4023 1919 4078 fini-

255 4117 354 4168 tur
394 4113 702 4185 septimus,
743 4113 1061 4168 inchoatur
1106 4118 1388 4168 octavus:
1435 4111 1517 4166 ibi
1559 4111 1779 4178 finitur,
1814 4113 1918 4168 ubi

252 4202 592 4258 inchoatur.
628 4201 1012 4258 Concluditur
1055 4202 1183 4271 ejus
1228 4201 1419 4256 forma
1451 4202 1604 4256 intra
1634 4201 1914 4274 diapente

253 4293 558 4347 intensum
608 4309 686 4347 m.
717 4292 793 4346 ad
827 4308 910 4346 cc.
959 4291 1163 4346 addita
1204 4291 1617 4363 sesquioctava
1661 4308 1912 4364 propor-

2045 1790 2170 1844 IIlI.
2201 1790 2258 1846 in
2289 1793 2686 1866 quadruplici,
2718 1799 2820 1851 aut
2850 1798 2908 1850 V.
2942 1795 3000 1850 in
3031 1795 3436 1867 sesquialtera,
3467 1798 3570 1850 aut
3591 1797 3706 1850 VII.

2044 1875 2115 1930 in
2149 1882 2536 1953 sesquitertia.
2580 1883 2862 1955 Denique,
2896 1888 2960 1939 ut
3009 1899 3192 1956 supra
3234 1884 3460 1940 dictum
3491 1889 3602 1951 est,
3635 1899 3709 1939 ex

2049 1965 2095 2016 V
2127 1969 2281 2023 tonis
2331 1974 2387 2024 et
2429 1970 2668 2026 duobus
2712 1971 3036 2027 semitoniis
3084 1978 3365 2030 octavum
3407 1973 3712 2046 perﬁcitur

2042 2053 2369 2130 diapason,
2401 2059 2505 2131 qui
2558 2064 2647 2114 cst
2689 2061 2918 2133 primus
2974 2065 3184 2117 tonus:
3235 2066 3298 2117 ut
3345 2063 3432 2115 VI.
3472 2063 3594 2117 XII.
3627 2062 3709 2117 ad

2039 2161 2226 2216 quem
2281 2148 2480 2202 omnis
2534 2149 2780 2204 musicae
2829 2151 3224 2206 consonantia
3272 2150 3539 2206 refertur.
3576 2149 3712 2215 Qui-
3799 2157 3804 2161 ‘

2039 2250 2280 2306 cunque
2327 2235 2490 2290 enim
2538 2253 2828 2294 numerus
2867 2237 2944 2292 ad
2984 2238 3092 2292 XII.
3129 2238 3333 2309 partiri
3376 2242 3592 2310 potest,
3624 2237 3710 2295 ita

2036 2328 2102 2378 ut
2148 2324 2227 2378 ad
2271 2325 2471 2395 ipsum
2507 2324 2951 2380 duodenarium
2984 2325 3106 2380 sive
3136 2341 3243 2397 per
3267 2331 3354 2382 ter
3383 2331 3439 2382 et
3471 2330 3704 2398 quater,

2038 2411 2162 2466 sive
2187 2418 2400 2484 quater
2429 2417 2483 2467 et
2515 2418 2600 2468 ter
2625 2413 2942 2478 dividatur,
2977 2415 3247 2470 musicus
3276 2421 3384 2479 est,
3419 2420 3707 2471 constans

2034 2500 2094 2554 in
2146 2501 2501 2572 supradictis
2553 2501 3063 2573 proportionibus.
3113 2506 3262 2559 Nam
3328 2504 3708 2575 Pythagoras

2035 2589 2261 2661 aptavit
2312 2589 2562 2661 duplam
2614 2590 2676 2644 in
2708 2591 2795 2645 VI.
2830 2590 3282 2662 sesquialteram
3327 2592 3388 2648 in
3418 2594 3552 2647 VIII.
3585 2610 3708 2648 ses-

2035 2677 2376 2750 quitertiam
2411 2678 2472 2732 in
2508 2679 2672 2732 VIIII.
2714 2678 2793 2734 ad
2842 2682 2950 2734 XII.
2988 2679 3151 2736 Unde
3201 2696 3274 2736 ex
3317 2683 3584 2754 quinque
3616 2687 3706 2738 to-
3813 2705 3824 2710 ·

2035 2782 2252 2822 norum
2301 2765 2683 2838 simplicium,
2733 2767 2793 2822 id
2831 2773 2936 2834 est,
2970 2767 3270 2840 diapente,
3303 2770 3702 2838 diatessaron,

2034 2855 2367 2927 diapason;
2445 2857 2919 2928 compositorum
2991 2858 3193 2926 (6535),
3273 2863 3337 2914 ut
3402 2859 3702 2932 diapason

2036 2944 2212 2999 simul
2245 2949 2299 2998 et
2344 2944 2642 3016 diapente,
2691 2949 2754 3000 ut
2795 2946 3001 3001 tertius
3054 2950 3232 3002 tonus
3272 2952 3329 3003 et
3375 2957 3608 3016 sextus;
3643 2955 3703 3006 et

1953 3050 1993 3105 ρ
2034 3033 2333 3106 diapason
2378 3050 2446 3089 ac
2487 3033 2858 3090 diatessaron
2888 3034 2949 3089 in
2980 3034 3194 3090 eodem
3241 3037 3472 3108 quinto,
3505 3042 3560 3092 et
3590 3038 3702 3093 du-

2033 3123 2132 3196 pla
2155 3123 2451 3195 diapason
2477 3123 2536 3177 in
2570 3128 2783 3180 octavo
2811 3127 2971 3191 tono,
3006 3140 3270 3180 unacum
3301 3126 3486 3198 duplo
3513 3132 3569 3182 et
3594 3127 3698 3182 tri-

2032 3212 2150 3284 plo.
2185 3212 2360 3277 Quod
2408 3216 2580 3266 tonos
2629 3212 2821 3268 ventis
2864 3212 3257 3282 comparavit,
3292 3229 3559 3282 congrua
3603 3231 3697 3271 ra-

2031 3300 2186 3355 tione
2217 3299 2440 3355 factum
2485 3303 2613 3367 est;
2665 3300 2891 3373 quippe
2940 3300 3017 3355 ad
3063 3316 3282 3357 sonum
3310 3301 3694 3368 eliciendum,

2030 3395 2133 3446 aut
2161 3389 2454 3462 plectrum
2477 3393 2578 3444 aut
2610 3395 2829 3445 statum
2860 3389 3265 3445 necessarium
3287 3407 3415 3446 esse
3437 3396 3689 3448 constat.

2031 3479 2200 3545 Quod
2231 3483 2490 3549 quatuor
2534 3479 2850 3534 semitonia
2881 3478 3109 3532 eisdem
3144 3479 3298 3533 tonis
3329 3479 3522 3534 inesse
3549 3495 3690 3550 pro-

2028 3567 2244 3640 posuit,
2295 3566 2442 3621 scire
2486 3566 2782 3635 convenit,
2816 3565 2958 3636 quia
3003 3569 3252 3636 excepto
3291 3565 3412 3631 illo,
3442 3567 3607 3637 quod
3655 3585 3692 3624 a

2028 3670 2232 3712 mesen
2262 3655 2648 3725 conjunctum
2679 3658 2786 3723 est,
2817 3657 3075 3724 quatuor
3105 3658 3244 3709 sunt
3269 3659 3501 3710 tantum
3533 3656 3688 3710 dire-

2028 3746 2122 3796 cta
2153 3737 2551 3807 tetrachorda,
2583 3754 2717 3809 quae
2749 3736 3000 3806 singulis
3029 3738 3356 3793 semitoniis
3393 3739 3689 3794 ﬁnetenus

2029 3829 2104 3885 ad
2136 3827 2469 3897 graviorem
2500 3831 2732 3898 partem
2760 3830 2898 3880 sunt
2926 3824 3326 3895 insignita.De
3358 3827 3534 3882 undis
3560 3843 3688 3884 ma-

2026 3919 2105 3974 ris
2153 3921 2209 3973 et
2256 3916 2596 3978 ﬂuminum,
2641 3914 2950 3988 quomodo
2997 3913 3262 3982 redeant,
3294 3915 3686 3988 physicorum

2027 4006 2238 4081 peritia
2283 4010 2620 4078 pertractat.
2659 4003 2965 4076 Siquidem
3013 4009 3070 4060 et
3117 4003 3384 4076 Hyginus
3425 4004 3499 4059 de
3547 4021 3688 4062 con-

2025 4097 2228 4154 cordia
2272 4112 2594 4163 annorum,
2625 4094 2859 4150 dierum
2898 4099 2956 4150 et
3000 4095 3324 4167 mensium,
3358 4094 3686 4167 aliquando

2024 4192 2159 4260 post
2189 4189 2298 4242 VII.
2332 4201 2546 4252 annos,
2575 4189 2787 4241 octavo
2818 4183 3090 4240 videlicet
3110 4185 3560 4252 recurrentium,
3585 4185 3687 4241 ali-

2024 4275 2270 4348 quando
2323 4279 2460 4348 post
2515 4275 2633 4330 VII.
2693 4273 2842 4344 dies,
2902 4273 2962 4329 in
3023 4273 3360 4344 Astrologia
3421 4274 3687 4347 disputat

256 4381 435 4447 tione,
486 4381 801 4435 remissum
858 4398 938 4435 m.
991 4381 1063 4435 ad
1114 4380 1152 4434 i.
1205 4380 1393 4449 Hujus
1444 4381 1598 4452 tropi
1650 4363 1779 4436 talis
1828 4387 1914 4438 est
1941 4400 1987 4452 D
2023 4369 2265 4438 Propter
2312 4364 2721 4420 excellentiam
2767 4363 3058 4420 οεῖοΠᾶΥίί
3109 4363 3364 4452 numeri,
3399 4379 3522 4452 quo
3552 4379 3684 4452 ΡΜ·

252 4470 450 4525 forma
503 4472 822 4525 NOEAGIS.
875 4470 1054 4525 Habet
1109 4469 1204 4524 hic
1249 4475 1456 4542 tropus
1494 4470 1555 4524 in
1606 4472 1912 4526 nocturnis

246 4559 648 4615 differentiam
723 4575 928 4628 unam,
999 4576 1134 4631 quae
1211 4559 1396 4614 habet
1455 4560 1722 4632 quinque
1782 4560 1913 4617 loca

246 4650 312 4704 in
351 4665 433 4702 se.
490 4649 639 4704 Ecce
689 4649 812 4704 dies
867 4650 1132 4704 veniunt.
1179 4648 1671 4720 Sesquioctavum
1712 4651 1912 4705 remis-

247 4753 389 4792 sum
437 4736 497 4791 in
543 4737 660 4792 Iut
688 4738 941 4792 Doceam
1001 4738 1253 4807 iniquos.
1291 4737 1780 4807 Sesquioctavum
1831 4739 1912 4793 in-

249 4828 488 4878 tensum
542 4823 602 4880 in
651 4826 715 4880 0.
776 4829 836 4879 ut
909 4825 1330 4895 Quodcunque.
1388 4825 1766 4881 Diatessaron
1826 4843 1912 4882 re-

247 4911 502 4966 missum
549 4913 605 4968 in
666 4929 725 4983 y.
790 4916 940 4969 Ecce
990 4915 1220 4969 ancilla
1281 4915 1532 4968 Domini.
1592 4915 1755 4969 Unde
1804 4931 1912 4988 ap-

246 5011 422 5071 paret
475 5001 636 5072 quod
698 5002 792 5057 hic
837 5006 1043 5074 tropus
1103 5002 1161 5055 in
1219 5002 1525 5058 nocturnis
1581 5002 1912 5062 differentia

245 5105 389 5143 cum
441 5090 708 5162 quinque
767 5091 910 5146 locis
962 5091 1298 5159 insignitur.
1357 5093 1418 5146 In
1464 5091 1692 5148 diurnis
1749 5083 1913 5151 enini

245 5177 343 5232 hic
404 5183 610 5250 tropus
663 5195 849 5234 unam
902 5179 1084 5234 habet
1135 5177 1565 5246 differentiam,
1621 5198 1756 5254 quas
1803 5184 1908 5239 ha-

241 5266 348 5321 bet
377 5264 500 5320 duo
546 5265 679 5322 loca
711 5267 769 5322 in
798 5283 880 5328 se,
914 5272 979 5321 ut
1017 5268 1086 5321 In
1127 5271 1350 5322 virtute
1381 5274 1504 5324 tua.
1539 5268 1906 5327 diatessaron

244 5352 588 5422 remissum,
624 5361 687 5410 ut
717 5356 962 5411 Domine
991 5372 1064 5411 ne
1097 5357 1286 5426 longe.
1313 5356 1498 5426 Hujus
1530 5359 1683 5431 trOpi
1713 5360 1772 5414 in
1805 5376 1910 5415 no-

243 5443 470 5497 cturnis
503 5443 587 5498 sic
611 5444 790 5498 currit
806 5459 1012 5498 versus
1038 5461 1049 5497 :
1086 5445 1293 5501 Gloria
1312 5445 1630 5514 Patri,etc.
1663 5451 1724 5502 In
1746 5448 1908 5502 diur-

212 5530 338 5585 ‘nis
371 5536 569 5586 autem
617 5531 806 5587 taliter
851 5532 1032 5586 currit
1058 5549 1295 5588 versus:
1333 5534 1540 5590 Gloria
1571 5536 1765 5600 Patri,
1795 5540 1905 5593 etc.

318 5710 468 5780 (655)
508 5709 612 5766 Hic
638 5709 873 5766 videtur
897 5710 1125 5782 aliquid
1153 5713 1466 5769 omissum.

2023 4455 2160 4511 titur
2217 4453 2454 4526 sphaera
2511 4453 2789 4523 caalestis,
2841 4451 3116 4525 superius
3197 4456 3251 4506 et
3325 4451 3567 4506 inferius
3619 4451 3681 4505 in

2022 4543 2242 4599 circulo
2294 4541 2714 4615 aequinoctiali.
2779 4543 2856 4595 De
2912 4539 3124 4596 eadem
3193 4542 3371 4595 etiam
3445 4539 3683 4610 sphaera

2021 4636 2160 4687 tunc
2218 4631 2502 4703 temporis
2554 4633 2814 4701 quatuor
2869 4631 3066 4699 partes
3123 4626 3399 4699 superius
3452 4629 3678 4698 patent,

2021 4726 2280 4792 quatuor
2307 4719 2552 4775 inferius
2591 4717 2792 4772 latent.
2830 4716 3012 4770 Porro
3052 4715 3218 4786 quod
3249 4715 3483 4785 adjecit,
3515 4730 3680 4770 nona

2022 4811 2188 4866 unda
2218 4814 2443 4866 octava:
2490 4805 2698 4862 similis
2737 4809 2844 4875 est,
2872 4803 3016 4858 nihil
3049 4803 3290 4872 mirum,
3324 4821 3463 4860 cum
3495 4809 3551 4860 et
3578 4820 3682 4861 no-

2020 4915 2100 4954 na
2144 4898 2370 4954 chorda
2422 4901 2644 4951 octavae
2689 4893 2841 4949 adeo
2895 4891 3102 4948 similis
3152 4893 3242 4960 sit,
3275 4897 3341 4949 ut
3370 4893 3683 4966 aaquisona

2019 4986 2323 5055 reddatur,
2345 4985 2392 5039 si
2413 4984 2598 5040 altera
2617 4998 2727 5054 pro
2753 4981 2938 5037 altera
2967 4981 3248 5052 tangitur.
3272 4981 3445 5038 Verbi
3467 4982 3678 5051 gratia,

2019 5075 2080 5130 in
2126 5073 2375 5143 singulis
2428 5071 2742 5145 speciebus
2795 5070 3089 5143 diapason
3142 5070 3334 5142 prima
3381 5076 3438 5127 et
3465 5075 3682 5128 octava

2019 5163 2246 5220 chorda
2275 5161 2488 5218 eodem
2520 5176 2690 5225 sono,
2718 5175 2842 5214 non
2863 5159 3018 5226 loco,
3043 5175 3152 5214 nec
3172 5157 3560 5228 longitudinis
3577 5164 3682 5216 aut

2017 5251 2323 5308 brevitatis
2357 5250 2586 5324 spatio;
2629 5248 2854 5321 quippe
2899 5247 2960 5303 in
3001 5248 3414 5321 heptachordo
3445 5249 3679 5321 absque

2019 5341 2140 5396 ullo
2157 5339 2526 5396 confusionis
2537 5353 2734 5393 errore
2755 5337 3080 5411 respondet
3096 5338 3290 5410 prima
3311 5355 3422 5412 pro
3443 5343 3682 5418 octava,

2017 5428 2281 5484 secunda
2303 5443 2412 5499 pro
2432 5443 2612 5494 nona,
2638 5427 2808 5482 tertia
2830 5443 2940 5500 pro
2961 5427 3228 5494 decima;
3258 5433 3437 5500 atque
3457 5427 3677 5482 idcirco

2022 5517 2083 5571 in
2114 5515 2479 5572 octochordo
2527 5514 2634 5570 erit
2679 5515 2873 5588 prima
2922 5531 3032 5588 pro
3063 5532 3245 5587 nona,
3276 5521 3340 5572 ut
3370 5516 3442 5571 sit
3468 5518 3680 5570 octava
