4014 6198
337 211 439 264 947

978 208 1328 263 HUCBAIDI
1371 209 1536 263 ΜΟΝ.
1580 209 1633 262 S.
1676 204 1945 263 AMANDI
1983 203 2138 258 OPP.
2179 202 2380 259 PARS.
2425 204 2491 258 II.
2524 232 2593 244 -—-
2621 207 3121 262 MISCELEANEA.

3490 70 3521 95 δ

3660 211 3767 263 948

335 333 530 388 eidem
572 334 715 403 (6:56)
748 331 972 398 similis,
1004 344 1112 385 nec
1141 342 1265 386 non
1314 330 1645 403 aequisona,
1673 335 1729 385 et
1766 329 1845 384 ob
1873 329 1990 384 hoc
2019 325 2069 380 Α
2098 331 2203 394 est,
2235 327 2478 396 gradale
2508 332 2568 400 ii).
2609 331 2899 397 Universi,
2929 332 3034 402 qui
3077 336 3130 386 te
3167 337 3539 400 exspectant,
3575 336 3765 388 totam

335 423 446 477 nisi
475 428 719 495 propter
742 435 994 477 acumen
1025 420 1350 491 superﬂua.

409 515 488 567 De
514 511 784 567 tonitruis
813 509 966 565 sicut
995 513 1050 564 et
1100 510 1174 564 de
1205 510 1384 564 undis
1416 510 1698 565 humante
1729 508 1989 580 philoso-

334 599 489 672 phiae
533 612 716 653 unam
764 597 1232 669 disputationem
1281 614 1505 670 ponere
1546 597 1874 670 supersedi.
1909 600 1987 652 De

333 688 598 760 quinque
625 687 1003 760 symphoniis
1029 691 1085 743 et
1113 687 1187 742 de
1210 689 1477 760 quinque
1502 688 1663 744 zonis
1684 704 1807 743 non
1831 703 1989 760 sper-

331 775 535 831 nenda
575 782 664 832 est
711 776 1104 848 comparatio,
1137 776 1427 848 quoniam
1467 777 1583 833 illic
1615 777 1675 832 in
1705 776 1987 832 relatione

329 869 418 921 est
446 865 776 937 speculatio
808 866 984 921 totius
1014 866 1279 936 musicae,
1308 866 1402 921 hic
1436 882 1575 921 vero
1612 867 1759 936 (6:57)
1791 866 1990 921 evolu-

331 953 411 1008 tio
442 953 696 1009 caelestis
715 955 983 1026 sphaerae.
1004 957 1303 1009 Ponamus
1329 955 1530 1026 itaque
1554 955 1855 1009 senarium
1879 970 1986 1026 pro

331 1042 573 1109 unitate,
605 1041 681 1098 ad
706 1058 887 1114 quem
916 1041 1040 1097 duo
1070 1042 1285 1098 senarii
1322 1043 1705 1099 habebuntur
1734 1058 1843 1115 pro
1874 1043 1985 1097 du-

330 1131 433 1203 plo
462 1131 613 1186 infra
663 1132 842 1187 XVIII.
877 1135 933 1187 et
962 1134 1098 1187 VIII.
1132 1132 1221 1187 Ad
1266 1132 1547 1187 eumdem
1607 1137 1721 1187 tres
1770 1132 1987 1187 senarii

330 1236 440 1292 pro
468 1221 641 1292 triplo
671 1220 825 1276 infra
854 1222 1055 1277 XXIIII.
1091 1221 1179 1275 Ad
1219 1223 1499 1277 eumdem
1532 1226 1791 1294 quatuor
1821 1238 1987 1277 sena-

328 1310 395 1365 rii
444 1309 669 1365 faciunt
709 1310 1154 1381 proportionem
1202 1296 1608 1383 quadruplam
1656 1311 1808 1367 intra
1837 1314 1981 1366 XXX.

326 1397 413 1452 Ad
460 1396 613 1451 duos
645 1396 909 1452 senarios
941 1401 1055 1453 tres
1087 1398 1305 1453 senarii
1336 1398 1669 1469 comparati
1695 1401 1867 1452 erunt
1895 1396 1984 1451 in-

327 1488 415 1542 tra
461 1488 607 1541 XXX.
652 1487 1052 1558 sesquialteraa
1103 1487 1523 1559 proportionis.
1563 1487 1837 1543 Similiter
1868 1490 1983 1541 tres

326 1576 539 1630 senarii
594 1575 672 1629 ad
720 1577 988 1640 Quatuor
1030 1575 1549 1649 proportionaliter
1571 1575 1868 1631 constituti
1899 1574 1983 1629 in-

2099 415 2359 488 speciem
2400 418 2695 490 diapason
2730 420 3067 492 hypodorii,
3096 425 3150 475 et
3191 420 3441 493 insuper
3477 421 3764 493 diapente

2097 506 2406 577 percurrit,
2440 513 2739 580 quatenus
2778 509 3025 581 quintus
3067 523 3174 581 per
3202 508 3446 581 triplum
3475 508 3765 583 perﬁcere

2097 594 2311 666 possit;
2363 599 2456 651 est
2479 596 2640 652 enim
2670 597 2899 670 triplus,
2933 597 3180 670 quando
3220 604 3614 672 comparatur
3642 615 3764 655 ma-

2091 682 2191 752 jor
2246 697 2536 741 numerus
2609 686 2684 743 ad
2760 686 3102 755 minorem;
3185 688 3519 760 subtriplus
3601 704 3760 756 vero,

2095 773 2343 845 quando
2371 775 2571 831 minor
2595 777 2671 832 ad
2700 778 3011 847 majorem.
3045 779 3419 850 Quapropter
3446 778 3655 834 XXIIII.
3687 779 3765 834 ad

2097 862 2232 916 VIII.
2267 867 2323 919 et
2353 862 2531 920 XVIII.
2568 866 2645 920 ad
2691 869 2755 922 VI
2786 866 2991 939 triplus
3023 881 3151 922 esse
3190 882 3436 923 necesse
3462 872 3576 933 est,
3608 883 3762 940 quo-

2094 964 2229 1007 rum
2261 952 2511 1008 alterum
2542 955 2773 1027 perficit
2792 970 2930 1011 cum
2954 972 3063 1011 suo
3094 971 3263 1012 versu
3289 957 3594 1013 cantilena
3616 972 3765 1029 prte-

2095 1041 2195 1095 fati
2227 1044 2607 1113 responsorii.
2641 1044 2948 1117 Simplices
2977 1062 3120 1102 vero
3146 1046 3298 1118 tropi
3321 1051 3484 1113 sunt,
3515 1046 3625 1118 qui
3646 1060 3766 1102 una

2096 1131 2461 1202 symphonia
2504 1134 2763 1191 contenti
2796 1138 2953 1201 sunt,
2988 1135 3198 1207 quales
3244 1141 3383 1191 sunt
3420 1140 3687 1208 quartus
3715 1142 3769 1191 et

2093 1214 2341 1285 quintus
2373 1232 2385 1269 ς
2413 1221 2666 1288 quartus
2694 1218 2939 1289 quidem
2971 1235 3108 1275 cum
3136 1234 3242 1292 per
3255 1220 3373 1275 VII.
3398 1220 3519 1276 hoc
3546 1225 3641 1276 est
3664 1236 3770 1293 per

2095 1305 2185 1356 ΙΙΙ.
2219 1307 2274 1357 et
2306 1303 2423 1359 IIII.
2457 1306 2623 1376 quod
2654 1312 2739 1362 est
2769 1308 3163 1377 diatessaron,
3191 1308 3473 1365 decurrit.
3511 1310 3767 1375 Quintus

2092 1406 2335 1465 quoque
2362 1409 2469 1465 per
2501 1396 2573 1449 X.
2609 1396 2721 1451 hoc
2753 1403 2841 1453 est
2866 1415 2975 1470 per
3006 1399 3115 1454 IIII.
3145 1405 3199 1455 et
3224 1401 3309 1453 VI.
3330 1399 3501 1469 quod
3533 1404 3625 1454 est
3646 1398 3772 1454 dia-

2093 1485 2292 1551 pente,
2326 1481 2400 1537 de
2449 1498 2572 1556 quo
2626 1487 2883 1557 Boetius,
2916 1488 3032 1557 hic,
3066 1488 3281 1561 inquit,
3316 1493 3404 1543 est
3436 1486 3771 1560 simplicior

2092 1582 2161 1622 ac
2201 1570 2499 1642 princeps,
2550 1587 2733 1644 quem
2786 1575 3037 1647 Lydium
3091 1590 3544 1648 nuncupamus.
3600 1574 3766 1631 Unde

325 1663 416 1717 ira
460 1663 611 1717 XLII.
645 1663 1013 1734 respondent
1053 1664 1298 1736 epitritae
1340 1663 1575 1719 rationi.
1611 1666 1984 1735 Quapropter
2011 1689 2056 1743 Β
2092 1656 2252 1714 Plato
2282 1661 2563 1734 praecepit
2590 1663 2837 1722 minime
2872 1671 3146 1737 oportere
3177 1679 3397 1738 pueros
3427 1664 3511 1721 ad
3545 1679 3764 1720 omnes

324 1751 556 1823 primus
613 1756 822 1822 tropus
874 1751 982 1807 erit
1033 1751 1094 1806 in
1155 1752 1360 1825 dupla,
1422 1753 1723 1807 secundus
1774 1753 1836 1807 in
1888 1752 1984 1807 tri-

323 1840 445 1913 pla,
508 1840 711 1895 tertius
777 1840 837 1895 in
890 1840 1252 1913 quadrupla,
1311 1846 1560 1914 quartus
1610 1842 1671 1896 in
1725 1842 1978 1914 epitrita,

322 1927 567 2001 quintus
623 1930 684 1984 in
732 1928 1136 2001 sesquialtera,
1196 1933 1398 1984 sextus
1456 1929 1606 1985 sicut
1664 1929 1863 1985 tertius
1921 1929 1981 1985 in

320 2018 617 2089 diapason
651 2018 829 2072 simul
856 2034 925 2073 ac
952 2018 1267 2091 diapente:
1303 2018 1599 2091 diapason
1637 2008 1881 2092 quoque
1911 2035 1979 2075 ac

320 2106 695 2162 diatessaron
749 2107 809 2161 in
840 2106 1130 2179 septimo:
1182 2108 1369 2179 dupla
1400 2109 1696 2180 diapason
1724 2109 1784 2164 in
1817 2113 1980 2164 octa-

319 2210 417 2262 vo,
453 2208 717 2252 unacum
763 2196 950 2269 duplo
990 2197 1181 2268 triplo.
1218 2200 1440 2254 Horum
1488 2199 1763 2253 omnium
1810 2198 1982 2254 ratio-

320 2300 457 2340 nem
485 2285 757 2357 superius
787 2298 894 2357 per
920 2300 1417 2358 unumquemque
1450 2291 1687 2359 tmpum
1716 2286 1979 2356 singilla-

321 2375 425 2430 tim
458 2375 807 2446 complexus
835 2390 990 2431 sum.

390 2466 555 2519 Nunc
576 2463 931 2519 duodenarii
954 2464 1284 2536 potentiam
1306 2466 1601 2537 praeterire
1623 2481 1744 2522 non
1768 2466 1981 2533 debeo,

322 2553 399 2609 ad
428 2568 612 2625 quem
641 2553 838 2608 omnis
864 2567 1170 2621 numerus,
1206 2554 1310 2625 qui
1338 2569 1446 2626 per
1475 2558 1562 2610 ter
1582 2560 1638 2611 et
1659 2559 1872 2628 quater
1899 2555 1985 2610 di-

320 2642 561 2711 viditur,
593 2642 837 2699 musicis
864 2642 1271 2699 consonantiis
1298 2648 1556 2717 aptatur.
1582 2647 1734 2702 Nam
1763 2645 1988 2700 duode-

322 2730 472 2787 narii
504 2730 778 2788 membra
809 2731 934 2788 sive
982 2730 1180 2804 partes
1231 2737 1372 2789 sunt
1399 2749 1501 2789 sex
1528 2733 1697 2804 (658),
1726 2750 1985 2806 quarum

322 2822 518 2895 prima
547 2826 637 2877 est
663 2822 878 2891 unitas,
913 2822 1179 2878 secunda
1222 2823 1511 2891 senarius,
1545 2824 1714 2880 tertia
1742 2829 1986 2896 quater-

322 2911 550 2978 narius,
598 2917 816 2983 quarta
872 2911 1183 2979 ternarias,
1242 2917 1411 2969 sexta
1456 2913 1747 2969 binarius.
1798 2912 1989 2969 Habet

323 3014 569 3090 quoque
610 3001 757 3090 Ahocq
785 3000 1118 3090 proprium,
1151 3005 1216 3056 ut
1260 3001 1404 3074 quia
1453 3017 1489 3057 a
1537 3002 1731 3074 primo
1770 3002 1987 3075 impari
2018 3038 2058 3090 ρ

326 3089 534 3158 surgit,
567 3088 717 3160 ejus,
747 3089 807 3145 id
836 3093 943 3160 est,
977 3090 1267 3156 senarius,
1300 3090 1588 3146 medietas
1623 3093 1857 3147 constat
1886 3091 1985 3147 tri-

326 3180 441 3233 bus
470 3178 780 3247 membris,
812 3181 869 3233 et
896 3182 987 3234 est
1014 3179 1246 3250 primus
1271 3180 1568 3251 perfectus
1597 3180 1657 3235 in
1696 3180 1982 3235 numeris.

328 3266 385 3323 Si
417 3280 559 3335 ergo
611 3269 721 3337 XII,
747 3266 1145 3339 duplicentur,
1179 3267 1283 3339 qui
1334 3267 1412 3323 ad
1442 3268 1527 3322 VI.
1563 3268 1773 3340 procul
1802 3268 1988 3325 dubio

325 3368 437 3427 pro
457 3354 645 3428 duplo
672 3355 1069 3429 accipiuntur,
1099 3356 1160 3411 in
1191 3356 1304 3412 hac
1334 3356 1736 3429 duplicatione
1768 3357 1989 3427 colligi-

325 3447 440 3511 tur,
468 3443 635 3515 quod
660 3443 767 3516 qui
790 3443 1175 3516 duplicantur
1200 3458 1307 3517 per
1326 3444 1589 3517 impares
1618 3462 1904 3502 numeros
1927 3462 1987 3503 se

327 3536 679 3605 sequentes,
704 3547 814 3589 sua
839 3532 1134 3603 membra,
1166 3534 1282 3589 hoc
1320 3538 1425 3602 est,
1462 3551 1604 3591 suas
1629 3540 1828 3607 partes
1861 3552 1987 3591 sor-

325 3621 570 3677 tiuntur.
604 3619 772 3677 Verbi
803 3636 1005 3689 causa,
1039 3637 1077 3678 a
1104 3622 1365 3679 ternario
1394 3622 1777 3699 duplicantur
1805 3625 1866 3680 hi
1898 3626 1985 3680 VI.

325 3709 449 3766 XII.
483 3711 715 3767 XXIIII.
751 3712 982 3768 XLVIII.
1008 3715 1066 3768 et
1080 3713 1298 3768 horum
1323 3713 1555 3786 primus
1585 3712 1774 3769 tribus
1804 3730 1991 3770 mem-

326 3799 451 3855 bris
478 3799 814 3870 insignitur,
849 3802 1150 3857 secundus
1175 3802 1465 3875 quinque,
1507 3804 1708 3859 tertius
1735 3808 1987 3876 septem,

328 3892 577 3962 quartus
603 3904 838 3946 novem.
894 3890 950 3947 Si
989 3907 1127 3946 vero
1159 3906 1194 3947 a
1222 3892 1538 3963 quaternio
1580 3892 1990 3949 duodenarius

329 3982 532 4034 sumat
554 3978 917 4051 initium,qui
943 3980 1736 4054 duplicantur,quaternario
1754 3997 1989 4037 excres-

329 4070 492 4122 cunt.
525 4069 673 4122 Nam
719 4067 780 4123 in
810 4068 1015 4123 XXIIII.
1051 4072 1190 4124 sunt
1218 4070 1353 4124 VIII.
1384 4069 1489 4142 qui
1533 4070 1808 4142 producti
1854 4076 1993 4128 sunt

330 4170 403 4210 ex
430 4153 736 4227 duplicato
775 4156 1177 4228 quaternario,
1219 4161 1275 4213 et
1320 4158 1381 4213 in
1425 4158 1649 4229 LXVIII,
1684 4159 1991 4215 adduntur

330 4242 409 4300 ad
438 4242 682 4298 eosdem
708 4244 855 4299 VIII.
903 4242 988 4299 sic
1032 4250 1243 4316 quater
1286 4247 1393 4301 XII.
1428 4245 1489 4301 in
1524 4248 1747 4304 XLVIII.
1782 4252 1848 4304 Et
1875 4249 1989 4305 hoc

330 4335 440 4400 est,
474 4332 639 4404 quod
671 4332 752 4387 ait
780 4349 792 4386 :
827 4331 1089 4389 musicos
1139 4347 1267 4387 esse
1299 4348 1606 4403 numeros,
1639 4336 1739 4407 qui
1769 4351 1876 4409 per
1904 4342 1992 4391 tcr

330 4425 387 4476 et
430 4423 644 4493 quater
690 4420 1055 4487 dividuntur,
1088 4421 1420 4493 comparati
1452 4422 1647 4478 eidem
1676 4423 1989 4481 duodena-

329 4510 440 4566 rio.
484 4511 631 4565 Nam
657 4510 794 4565 VIII.
827 4510 931 4582 qui
979 4525 1087 4582 per
1112 4514 1345 4582 quater,
1372 4514 1428 4565 et
1466 4511 1601 4566 VIII.
1635 4513 1739 4584 qui
1770 4529 1875 4585 per
1907 4518 1991 4569 ter

330 4597 697 4667 dividuntur,
760 4599 838 4655 ad
894 4599 1175 4655 eumdem
1251 4599 1364 4654 sub
1442 4599 1672 4671 epitrita
1728 4603 1818 4658 vel
1883 4604 1988 4659 he-

330 4686 513 4743 miola
556 4688 942 4760 proportione
1019 4692 1464 4761 comparantur.
1525 4690 1791 4745 Tandem
1846 4692 1990 4763 quia

331 4773 478 4831 dixit
524 4779 803 4833 tonorum
856 4777 1005 4833 alios
1061 4793 1193 4833 esse
1238 4777 1623 4851 compositos,
1669 4779 1816 4835 alios
1847 4780 1990 4836 sim-

329 4865 539 4937 plices,
569 4865 882 4923 sciendum
929 4870 1021 4922 est
1061 4867 1228 4940 quod
1265 4881 1475 4923 eorum
1515 4869 1870 4941 compositio
1899 4873 1988 4927 ta-

330 4952 402 5009 lis
458 4954 530 5011 sit
574 4957 771 5029 qualis
812 4960 899 5013 est
946 4956 1109 5029 apud
1151 4956 1576 5027 grammaticos
1627 4974 1700 5013 ex
1746 4958 1990 5017 duabus

332 5043 602 5114 partibus
649 5046 915 5118 integris,
945 5051 1010 5102 ut
1055 5050 1142 5102 est
1184 5044 1468 5116 magister
1514 5046 1803 5118 equitum.
1838 5050 1990 5105 Dum

335 5129 494 5186 enim
522 5132 753 5204 primus
782 5138 959 5193 tonus
999 5136 1295 5210 diapason
1325 5136 1720 5193 consonantia
1747 5138 1989 5209 nobilis,

335 5217 428 5287 sit,
473 5220 714 5292 quintus
768 5228 969 5281 autem
1012 5225 1290 5298 diapente
1337 5224 1443 5281 fiat
1480 5224 1842 5295 singularis:
1897 5241 1990 5282 se-

336 5307 571 5365 cundus
599 5324 673 5366 ex
698 5316 949 5385 utraque
981 5315 1379 5373 consonantia
1415 5314 1816 5388 componitur,
1850 5332 1988 5373 cum

333 5398 511 5474 tripla
556 5402 943 5473 proportione
981 5403 1278 5462 dilatatur.
1312 5405 1638 5478 Siquidem,
1669 5408 1736 5463 ut
1762 5406 1990 5463 dictum

410 5600 556 5670 (656)
596 5600 655 5655 C.
690 5601 823 5655 Em.
856 5615 1028 5673 pene.

411 5674 559 5741 (657)
599 5673 658 5727 C.
691 5674 825 5728 Em.
858 5670 1163 5727 revolutio.
1199 5675 1321 5728 Mox
1356 5673 1676 5739 legendum
1705 5677 1935 5746 quinta.

2091 1747 2307 1803 modos
2336 1750 2695 1818 erudiri,sed
2727 1755 2924 1826 potius
2951 1756 3027 1810 ad
3056 1754 3319 1811 valentes
3346 1760 3403 1811 et
3433 1752 3767 1826 simplices.

2641 1860 2783 1916 Cod.
2817 1862 2876 1917 S.
2911 1861 3211 1918 Emeram.

2092 1997 2325 2052 Dorius.
2522 1997 2533 2076 |
2878 2008 3073 2061 Tonus
3128 2004 3374 2076 primus.

2584 2107 2690 2201 Xalt.
2981 2145 3297 2218 Diapason.

2584 2231 2667 2344 Vol.
2978 2271 3278 2344 Diapente.

2586 2342 2670 2449 VIII
2683 2398 2694 2449 I
2707 2366 2737 2449 .’
2978 2393 3375 2451 Diatcssaron.

2646 2466 2671 2506 ιι

2584 2522 2743 2575 VIIII.

2097 2710 2503 2783 HyPOdorius-
2527 2710 2539 2786 I
2860 2733 3058 2786 Tonus
3092 2729 3419 2785 secundus.

2585 2831 2692 2929 XII.
2979 2872 3281 2945 Diapente.

2586 2957 2672 3052 VI.
2706 2958 2792 3052 Vel.
2830 2957 2913 3051 Vol.
2982 2995 3377 3052 Diatessaron.

2586 3078 2721 3232 νῗέι.
2750 3072 2884 3231 νῆ.
2974 3119 3277 3194 Diapente,

2586 3250 2747 3305 VIIII.
2773 3249 2932 3302 VIIII.

2097 3424 2178 3479 Ph
2188 3423 2411 3495 ι’)νείιιεο
2530 3423 2542 3505 Ι
2904 3452 3101 3505 Tonus
3141 3447 3363 3502 tertius.

2596 3551 2705 3649 Χῖι.
3035 3588 3356 3661 Diapason.

2586 3676 2673 3771 Vc].
2698 3677 2781 3771 Vol.
2806 3676 2894 3770 Vel.
2926 3674 3013 3770 VI.
3051 3713 3371 3785 Diapason.

2586 3793 2727 3895 VIII.
2746 3794 2883 3895 VIIII.
2900 3795 3040 3895 VIII.
3061 3840 3363 3910 Diapente.

2669 3912 2695 3952 d
2841 3912 2869 3950 d

2601 3968 2745 4020 VIII.
2774 3965 2921 4021 VIII.

2098 4187 2459 4259 Hypophry-
2533 4172 2543 4259 |
2895 4172 3092 4225 Tonus
3115 4172 3386 4240 quartus.

2169 4275 2322 4329 8'1‘3'
2531 4260 2542 4371 Ι
2592 4275 2700 4371 xii.
2721 4273 2829 4369 χῗι.
3055 4310 3457 4365 Diatessaron.

2588 4398 2681 4492 Vel.
2712 4398 2805 4492 VI.
2841 4395 2936 4491 VI.
3050 4440 3445 4492 Diatessaron.

2585 4510 2725 4617 VIII.
2752 4509 2890 4615 VIII.
2911 4508 3049 4616 VIIII.
3078 4560 3471 4616 Diatessarcn.

2658 4634 2683 4674 ἀ
2821 4633 2848 4671 d

2586 4687 2752 4743 VIIII.
2789 4687 2953 4740 VIIII.

2096 4910 2340 4983 Lydius.
2531 4893 2541 4983 |
2888 4895 3085 4947 Tonus
3115 4893 3382 4962 quintus.

2586 4996 2700 5091 xit.
2726 4995 2831 5090 XII.
2854 4996 2966 5091 XuII.
3083 5034 3383 5108 Diapente.

2235 5195 2378 5267 (6.39)
2532 5118 2994 5267 IVLVIVINCI.
3084 5159 3391 5231 Diapente.

2290 5234 2305 5249 ·ν
2630 5231 2659 5267 b
2780 5232 2804 5267 ι)
2921 5233 2948 5267 ι.

2576 5231 3052 5396 VIinIJ’IbIIhVI’II.ll
3086 5285 3391 5396 Diapente.

2586 5355 2756 5464 VIIII.
2776 5355 2943 5465 VIIIII.
2959 5355 3305 5466 VIIII.VIaIII.

2167 5606 2312 5748 (658)
2338 5607 2399 5660 C.
2414 5606 2547 5661 Em.
2562 5606 2744 5663 habet
2763 5610 2805 5661 V
2817 5611 2873 5663 et
2888 5608 2970 5663 sic
2988 5612 3427 5681 consequenter
3437 5625 3552 5682 pro
3562 5618 3762 5667 serta.

2190 5678 2316 5748 659)
2347 5678 2489 5734 Cod.
2521 5678 2773 5748 Argent.
2803 5683 3013 5748 quater
3040 5681 3210 5748 ponit
3237 5680 3376 5737 VIII.

2190 5678 2316 5749 659)
2347 5678 2489 5734 Cod.
2521 5678 2773 5749 Argent.
2803 5683 3013 5751 quater
3040 5678 3216 5752 ponit
3237 5680 3376 5737 VIII.
