4014 6198
221 282 319 333 953

1379 278 1468 333 DE
1512 271 1927 331 HARMONICA
1971 262 2473 328 lNSTITUTlO-NE.

3530 279 3634 334 954

287 404 484 457 Tonus
515 401 805 473 septimus
829 407 888 457 ut
919 403 976 456 in
995 402 1379 475 proportione
1405 401 1598 474 quarti
1628 397 1750 455 toni
1769 397 1871 452 ha—
1908 397 1955 449 Α
1987 397 2273 465 tessaron,
2304 398 2500 468 major
2528 399 2843 465 minorem,
2872 403 2929 454 et
2951 400 3081 469 ejus
3138 398 3370 456 tertiam
3419 406 3474 457 et
3526 407 3634 458 ter-

223 490 316 544 bet
349 494 535 544 totum
576 488 969 560 diatessaron,
1024 495 1080 546 et
1133 491 1192 545 in
1246 489 1629 562 proportione
1682 484 1870 558 quinti

218 577 339 633 toni
366 576 546 632 habet
583 582 773 632 totum
803 577 1102 651 diapente,
1136 583 1193 634 et
1223 578 1282 633 in
1313 576 1695 650 proportione
1736 589 1872 646 pro-

219 665 345 738 pria
403 664 584 720 habet
627 665 951 722 duodecies
1011 667 1121 722 XII.
1181 666 1498 739 diapason,
1563 665 1666 737 qui
1738 666 1874 717 sunt

222 753 469 808 JXlJlll.
497 756 728 809 Tonum
759 759 1039 810 octavum
1068 755 1301 827 require
1328 759 1392 809 ut
1422 770 1604 826 supra
1642 751 1787 821 (672)

432 878 496 915 DE
539 877 808 916 MENSURIS
849 877 1242 917 OBGANICARUM
1295 876 1658 916 FlSTl'LARUM.

289 967 482 1024 Prima
507 969 728 1025 habeat
754 969 934 1025 octies
963 986 1142 1026 suum
1171 969 1556 1026 diametrum.
1601 966 1873 1025 Secunda

215 1057 437 1113 habeat
458 1056 718 1130 primam
745 1063 802 1113 et
829 1058 878 1129 ej
891 1075 958 1113 us
988 1064 1285 1124 octavam,
1315 1064 1371 1114 et
1399 1057 1671 1114 diametri
1719 1059 1870 1111 octa-

218 1161 379 1201 vam.
413 1145 600 1202 Tertia
634 1146 966 1202 secundam
996 1151 1052 1203 et
1080 1147 1208 1218 ejus
1240 1151 1517 1203 octavam
1547 1150 1605 1200 et
1649 1144 1872 1200 diame-

217 1233 292 1290 tri
322 1238 622 1290 octavam.
655 1237 876 1300 Quarta
902 1235 1162 1309 primam
1193 1240 1249 1292 et
1264 1237 1312 1307 ej
1325 1253 1392 1290 us
1412 1235 1645 1291 tertiam
1667 1237 1723 1289 et
1744 1232 1869 1288 dia-

216 1325 385 1379 metri
419 1325 671 1378 tertiam.
703 1324 920 1390 Quinta
938 1325 1195 1397 primam
1228 1330 1284 1380 et
1312 1324 1441 1395 ejus
1480 1323 1764 1390 mediam,
1814 1327 1870 1378 et

211 1412 490 1468 diametri
511 1412 774 1469 mediam
813 1432 825 1481 ;
860 1413 953 1468 vel
976 1419 1252 1486 quartam
1283 1418 1340 1469 et
1386 1415 1515 1484 ejus
1568 1417 1864 1478 octavam,

209 1508 268 1557 et
299 1502 572 1557 diametri
604 1506 902 1558 octavam.
937 1504 1111 1558 Sexta
1140 1502 1362 1558 habeat
1390 1502 1663 1574 quintam
1695 1501 1753 1554 in
1781 1516 1863 1567 se,

208 1595 267 1645 et
295 1592 423 1661 ejus
454 1595 750 1660 octavam,
784 1592 1128 1647 etdiametri
1154 1597 1450 1647 octavam.
1485 1592 1704 1646 Octava
1745 1589 1865 1662 pri-

210 1696 377 1735 mam
410 1679 631 1735 habeat
659 1680 909 1751 duplam
940 1681 1001 1736 in
1033 1697 1114 1736 se.

647 1788 794 1842 Item
822 1787 978 1843 unde
1010 1803 1196 1857 supra
1223 1789 1421 1842 aliter.

285 1893 475 1949 Prima
500 1908 606 1966 per
637 1899 916 1949 octavam
940 1894 1220 1950 metiatur
1245 1897 1374 1949 E.T.
1407 1896 1556 1965 (673)
1589 1892 1863 1948 Secunda

207 1983 629 2054 sesquioctava
663 1983 736 2038 sit
766 1985 974 2055 primae
1007 1985 1070 2040 D.
1100 1986 1159 2039 T.
1209 1983 1396 2038 Tertia
1447 1982 1864 2054 sesquioctava

207 2071 489 2126 secundae
522 2073 580 2126 C.
614 2074 668 2127 S.
723 2075 941 2137 Quarta
997 2072 1373 2144 sesquitertia
1425 2071 1633 2144 prima:
1689 2071 1749 2125 Β.
1800 2073 1858 2125 Τ.

204 2161 421 2225 Quinta
447 2161 539 2216 vel
563 2161 950 2234 sesquialtera
977 2162 1208 2234 primae.
1237 2162 1331 2217 vel
1356 2160 1728 2228 sesquitertia
1777 2175 1863 2214 se-

205 2250 444 2319 cundae,
473 2250 566 2306 vel
597 2251 1017 2322 sesquioctava
1054 2255 1285 2322 quartae
1316 2258 1380 2306 A.
1413 2253 1471 2305 Τ.
1524 2253 1700 2306 Sexta
1748 2264 1866 2303 ses-

202 2339 528 2409 quioctava
547 2339 791 2409 quintae,
815 2339 908 2392 vel
936 2339 1312 2411 sesquitertia
1337 2339 1541 2406 tertiae,
1597 2337 1691 2392 vel
1749 2353 1867 2391 ses-

201 2425 504 2496 quialtera
549 2426 826 2482 secundae
883 2429 946 2482 G.
1011 2429 1069 2483 S.
1130 2427 1392 2499 Septima
1447 2427 1864 2500 sesquioctava

207 2519 417 2584 sextae,
464 2514 556 2570 vel
611 2515 987 2588 sesquitertia
1025 2520 1275 2588 quartae,
1334 2516 1423 2571 vel
1477 2515 1865 2589 sesquialtera

209 2602 400 2657 tertiae
422 2606 478 2658 F.
523 2605 740 2659 Octava
781 2603 1196 2676 sesquioctava
1252 2604 1538 2676 septimae,
1593 2603 1685 2659 vel
1741 2619 1864 2658 ses-

202 2690 488 2763 quitertia
515 2691 760 2763 quintae,
791 2691 886 2748 vel
918 2693 1306 2765 sesquialtera
1333 2699 1584 2766 quartae,
1634 2692 1727 2748 vel
1750 2693 1861 2748 du-

198 2779 306 2852 pla
337 2779 546 2851 prima:
577 2783 637 2834 E.
675 2780 846 2836 Nona
875 2782 1294 2852 sesquioctava
1322 2787 1567 2850 octavae,
1601 2781 1691 2836 vel
1745 2797 1864 2837 ses-

199 2868 490 2940 quitertia
520 2872 718 2936 sextte,
761 2868 853 2924 vel
882 2869 1528 2943 sesquialteraquintae,
1557 2870 1650 2926 vel
1675 2870 1862 2942 dupla

200 2956 508 3014 secundae.

950 3066 1117 3122 Item.

276 3173 476 3229 Prima
503 3178 1006 3246 quantaecumque
1027 3175 1398 3246 quantitatis.
1430 3174 1703 3230 Secunda
1743 3191 1862 3230 ses-

196 3262 528 3334 quioctava
573 3263 800 3336 primae.
862 3263 1047 3319 Tertia
1106 3264 1520 3336 sesquioctava
1556 3263 1858 3319 secundm.

199 3354 431 3417 Quarta
475 3353 894 3424 sesquioctava
952 3353 1156 3408 tertiae.
1217 3354 1432 3419 Quinta
1488 3353 1861 3426 sesquitertia

196 3441 508 3497 secundae.
571 3443 745 3498 Sexta
799 3442 1213 3515 sesquioctava
1287 3443 1530 3514 quintae.
1599 3442 1862 3515 Septima

193 3530 620 3601 sesquioctava
650 3535 851 3586 sextae.
915 3531 1018 3586 His
1077 3531 1279 3604 itaque
1310 3531 1634 3605 dispositis,
1666 3531 1724 3586 in
1776 3547 1863 3586 se-

192 3618 404 3673 cundo
435 3618 568 3674 loco
599 3634 721 3675 una
746 3619 1057 3676 inferenda
1079 3624 1189 3686 est,
1218 3636 1349 3691 quae
1381 3620 1494 3675 sub
1549 3620 1862 3691 sesquiter-

193 3707 277 3762 tia
310 3706 388 3761 sit
413 3706 513 3770 illi.
546 3723 681 3779 qua:
711 3708 878 3780 prius
905 3712 1122 3780 quarta
1152 3707 1278 3763 fuit.

867 3817 1014 3872 Item
1036 3809 1193 3872 inde.

269 3925 420 3978 Data
450 3923 627 3992 igitur
655 3923 866 3996 primae
913 3922 1007 3978 vel
1060 3923 1277 3978 minori
1329 3922 1544 3978 ﬁstulae
1596 3921 1864 3995 qualibet

189 4009 574 4079 longitudine
608 4029 622 4079 ;
655 4010 761 4066 sed
789 4010 1004 4066 melius
1034 4010 1285 4078 videtur,
1319 4011 1367 4065 si
1395 4011 1646 4066 latitudo
1703 4010 1861 4065 fora-

192 4100 380 4155 minis
432 4099 702 4155 diametrf
764 4099 939 4156 fuerit
989 4101 1352 4171 longitudini
1409 4101 1590 4155 octies
1670 4100 1857 4154 data:

190 4187 571 4259 ubicumque
601 4187 888 4260 deinceps
920 4192 1098 4244 tonus
1128 4188 1456 4254 faciendus,
1515 4189 1710 4259 major
1760 4187 1863 4243 ha-

189 4276 340 4332 beat
366 4275 660 4333 minorem
693 4282 880 4333 totam
906 4283 964 4334 et
989 4278 1264 4333 diametri
1288 4278 1418 4348 ejus
1449 4284 1747 4334 octavam.
1796 4277 1860 4332 In

188 4365 576 4420 diatessaron
601 4365 798 4436 major
835 4365 1148 4437 minorem,
1207 4371 1261 4420 et
1320 4365 1450 4436 ejus
1503 4366 1752 4431 tertiam,
1807 4369 1863 4420 et

188 4454 448 4526 insuper
472 4454 742 4510 diametri
770 4455 1022 4510 tertiam.
1060 4460 1122 4510 In
1169 4455 1448 4526 diapente
1506 4456 1702 4526 major
1759 4455 1864 4509 mi-

189 4558 410 4598 norem
453 4548 510 4597 et
539 4543 669 4614 ejus
692 4543 978 4612 mediam,
1011 4544 1258 4616 insuper
1297 4551 1353 4598 et
1409 4544 1683 4600 diametri
1738 4561 1859 4599 me—

185 4631 384 4686 diam.
413 4633 472 4686 In
505 4631 798 4703 diapason
823 4633 1021 4702 major
1045 4632 1340 4687 minorem
1365 4633 1571 4705 duplo,
1595 4638 1647 4688 et
1673 4638 1862 4688 totum

186 4721 448 4793 insuper
501 4721 882 4777 diametrum.
944 4725 1177 4779 Caeterze
1237 4739 1378 4777 vero
1420 4723 1588 4777 facile
1628 4739 1733 4794 per
1759 4739 1864 4778 nu-

189 4825 404 4863 meros
463 4816 792 4866 occurrent.
827 4813 926 4866 Est
948 4815 1148 4865 autem
1193 4810 1575 4879 diametrum,
1603 4810 1696 4865 vel
1725 4827 1861 4883 quae

188 4905 286 4954 est
321 4899 380 4954 in
424 4899 718 4956 foramine
774 4916 845 4956 ea
890 4900 1147 4972 amplior
1198 4907 1366 4973 parte
1406 4900 1718 4966 medietas,
1771 4899 1862 4955 vel

187 4987 512 5044 foraminis
560 4989 979 5045 transversitas
1027 5005 1100 5044 ex
1148 4989 1463 5044 diductiori
1513 4993 1697 5060 parte,
1739 5003 1862 5061 qua

186 5077 525 5149 inspiratur
553 5078 774 5144 ﬁstula,
806 5084 864 5134 et
887 5078 980 5134 cui
1009 5077 1280 5149 subjacet
1309 5077 1620 5132 foraminis
1651 5078 1764 5134 via.

919 5186 968 5239 A
981 5185 1137 5240 liter.

267 5291 327 5345 Si
361 5296 570 5347 tonum
600 5292 842 5364 quieris,
870 5292 1066 5365 major
1090 5290 1294 5347 ﬁstula
1309 5290 1604 5345 minorem
1618 5289 1856 5357 habeat,

182 5386 245 5434 et
271 5381 405 5448 ejus
435 5386 735 5448 octavam,
766 5386 822 5436 et
851 5381 1039 5454 ipsius
1063 5385 1288 5437 octavae
1314 5385 1610 5436 octavam.
1644 5379 1700 5435 Si
1729 5379 1858 5435 dia-

264 5558 759 5640 (972).Hu_cusque
811 5560 1001 5640 code};
1055 5559 1655 5640 _San-Emeramensis
1691 5576 1703 5613 :
1745 5561 1858 5640 _Se-

180 5632 399 5711 quitur
427 5632 485 5686 in
516 5632 997 5701 Argentoratensi
1029 5633 1490 5701 Argumentatio
1539 5632 1853 5701 cujusdam

184 5716 449 5758 musica.
877 5737 890 5744 κ

1983 480 2071 536 tiae
2101 484 2502 552 undecimam,
2527 491 2583 542 et
2604 486 2934 542 undecimae
2959 492 3208 542 sextam.
3238 488 3294 543 Si
3332 489 3631 563 diapente,

1981 572 2176 642 major
2218 573 2512 630 minorem
2561 582 2618 631 et
2664 576 2793 646 ejus
2850 575 3136 645 mediam,
3196 581 3253 632 et
3299 577 3632 635 medietatis

1982 665 2280 730 octavam,
2313 668 2369 718 et
2393 670 2618 720 octavae
2646 668 2944 721 octavam.
2970 665 3026 719 Si
3065 665 3380 738 diapason,
3440 668 3662 738 major

1981 748 2274 805 minorem
2301 751 2509 824 duplo,
2539 757 2595 807 et
2629 753 2876 824 insuper
2918 753 3048 823 ejus
3095 769 3282 808 unam
3333 759 3630 824 octavam,

1981 843 2037 893 et
2065 843 2291 894 octavae
2317 846 2613 897 octavam.
2650 841 2705 898 Si
2727 841 3023 914 diapason
3057 845 3113 897 et
3158 841 3456 915 diapente,
3511 859 3635 899 ma-

1982 928 2072 996 jor
2101 930 2395 986 minorem
2421 932 2616 1005 triplo,
2644 938 2703 988 et
2730 934 2860 1002 ejus
2897 932 3054 988 duas
3102 937 3366 1000 octavas,
3417 933 3476 988 id
3523 937 3631 998 est,

1979 1023 2278 1089 quartam.
2315 1020 2371 1076 Si
2402 1019 2495 1076 bis
2525 1021 2845 1094 diapason,
2894 1021 3091 1092 major
3141 1021 3437 1077 minorem
3486 1036 3633 1092 qua-

1979 1105 2216 1178 druplo,
2257 1111 2315 1162 et
2341 1107 2588 1181 insuper
2616 1109 2746 1180 ejus
2779 1113 2897 1164 tres
2926 1114 3192 1165 octavas.

2715 1218 2881 1274 Item.

2052 1321 2106 1377 Si
2129 1322 2340 1378 ﬁstulae
2367 1324 2610 1396 aequalis
2640 1324 3056 1394 grossitudinis
3083 1324 3319 1394 fuerint,
3347 1326 3402 1378 et
3436 1321 3632 1390 major

1977 1409 2272 1466 minorem
2298 1412 2354 1467 in
2391 1430 2502 1468 sua
2531 1413 2904 1484 longitudine
2933 1413 3027 1468 bis
3061 1411 3353 1473 habuerit,
3386 1415 3442 1466 et
3466 1410 3630 1464 insu-

1976 1516 2081 1571 per
2101 1501 2489 1556 concavitatis
2516 1502 2644 1572 ejus
2665 1501 3026 1558 diametrum
3063 1519 3074 1555 :
3103 1501 3394 1572 diapason
3415 1513 3630 1553 conso-

1974 1589 2244 1645 nantiam
2274 1590 2526 1646 invicem
2555 1592 2938 1647 resonabuut.

2046 1678 2102 1733 Si
2140 1679 2340 1735 ﬁstula
2379 1681 2574 1750 major
2629 1680 2840 1735 listult—e
2896 1677 3141 1734 minoris
3192 1675 3629 1745 longitudinem

1974 1773 2185 1838 quater
2208 1769 2267 1823 in
2299 1785 2360 1823 se
2383 1769 2675 1833 habuerit,
2701 1774 2755 1824 et
2785 1770 3029 1839 insuper
3055 1764 3349 1829 diametri,
3373 1763 3538 1835 quod
3569 1762 3629 1817 in

1974 1873 2122 1912 cavo
2153 1865 2260 1926 est,
2287 1865 2371 1912 ter
2400 1873 2746 1913 mensuram
2805 1856 3106 1912 contineat
3139 1872 3150 1908 :
3185 1854 3278 1908 bis
3333 1853 3630 1924 diapason

1973 1945 2433 2000 consonantiam
2462 1945 2850 2000 resonabuut.

2048 2032 2102 2089 Si
2133 2033 2333 2088 ﬁstula
2365 2033 2559 2102 major
2587 2033 2881 2088 minorem
2912 2033 2973 2086 in
3022 2046 3082 2084 se
3142 2029 3328 2084 totafn
3383 2027 3626 2095 habeat,

1973 2127 2030 2177 et
2059 2121 2304 2193 insuper
2333 2122 2463 2191 ejus
2490 2122 2720 2176 tertiam
2741 2125 2995 2192 partem,
3020 2134 3129 2173 nec
3174 2133 3297 2172 non
3317 2122 3374 2172 et
3401 2116 3628 2171 diame-

1975 2210 2066 2276 tri,
2099 2210 2348 2281 quodin
2391 2225 2540 2264 cavo
2594 2215 2700 2275 est,
2755 2209 3125 2264 diatessaron
3174 2205 3629 2261 consonantiam

1972 2299 2362 2354 resonabuut.

2044 2387 2099 2440 Si
2127 2385 2322 2440 ﬁstula
2343 2387 2538 2456 major
2563 2387 2856 2441 minorem
2884 2385 2944 2440 in
2973 2401 3034 2440 se
3058 2384 3354 2445 habuerit,
3387 2387 3444 2438 et
3471 2383 3630 2437 insu-

1973 2491 2080 2547 per
2099 2475 2229 2545 ejus
2259 2474 2649 2545 longitudinis
2676 2475 3076 2545 medietatem,
3107 2473 3285 2529 simul
3314 2489 3453 2528 cum
3506 2487 3628 2526 me-

1975 2563 2189 2620 dietate
2217 2563 2516 2628 diametri,
2547 2563 2712 2636 quod
2742 2563 2802 2618 in
2833 2579 2983 2619 cavo
3009 2568 3115 2625 est,
3161 2562 3442 2634 diapente
3485 2576 3627 2615 con-

1971 2653 2312 2708 sonantiam
2337 2653 2726 2708 resonabuut.

2045 2743 2100 2797 Si
2126 2742 2326 2798 ﬁstula
2357 2743 2550 2813 major
2579 2741 2840 2796 ﬁstulam
2866 2741 3161 2797 minorem
3210 2741 3271 2795 in
3325 2755 3386 2794 se
3439 2743 3626 2794 totam

1971 2831 2264 2898 habuerit,
2289 2837 2345 2888 et
2364 2832 2613 2903 insuper
2641 2831 3030 2901 longitudinis
3054 2835 3286 2904 partem
3311 2832 3440 2885 XVI.
3487 2844 3626 2884 cum

1969 2920 2245 2976 diametri
2270 2920 2718 2977 sextadecima:
2759 2920 2883 2976 haec
2934 2919 3329 2976 consonantia
3385 2917 3625 2973 semito-

1969 3007 2138 3063 nium
2195 3008 2320 3063 erit.
2385 3009 2498 3066 Sed
2559 3007 2770 3063 melius
2799 3024 2906 3079 per
2955 3007 3326 3062 diatessaron
3374 3004 3629 3060 sumitur

1897 3081 1950 3135 θ’
1968 3098 2372 3154 semitonium.

2352 3253 2415 3290 DE
2456 3251 2830 3291 CYMBALORUM
2872 3251 3238 3290 PONDERIBUS.

2043 3342 2303 3398 Primum
2325 3344 2796 3416 quanticumque
2811 3342 3110 3415 ponderis.
3147 3340 3486 3397 Secundum
3511 3355 3627 3395 ses-

1967 3429 2356 3501 quioctavum
2378 3431 2576 3503 primi.
2600 3431 2864 3486 Tertium
2897 3429 3384 3501 sesquioctavum
3411 3443 3624 3482 secun-

1967 3518 2048 3573 di.
2083 3521 2369 3582 Quartum
2403 3519 2841 3590 sesquitertium
2869 3518 3067 3590 primi.
3102 3516 3385 3581 Quintum
3431 3515 3629 3586 sequi-

1970 3613 2252 3662 octavum
2291 3609 2505 3679 quarti.
2573 3610 2813 3663 Sextum
2873 3606 3358 3677 sesquioctavum
3410 3603 3623 3674 quinti.

1975 3697 2303 3769 Septimum
2328 3696 2767 3768 sesquitertium
2788 3695 3003 3767 quarti.

2640 3825 2728 3878 De
2768 3823 2960 3877 Medis

2041 3954 2334 4005 Autentus
2362 3949 2698 4015 auctoralis,
2729 3953 2786 4004 et
2811 3948 3161 4003 auctoritate
3189 3946 3422 4019 plenus.
3482 3949 3621 4001 Pro-

1971 4043 2064 4094 tus
2120 4038 2178 4092 id
2239 4043 2344 4104 est,
2402 4037 2677 4108 primus:
2740 4036 3020 4091 deuterus
3056 4035 3401 4090 secundus:
3457 4034 3624 4089 tritus

1969 4127 2223 4183 tertius:
2284 4125 2581 4181 tetrardus
2661 4131 2932 4198 quartus.
3008 4124 3235 4190 Quibus
3303 4123 3623 4178 ordinatim

1971 4219 2393 4288 supponuntur
2441 4220 2700 4287 quatuor
2753 4215 3042 4278 laterales,
3071 4229 3224 4286 quos
3255 4216 3472 4268 vocant
3501 4211 3624 4284 pla-

1972 4303 2061 4374 gis
2084 4304 2258 4374 proti,
2285 4303 2479 4375 plagis
2509 4303 2757 4372 deuteri,
2792 4303 2983 4375 plagis
3005 4302 3140 4368 triti,
3173 4302 3367 4372 plagis
3427 4306 3627 4355 tetrar-

1969 4390 2051 4447 di.
2089 4393 2227 4446 Item
2250 4392 2309 4446 in
2356 4394 2556 4446 Graeco
2599 4393 3047 4447 ANNANEANE.
3110 4389 3619 4445 NANANEAGIES.

1970 4481 2508 4538 AGlANNEAGIES.
2581 4482 3062 4537 NENOTEANES.
3130 4477 3624 4533 NOEAGIS.ltem

1969 4576 2316 4643 parapteres
2341 4570 2932 4626 NENNOTENEAGIS.
2961 4573 3092 4623 Ant.
3125 4581 3255 4622 mea
3300 4580 3442 4620 nox.
3489 4568 3620 4619 Ant.

1969 4676 2001 4714 ο
2032 4675 2210 4714 mors.
2244 4663 2374 4714 Ant.
2411 4661 2688 4714 miserere
2721 4658 2836 4712 mei
2877 4657 3052 4711 Deus.
3099 4655 3625 4709 ΑΝΑΙΕΤΛΝΕΝΑ-

1971 4747 2079 4803 GlS
2123 4747 2614 4803 AIANNEAGIES.
2683 4749 2814 4800 Ant.
2867 4746 2989 4800 Nos
3020 4743 3124 4815 qui
3153 4743 3424 4798 vivimus.
3481 4741 3621 4796 item

1970 4843 2341 4910 parapteres,
2372 4836 2477 4908 qui
2516 4851 2702 4907 supra
2753 4834 2954 4906 scripti
2998 4837 3156 4899 sunt,
3212 4847 3455 4887 necesse
3516 4834 3624 4899 est,

1973 4931 2037 4982 ut
2069 4931 2398 4990 teneamus,
2432 4924 2628 4997 quiin
2658 4923 3000 4996 antiphonis
3056 4920 3299 4977 minutis
3355 4935 3629 4993 compro-

1971 5015 2211 5081 bantur,
2241 5014 2501 5069 maxime
2523 5014 2596 5068 de
2619 5013 2890 5086 psalmis,
2919 5011 3022 5084 qui
3071 5025 3194 5065 non
3227 5010 3516 5065 ﬁniuntur
3544 5008 3625 5064 ita

1969 5110 2034 5161 ut
2061 5104 2363 5160 inchoant.
2398 5107 2742 5176 Parapteres
2770 5102 2932 5167 dicti,
2980 5117 3052 5156 eo
3103 5100 3271 5172 quod
3318 5099 3424 5155 iter
3470 5115 3623 5170 prae-

1970 5200 2187 5266 parant
2223 5195 2494 5249 versibus
2543 5191 2825 5248 descendi
2883 5191 2943 5246 in
2992 5189 3354 5262 antiphonis.
3415 5189 3623 5244 ΝΕΝο-

1968 5282 2321 5340 TENARSIS
2397 5286 2677 5353 Parapter
2734 5281 2964 5353 primus
3047 5278 3337 5347 contingit
3411 5283 3624 5334 tonum

1971 5372 2328 5438 secundum,
2377 5377 2434 5426 et
2463 5371 2643 5426 intrat
2679 5371 2738 5425 in
2791 5386 3047 5431 versum.
3104 5374 3169 5424 ut
3206 5373 3385 5424 tonus
3417 5381 3624 5423 secun-

2049 5552 2193 5626 (673)
2229 5551 2440 5608 Littera
2469 5556 2527 5608 T.
2563 5550 2729 5606 atteri
2774 5550 3008 5621 abjecta
3043 5553 3210 5606 notat
3259 5554 3496 5611 tonum,
3539 5543 3620 5598 uti

1967 5647 2014 5687 s.
2045 5626 2448 5684 semitonium.
