4014 6198
353 285 457 339 955

355 405 490 463 dus.
519 407 577 459 et
602 402 733 459 ﬁnit
761 400 911 455 sicut
932 402 1111 456 tonus
1137 397 1391 470 primus,
1426 399 1489 451 ut
1534 397 1621 453 est
1675 390 1820 447 illud
1854 408 1867 445 :
1901 390 2009 447 Mi-
2040 391 2086 445 Α

356 507 550 552 serere
594 489 710 547 mei
741 489 918 545 Deus.
981 488 1046 542 Et
1101 486 1151 540 Α
1210 485 1446 541 delicto.
1510 485 1576 537 Et
1624 479 1757 541 alite
1784 477 2005 550 plures.

357 580 539 641 ANOS
581 578 863 647 Parapter
910 572 1212 631 secundus
1263 569 1552 640 contingit
1594 574 1804 625 tonum
1833 580 2008 638 quar-

360 673 506 734 tum,
540 669 596 720 et
623 663 707 725 ibi
724 661 873 725 ﬁnit.
910 665 1008 719 Hae
1041 664 1179 723 sunt
1208 660 1438 732 antiph.
1474 658 1625 726 Quia
1682 654 2005 711 mirabilia.

355 756 502 815 Sede
524 771 562 813 α
589 754 841 813 (icastris.
881 754 1089 821 Sperat
1120 751 1331 808 Israel.
1358 749 1559 804 Omnis
1581 754 1766 804 terra.
1800 747 1865 800 Et
1879 742 2010 801 aliae

356 845 578 917 plures.
606 839 1237 901 ANAGETANENAGIS
1288 840 1568 909 Parapter
1612 833 1815 892 tertius
1866 846 2009 887 con~

356 933 527 1005 tingit
572 936 786 991 tonum
834 928 1175 1001 septimum,
1230 932 1287 983 et
1335 927 1465 983 ﬁnit
1519 925 1579 981 in
1613 929 1752 983 tono
1773 925 2007 995 quarto.

358 1026 506 1085 Sunt
534 1037 678 1081 vero
707 1019 909 1079 multas
940 1019 1304 1090 antiphonae,
1336 1033 1471 1088 quae
1497 1014 1581 1071 ibi
1618 1011 2009 1078 descendunt,

359 1128 511 1184 quas
536 1110 711 1166 nobis
729 1108 1109 1168 dinumerare
1128 1107 1379 1176 longum
1404 1108 1509 1161 est.
1533 1102 1646 1160 Sed
1669 1102 1731 1158 in
1747 1101 2013 1173 aliquan-

359 1202 547 1257 tulum
572 1199 867 1268 dicamus;
901 1198 1037 1252 Ant.
1070 1196 1418 1253 Benedicta.
1446 1190 1813 1249 Rorate.Erit
1832 1188 2012 1245 etiam

358 1288 856 1349 AIANNEAGIES.
892 1289 1169 1358 Parapter
1188 1299 1329 1340 vero
1357 1286 1606 1356 quartus
1631 1278 1919 1348 contingit
1933 1280 2015 1333 to-

358 1395 507 1439 num
537 1382 838 1443 octavum,
870 1375 974 1430 sed
997 1390 1118 1429 non
1137 1373 1409 1430 ascendit
1436 1372 1495 1427 in
1520 1370 1766 1426 alteram
1784 1382 2011 1433 vocem,

360 1472 415 1527 et
443 1466 759 1524 mediocris
788 1464 849 1519 in
880 1464 1073 1537 ipsam
1104 1463 1327 1532 ﬁnitur,
1370 1466 1425 1517 et
1473 1474 1802 1533 parumper
1852 1456 2016 1510 inve-

358 1556 624 1623 niuntur,
679 1553 791 1609 nisi
844 1557 1106 1624 quatuor
1154 1555 1256 1607 aut
1301 1549 1567 1622 quinque
1625 1546 2012 1619 antiphonae:

360 1645 479 1699 Nos
502 1644 607 1714 qui
635 1642 906 1697 vivimus.
954 1642 1020 1694 In
1052 1640 1330 1695 ecclesiis.
1392 1638 1696 1705 Martyres
1753 1633 2012 1688 Domini.

362 1732 584 1803 Angeli
610 1730 867 1784 Domini.
907 1729 1175 1797 Virgines
1206 1728 1464 1781 Domini.

474 1854 538 1897 DE
572 1852 804 1902 QUINQUE
833 1849 1190 1905 SYMPHONUS,
1220 1849 1416 1887 TRlBUS
1448 1846 1811 1900 SIMPLICIBlfS,
1848 1846 1910 1883 ET

896 1939 1091 1977 TRIBUS
1129 1937 1483 1981 COMPOSITIS.

324 2068 331 2075 .
436 2014 737 2088 Diapasgn
764 2082 779 2088 _
823 2002 1188 2088 symphonia

362 2090 471 2148 est,
496 2082 631 2159 quae
657 2082 721 2138 ﬁt
745 2082 981 2154 duplo,’
1008 2086 1071 2136 ut
1099 2082 1208 2212 estl

360 2158 495 2212 hoc.
918 2166 927 2173 '
1583 2150 1648 2205 II.

433 2248 714 2325 biapente
744 2250 885 2307 vero
914 2254 1020 2315 est,
1053 2248 1208 2325 quae]
1448 2248 1795 2325 DIAEENTE

360 2325 455 2380 his
486 2319 751 2379 numeris
782 2325 1033 2378 constat.
1072 2319 1092 2321 “
1198 2319 1207 2380 Ι
1574 2319 1666 2372 III.

1407 2388 1822 2478 Seguialtera.

434 2493 812 2549 Diatessaron
867 2506 1007 2546 vero
1078 2488 1209 2560 est,|
1429 2488 1803 2560 Diatessaron

362 2564 750 2640 quas7in7hac
800 2558 1208 2640 proportione|
1417 2630 1449 2640 77
1558 2558 1673 2640 IIII.
1722 2628 1752 2640 77

361 2630 650 2691 c'onsistit.
802 2630 823 2635 “
915 2630 937 2634 ’
1197 2630 1207 2719 |
1416 2630 1815 2719 Sesquitertia,

431 2734 630 2792 Tonus
651 2745 795 2810 vero
827 2710 1207 2810 sesquioctg-l
1233 2710 1713 2810 Ἥ

361 2819 441 2930 ἔνθ.
468 2800 856 2929 erqportione
886 2798 1206 2930 concludi-l
1273 2799 1508 2875 Sesqui-
1566 2798 1705 2853 VIIII
1754 2801 1964 2854 octava

386 2890 457 2930 ur
620 2914 631 2925 .

364 2951 1788 3051 Ϋῆῆῆἆῖῖἶὲἧῆᾗψ““ῢῇῇῶῖξ

362 3039 1032 3123 tripla'comparatione'
1065 3039 1206 3123 cols|
1412 3039 1769 3123 mD7'iapente.

364 3109 564 3182 ligitur
586 3109 936 3167 hoc—modo.
1197 3109 1206 3182 |
1411 3109 1513 3182 Tri
1575 3109 1594 3111 ⁷
1727 3109 1829 3182 pla

1377 3181 1480 3235 Dia
1730 3179 1745 3181 “
1766 3179 1873 3236 Dia

1329 3267 1519 3324 pason
1736 3255 1913 3324 pente

1451 3323 1515 3383 ιι.
1559 3322 1676 3381 IIII.
1718 3325 1804 3381 Vl.

1504 3364 1804 3465 nﬁﬁf'

366 3561 469 3635 pla
508 3561 818 3618 collatione
866 3561 1211 3635 perﬁcitur.|
1365 3561 1461 3617 Bis
1522 3561 1627 3635 I7)7ia
1685 3561 1878 3635 pason

1384 3637 1448 3688 II.
1527 3634 1643 3689 IIII.
1690 3634 1855 3689 'VIII.

1379 3704 1487 3762 Dia
1761 3705 1867 3763 Dia

1326 3791 1521 3848 pason
1547 3847 1556 3848 7
1575 3847 1581 3848 7
1718 3792 1930 3848 pason.

1390 3847 1488 3902 Bis
1526 3847 1843 3918 diapaSon.

439 3942 817 4003 Diatessaron
844 3960 923 4017 ac
951 3942 1213 4017 diapen-l
1426 4015 1433 4017 Α
1463 3945 1785 4017 Diapason,

365 4016 422 4071 te
479 4029 670 4087 unum
724 4013 1039 4087 perficiunt
1052 4013 1212 4087 ‘dia-I
1373 4015 1478 4073 Dia
1570 4013 1658 4087 pa
1759 4031 1870 4073 son

367 4097 561 4160 pason
583 4084 698 4141 hoc
727 4084 940 4143 modo.
1202 4084 1255 4160 |7
1379 4088 1446 4160 II.
1481 4157 1490 4160 7
1550 4084 1644 4141 III.
1706 4159 1712 4160 7
1746 4088 1864 4141 IIII.

1226 4157 1622 4228 Sesquialtera
1695 4158 2019 4230 Sesquiter-

1878 4229 2018 4293 tius.

1522 4299 1734 4372 Dupla.

718 4386 806 4445 De
828 4387 1231 4445 consonantiis
1260 4386 1472 4447 tribus.
1508 4387 1653 4459 (674)

507 4471 547 4526 h
624 4472 772 4542 gfe
864 4474 1230 4545 hfefgh
1286 4475 1589 4545 hghgf
1675 4476 1757 4532 fe
1854 4478 1879 4535 r
1949 4456 2059 4547 g‘

439 4560 983 4633 Symphoniadicta
1011 4562 1212 4620 aeoliae
1229 4563 1604 4623 diatessaron
1623 4570 1765 4623 tono
1789 4570 2023 4629 constat

270 4680 279 4683 -
398 4663 573 4721 ess
686 4651 726 4709 h
820 4650 998 4712 hhh
1064 4652 1988 4724 hghgfffff(>.fg

363 4740 626 4811 tortoque
655 4755 793 4801 cum
817 4739 1034 4812 copula
1060 4741 1354 4803 semitonii
1385 4741 1574 4803 taliter
1596 4747 1797 4815 aptam
1829 4747 2022 4807 ratam

425 4841 622 4899 888
764 4828 1010 4899 gfhe
1155 4844 1311 4893 eee

362 4914 722 4988 dulcemque
750 4917 1012 4979 melodis
1056 4933 1365 4981 resonans.
1388 4988 1395 4995 η

470 5020 510 5075 g
618 5005 765 5068 fed
911 5006 1009 5063 de
1119 5007 1362 5079 fggd.
1467 5008 1643 5064 edd
1732 5008 2021 5069 fcfed

437 5095 567 5152 Haec
585 5096 853 5157 secunda
868 5097 1064 5159 forma
1084 5096 1431 5157 modulatur
1449 5102 1590 5161 tono
1605 5114 1675 5154 ac
1696 5100 2020 5163 hemitonio

399 5180 568 5253 εἶθ
703 5184 1052 5259 fggd
1174 5186 1431 5247 fedc
1561 5188 1994 5252 ecded

367 5271 631 5343 tortoque
649 5272 895 5344 pulchre
908 5274 1350 5337 sonans.Tertia
1371 5291 1508 5348 qua:
1531 5276 1896 5351 symphonia
1916 5278 2023 5334 hu-

397 5357 426 5417 f
493 5358 779 5423 adcdd
851 5362 927 5417 ff
1030 5363 1106 5423 ff
1211 5363 1351 5420 dff
1491 5364 1616 5427 fe

360 5449 458 5520 ius
488 5447 783 5504 semitonii
817 5454 956 5505 tono
986 5455 1127 5506 tono
1154 5452 1379 5525 species
1417 5458 1669 5511 constat.

984 274 1333 329 HUCBALDI
1371 273 1537 328 MON.
1580 271 1635 327 S.
1678 266 1946 325 AMANDI
1985 266 2133 321 OPP.
2181 266 2351 322 PARS
2392 265 2460 319 ΙΙ.
2504 295 2573 307 -ο-
2612 263 3121 320 MISCELLANEA.
3680 259 3781 311 956

2258 388 2539 458 hgfed
2665 386 2774 444 hd
2918 384 3159 442 efeh

2191 478 2597 537 Consonantia
2645 476 2806 533 dicta
2853 473 3244 547 sesquialtera
3271 470 3557 545 diapente
3586 468 3785 542 prima.

2153 567 2311 643 hgf
2407 567 2484 625 fe
2596 564 2730 635 fg
2830 579 3001 635 ggg
3109 562 3151 618 h
3258 559 3439 616 111111
3538 557 3788 629 hghgf

2120 656 2347 728 species
2376 661 2519 713 tono
2547 658 2784 713 constat
2795 657 3060 726 tonoque
3080 667 3220 713 cum
3247 649 3466 722 copula
3488 647 3786 704 semitonii

2155 744 2277 801 fff
2444 744 2534 801 fe
2674 744 2764 814 fg
2837 757 3014 813 ggg
3122 740 3217 812 gf
3311 737 3611 794 hefdd
3719 736 3743 792 f

2121 833 2326 890 addito
2366 848 2611 906 quoque
2637 836 2779 891 tono
2812 829 3071 904 amplius
3098 832 3220 884 tota
3256 827 3639 883 diatessaron
3665 824 3787 897 pul-

2191 941 2221 980 e
2365 922 2622 993 hgfd
2731 920 2889 977 hfd

2121 1013 2259 1070 chre
2289 1012 2667 1083 distinguens
2693 1008 2980 1066 carmina.

2224 1132 3088 1208 hghhdhgfeddefghhd
3233 1131 3402 1188 dde
3561 1129 3640 1184 de
3680 1128 3753 1184 de

2195 1228 2477 1300 Diapente
2570 1258 2595 1267 -
2672 1258 2697 1268 -
2782 1257 2807 1266 -
2888 1256 2914 1266 -
3036 1226 3091 1279 et
3113 1221 3485 1279 diatessaron
3504 1218 3790 1292 sympho-

2123 1317 2302 1372 ddc
2376 1315 2530 1371 def
2601 1330 2639 1385 g
2730 1313 2900 1370 fed
2973 1310 3145 1368 cdd
3253 1308 3573 1380 defgh
3677 1307 3758 1376 hg

2124 1405 2237 1463 nise
2268 1410 2324 1462 et
2341 1406 2572 1461 intense
2599 1406 2655 1459 et
2682 1402 2929 1459 remisse
2947 1400 3167 1474 pariter
3188 1396 3656 1457 consonantiam
3671 1395 3791 1453 dia-

2163 1495 2277 1555 hh
2352 1490 2865 1563 gfedcbacd
2940 1487 3246 1559 efghhd
3372 1486 3571 1556 gfed
3686 1484 3761 1540 ed

2126 1599 2352 1655 passon
2487 1614 2510 1624 -
2597 1614 2621 1624 -
2708 1613 2733 1622 -
2872 1578 3285 1635 modulatione
3332 1591 3608 1635 consona
3671 1572 3794 1630 red-

2198 1672 2239 1727 d

2665 386 2774 444 hd
2918 384 3159 442 efeh
3304 379 3549 437 hded
3641 380 3753 448 hg

2048 1746 2092 1802 Β
2127 1760 2298 1817 dunt.

2197 1886 2251 1941 Si
2278 1884 2573 1956 ejusdem,
2602 1882 2813 1956 inquit.
2841 1880 3267 1956 proportionis,
3290 1879 3352 1937 id
3408 1883 3519 1949 est,
3564 1878 3793 1951 sesqui-

2128 1974 2417 2047 septimae,
2450 1972 2721 2041 decimas,
2755 1971 2941 2029 alium
2970 1984 3315 2039 numerum,
3375 1984 3516 2040 qua:
3562 1970 3790 2039 sesqui-

2128 2064 2382 2136 septima
2408 2062 2642 2122 decima
2657 2060 2999 2132 intelligitur
3014 2060 3075 2115 in
3094 2060 3278 2119 XVIII.
3306 2058 3549 2113 numeri
3570 2058 3791 2112 XVIIm

2125 2158 2313 2226 parte,
2340 2169 2476 2225 quae
2505 2156 2595 2209 est
2621 2152 2818 2208 unitas
2844 2169 2857 2218 ;
2881 2153 2939 2206 et
2952 2148 3187 2207 decima
3215 2147 3469 2221 septima
3496 2163 3647 2219 pars
3668 2146 3792 2201 uni-

2127 2243 2279 2310 tatis,
2303 2242 2516 2301 Χνυωι
2538 2240 2775 2303 numeri
2804 2241 2975 2297 VIII”l
3000 2254 3142 2312 pars
3167 2236 3310 2305 duo,
3334 2241 3392 2295 et
3413 2240 3635 2293 octava
3655 2252 3791 2309 pars

2125 2333 2388 2400 unitatis,
2418 2332 2519 2405 qui
2543 2332 2687 2400 duo,
2709 2332 2955 2397 etVlll-Wl
2981 2345 3123 2402 pars
3145 2328 3323 2387 unius
3343 2327 3393 2383 si
3419 2326 3691 2385 addatur
3716 2325 3791 2381 ad

2127 2424 2285 2481 XVII.
2310 2423 2494 2483 XVIII.
2525 2421 2671 2481 ﬁent
2693 2421 2882 2483 XVIII.
2907 2424 2965 2487 et
2990 2423 3200 2479 octava
3230 2432 3373 2489 pars
3420 2416 3628 2488 unius,
3690 2415 3791 2489 qui

2127 2526 2416 2574 numerus
2444 2514 2536 2565 est
2563 2509 3016 2576 sesquioctavus
3041 2506 3122 2569 ad
3144 2507 3311 2567 XVII.
3340 2505 3405 2561 id
3434 2510 3543 2574 est,
3587 2509 3790 2563 tonus.

2127 2603 2276 2665 Nam
2342 2601 2500 2661 XVII.
2561 2602 2620 2656 et
2665 2600 2850 2659 XVIII.
2913 2595 3437 2669 sesquiseptimam
3485 2594 3795 2655 decimam

2126 2689 2578 2762 proportionem
2603 2688 2755 2749 inter
2777 2703 2841 2745 se
2856 2678 3099 2753 habent,
3128 2685 3272 2758 quia
3328 2683 3795 2758 sesquiseptima

2127 2778 2363 2835 decima
2386 2778 2447 2833 in
2474 2778 2603 2835 sola
2621 2777 2852 2841 unitate
2878 2774 3241 2845 intelligitur.

2198 2887 2255 2943 Si
2274 2887 2491 2943 iterum
2521 2886 2771 2943 alteram
2788 2874 3641 2957 sesquiseptimam'deoimam
3660 2898 3798 2955 pm-

2127 2978 2466 3051 portionem
2497 2979 2539 3032 Ι.
2565 2975 2874 3044 addidero,
2908 2977 3082 3031 erunt
3101 2974 3244 3041 duo,
3273 2978 3331 3029 et
3350 2973 3401 3028 si
3424 2973 3546 3029 duo
3560 2973 3797 3029 addam

2129 3083 2309 3140 super
2338 3068 2596 3137 ΧΧΙΙάλω,
2656 3066 2720 3121 id
2775 3070 2883 3134 est,
2924 3064 3019 3127 bis
3070 3062 3591 3136 sesquiseptimam
3637 3063 3799 3118 deci-

2130 3173 2315 3225 mam,
2340 3160 2515 3227 erunt
2532 3157 2743 3224 XVIIII,
2775 3170 2911 3233 quas
2934 3155 3146 3210 XVIIII.
3177 3168 3301 3215 non
3317 3150 3796 3226 faciuntsesqui-

2130 3250 2407 3311 octavam
2436 3245 2887 3319 proportionem
2910 3243 2990 3307 ad
3016 3244 3177 3299 XVII.
3209 3245 3356 3299 Nam
3387 3240 3552 3303 deest
3573 3246 3800 3303 octava

2118 3350 2271 3417 pars
2292 3334 2554 3403 unitatis,
2578 3337 2635 3391 et
2690 3350 2764 3390 ex
2806 3334 2921 3390 hoc
2967 3330 3334 3401 intelligitur,
3385 3329 3531 3403 quia
3560 3328 3800 3391 faciunt

2131 3423 2267 3480 duae
2298 3421 2772 3501 sesquiseptimae
2804 3420 3053 3489 decima:
3086 3424 3298 3477 tonum
3324 3420 3645 3489 integrum.

2206 3550 2261 3607 Si
2287 3550 2374 3605 vis
2415 3549 2564 3605 scire
2592 3550 2816 3604 Χνῐωιω
2847 3552 3083 3620 partem
3112 3547 3175 3603 in
3198 3548 3356 3604 XVII.
3414 3545 3626 3616 collige
3680 3563 3796 3602 nu-

2131 3655 2389 3707 merum,
2420 3637 2525 3711 qui
2563 3638 2872 3711 perveniat
2928 3637 3006 3693 ad
3036 3638 3194 3693 XVII.
3244 3635 3320 3692 de
3348 3635 3568 3709 quibus
3594 3652 3797 3692 unum

2132 3728 2433 3795 subtrahe,
2467 3732 2524 3783 et
2546 3727 2948 3783 remanebunt
2976 3728 3108 3782 XVI.
3141 3726 3416 3790 unitates.
3445 3728 3528 3781 Ex
3562 3726 3796 3799 quibus

2130 3818 2261 3873 XVI.
2297 3815 2620 3872 unitatibus
2641 3815 2837 3888 recipe
2856 3816 3038 3871 XVI’un
3068 3814 3378 3885 unitatem,
3404 3818 3460 3869 et
3498 3812 3706 3870 divide
3734 3814 3795 3870 in

2132 3908 2263 3971 XVI.
2296 3909 2516 3979 partes.
2543 3906 2628 3960 Ex
2654 3903 2874 3977 quibus
2901 3905 3035 3959 XVI.
3086 3902 3357 3975 partibus
3410 3903 3590 3959 XVI”
3646 3919 3796 3977 pars

2131 3998 2220 4063 est
2245 3994 2505 4069 unitatis,
2539 3994 2732 4051 diviso
2764 3995 2919 4050 VIIml
2941 3993 3198 4065 numeri,
3220 4008 3404 4066 quem
3419 3992 3583 4066 prius
3603 3994 3796 4059 tulisti

2130 4086 2205 4140 de
2234 4086 2365 4140 XVI.
2406 4088 2750 4156 ~auitequam
2797 4082 2966 4139 illum
3017 4082 3309 4141 divideres
3338 4082 3401 4138 in
3428 4083 3629 4141 XVIcim
3656 4100 3799 4156 par.

2130 4179 2239 4239 tes.

2203 4284 2413 4341 Beatus
2435 4280 2803 4352 Augustinus
2831 4279 3103 4352 perhibet
3120 4279 3265 4352 quia
3288 4279 3601 4352 poenaliter
3650 4296 3799 4353 pec?

2131 4376 2243 4437 eat,
2276 4386 2457 4443 quem
2478 4370 2539 4425 in
2559 4369 2778 4429 divinis
2806 4368 3050 4427 canticis
3080 4368 3332 4426 altitudo
3354 4369 3550 4440 magis
3595 4385 3800 4441 quam

2132 4476 2342 4516 sensus
2373 4460 2738 4531 (verborum)
2766 4458 3021 4517 delectat
3053 4475 3066 4527 ;
3097 4457 3241 4529 quia
3278 4458 3417 4515 ideo
3449 4474 3575 4516 non
3623 4475 3800 4528 voce,

2132 4549 2237 4608 sed
2268 4548 2446 4607 corde
2475 4547 2819 4607 canendum
2839 4550 2947 4607 est.
2976 4548 3096 4609 Hoc
3124 4546 3287 4603 enim
3318 4563 3462 4611 usus
3491 4546 3801 4619 psallendi

2132 4638 2485 4697 constitutus
2515 4642 2603 4694 est
2634 4657 2646 4707 ;
2676 4637 2916 4694 utsicut
2941 4635 3131 4694 David
3158 4636 3222 4692 in
3250 4636 3664 4697 citharizando
3693 4654 3802 4698 ne-

2133 4742 2319 4800 quam
2345 4726 2620 4799 spiritum
2644 4727 2705 4783 in
2726 4726 2900 4783 Saule
2947 4725 3373 4798 eompescebat
3403 4744 3418 4783 :
3457 4726 3542 4782 ita
3586 4733 3805 4784 canto-

2132 4832 2226 4873 res
2251 4815 2625 4875 modulando
2650 4815 2745 4872 vel
2769 4815 3107 4886 jubilando,
3155 4814 3441 4887 quaelibet
3486 4813 3805 4873 diabolica

2132 4905 2433 4967 desideria
2459 4904 2534 4961 de
2563 4904 2845 4963 cordibus
2862 4904 3235 4965 audientium
3259 4903 3578 4977 expellant,
3596 4910 3661 4963 et
3687 4922 3803 4962 ea»

2130 4994 2377 5052 lestibus
2426 4993 2759 5050 harmoniis
2816 4994 3103 5053 interesse
3170 4992 3593 5067 persuadeant.
3666 4996 3805 5060 Qua

2130 5088 2374 5156 propter
2397 5084 2796 5153 satagendum
2826 5088 2935 5152 est,
2967 5100 3044 5140 ne
3067 5100 3249 5141 usum
3277 5083 3534 5141 canendi
3554 5082 3806 5142 desera-

2130 5189 2292 5243 mus,
2322 5178 2379 5229 et
2408 5188 2513 5245 per
2540 5174 2702 5229 vocis
2732 5173 3155 5235 exaltationem
3206 5189 3282 5229 ne
3338 5173 3801 5246 delinquamus.

2133 5262 2275 5321 Hinc
2308 5262 2493 5319 David
2528 5264 2782 5321 :Beatus
2791 5264 3077 5335 populus,
3101 5264 3207 5334 qui
3224 5263 3799 5335 scitjubilagionem.

2205 5368 2521 5441 Cognitum
2533 5385 2664 5429 esse
2680 5368 2857 5426 debet
2875 5369 3043 5435 omni
3052 5370 3352 5427 musicam
3362 5369 3684 5437 scientiam
3702 5371 3805 5427 ha-

2131 5456 2273 5512 bere
2292 5456 2575 5529 cupienti,
2588 5456 2757 5529 quod
2771 5473 2983 5514 omnes
2999 5457 3239 5514 musicae
3261 5457 3678 5535 consonantiae
3700 5464 3804 5516 aut

433 5600 579 5673 (674)
605 5600 710 5657 Hic
731 5600 792 5656 in
823 5602 932 5658 MS.
964 5600 1167 5658 litteris
1194 5618 1430 5676 semper
1455 5605 1587 5679 subj
1601 5611 1790 5665 uncta:
1826 5612 1965 5669 sunt
1992 5610 2215 5667 notulae
2238 5610 2523 5689 antiquae,
2551 5627 2705 5685 quas
2737 5614 2942 5685 utpote
2975 5611 3216 5671 aliunde
3244 5611 3378 5684 jam
3432 5611 3803 5684 incognitas,

373 5705 447 5745 ex
475 5690 808 5749 formarum
833 5690 1068 5749 defectu
1084 5690 1417 5752 omisimus.
