4014 6198
195 237 302 290 9ὕ7

1529 235 1787 294 MUSICA
1833 231 2301 291 ENCHIRIADIS.

3514 253 3618 306 958

193 350 255 413 in
290 356 547 429 duplici:
585 362 649 413 ut
680 360 743 414 Il.
780 359 860 415 ad
890 360 979 416 III.
1006 365 1111 417 aut
1138 362 1199 417 in
1228 362 1469 436 triplici:
1501 366 1568 418 ut
1595 362 1640 416 ll
1667 359 1746 416 ad
1766 360 1851 414 VI.
1885 357 1934 410 A
1964 356 2297 431 acciditque
2314 376 2385 416 eo
2412 366 2680 434 tempore
2706 365 3057 421 Mercurium
3077 366 3431 440 (cochleam)
3458 370 3618 427 inve-

193 450 300 503 aut
326 447 386 502 in
410 447 782 520 quadrupla:
802 453 868 505 ut
890 454 1028 506 sunt
1048 454 1112 508 II.
1128 452 1207 507 ad
1229 455 1362 509 VIII.
1378 453 1557 509 autin
1572 450 1858 524 sesquial-

194 539 352 592 tera:
377 540 442 593 ut
471 536 563 591 Ill.
595 537 677 593 ad
697 539 761 594 Il.
787 540 971 594 autin
992 541 1395 613 sesquitertia:
1420 558 1487 598 ιιι
1507 542 1603 597 lIIl
1637 540 1735 597 ad.
1759 541 1849 597 III.

193 624 584 696 proportione
612 626 966 684 consistunt.
999 631 1138 695 Quae
1169 630 1330 685 enim
1368 630 1428 685 in
1484 627 1855 685 arithmetica

191 712 413 770 dicitur
434 714 828 787 sesquitertia,
846 717 1219 775 diatessaron
1240 723 1489 775 vocatur
1508 719 1569 774 in
1589 717 1852 785 musica;

189 818 331 875 quae
347 803 410 859 in
423 804 694 860 numeris
709 805 1122 878 sesquialtera,
1139 808 1418 881 diapente
1444 807 1780 881 appellatur
1792 806 1854 862 in

189 891 473 949 melodia.
494 895 638 959 Quae
650 910 792 951 vero
807 895 994 968 dupla
1014 901 1100 952 est
1120 897 1179 952 in
1202 898 1711 971 proportionibus,
1730 897 1855 954 dia-

191 996 387 1053 pason
413 981 474 1036 in
502 983 927 1039 consonantiis.
952 985 1146 1057 Tripla
1166 1002 1305 1042 vero
1328 986 1608 1060 diapente
1630 1003 1700 1043 ac
1729 986 1855 1043 dia-

189 1086 417 1142 pason;
441 1071 784 1145 quadrupla
802 1089 946 1129 vero
968 1073 1061 1129 bis
1086 1074 1403 1147 diapason.
1429 1078 1851 1144 Consonantia,

189 1175 327 1233 qua:
360 1176 605 1216 omnem
631 1162 874 1218 musicae
906 1163 1382 1221 modulationem
1411 1166 1579 1236 regit,
1611 1170 1856 1239 propter

190 1264 412 1305 sonum
439 1250 567 1306 ﬁeri
593 1251 819 1324 nequit.
855 1254 1049 1309 Sonus
1074 1270 1217 1311 vero
1249 1261 1495 1330 propter
1522 1257 1852 1329 quemdam

188 1338 435 1411 pulsum
494 1342 1068 1415 percussionemque
1125 1360 1249 1400 non
1307 1346 1611 1414 redditur;
1642 1346 1853 1419 pulsus

187 1441 333 1482 vero
364 1433 546 1500 atque
576 1430 883 1502 percussio
914 1447 1306 1504 nequaquam
1333 1450 1461 1491 esse
1490 1439 1703 1507 potest,
1736 1436 1852 1490 nisi

187 1518 561 1588 praecesserit
589 1523 821 1588 motus;
850 1526 908 1576 et
931 1522 1061 1577 hazc
1094 1523 1323 1595 species
1370 1524 1586 1580 climax
1615 1525 1849 1581 dicitur.

261 1606 604 1679 Simplicem
653 1608 910 1679 legimus
962 1611 1257 1684 principio
1288 1612 1468 1668 fuisse
1528 1614 1848 1682 musicam,

1962 445 2139 513 uisse,
2173 463 2359 519 quam
2415 451 2724 507 cochleam
2756 454 3071 509 Mercurius
3124 455 3423 527 accipiens
3474 458 3619 515 nihil

1960 538 2176 607 praeter
2204 553 2421 594 nervos
2450 545 2711 612 quatuor
2730 542 2861 612 ejus
2888 542 3088 614 piscis,
3106 543 3213 614 qui
3231 543 3293 601 in
3314 559 3385 601 ea
3407 545 3618 618 fuerat,

1964 622 2258 683 invenisse
2297 627 2558 685 dicitur:
2609 646 2764 702 quos
2814 630 3155 701 singillatim
3206 636 3463 703 tangens
3502 636 3618 695 hoc

1960 716 2407 775 tetrachordum
2431 718 2665 791 primus
2692 719 2984 792 reperisse
3012 723 3308 782 narratur.
3442 783 3459 799 _

2032 804 2145 860 Sed
2171 806 2370 863 omnis
2398 807 2580 879 hujus
2609 808 2752 865 artis
2783 824 3046 878 summa,
3078 809 3231 866 sicut
3256 810 3435 870 nobis
3464 813 3623 873 vidc-

1963 895 2058 948 tur
2086 893 2147 949 in
2174 894 2466 964 regularis
2490 896 2887 954 monochordi
2928 897 3221 956 divisione
3260 901 3531 972 patescit.
3557 906 3622 961 In

1961 998 2086 1054 qua
2113 983 2409 1042 divisione
2461 986 2659 1057 majus
2704 986 2966 1059 spatium
3024 986 3289 1059 chordae,
3321 993 3379 1049 et
3425 992 3622 1063 major

1960 1071 2284 1129 multitudo
2316 1074 2552 1131 numeri
2601 1090 2786 1133 sonos
2842 1075 3148 1146 graviores
3188 1074 3422 1135 eﬂiciet.
3468 1082 3542 1135 At
3572 1079 3621 1137 si

1962 1160 2134 1218 fuerit
2161 1163 2327 1219 vervi
2352 1162 2667 1235 longitudo
2717 1165 3091 1234 contractior,
3119 1166 3213 1223 vel
3232 1167 3620 1239 paucioribus

1961 1251 2196 1321 signata
2224 1255 2512 1325 numeris,
2546 1258 2709 1310 tanto
2736 1254 2975 1324 gravior
3005 1270 3217 1327 sonus,
3246 1256 3342 1315 vel
3391 1258 3621 1319 acutior

1957 1339 2278 1407 invenitur,
2320 1341 2423 1397 ubi
2468 1342 2833 1401 chordarum
2875 1344 3069 1417 spatia
3116 1360 3422 1419 sonosque
3448 1347 3618 1405 meti-

1962 1444 2135 1497 mur;
2166 1436 2447 1489 naturam
2479 1448 2679 1488 rerum
2703 1432 2938 1505 insequi
2966 1449 3210 1491 necesse
3232 1439 3339 1503 est,
3370 1435 3618 1505 majori-

1959 1534 2076 1590 que
2130 1518 2497 1576 chordarum
2550 1520 2914 1591 longitudini
2968 1539 3044 1579 ex
3094 1523 3221 1579 istis
3272 1524 3615 1596 ampliores,

1959 1608 2175 1662 minori
2200 1624 2362 1679 vero,
2394 1626 2467 1665 ex
2509 1626 2633 1681 qua
2665 1611 2822 1666 vocis
2855 1628 3115 1669 acumen
3152 1612 3437 1681 nascitur,
3471 1613 3617 1670 dare

188 1694 369 1764 adeo,
422 1700 486 1751 ut
526 1702 786 1769 quatuor
848 1699 1048 1754 nervis
1090 1704 1212 1757 tota
1254 1706 1571 1770 constaret,
1617 1708 1673 1759 et
1736 1703 1851 1760 hoc
1889 1712 1930 1764 C
1958 1695 2280 1753 breViOI'eS-
2326 1698 2976 1756 Proslambanomenos
3030 1700 3108 1757 ad
3158 1703 3223 1757 (ἱ.
3262 1701 3329 1757 Β.
3376 1704 3620 1772 quaeest

187 1798 386 1855 usque
417 1784 493 1839 ad
522 1786 829 1857 Orpheum
868 1788 1220 1859 permansit,
1254 1794 1318 1845 ut
1344 1791 1575 1861 primus
1602 1792 1850 1864 quidem

184 1886 408 1928 nervus
431 1878 489 1929 et
513 1878 765 1946 quartus
794 1875 1089 1947 diapason
1120 1880 1577 1935 consonantiam
1604 1894 1849 1936 resona-

185 1965 337 2029 rent,
364 1962 546 2018 medii
578 1963 654 2018 ad
688 1980 750 2018 se
779 1964 1038 2021 invicem
1067 1971 1246 2039 atque
1278 1968 1354 2024 ad
1384 1973 1682 2024 extremos
1718 1970 1847 2025 dia-

184 2055 363 2123 pente
398 2068 469 2108 ac
511 2052 908 2123 diatessaron,
943 2059 1007 2111 ut
1051 2056 1198 2111 nihil
1228 2057 1289 2112 in
1333 2057 1427 2112 his
1455 2062 1613 2113 esset
1638 2060 1847 2115 incon-

188 2155 406 2195 sonum
437 2141 515 2196 ad
549 2142 942 2199 mutationem
974 2144 1298 2200 mundanae
1332 2146 1550 2201 scilicet
1579 2148 1845 2213 musicae,

184 2243 318 2299 quae
371 2244 443 2285 ex
497 2230 614 2285 IIII.
677 2236 914 2288 constat
968 2232 1317 2299 elementis;
1366 2235 1539 2303 cujus
1599 2237 1845 2307 quadri-

186 2317 396 2373 chordi
424 2320 740 2374 Mercurius
766 2320 985 2375 dicitur
1012 2321 1307 2377 inventor.

262 2409 463 2462 Fertur
479 2423 515 2462 a
528 2407 1194 2481 quibusdam,tempore
1210 2410 1477 2482 quodam
1492 2410 1685 2469 Nilum
1698 2413 1850 2468 mul-

186 2494 461 2565 tipliciter
489 2495 883 2567 redundasse,
916 2497 996 2553 ita
1036 2501 1100 2553 ut
1141 2502 1307 2554 terrae
1336 2500 1493 2556 circa
1522 2500 1653 2571 ejus
1683 2500 1844 2557 littus

184 2581 582 2653 operirentur,
601 2588 739 2655 post
759 2586 931 2657 cujus
947 2601 1249 2643 recessum
1279 2587 1473 2659 pisces
1504 2588 1847 2647 innumera-

181 2669 337 2728 biles
368 2670 601 2744 absque
649 2688 811 2746 aqua
862 2689 970 2746 per
1021 2691 1270 2748 campos
1314 2676 1548 2734 relictos
1575 2678 1843 2751 periisse,

1959 1784 2417 1856 hypatemeson,
2450 1786 2730 1859 diapente
2779 1788 3240 1846 consonantiam
3288 1787 3445 1846 facit.
3479 1790 3619 1845 Rur-

1959 1889 2062 1927 sus
2102 1877 2167 1928 A.
2218 1876 2275 1929 B.
2336 1874 2984 1945 proslambanomenos
3013 1876 3091 1935 ad
3122 1878 3183 1933 C.
3219 1879 3276 1932 Β.
3303 1876 3618 1948 hychanos

1955 1961 2223 2034 hypaton
2243 1962 2576 2020 diatoniam
2598 1963 2993 2023 diatessaron.
3022 1965 3236 2037 Sicque
3256 1965 3317 2023 in
3348 1966 3616 2026 numeris

1955 2051 2321 2107 chordarum
2348 2052 2778 2110 rationabiliter
2804 2053 3180 2121 digestarum
3228 2054 3452 2129 peritus
3478 2070 3615 2111 mu-

1956 2142 2088 2196 sicae
2119 2141 2304 2197 lector
2336 2147 2510 2198 tonos
2536 2142 2834 2211 legitimos
2854 2143 3121 2200 invenire
3148 2142 3451 2212 gaudebit.
3470 2146 3614 2200 Tam

1953 2228 2373 2285 difﬁcillimum
2436 2246 2592 2303 opus
2656 2230 2866 2303 nequit
2934 2230 3239 2303 explicari,
3297 2230 3463 2303 quod
3519 2230 3614 2288 vel

1953 2336 2273 2391 nunquam
2324 2320 2385 2375 in
2414 2320 2596 2391 longo
2636 2324 2888 2377 tractatu
2915 2320 3116 2377 minus
3147 2320 3352 2393 peritis
3410 2324 3612 2393 aperte

1952 2409 2220 2481 patescit.
2256 2409 2398 2464 Hinc
2423 2409 2628 2481 liquet,
2646 2409 2947 2481 quosdam
2974 2425 3095 2465 non
3126 2409 3615 2469 inconvenienter

1954 2497 2372 2554 contendisse:
2405 2498 2703 2555 musicam
2754 2515 2895 2555 cum
2943 2499 3140 2555 Boetio
3192 2499 3412 2555 coelum
3442 2515 3613 2556 vera-

1953 2588 2097 2643 citer
2119 2586 2479 2643 ascendisse.

2669 2675 2919 2748 Explicit
2948 2674 3167 2732 Musica
3197 2675 3431 2732 Ubaldi.

834 2899 1392 2990 HUCBALDI
1465 2903 1863 2993 MUSICA
1927 2905 2650 2994 ENCHIRIADIS

260 3118 420 3176 Sicut
447 3119 611 3175 vocis
638 3120 960 3178 articulatm
1007 3121 1402 3180 elementarius
1425 3129 1605 3197 atque
1634 3126 1843 3184 indivi-
1882 3134 1921 3188 C
2025 3129 2281 3194 Quartus
2331 3124 2624 3182 tetrardus
2671 3129 2814 3180 tono
2858 3124 3088 3181 distans
3128 3141 3165 3181 a
3194 3123 3350 3181 trito.
3388 3127 3612 3181 Horum

182 3209 322 3265 duae
381 3213 578 3281 partes
627 3214 768 3267 sunt
819 3210 1045 3280 litterae,
1095 3227 1169 3268 ex
1216 3213 1439 3285 quibus
1493 3216 1842 3287 compositae

186 3297 439 3370 syllabae
496 3314 736 3355 rursum
794 3304 1167 3373 componunt
1216 3300 1402 3357 verba
1456 3307 1513 3358 et
1570 3303 1838 3371 nomine,

181 3402 395 3458 eaquae
456 3385 732 3460 perfectae
790 3387 1075 3445 orationis
1131 3392 1395 3457 textum;
1450 3390 1535 3447 sic
1603 3407 1842 3449 canora:

180 3472 348 3528 vocis
378 3473 690 3547 phthongi,
724 3475 829 3549 qui
856 3475 1036 3533 latine
1081 3477 1361 3535 dicuntur
1404 3478 1535 3536 soni
1583 3480 1842 3550 origines

182 3565 349 3633 sunt,
381 3566 437 3618 et
470 3562 648 3619 totius
676 3564 922 3620 musicae
978 3566 1342 3624 continentia
1371 3567 1432 3623 in
1475 3584 1685 3624 eorum
1718 3568 1843 3629 ulti-

179 3665 350 3706 mam
370 3651 793 3709 resolutionem
825 3653 1061 3710 desinit.
1099 3658 1179 3710 Ex
1204 3671 1492 3711 sonorum
1519 3660 1719 3713 autem
1750 3671 1844 3712 co-

178 3739 489 3814 pulatione
512 3741 868 3800 diastemata
897 3759 1077 3816 porro
1107 3759 1181 3800 ex
1213 3743 1669 3802 diastematibus
1700 3761 1844 3803 con-

181 3834 459 3889 crescunt
489 3835 833 3905 systemata.
871 3831 1010 3888 Soni
1060 3847 1197 3888 vero
1239 3832 1434 3905 prima
1465 3837 1605 3889 sunt
1632 3833 1846 3890 funda-

181 3923 392 3974 menta
423 3924 653 3976 cantus.
684 3919 978 3991 Phthongi
1003 3925 1205 3978 autem
1246 3937 1370 3979 non
1390 3923 1736 3995 quicunque
1762 3923 1847 3978 di-

179 4013 400 4064 cuntur
449 4009 599 4076 soni,
651 4010 755 4066 sed
786 4011 889 4083 qui
918 4011 1199 4082 legitimis
1230 4012 1309 4069 ad
1348 4012 1607 4069 invicem
1638 4013 1843 4086 spatiis

177 4096 455 4170 dispositi
486 4098 641 4154 melo
674 4104 812 4155 sunt
860 4100 1003 4173 apti.
1036 4104 1253 4156 Eorum
1314 4101 1610 4173 siquidem
1659 4101 1739 4156 sic
1789 4106 1844 4157 et

176 4188 552 4247 intendenda
604 4194 661 4246 et
687 4191 1045 4249 remittendo
1086 4191 1434 4248 naturaliter
1464 4192 1846 4248 continuatur

178 4279 357 4346 ordo,
391 4284 455 4335 ut
485 4295 725 4353 semper
745 4285 1005 4354 quatuor
1035 4284 1092 4337 et
1111 4284 1328 4354 quator
1347 4281 1616 4353 ejusdem
1645 4281 1845 4337 condi-

178 4369 362 4425 tionis
393 4384 523 4425 sese
541 4374 1006 4443 consequantur,
1024 4374 1096 4426 At
1111 4370 1327 4440 singuli
1349 4370 1565 4426 horum
1586 4373 1845 4443 quatuor

178 4459 269 4513 sic
303 4462 441 4514 sunt
471 4459 831 4531 competenti
856 4459 1008 4515 inter
1042 4475 1103 4514 se
1134 4460 1473 4516 diversitate
1504 4459 1841 4528 dissimiles,
1878 4488 1918 4540 ι)

178 4552 249 4602 ut
275 4562 397 4603 non
445 4547 639 4603 solum
691 4548 969 4603 acumine
1010 4547 1289 4604 differant
1315 4554 1372 4604 et
1397 4549 1703 4619 gravitate,
1738 4548 1844 4603 sed

94 4683 97 4689 .
179 4636 347 4693 enim
377 4652 488 4693 suo
519 4638 795 4695 acumine
824 4638 1111 4708 gravitate
1140 4638 1415 4711 proprias
1453 4637 1845 4694 naturalitatis

179 4741 311 4779 suae
342 4724 605 4781 habeant
634 4725 970 4798 qualitates.
1004 4726 1161 4787 Quas
1206 4742 1412 4781 rursus
1463 4726 1558 4781 his
1592 4725 1842 4794 singulis

176 4819 382 4870 ratum
404 4813 482 4870 ab
504 4814 762 4870 invicem
785 4814 1080 4871 acuminis
1102 4819 1158 4871 et
1177 4814 1418 4870 laxioris
1449 4814 1707 4886 spatium
1734 4815 1845 4869 for-

177 4995 331 5048 mat.
364 4991 629 5065 Exempli
659 4992 851 5061 gratia
880 4994 973 5049 has
1022 4992 1086 5048 in
1135 4992 1345 5049 ordine
1376 4995 1531 5048 notae
1560 4991 1602 5043 D
1636 4993 1675 5046 Ε
1707 4992 1746 5046 F
1777 4993 1841 5046 G.

254 5079 508 5149 Primus,
526 5081 633 5152 qui
662 5084 719 5136 et
740 5079 1364 5151 gravissimus,Graece
1394 5082 1599 5151 protos
1628 5077 1845 5133 dicitur

173 5168 274 5224 vel
335 5169 608 5225 archoos.
661 5168 970 5225 Secundus
1018 5167 1315 5237 deuteros,
1362 5173 1503 5224 tono
1546 5167 1777 5223 distans
1808 5184 1844 5223 a

174 5259 377 5331 proto.
402 5257 630 5314 Tertius
659 5258 825 5314 tritos
871 5257 1187 5315 semitonio
1236 5256 1467 5313 distans
1498 5272 1534 5311 a
1570 5256 1838 5311 deutero.

256 5348 788 5419 (ϐῖεῆῗῖΝἵ
893 5350 901 5417 I
1006 5347 1345 5418 PP/F
1448 5348 1456 5415 Ι
1559 5346 1798 5414 «1J5

433 5454 477 5504 'r
548 5455 595 5504 A.
654 5454 692 5504 Β
749 5454 790 5504 (1
1005 5454 1050 5504 ι)
1110 5455 1149 5504 r:
1209 5454 1247 5504 ν
1298 5453 1341 5504 (;
1559 5464 1596 5504 a
1666 5448 1707 5504 b
1768 5465 1799 5504 (ξ

2013 5337 2567 5412 ιιεκί

2132 5422 2565 5504 eia?!

1559 5464 1799 5506 anc

433 5454 790 5509 TABC
1005 5453 1341 5508 DEFG

441 5562 657 5615 Graves
1007 5557 1257 5614 Finales.

260 5631 434 5697 Nota,
470 5630 672 5697 lector,
705 5632 769 5686 B.
797 5631 858 5686 b.
900 5629 997 5686 hic
1032 5634 1086 5685 et
1114 5628 1400 5699 deinceps
1438 5624 1665 5699 accipi,—
1682 5624 1847 5699 quod

184 5702 255 5757 Β.
289 5694 486 5757 mollis
514 5706 573 5758 et
600 5694 740 5763 duri
767 5702 895 5758 ﬁeri
917 5700 1115 5773 coepit,
1143 5704 1210 5757 ut
1233 5694 1352 5774 suo
1373 5699 1508 5754 loco
1538 5694 1740 5769 palam
1768 5696 1884 5751 ﬁet.

1561 5554 1925 5630 superiores.
2023 5624 2038 5630 _
2118 5554 2548 5630 Ειιιθιιιῑριηθε.⁸
2593 5619 2624 5630 ,Δ
2694 5615 2732 5630 ν
2779 5623 2789 5630 Α
3079 5621 3088 5630 .
3409 5609 3567 5630 una

1616 5613 1665 5697 if
1682 5624 1847 5697 quod
1877 5624 2245 5697 quadratum
2293 5620 2471 5678 oliem
2521 5619 2631 5676 fuit
2675 5615 2922 5687 dictum,
2955 5621 3281 5691 postquam
3311 5613 3610 5671 distinctio

1954 3216 2237 3274 sontinua
2258 3212 2747 3287 multiplicatione
2779 3229 3067 3269 sonorum
3092 3211 3358 3271 inﬁnitas
3375 3212 3609 3283 texitur,

1952 3310 2008 3362 et
2032 3304 2240 3361 tandiu
2270 3303 2607 3377 quarternis
2627 3302 2931 3375 quarterni
2958 3301 3231 3374 ejusdem
3255 3300 3612 3357 conditionis

1953 3392 2300 3456 succedunt,
2348 3390 2541 3446 donec
2591 3389 2974 3447 ascendendo
3034 3389 3128 3444 vel
3185 3388 3612 3446 descendendo

1953 3481 2239 3537 deﬁciunt
2273 3499 2285 3535 :
2316 3480 2397 3536 ita
2422 3498 2435 3548 ;

1953 3565 3111 3643 ῗῖΝἳΙΡΡΙΓΙἸιΙΒᾹΙ
3198 3564 3612 3634 LLXE—

1956 3659 2195 3713 Graves.
2343 3656 2607 3711 Finales.
2684 3653 3054 3722 Superiores.
3131 3652 3525 3707 Excedentes.

1956 3748 2025 3801 Ut
2053 3745 2213 3799 enim
2243 3744 2370 3799 haec
2402 3740 2905 3815 descriptiuncula
2928 3738 3205 3807 ostendit,
3221 3739 3346 3795 sive
3368 3754 3612 3794 sursum

1955 3835 2078 3890 sive
2107 3835 2313 3905 jusum
2340 3830 2667 3902 (deorsum)
2715 3845 2896 3885 sonos
2926 3828 2988 3884 in
3037 3827 3246 3884 ordine
3276 3828 3485 3895 ducas,
3519 3844 3614 3883 us-

1954 3939 2070 3996 que
2101 3922 2161 3978 in
2190 3920 2489 3978 defectum
2514 3919 2676 3975 vocis
2701 3916 3053 3989 hujusmodi
3095 3916 3261 3973 velut
3290 3916 3613 3974 tetrachor-

1954 4012 2171 4067 dorum
2199 4009 2495 4066 successio
2523 4024 2645 4065 non
2674 4006 2947 4063 cessabit.
2984 4010 3208 4063 Horum
3251 4006 3430 4063 etiam
3460 4022 3611 4080 qua-

1954 4105 2089 4158 tuor
2118 4116 2402 4156 sonorum
2460 4097 2647 4157 virtus
2691 4100 2824 4153 octo
2878 4095 3197 4155 modorum
3255 4099 3612 4171 potestatem

1955 4194 2131 4257 creat,
2167 4194 2232 4246 ut
2259 4192 2469 4261 postea
2499 4203 2612 4243 suo
2667 4186 2801 4243 loco
2831 4184 3079 4241 dicetur.
3134 4185 3359 4245 Horum
3409 4185 3613 4245 sociali

1955 4278 2293 4337 diversitate
2326 4282 2447 4335 tota
2475 4277 2777 4334 adunatur
2804 4274 3145 4333 harmonia.

2024 4370 2240 4423 Verum
2269 4365 2431 4437 quia,
2466 4368 2530 4420 ut
2558 4364 2785 4421 dictum
2812 4364 2921 4433 est,
2952 4377 3163 4419 eorum
3198 4360 3610 4432 multiplicatio

1954 4456 2015 4512 in
2044 4456 2407 4513 immensum
2434 4451 2721 4526 procedit,
2753 4467 2826 4506 ex
2855 4451 2969 4506 hac
3000 4448 3418 4505 immensitatis
3467 4463 3609 4505 con-

1953 4544 2186 4600 fusione
2217 4547 2446 4600 certum
2493 4540 2602 4597 sibi
2651 4554 2974 4596 numerum
3018 4537 3191 4607 elegit
3242 4537 3393 4593 ratio
3432 4535 3609 4593 disci-

1954 4633 2129 4708 plinae
2184 4638 2241 4688 et
2290 4632 2353 4688 in
2408 4631 2619 4687 decem
2676 4632 2731 4683 et
2778 4630 2913 4683 octo
2969 4625 3132 4682 sonis
3182 4626 3296 4681 sibi
3348 4623 3613 4697 specula-

1953 4723 2177 4780 tionem
2228 4720 2447 4795 posuit,
2497 4718 2602 4775 ubi
2653 4720 2865 4789 quater
2909 4720 3167 4788 quatuor
3210 4714 3610 4783 continentur,

1953 4816 2009 4865 et
2064 4826 2287 4883 usuper
2329 4809 2473 4864 duo.
2524 4807 2588 4860 In
2630 4804 2852 4877 quibus
2911 4802 3176 4875 primum
3235 4807 3291 4857 et
3348 4801 3609 4857 humilli-

1952 4916 2123 4956 mum
2146 4901 2381 4955 constat
2420 4892 2870 4953 tetrachordum
2896 4891 3173 4961 gravium
3201 4909 3215 4946 :
3248 4890 3387 4949 huic
3413 4891 3610 4963 proxi-

1953 5004 2123 5045 mum
2175 4984 2623 5044 tetrachordum
2670 4979 2991 5037 ﬁnalium:
3048 4982 3185 5051 post
3226 4993 3381 5050 quos
3433 4980 3611 5033 tetra-

1954 5075 2248 5133 chordum
2290 5074 2702 5146 superiorum:
2746 5067 2961 5123 deinde
3004 5066 3437 5123 excellentium.
3473 5065 3610 5122 Ulti-

1956 5165 2036 5221 mi
2097 5167 2407 5219 remanent
2470 5161 2613 5227 duo,
2673 5172 2937 5230 quorum
2997 5154 3320 5230 descriptio
3373 5170 3447 5210 en
3498 5154 3614 5210 ista

1954 5257 2063 5309 est.
2100 5253 2269 5324 (675).
2606 5266 2609 5267 ί

2668 5332 2973 5404 Ιιπι-ιειη

2132 5407 2565 5534 eis:
2794 5407 2968 5532 ξιξ,

2118 5549 2503 5607 Excellentes.
