4014 6198
386 241 492 297 959

1055 355 1277 411 CAPUT
1319 351 1383 407 ΙΙ.

388 512 477 566 De
496 508 946 579 phthongorum
975 499 1208 570 ﬁguris,
1241 502 1296 554 et
1337 510 1524 567 quare
1551 493 1670 547 sint
1700 485 2041 544 octodecim.

458 630 640 701 igitur
671 627 836 700 quia,
864 630 930 680 ut
965 624 1192 679 dictum
1230 625 1337 686 est,
1370 616 1642 690 ejusdem
1690 607 2046 668 conditionis

386 723 647 794 quatuor
674 721 730 772 et
754 718 1014 788 quatuor
1040 715 1255 767 natura
1282 705 1603 796 statuit,iita
1632 708 1688 796 et
1711 705 1864 757 nota:
1895 711 2047 796 pene

387 785 527 864 s-unt
577 785 826 862 eaedem.
881 798 1273 858 Solummodo
1320 792 1834 852 tetrachordorum
1878 785 2047 842 diﬂ'e-

386 898 578 954 rentia
624 894 811 952 versis
855 893 913 947 in
965 891 1200 947 varium
1231 883 1676 943 characteribus
1731 879 2044 935 indicatur.

387 983 625 1037 Primus
641 978 840 1035 ﬁnalis
865 993 970 1032 seu
986 971 1310 1032 terminalis
1331 974 1395 1026 D.
1415 973 1451 1026 F
1471 961 2051 1036 dansian,inclinum

392 1085 439 1121 s.
474 1065 556 1121 ad
606 1066 806 1136 caput,
838 1061 918 1116 ita
971 1060 1036 1130 Ρ.
1082 1055 1390 1115 Secundus
1438 1050 1656 1122 ﬁnalis,
1702 1065 1753 1104 c.
1809 1059 2050 1136 versum

391 1155 471 1211 ad
503 1132 704 1226 caput,
735 1151 816 1207 ita
857 1152 924 1219 Γ.
958 1147 1182 1205 Tertius
1226 1142 1422 1200 ﬁnalis
1442 1145 1480 1197 »Ι
1510 1138 1765 1212 simplex
1793 1141 1851 1226 et
1892 1132 2054 1226 inclif

389 1259 562 1314 num,
576 1224 670 1297 ita
698 1242 748 1311 /.
773 1241 1029 1305 Quartus
1057 1234 1276 1304 ﬁnalis,
1301 1249 1353 1288 c.
1394 1228 1713 1287 dimidium
1751 1225 1830 1281 ad
1873 1224 2054 1294 caput

389 1332 470 1387 ita
501 1332 571 1400 Γ.
607 1332 823 1385 Graves
858 1324 1174 1382 retroversi
1217 1321 1426 1377 ﬁnales
1475 1319 1556 1374 ita
1580 1317 1617 1386 7
1646 1318 1681 1386 Ἱ
1713 1317 1755 1371 Ν
1785 1316 1839 1384 ‘1.
1872 1314 2052 1400 Supe-

389 1399 578 1475 riores
625 1417 871 1474 demissi
913 1414 1112 1487 capita
1158 1410 1388 1476 finales,
1418 1409 1499 1464 ita
1527 1409 1579 1476 ,1
1611 1407 1660 1474 J
1692 1409 1719 1472 ι)
1748 1406 1823 1472 λ.
1852 1399 2050 1457 Excel-

390 1508 578 1563 lentes
626 1504 871 1561 demissi
902 1502 1099 1575 capita
1129 1515 1361 1570 graves,
1397 1497 1478 1552 ita
1506 1499 1542 1567 ᾖ.
1572 1497 1606 1564 ᾗ
1636 1496 1679 1548 V
1710 1495 1762 1562 ᾗ.
1798 1491 2053 1561 Excepto

392 1596 549 1661 trito;
582 1595 726 1666 quia
756 1594 815 1648 in
862 1591 1148 1662 gravibus
1185 1593 1394 1643 notam
1439 1584 1622 1639 habet
1670 1585 1733 1637 N.
1765 1578 2054 1666 inclinum

391 1684 456 1739 N
482 1700 494 1736 :
538 1664 622 1736 in—
649 1679 1058 1752 superioribus
1088 1679 1135 1730 N
1167 1691 1407 1731 versum
1446 1677 1494 1740 ι).
1524 1685 1562 1732 ξιτ
1593 1671 1742 1740 (676)
1770 1673 1830 1723 In
1870 1664 2055 1721 excel-

394 1771 652 1826 lentibus
705 1769 826 1824 iota
877 1766 1192 1840 praaﬁxum
1242 1764 1414 1834 (alias
1464 1760 1787 1834 perﬁxum)
1838 1760 1896 1812 Χ.
1929 1758 2054 1811 Duo

395 1859 619 1914 residui
641 1858 810 1928 signa
840 1856 1066 1912 habent
1093 1868 1162 1912 ἐτ
1186 1866 1253 1916 μετ
1280 1851 1532 1923 jacentis
1555 1849 1707 1922 proti
1730 1851 1784 1902 et
1805 1843 2051 1900 deuteri.

395 1948 543 2002 Sunt
571 1961 782 2002 omnes
811 1945 999 2010 XVIII,
1031 1960 1154 2016 quo
1184 1940 1457 1997 videlicet
1479 1937 1694 2008 singuli
1725 1939 2055 1991 extremam

395 2052 568 2091 suam
613 2033 1040 2107 symphoniam
1072 2032 1386 2100 attingant,
1418 2029 1474 2084 id
1509 2028 1616 2096 est,
1644 2025 1920 2098 quintum
1951 2021 2053 2077 de-

395 2141 564 2180 mum
589 2139 828 2189 sonum,
865 2121 1022 2176 unde
1054 2119 1453 2192 postdicetur.
1484 2119 1631 2170 Sunt
1659 2122 1716 2169 et
1743 2113 1862 2169 alia
1881 2111 2056 2185 plura

395 2213 659 2286 plurium
717 2226 1002 2266 sonorum
1049 2209 1220 2277 signa
1270 2209 1514 2262 inventa
1544 2202 1890 2275 antiquitus,
1923 2201 2054 2273 qui-

395 2301 510 2356 bus
541 2299 770 2356 evitatis
797 2299 910 2354 has
957 2298 1249 2353 faciliores
1291 2296 1386 2351 hic
1438 2294 1695 2350 inserere
1743 2307 1900 2346 curae
1949 2290 2058 2345 fuit

396 2397 590 2446 notas.

1051 2512 1276 2566 CAPUT
1316 2510 1405 2565 Ill.

404 2653 572 2709 Unde
588 2653 832 2708 dicatur
847 2651 1492 2718 tetrachordamﬁnali
1496 2665 1593 2704 um
1611 2656 1661 2703 et
1685 2653 2052 2702 cancrorum.

470 2803 831 2859 Terminales
865 2803 986 2858 sive
1019 2802 1227 2858 ﬁnales
1271 2801 1570 2865 dicuntur,
1605 2801 1748 2873 quia
1776 2799 1836 2853 in
1867 2814 2056 2852 unum

399 2893 663 2965 aliquem
690 2909 760 2947 ex
793 2893 885 2947 his
913 2898 1174 2964 quatuor
1204 2891 1391 2946 melos
1425 2907 1603 2946 omne
1633 2890 1789 2945 ﬁniri
1813 2903 2056 2944 necesse

397 2987 506 3036 est.
564 2981 790 3038 Etenim
837 2980 1012 3052 primi
1063 2979 1185 3034 toni
1234 2979 1458 3034 melum
1502 2984 1558 3034 et
1603 2976 1936 3048 subjugalis
1965 2975 2056 3030 sui

401 3085 553 3124 sono
582 3069 804 3124 archoo
850 3071 897 3138 Ρ
940 3068 1162 3137 regitur
1211 3073 1267 3122 et
1290 3068 1511 3123 ﬁnitur.
1544 3067 1854 3124 Secundus
1883 3070 2057 3120 tonus

398 3174 536 3213 cum
597 3157 899 3228 subjugali
959 3173 1089 3223 suo,
1143 3173 1294 3212 sono
1352 3160 1402 3226 [³
1457 3157 1701 3213 deutero
1745 3156 1968 3226 regitur
2002 3159 2059 3209 et

372 3246 619 3301 ﬁnitur.
675 3245 899 3301 Tertius
951 3246 1201 3317 ejusque
1248 3245 1580 3316 subjugalis
1639 3261 1790 3300 sono
1837 3246 1862 3315 /
1922 3244 2056 3298 trito

397 3333 620 3402 regitur
649 3337 705 3387 et
734 3332 956 3388 ﬁnitur.
984 3335 1241 3397 Quartus
1271 3349 1410 3388 cum
1440 3348 1551 3388 suo
1577 3331 1876 3403 subjugali
1908 3346 2056 3386 sono

397 3425 444 3493 Ρ
474 3421 734 3478 tetrardo
776 3421 1000 3491 regitur
1047 3427 1104 3477 et
1149 3421 1368 3478 ﬁnitur.
1411 3425 1664 3478 Vocatur
1720 3426 1918 3478 autem
1949 3438 2054 3477 au-

398 3515 595 3566 tentus
651 3511 844 3581 major
897 3510 1148 3582 quilibet
1197 3515 1393 3581 tonus,
1422 3510 1616 3583 plagis
1646 3511 1774 3582 (seu
1797 3510 2056 3583 plagius)

394 3615 611 3655 mmor.

1043 3723 1277 3780 CAPUT
1315 3723 1404 3779 IV.

397 3871 595 3936 Quare
619 3884 806 3925 unum
828 3870 1018 3925 solum
1050 3869 1499 3926 tetrachordum
1521 3869 1631 3923 sub
1649 3869 1936 3937 ﬁnalibus
1956 3871 2052 3936 sit,

1002 3964 1057 4014 et
1087 3960 1205 4015 duo
1240 3975 1447 4026 supra.

469 4097 697 4154 Finales
730 4113 836 4153 seu
864 4098 1204 4155 terminales
1225 4099 1355 4155 soni
1382 4100 1494 4156 sub
1523 4116 1584 4156 se
1616 4099 1844 4156 habent
1865 4117 2054 4157 unum

396 4186 863 4253 tetrachordum,
906 4187 1071 4258 quod
1121 4187 1336 4242 dicitur
1390 4189 1689 4245 Gravium.
1750 4191 1941 4262 Supra
1993 4207 2054 4246 se

396 4279 598 4332 autem
650 4275 796 4344 duo,
828 4274 887 4329 id
930 4280 1036 4339 est,
1074 4276 1456 4348 Superiorum
1501 4281 1556 4333 et
1609 4277 2051 4346 Excellentium,

1022 227 1368 286 HUCBALDI
1408 225 1574 282 MON.
1619 224 1674 278 S.
1717 213 1984 275 AMANDI
2025 213 2174 269 OPP.
2219 210 2398 264 PARS
2439 208 2504 264 ll.
2549 241 2616 249 —
2657 209 3168 266 MISCELLANEA.

2076 342 2121 393 A
2153 333 2321 388 tertio
2369 338 2426 388 et
2465 337 2679 405 quarto
2725 332 2908 389 modo
2941 348 2978 389 a
3024 334 3074 403 [⁵
3110 331 3355 388 deutero
3403 333 3570 391 ﬁnali
3624 352 3815 409 usque

3712 214 3816 269 960

2152 423 2212 477 in
2267 421 2526 477 eundem
2589 437 2833 492 gravem
2881 423 2936 492 9.
2988 426 3052 476 In
3109 421 3318 494 quinto
3371 427 3428 478 et
3481 429 3655 480 sexto
3703 442 3740 481 a

2148 511 2286 566 trito
2317 510 2482 566 ﬁnali
2512 529 2704 584 usque
2733 511 2793 567 in
2835 511 3097 567 eundem
3127 527 3371 581 gravem
3395 514 3475 568 N.
3531 518 3595 570 In
3649 517 3815 588 septi-

2156 616 2256 656 mo
2308 604 2366 655 et
2403 605 2615 656 octavo
2663 617 2700 656 a
2740 602 2792 670 Γ
2839 600 3098 656 tetrardo
3143 599 3310 656 ﬁnali
3357 617 3553 675 usque
3585 602 3651 658 in
3678 620 3816 659 eun-

2155 688 2294 744 dem
2372 703 2614 758 gravem
2671 690 2724 759 7.
2789 693 2860 744 At
2919 704 3060 744 vero
3130 688 3191 744 in
3230 689 3512 746 acumine
3570 707 3612 747 a
3669 708 3816 764 quo-

2157 793 2416 849 cumque
2473 776 2640 833 ﬁnali
2691 793 2802 833 suo
2857 793 3048 850 usque
3103 778 3341 834 tertium
3386 779 3670 849 ejusdem
3721 797 3818 836 no-

2157 865 2336 922 minis
2369 882 2552 922 sonus
2601 866 2795 922 efferri
2823 867 2995 937 valet,
3027 867 3086 922 id
3122 871 3233 934 est,
3282 867 3343 922 in
3379 884 3572 940 usque
3626 870 3819 926 Excel-

2156 955 2362 1011 lentes.

2821 1105 3047 1162 CAPUT
3084 1108 3147 1161 V.

2288 1250 2442 1316 Quid
2461 1250 2637 1305 distet
2664 1252 2822 1306 inter
2846 1255 3121 1306 autentos
3143 1256 3199 1306 et
3223 1252 3481 1308 minores
3511 1257 3708 1307 tonos.

2234 1396 2518 1448 Praeterea
2568 1411 2708 1449 cum
2755 1394 2969 1450 eodem
3026 1408 3178 1448 sono
3229 1397 3512 1450 autentus
3565 1396 3825 1468 quisque

2163 1486 2360 1549 tonus,
2393 1487 2450 1538 et
2477 1483 2583 1554 qui
2615 1483 2728 1538 sub
2767 1482 2899 1555 ipso
2938 1487 3048 1552 est,
3091 1487 3374 1553 regantur
3418 1489 3474 1540 et
3513 1483 3824 1550 ﬁniantur,

2165 1571 2322 1626 unde
2370 1577 2425 1627 et
2466 1588 2576 1645 pro
2626 1588 2747 1627 uno
2790 1572 3088 1628 habentur
3134 1577 3296 1645 tono,
3343 1575 3407 1630 in
3452 1575 3574 1630 hoc
3629 1581 3828 1630 tamen

2093 1695 2134 1747 Β
2166 1660 2461 1732 differunt,
2503 1662 2669 1733 quod
2712 1661 3046 1717 minoribus
3095 1663 3254 1722 tonis.
3301 1664 3543 1719 minora
3601 1669 3752 1719 sunt
3777 1665 3829 1720 in

2165 1749 2454 1806 elevando
2482 1750 2694 1823 spatia,
2727 1755 2783 1807 et
2811 1750 3053 1806 inferior
3099 1751 3354 1823 quisque
3384 1755 3571 1806 tonus
3602 1753 3832 1806 nomini

2165 1838 2243 1894 ad
2269 1839 2547 1910 quintum
2602 1855 2793 1911 usque
2845 1854 3064 1894 sonum
3095 1855 3132 1894 a
3159 1838 3322 1896 ﬁnali
3376 1856 3492 1894 suo
3539 1840 3830 1896 ascendit.

2167 1927 2281 1983 Sed
2302 1932 2359 1982 et
2377 1927 2491 1983 hoc
2520 1943 2675 1984 raro.

2821 2057 3044 2110 CAPUT
3084 2056 3169 2109 Vl.

2164 2198 2252 2252 De
2303 2197 2772 2265 proprietatibus
2825 2212 3154 2252 sonorum:
3203 2203 3258 2252 et
3313 2199 3511 2268 quatis
3561 2199 3716 2254 locis
3762 2200 3832 2253 ab

2344 2287 2591 2341 invicem
2623 2286 2842 2342 distent
2863 2284 3124 2354 ejusdem
3149 2287 3460 2358 qualitatis
3491 2289 3652 2342 soni.

2237 2411 2417 2481 Igitur
2464 2427 2646 2482 quem
2694 2411 2755 2466 in
2795 2411 2888 2467 his
2948 2411 3183 2468 studere
3220 2410 3494 2479 delectat,
3529 2412 3636 2468 det
3691 2429 3829 2485 ope-

2164 2515 2295 2554 ram
2326 2503 2623 2571 quatenus
2661 2500 2970 2573 propriam
3001 2501 3294 2574 cujusque
3322 2500 3451 2556 soni
3478 2501 3604 2556 vim
3638 2501 3831 2556 valeat

2165 2587 2498 2653 dinoscere,
2533 2587 2751 2643 dehinc
2787 2589 2848 2642 in
2881 2588 3200 2644 miscendis
3232 2589 3396 2644 sonis
3417 2594 3831 2661 quotumcun-

2165 2693 2283 2748 quc
2319 2675 2698 2748 phthongum
2751 2677 2870 2732 sive
2908 2677 2967 2732 in
3014 2693 3257 2747 gravem
3297 2677 3419 2733 sive
3469 2679 3534 2733 in
3582 2684 3831 2734 acutam

2165 2769 2395 2838 partem
2455 2765 2719 2821 celeriter
2774 2781 3008 2837 capere,
3053 2771 3118 2821 ut
3161 2771 3219 2822 et
3267 2767 3482 2822 virtute
3531 2773 3587 2823 et
3618 2768 3832 2822 chara-

2165 2866 2319 2908 ctere
2347 2854 2826 2926 quotusquisque
2857 2855 2930 2910 sit
2947 2870 3131 2910 sonus
3175 2870 3211 2910 a
3241 2870 3412 2923 sono,
3441 2855 3677 2928 liquido
3698 2871 3836 2911 con-

2165 2940 2500 3012 templetur.
2529 2941 2736 2996 Omnis
2789 2957 2974 2997 sonus
3002 2942 3270 2998 musicus
3295 2942 3477 2998 habet
3501 2943 3562 2998 in
3599 2947 3832 2999 utram-

2095 3045 2133 3095 c
2167 3045 2283 3101 que
2333 3029 2425 3084 sui
2451 3035 2682 3101 partem
2711 3030 2923 3103 quinto
2963 3030 3096 3086 loco
3147 3031 3362 3088 suimet
3404 3031 3712 3104 qualitatis
3742 3047 3838 3087 so-

2167 3133 2314 3172 num
2367 3119 2558 3187 (677):
2613 3119 2781 3174 tertio
2841 3119 2974 3175 loco
3022 3124 3344 3192 utrumque
3399 3120 3553 3176 latus
3609 3137 3836 3176 sonum

2167 3207 2470 3274 eumdem,
2501 3213 2556 3262 et
2583 3223 2765 3279 quem
2799 3208 2859 3263 in
2899 3208 3014 3264 hoc
3060 3209 3155 3264 vel
3180 3208 3242 3264 in
3270 3208 3372 3264 illo
3407 3209 3584 3265 latere
3611 3226 3834 3265 secun-

2167 3297 2314 3352 dum
2370 3297 2570 3362 habet,
2624 3297 2685 3352 in
2738 3297 2923 3354 altero
2979 3298 3163 3354 habet
3209 3304 3515 3371 quartum.
3544 3300 3832 3356 Dandum

2166 3409 2408 3466 quoque
2440 3393 2664 3466 aliquid
2697 3395 2780 3450 eis
2836 3399 2944 3465 est,
2993 3395 3096 3467 qui
3146 3395 3346 3451 minus
3387 3396 3586 3451 adhuc
3630 3397 3694 3450 in
3739 3396 3831 3451 his

2167 3479 2466 3534 exercitati
2499 3484 2654 3543 sunt,
2688 3479 2852 3551 quod
2909 3479 3000 3535 vel
3039 3479 3100 3535 in
3149 3483 3294 3536 noto
3350 3479 3615 3552 quolibet
3670 3480 3830 3535 melo

2168 3583 2458 3622 sonorum
2510 3567 2785 3639 proprias
2829 3567 3063 3624 discant
3117 3568 3452 3624 discernere
3487 3568 3828 3641 qualitates,

2167 3655 2257 3710 vel
2303 3655 2579 3727 ignotum
2628 3655 2854 3712 melum
2898 3672 2972 3712 ex
3012 3661 3156 3712 nota
3203 3673 3413 3713 eorum
3441 3657 3729 3729 qualitate
3776 3665 3834 3712 et

2165 3743 2373 3799 ordine
2405 3759 2512 3816 per
2542 3743 2714 3814 signa
2744 3744 3121 3815 investigare.
3155 3748 3281 3801 Non
3312 3761 3526 3818 parum
3555 3745 3722 3802 enim
3753 3746 3830 3802 ad

2166 3841 2684 3910 investigationem
2739 3842 2894 3897 hanc
2945 3841 3198 3914 proﬁcit,
3251 3841 3401 3898 dum
3448 3842 3827 3913 singulorum

2164 3930 2435 4002 ipsorum
2475 3946 2581 4002 per
2611 3929 2834 3985 vicinos
2875 3945 3058 3986 sonos
3105 3946 3301 4000 graeca
3331 3947 3441 3987 suo
3462 3931 3677 3987 ordine
3707 3948 3831 3987 mo-

2165 4018 2449 4074 dulantur
2479 4017 2776 4074 vocabula
2795 4019 2910 4074 hoc
2941 4019 3125 4074 modo
3156 4022 3301 4091 (678)

2521 4109 2569 4177 P
2819 4110 2873 4177 [⁷
3114 4111 3140 4181 /
3391 4111 3446 4179 Γ

2405 4196 2679 4266 archoos,
2712 4196 3010 4265 deuteros,
3043 4197 3229 4264 tritos,
3261 4197 3572 4254 tetrardus.

2164 4284 2255 4338 Sic
2287 4284 2488 4357 itaque
2539 4301 2722 4341 sonus
2775 4286 3034 4358 quisque
3074 4287 3220 4342 dum
3271 4304 3382 4344 suo
3437 4289 3835 4361 semetipsum

396 4381 534 4420 cum
583 4363 837 4419 residuis
883 4363 1125 4419 duobus
1159 4365 1322 4419 sonis
1356 4383 1368 4420 :
1401 4365 1674 4422 videlicet
1700 4368 1866 4439 quod
1911 4369 2053 4424 sim-
2089 4395 2130 4445 υ
2165 4373 2406 4428 nomine
2429 4373 2606 4439 canit,
2631 4373 2801 4430 facile
2840 4375 2901 4430 in
2937 4375 3210 4431 canendo
3238 4377 3504 4442 sentitur,
3544 4377 3692 4448 quis
3741 4378 3832 4432 ille

395 4452 534 4525 plex
581 4457 638 4508 et
670 4451 971 4522 legitimus
1001 4459 1214 4508 cantus
1265 4454 1508 4511 inferius
1558 4472 1681 4511 non
1726 4457 2054 4523 descendit,

394 4557 582 4614 quam
611 4558 804 4614 usque
851 4541 928 4598 ad
983 4558 1201 4597 sonum
1257 4543 1536 4616 quintum
1568 4561 1605 4600 a
1635 4545 1799 4600 ﬁnali
1831 4563 1959 4602 suo.
1991 4548 2086 4602 ln'

394 4629 594 4702 primo
641 4627 934 4686 duntaxat
986 4630 1170 4686 modo
1213 4637 1272 4687 et
1322 4633 1588 4688 secundo
1624 4633 1702 4688 ab
1750 4637 1804 4703 Γ
1832 4636 2054 4691 archoo

393 4717 485 4773 vel
526 4721 700 4790 proto
751 4717 915 4774 ﬁnali
959 4734 1150 4791 usque
1199 4719 1260 4773 in
1311 4720 1572 4775 eundem
1621 4736 1866 4791 gravem
1898 4724 1954 4791 7.
1990 4728 2053 4778 In

2163 4461 2258 4516 vel
2286 4461 2380 4516 ille
2431 4463 2520 4517 sit.
2559 4465 2846 4536 Exempto
2877 4463 2950 4518 sit
2999 4464 3244 4520 inferius
3286 4465 3657 4538 descriptum
3709 4483 3832 4522 (ξω-

2164 4567 2325 4618 men,
2375 4551 2541 4622 quod
2595 4553 3008 4625 superscriptaa
3058 4552 3329 4624 syllabus
3376 4559 3532 4609 nota
3572 4556 3833 4610 musicae

2162 4638 2571 4710 modulantur,
2618 4641 2886 4712 ipsarum
2939 4640 3200 4713 desuper
3242 4647 3524 4697 notarum
3562 4642 3834 4714 appella-

2163 4727 2425 4784 tionibus
2452 4729 2770 4798 assignatis
2800 4729 2878 4786 ad
2903 4730 3064 4786 hunc
3093 4730 3347 4787 modum
3373 4731 3520 4801 (679)
3553 4748 3570 4785 :

485 4897 610 4974 676)
636 4897 746 4974 ξ)Γο
773 4895 1076 4974 eo_nos_i_n
1109 4897 1500 4974 sequentibus
1530 4898 1815 4971 ponimus
1844 4900 2043 4958 lamed
2070 4903 2378 4960 habraeum
2409 4909 2456 4974 ιν.

488 4965 615 5036 677')
636 4967 709 5050 1n
756 4965 964 5050 codice
991 4965 1347 5023 Einsidlensi
1377 4968 1456 5024 ad
1502 4965 1672 5026 o'ram
1720 4977 1902 5029 nota:
1931 4975 2118 5031 Falsa
2168 4965 2648 5047 regutafHabet
2687 4993 2813 5035 suce
2856 4980 3171 5050 qualitatis
3220 4981 3656 5040 characterem.
3713 4997 3832 5036 non

392 5037 604 5092 solum.
635 5040 825 5094 Recte.

464 5108 610 5178 (678)
644 5108 708 5163 In
737 5109 1088 5210 hlﬁglm‘nia
1113 5107 1390 5210 Confusa,
1418 5112 1802 5210 neqlllmemu‘llus
1831 5114 2020 5170 codex
2050 5133 2189 5210 cum
2211 5118 2396 5175 altero
2426 5120 2720 5210 convenit.
2749 5123 2914 5176 Forte
2937 5120 3149 5210 melius
3177 5121 3259 5178 ita
3294 5139 3308 5176 :

749 5180 1038 5236 Archoos.
1252 5184 1260 5226 Ρ
1513 5180 1847 5240 ”Βεαῑρνο.ς.

465 5247 588 5396 tif;
601 5249 770 5396 grav.
803 5251 938 5392 sip.
975 5254 1186 5396 Efcell.
1250 5255 1268 5393 Ι(
1552 5255 1638 5396 g2.
1849 5258 1950 5383 Elii.

467 5388 618 5460 (679)
647 5388 847 5444 Codex
876 5388 1075 5461 regius
1106 5388 1450 5450 Parisiensis
1493 5388 1935 5461 invexemplum
1967 5399 2136 5456 affert

424 5591 426 5594 ,
467 5461 526 5611 f:
575 5461 893 5611 {primi
991 5603 1009 5611 _
1313 5467 1521 5611 ξιινὶᾕί
1631 5461 1907 5611 ἐιυᾶνέ

464 5600 537 5728 git
564 5603 890 5748 [inﬁmi
963 5603 1009 5673 τί
1301 5608 1354 5677 Γ
1424 5609 1472 5677 ’1
1530 5612 1830 5739 ἓίοῐῖζτὶαέ.
1894 5614 1947 5682 Γ
2025 5615 2072 5684 Γ

2160 5190 2167 5259 |
2505 5192 2714 5248 Tritos.
3023 5194 3031 5259 |
3357 5191 3718 5248 Tetrardus.

2170 5261 2257 5404 1.
2440 5263 2823 5398 4.3.3.15;
3024 5263 3034 5404 Ι
3209 5264 3749 5404 ista

2171 5402 2430 5543 primam
2463 5405 2773 5476 stropham
2799 5402 3113 5476 hymni‘de
3139 5402 3448 5461 communi
3476 5408 3830 5477 Martyrum.

2388 5475 2435 5543 J
2510 5479 2537 5543 ί)
2719 5477 2770 5543 J
2843 5477 2889 5543 εἴ
2967 5478 3020 5543 Γ
3125 5477 3179 5543 J
3253 5478 3306 5543 Γ
3377 5477 3426 5543 εἰ

2173 5475 2180 5617 ll
2359 5475 2588 5601 Liudses
2719 5477 3020 5602 ζἷθίὲιιῖὲῃῐθξ
3125 5477 3426 5617 ﬂagitas?

2174 5615 3761 5704 μλξέῖίνῖέχίρν

2167 5687 2177 5754 |
2391 5688 2559 5744 Laetis
2654 5687 2657 5688 ⁷
2705 5687 3005 5750 canamus
3177 5687 3504 5750 mentibus.
