3998 6198
180 148 286 204 965
310 228 313 231 ἱ

1546 136 1804 213 MUSICA
1848 132 2318 193 sscnmmms.

3566 170 3669 223 986

656 266 946 337 Sequitur
972 264 1312 321 modulatio
1338 265 1427 322 ad
1442 263 1855 335 principalem
1887 259 2219 317 tetrardum
2254 268 2315 316 et
2360 262 2747 339 subjugalem
2779 276 2905 341 ejus
2934 279 3214 336 modum:

291 394 330 448 d
517 408 547 446 c
775 407 806 445 c
993 404 1089 444 ae

254 476 1273 553 AlJle51uJ5Jian’.
1322 478 1403 534 Sit
1449 479 1501 547 Α
1554 472 3663 568 noJmensDoJJmiJnisbeaneJdijsctum4

180 573 609 643 ianef’cu
644 568 885 639 f’laf’.

772 660 811 728 ιε
1058 680 1134 691 ’·
1278 657 1344 723 0\

1409 1026 1720 1039 ———

3218 749 3628 764 Μ

3230 944 3644 959 _—g

3226 1142 3549 1154 -———.—.—._.

755 756 801 825 ςζ
951 753 1031 809 Sit
1176 754 1295 823 Do/
1339 753 1451 821 mil
2340 756 2350 822 Ι

779 860 808 924 ί)
1096 850 1269 923 men/
1419 848 1483 905 ni
1510 848 1618 923 ben
1889 849 1925 925 ip

2341 854 2349 921 |
2457 856 2545 923 ln\
2580 859 2691 924 ter\

745 952 797 1019 ,Ι
1114 949 1227 1019 no/
1566 949 1627 1016 e\
1677 948 1933 1037 (ΗΔ-,ψ

2324 940 2343 1019 l
2368 940 3208 1037 ῨἛῙ-ἝΓ*

758 1046 805 1114 ςί
861 1046 2543 1131 -ψ
2622 1067 2771 1131 eum
2955 1046 3414 1131 887m

749 1145 1933 1229 F—________

2063 1145 2267 1201 secula
2337 1147 2346 1217 |
2448 1228 2457 1229 ί
2624 1139 3009 1226 ’Tid/
3046 1139 3658 1229 WMH-T‘u—li

779 1242 805 1311 /
855 1247 2846 1332 ________~_______|__%L
2879 1242 3578 1332 Qut—c117

266 1353 331 1406 In
363 1356 390 1421 ί)
420 1371 469 1409 te
498 1356 551 1422 J
578 1358 667 1410 ter
694 1358 722 1423 ‘7
753 1318 1933 1429 num

2007 1324 2682 1433 ἶῖῖῖῖΠἯῖ

265 1476 355 1531 Ad
383 1478 544 1533 hunc
577 1481 833 1535 modum
864 1480 1166 1536 consuetis
1193 1484 1442 1536 utuntur
1483 1479 1757 1536 modulis
1792 1480 1870 1536 ad
1899 1488 1945 1538 A
1985 1482 2161 1538 altior
2180 1468 2249 1539 in
2301 1500 2362 1539 se
2403 1486 2800 1557 quantitatem
2830 1492 3047 1558 teneat,
3082 1494 3139 1544 et
3182 1495 3458 1547 octavam
3484 1493 3649 1550 insu-

185 1565 688 1636 investigandam
718 1571 844 1626 toni
889 1571 1181 1643 cujusque
1212 1570 1355 1639 vim,
1387 1568 1608 1626 eadem
1640 1570 1871 1627 ratione

187 1657 541 1729 compositis
567 1676 579 1713 :
614 1675 881 1730 quorum
911 1659 1269 1732 principales
1301 1660 1527 1732 quique
1561 1674 1598 1715 a
1629 1660 1752 1716 suis
1781 1677 1874 1715 so-

188 1745 286 1800 nis
316 1746 729 1818 superioribus
760 1748 1058 1805 ordientes
1089 1748 1369 1804 desinunt
1398 1748 1456 1803 in
1489 1748 1726 1815 ﬁnales,
1760 1749 1871 1804 mi-

190 1850 373 1889 nores
404 1852 541 1892 vero
593 1837 657 1892 in
706 1837 989 1892 finalibus
1019 1842 1076 1893 et
1103 1837 1391 1892 inchoant
1420 1840 1475 1891 et
1506 1837 1868 1905 consistunt,

192 1938 308 1978 nec
352 1925 721 1996 superiorem
774 1926 1074 1995 attingunt
1127 1925 1359 1992 locum;
1411 1929 1613 1997 utpote
1657 1926 1869 1981 Noan-

194 2028 426 2069 nocane
476 2019 533 2069 et
580 2016 838 2085 Noeagis
870 2014 1014 2085 (685)
1055 2019 1111 2070 et
1153 2019 1386 2082 caetera,
1415 2030 1550 2085 quae
1580 2019 1871 2085 putamus

194 2116 325 2155 non
352 2106 474 2156 tam
504 2102 903 2173 signiﬁcativa
952 2118 1082 2157 esse
1132 2102 1334 2169 verba,
1366 2118 1549 2173 quam
1602 2102 1871 2174 syllabas

196 2190 598 2247 modulationi
628 2191 945 2247 attributas
977 2192 1143 2262 (686).

861 2301 1088 2355 CAPUT
1125 2302 1212 2355 IX.

201 2387 362 2453 Quid
406 2389 482 2442 sit
526 2390 685 2443 inter
717 2387 1064 2457 phthongos
1096 2393 1150 2443 et
1179 2402 1393 2442 sonos:
1438 2386 1596 2440 inter
1617 2391 1785 2441 tonos
1816 2393 1870 2441 et

271 2460 581 2529 epogdoos.
627 2459 785 2526 Quid
828 2459 1007 2514 etiam
1054 2459 1183 2513 teni
1229 2464 1283 2513 et
1334 2458 1498 2511 modi
1536 2458 1657 2512 sive
1684 2459 1867 2525 tropi,

268 2531 594 2599 particula:
624 2545 876 2601 quoque.
914 2529 1069 2596 Quid
1097 2529 1388 2585 diastema
1417 2533 1471 2584 et
1499 2532 1757 2596 systema
1782 2532 1810 2583 ?

277 2635 396 2693 Sed
418 2636 509 2692 his
530 2635 712 2691 veluti
737 2634 1389 2708 praeexercitaminibus
1406 2633 1774 2708 quibusdam
1798 2651 1868 2691 ac

199 2723 511 2779 vilioribus
541 2724 677 2780 licet
701 2724 886 2779 initiis
915 2729 1051 2780 ante
1076 2724 1349 2794 cognitis,
1377 2723 1590 2778 dehinc
1617 2722 1868 2779 faciliori

199 2814 304 2869 via
330 2814 713 2870 harmonicas
738 2814 1163 2887 prosequimur
1192 2813 1471 2869 rationes.

280 2903 605 2959 Harmonia
635 2907 727 2959 est
752 2903 1126 2959 diversarum
1149 2919 1367 2958 vocum
1400 2907 1543 2974 apta
1569 2901 1873 2957 coaduna-

203 2993 310 3061 tio,
343 2993 403 3050 in
451 2993 676 3066 quibus
725 2992 973 3048 vocibus
1018 2992 1161 3065 quia
1208 2992 1562 3065 plerumque
1608 3007 1789 3047 sonos
1817 2997 1874 3048 et

202 3080 553 3154 phthongos
637 3079 1043 3137 indifferenter
1117 3080 1480 3153 accipimus,
1550 3095 1733 3136 sonos
1818 3086 1874 3136 et

205 3171 555 3244 phthongos
583 3175 638 3226 et
667 3170 997 3242 epogdoos,
1031 3170 1173 3242 (687)
1214 3187 1349 3242 quae
1396 3168 1770 3238 singulorum
1803 3171 1874 3226 sit

204 3259 995 3333 proprietas,intimandum.
1024 3261 1215 3316 Sonus
1244 3268 1745 3332 quarumcumque
1765 3276 1872 3315 vo-

206 3365 353 3405 cum
386 3349 659 3419 generale
687 3354 1056 3405 estnomen:
1110 3348 1218 3404 sed
1243 3349 1586 3422 phthongos
1616 3345 1873 3405 dicimus

204 3436 378 3493 vocis
431 3454 666 3494 canorae
723 3453 925 3494 sonos.
985 3440 1181 3493 Tonus
1240 3443 1327 3493 est
1380 3436 1553 3509 spatii
1610 3436 1875 3506 legitima

207 3527 569 3597 magnitudo
612 3526 757 3597 (688)
791 3542 827 3583 a
874 3541 1024 3582 sono
1072 3526 1134 3581 in
1184 3541 1425 3595 sonum,
1456 3527 1692 3598 hocque
1741 3542 1874 3599 spa-

207 3617 364 3673 tium
407 3617 778 3673 musicorum
817 3631 1126 3682 sonorum,
1155 3616 1300 3689 quia
1345 3615 1407 3670 in
1457 3615 1877 3687 sesquioctava

206 3707 601 3779 proportione
633 3710 740 3773 est,
770 3708 969 3764 Graeco
1009 3705 1253 3764 nomine
1295 3704 1511 3762 dicitur
1536 3705 1871 3777 epogdous.

210 3799 487 3868 Namque
544 3800 607 3851 ut
658 3795 933 3869 sescupla
991 3796 1112 3851 sive
1191 3794 1579 3867 sesquialtera
1629 3792 1725 3850 vel
1776 3795 1877 3849 he-

209 3883 419 3940 miolia
470 3885 779 3957 proportio
830 3883 1073 3955 dicitur,
1128 3883 1379 3957 quando
1434 3883 1633 3954 majus
1689 3881 1878 3937 mino-

216 3974 304 4029 ris
349 3974 733 4030 medietatem
773 3978 1015 4046 superat
1044 3992 1055 4029 :
1111 3972 1513 4046 sesquitertia,
1545 3972 1650 4028 ubi
1678 3972 1876 4043 majus

209 4063 387 4120 tertia
415 4062 664 4119 minoris
689 4066 857 4135 parte
888 4063 1168 4135 praecellit
1194 4082 1206 4131 ;
1256 4061 1694 4135 sesquiquarta,
1729 4060 1875 4132 (689)

1986 1588 2092 1644 per
2124 1574 2252 1644 ejus
2280 1578 2534 1646 partem.
2572 1576 2963 1633 Semitonium
2994 1593 3115 1633 non
3141 1580 3387 1652 plenum
3416 1583 3537 1637 toni
3565 1583 3650 1638 in-

1984 1662 2319 1729 tervallum,
2352 1663 2512 1721 idem
2563 1665 2862 1720 interdum
2912 1665 3123 1721 limma
3155 1667 3248 1723 vel
3294 1668 3473 1725 diesis
3512 1668 3651 1727 dici-

1984 1753 2095 1804 tur.
2134 1748 2283 1806 Modi
2315 1749 2408 1805 vel
2438 1751 2589 1823 tropi
2617 1758 2755 1807 sunt
2785 1752 3012 1824 species
3040 1752 3547 1824 modulationum,
3574 1756 3649 1813 de

1980 1837 2206 1910 quibus
2261 1853 2445 1910 supra
2498 1836 2726 1894 dictum
2767 1844 2873 1907 est,
2908 1844 2971 1894 ut
3015 1846 3223 1917 protus
3254 1846 3532 1899 autentus
3558 1845 3649 1900 vel

1980 1925 2197 1998 plagis,
2231 1925 2514 1982 deuterus
2564 1932 2840 1983 autentus
2870 1926 2987 1983 vel
3035 1930 3247 2001 plagis,
3280 1931 3402 1987 sive
3430 1933 3650 1989 modus

1966 2009 2216 2083 'Dorius,
2268 2016 2585 2087 Phrygius,
2634 2015 2872 2088 Lydius,
2906 2021 2965 2072 et
2994 2017 3209 2087 caeteri,
3240 2018 3345 2091 qui
3392 2038 3463 2076 ex
3507 2037 3649 2091 gen-

1983 2103 2134 2158 tium
2166 2104 2477 2159 vocabulis
2507 2104 2694 2160 sortiti
2719 2109 2858 2161 sunt
2884 2106 3154 2162 nomina.
3178 2108 3483 2165 Particulaa
3508 2113 3649 2165 sunt

1982 2209 2094 2248 sua
2125 2192 2419 2248 cantionis
2461 2193 2592 2249 cola
2622 2192 2716 2248 vel
2745 2198 3073 2263 commata,
3105 2213 3241 2268 quae
3269 2197 3390 2252 suis
3419 2197 3642 2255 ﬁnibus

1983 2286 2230 2336 cantum
2288 2280 2685 2351 distinguunt,
2737 2281 2844 2337 sed
2901 2283 3034 2338 cola
3084 2284 3237 2341 ﬁunt
3290 2287 3644 2343 coeuntibus

1982 2373 2119 2441 apte
2146 2369 2551 2425 commatibus
2583 2367 2824 2424 duobus
2850 2370 3222 2442 pluribusve,
3254 2375 3535 2446 quamvis
3560 2375 3646 2433 in-

1980 2459 2219 2515 terdum
2262 2463 2369 2529 est,
2404 2459 2509 2515 ubi
2536 2458 2851 2515 indiscrete
2902 2476 3144 2517 comma
3187 2462 3277 2518 vel
3320 2464 3497 2521 colon
3527 2465 3643 2522 dici

1981 2552 2197 2619 potest.
2230 2552 2299 2602 At
2328 2547 2460 2619 ipsa
2492 2550 2795 2603 commata
2825 2563 2935 2620 per
2964 2550 3121 2605 arsin
3152 2556 3210 2606 et
3247 2552 3439 2608 thesin
3468 2553 3639 2615 ﬁunt,

1983 2635 2045 2690 id
2097 2640 2204 2702 est,
2261 2634 2655 2691 elevationem
2703 2638 2760 2690 et
2808 2637 3269 2710 depositionem.
3326 2641 3440 2697 Sed
3497 2641 3644 2698 alias

1985 2725 2240 2797 simplici
2271 2725 2389 2780 arsi
2418 2729 2476 2780 et
2506 2724 2655 2780 thesi
2679 2741 2795 2783 vox
2828 2725 2889 2781 in
2917 2733 3215 2785 commate
3259 2730 3446 2786 semel
3474 2730 3647 2802 erigi-

1986 2819 2082 2870 tur
2109 2831 2179 2871 ac
2218 2814 2561 2887 deponitur,
2596 2814 2744 2870 alias
2791 2816 3035 2888 saepius.
3072 2812 3393 2891 Discrimen
3444 2825 3645 2878 autem

1986 2904 2137 2959 inter
2165 2919 2469 2959 summam
2512 2907 2570 2958 et
2615 2902 2892 2959 inﬁmam
2938 2921 3147 2961 vocem
3188 2909 3504 2965 commatis
3537 2925 3643 2982 ap-

1984 2991 2237 3065 pellatur
2267 2992 2580 3059 diastema,
2613 3008 2749 3063 quae
2789 2991 3146 3050 diastemata
3186 3012 3347 3052 nunc
3398 2997 3644 3069 quidem

1985 3080 2221 3136 minora
2252 3084 2412 3148 sunt,
2455 3085 2519 3134 ut
2562 3084 2650 3135 est
2680 3079 2847 3149 illud,
2879 3081 3046 3152 quod
3076 3099 3373 3139 vocamus
3394 3088 3641 3153 tonum;

1984 3184 2146 3224 nunc
2195 3168 2451 3238 majora,
2494 3172 2557 3222 ut
2603 3167 2866 3223 duorum
2916 3170 3189 3237 triumve,
3240 3187 3310 3227 ac
3362 3172 3646 3245 deinceps

1985 3256 2214 3329 aliquot
2253 3261 2535 3312 tonorum
2581 3256 2869 3313 habentia
2896 3257 3291 3315 intervallum.
3328 3263 3507 3318 Porro
3540 3274 3649 3318 au-

1984 3351 2104 3402 tem
2164 3346 2316 3402 sicut
2370 3345 2503 3402 cola
2556 3347 2960 3403 commatibus
3011 3352 3305 3417 constant,
3356 3348 3440 3406 sic
3488 3364 3648 3406 eom-

1984 3440 2219 3492 matum
2270 3424 2471 3509 spatia
2521 3435 2782 3492 dicimus
2823 3436 3221 3493 diastemata:
3272 3454 3405 3510 quae
3440 3439 3501 3494 in
3554 3454 3649 3495 oo-

1984 3525 2053 3580 lis
2083 3541 2227 3581 vero
2257 3524 2451 3597 spatia
2493 3524 2732 3591 fuerint,
2759 3526 2851 3581 vel
2879 3525 3109 3596 integro
3153 3526 3423 3598 quolibet
3464 3527 3642 3596 melo,

1986 3617 2317 3685 systemata
2344 3612 2755 3670 nominamus.

2648 3710 2887 3765 CAPUT
2926 3713 2985 3766 X.

2500 3880 2503 3883 Ι
2553 3801 2638 3853 De
2666 3799 3074 3868 Symphoniz's.

2058 3886 2387 3942 Praemissae
2414 3900 2588 3941 voces
2617 3901 2741 3942 non
2773 3903 2988 3945 omnes
3035 3903 3203 3959 aeque
3243 3888 3502 3944 suaviter
3532 3889 3645 3945 sibi

1985 3976 2328 4045 miscentur,
2342 3990 2454 4031 nec
2471 3991 2721 4048 quoquo
2749 3976 2932 4032 modo
2948 3977 3171 4047 junctae
3193 3977 3645 4035 concordabiles

1984 4064 2049 4120 in
2093 4068 2275 4121 cantu
2320 4063 2581 4120 reddunt
2618 4063 2897 4131 effectus;
2947 4068 3012 4120 ut
3047 4064 3274 4135 litterae,
3308 4065 3356 4121 si
3398 4065 3550 4123 inter
3583 4083 3646 4123 se

208 4151 367 4208 dum
411 4150 615 4207 minus
658 4155 873 4224 quarta
927 4152 1018 4207 sui
1048 4152 1320 4225 portione
1364 4165 1402 4206 a
1430 4151 1659 4221 majore
1690 4154 1945 4244 trans—c
1985 4152 2215 4226 passim
2257 4152 2608 4224 jungantur,
2642 4169 2802 4225 saepe
2849 4168 2960 4208 nec
3005 4153 3201 4210 verbis
3251 4170 3360 4210 nec
3400 4155 3647 4228 syllabis

211 4240 521 4297 cenditur:
555 4240 988 4313 sesquiquinta,
1011 4241 1159 4297 dum
1192 4240 1405 4313 quinta
1433 4245 1601 4313 parte
1625 4240 1877 4299 alterum
1917 4240 1944 4244 ’
1988 4240 2445 4299 concordabant
2478 4242 2856 4314 copulandis.
2893 4242 2983 4300 Sic
3008 4243 3070 4299 in
3097 4244 3335 4301 musica
3362 4245 3647 4318 quaedam

212 4330 404 4388 altero
434 4331 632 4400 majus
662 4335 780 4385 est:
818 4329 1210 4403 sesquisexta,
1242 4329 1390 4384 dum
1420 4334 1618 4387 sexta:
1655 4330 1881 4403 sesqui-

212 4420 497 4493 septima,
529 4420 676 4476 dum
721 4420 1012 4493 septima:
1065 4420 1147 4476 ita
1177 4416 1591 4493 sesquioctava
1637 4435 1880 4493 compa-

212 4509 451 4567 ratione
482 4525 666 4565 sonus
696 4509 774 4566 ad
801 4525 1017 4565 sonum
1046 4525 1177 4564 sese
1206 4508 1406 4578 habet,
1421 4509 1569 4565 dum
1592 4509 1881 4579 gravioris

292 4691 442 4761 (685)
486 4690 541 4745 S.
565 4687 661 4761 B1.
680 4688 823 4744 Cod.
858 4691 1061 4761 utpote
1090 4688 1322 4760 primus
1351 4690 1769 4757 Nonenoeane,
1794 4702 1883 4743 se-

218 4760 464 4817 cundus
490 4760 720 4816 Noeais.

294 4832 439 4904 (686)
483 4835 544 4886 In
589 4830 732 4904 Cod.
774 4830 954 4900 Regio
984 4828 1191 4886 Patris.
1226 4832 1386 4885 7202.
1423 4832 1770 4904 sequentem
1817 4828 1881 4884 in

128 4939 143 4949 -
213 4901 479 4960 mOdum
507 4902 920 4975 exprimuntur
948 4917 1159 4957 omnes
1191 4904 1325 4975 octo
1351 4901 1494 4975 toni.

291 4975 347 5043 ,J
386 4975 441 5042 ,Ι
479 4975 530 5042 ,1
572 4973 613 5028 Ν
651 4976 706 5042 λ
744 4974 789 5043 εί
832 4976 903 5043 [ἡ
943 4977 1177 5035 Autent,
1221 4973 1335 5027 1111.
1375 4974 1431 5042 Α

366 5047 539 5102 Noeo
569 5060 601 5100 e
674 5060 851 5101 anne.

569 5120 597 5185 ι,
634 5117 682 5187 4
719 5118 774 5187 f’
813 5117 863 5188 /.
899 5118 1035 5173 Aut.
1066 5116 1157 5172 111.
1186 5117 1249 5172 N

658 5229 1368 5329 Ertthrr

663 5404 696 5470 l

832 5333 914 5385 No
942 5343 1028 5384 eo
1067 5331 1207 5384 No’e
1234 5342 1312 5383 an
1340 5342 1435 5387 ne.

699 5393 717 5419 ³
758 5402 782 5470 /
828 5402 877 5469 [⁸
920 5402 979 5470 Ρ.
1020 5402 1202 5456 Aut].
1235 5401 1304 5469 εί.

804 5529 1106 5633 ubjugalis
1132 5542 1244 5597 llll.
1286 5544 1340 5612 Γ

1990 4335 2129 4387 sunt
2153 4335 2312 4387 certa
2340 4330 2821 4405 intervalla,qua3
2848 4333 3243 4406 symphonias
3263 4334 3495 4406 possint
3521 4334 3647 4389 efﬁ-

1990 4437 2142 4477 cere.
2175 4424 2273 4477 Est
2316 4426 2517 4478 autem
2543 4422 2910 4495 symphonia
2935 4438 3159 4477 vocum
3189 4421 3525 4494 disparium
3555 4422 3646 4478 in-

1990 4513 2079 4565 ter
2109 4525 2171 4565 se
2197 4509 2545 4581 junctarum
2573 4509 2767 4566 dulcis
2793 4513 3137 4565 concentus.

2066 4686 2163 4813 ζῶ]
2206 4688 2324 4813 P87
2363 4688 2399 4813 ἐ
2434 4688 2569 4811 [ἐξ
2608 4687 2662 4757 f’
2701 4685 2751 4755 /.
2784 4683 3240 4757 Subjugalislll.
3274 4686 3322 4755 /.

1988 4757 2201 4969 23:5“
2238 4774 2287 4899 ἒ
2322 4774 2625 4953 ἕξιζρ
2662 4828 2739 4945 Ρζ
2761 4826 3104 4899 Subjugalis
3134 4830 3175 4883 Ι.
3217 4831 3270 4899 Γ

2060 4940 3311 5041 ἕὲῗῖἔίὲμὲώπμωηρρ

2060 5059 2210 5130 (687)
2247 5058 2332 5114 Bl.
2377 5060 2724 5131 accipimus,
2784 5074 2955 5116 sonos
3006 5059 3183 5117 etiam
3237 5066 3297 5117 et
3351 5066 3538 5131 tonos,
3590 5067 3649 5120 et

1992 5132 2300 5203 epogdoos,
2331 5146 2485 5202 quat,
2513 5134 2622 5187 etc.

2065 5221 2212 5293 (688)
2250 5219 2331 5276 Bl.
2357 5221 2651 5290 Legitima
2677 5220 2975 5276 discretio.

2063 5308 2332 5384 (689)781.
2363 5308 2815 5384 Sesqutquarta,
2834 5309 2977 5365 dum
2996 5314 3256 5384 quarta:
3283 5312 3651 5384 sesquiquin-

1996 5380 2079 5444 ta,
2107 5380 2261 5465 dum
2303 5383 2553 5465 quinta:
2595 5381 2982 5465 sesquisegcta,
3016 5380 3159 5465 dum
3185 5388 3356 5465 sexta
3375 5380 3401 5439 ,τ
3425 5380 3647 5465 8εὲᾳαί-

1993 5452 2265 5521 septz‘ma,
2296 5451 2437 5525 (tum
2477 5452 2731 5525 septima
2761 5453 2859 5525 sai
2894 5458 3076 5523 parte
3118 5453 3314 5511 minus
3351 5469 3387 5511 a
3420 5451 3649 5525 majore

1997 5522 2449 5579 transcenditur
2476 5539 2489 5577 :
2518 5523 2602 5579 ita
2625 5522 3054 5595 sesquioctava,
3089 5529 3198 5582 etc.
