3998 6198
416 134 513 187 971
1076 126 1384 181 HUBALDI
1425 128 1592 182 MON.
1640 127 1695 180 S.
1738 121 2004 179 AMANDI
2044 119 2198 175 OPP.
2243 126 2421 187 PARS
2462 132 2527 187 ll.
2572 165 2637 171 -—
2681 136 3186 193 MISCELLANEA.
3732 150 3842 203 972

413 270 592 310 voces
620 270 634 308 :
664 251 865 308 media
894 252 1095 306 autem
1122 248 1418 320 diapason
1472 248 1549 303 ad
1607 252 1889 318 utrasque
1948 258 2066 298 res-
2100 246 2145 295 A
2174 246 2354 305 etiam
2385 252 2441 307 in
2470 254 2583 310 hac
2616 258 2993 314 conoinentia
3027 278 3038 315 :
3074 278 3213 317 nam
3245 264 3291 317 si
3322 265 3479 319 duos
3515 265 3704 321 tribus
3737 268 3843 322 ad-

412 344 656 420 Pondet:
692 346 755 399 Ut
784 342 909 398 hinc
937 336 1258 409 descriptio
1280 338 1599 407 ἀθδίὲζηᾶίῖ
1656 338 1806 407 (692)
1847 425 1856 426 7
2168 337 2357 406 jiCiaS.
2388 343 2656 416 quinque
2684 348 2965 402 continuo
2998 349 3217 415 reddis,
3250 359 3305 406 et
3336 353 3573 407 numeri
3608 357 3842 426 species

483 434 635 490 Sane
665 448 787 489 non
812 430 889 485 ab
918 443 1039 483 una
1066 431 1300 483 tantum
1330 427 1598 500 quolibet
1619 441 1768 481 sono
1786 425 1862 479 ad
1888 438 2064 496 quar-
2173 426 2489 487 immutata
2537 439 2644 489 est.
2709 436 2761 490 Si
2819 454 2959 491 vero
3013 439 3251 494 eosdem
3308 443 3563 497 denario
3620 425 3837 509 addas,

412 530 535 581 tum
565 522 658 577 vel
676 519 953 592 quintum
984 521 1087 573 aut
1115 522 1395 573 octavum
1413 515 1807 573 consonantia
1837 514 1921 582 tit,
1956 512 2063 569 sed
2171 514 2491 575 duodecim
2512 521 2741 589 feceris,
2770 530 2823 579 et
2852 525 3115 580 binarius
3140 529 3379 595 junctus
3409 530 3669 585 denario
3699 550 3839 587 con-

408 609 624 680 singuli
652 624 805 681 pene
836 605 989 678 soni,
1021 609 1078 661 et
1107 606 1187 661 ad
1216 622 1459 677 gravem
1489 606 1637 661 etad
1655 608 1895 659 acutam
1924 616 2061 673 par-
2170 610 2439 661 servatus
2462 615 2568 665 est.
2592 612 2736 666 Item
2758 614 3068 681 ternarius,
3096 617 3357 672 etcaeteri
3380 619 3600 673 eodem
3625 620 3833 675 modo.

404 705 541 765 tem,
597 697 827 771 quartis
873 713 909 751 a
967 712 1028 751 se
1082 695 1246 752 sonis
1302 696 1694 763 diatessaron,
1741 697 1797 748 et
1842 689 2060 763 singuli
2170 690 2253 747 Ita
2276 693 2456 763 igitur
2481 700 2847 770 symphonia
2877 700 3169 773 diapason
3198 703 3400 771 aliam,
3444 721 3638 776 quam
3698 723 3831 761 sus-

401 788 623 862 quintis
650 785 1017 860 respondent
1046 784 1349 857 diapente,
1373 790 1431 840 et
1457 801 1641 841 sonus
1684 782 1939 855 quisque
1996 779 2057 834 in
2168 784 2406 854 ceperit,
2440 789 2897 845 consonantiam
2927 796 3141 855 servat.
3192 808 3301 847 nec
3359 794 3668 863 immutat,
3721 812 3830 851 nec

399 884 717 951 utramque
745 876 839 932 sui
862 880 1095 949 partem
1125 874 1204 930 ad
1237 880 1575 930 octavuma
1606 890 1667 928 se
1700 888 1916 927 sonum
1934 868 2058 929 dia-
2165 886 2235 924 ex
2294 888 2562 931 consona
2610 876 2920 933 dissonam
2976 879 3185 935 reddit.
3248 881 3396 936 Hinc
3457 881 3542 947 ﬁt,
3591 885 3830 939 utsicut

398 984 591 1043 pason
620 971 883 1037 resonat.
917 966 1149 1037 Quique
1179 981 1387 1019 rursus
1435 964 1495 1019 in
1558 968 1871 1034 utramque
1923 974 2056 1033 par-
2163 960 2528 1033 quindecim,
2561 965 2727 1037 quod
2757 970 2896 1020 sunt
2926 967 3016 1021 bis
3048 969 3258 1036 octavi,
3288 976 3698 1026 consonanter
3714 973 3830 1027 sibi

396 1063 516 1116 tem
538 1058 748 1122 oetavi,
778 1056 927 1111 sicut
956 1054 1035 1110 ad
1063 1053 1331 1110 medium
1362 1053 1684 1126 diapason,
1716 1052 1817 1117 ita,
1840 1054 1907 1105 ut
1926 1049 2051 1105 dic-
2162 1048 2506 1121 miscentur,
2541 1053 2617 1110 ita
2643 1058 2697 1110 et
2724 1055 3069 1127 phthongus
3097 1057 3353 1128 quisque
3386 1074 3493 1129 per
3523 1060 3824 1132 diapason

395 1153 524 1206 tum
553 1152 659 1213 est,
689 1146 766 1202 ad
798 1162 861 1200 se
889 1144 1142 1199 invicem
1172 1143 1382 1217 quinto
1414 1142 1647 1198 decimo
1707 1141 1838 1197 loco
1891 1154 2052 1195 reso-
2160 1138 2235 1192 ad
2267 1139 2719 1205 duodecimum,
2746 1145 2897 1201 sicut
2927 1146 3001 1202 ad
3035 1146 3308 1217 quintum
3335 1148 3621 1219 diapente
3662 1167 3825 1206 reso-

391 1242 539 1293 nant
564 1235 976 1306 disdiapason,
1008 1231 1192 1305 ﬁtquc
1222 1236 1287 1288 ut
1316 1248 1553 1304 semper
1580 1231 1877 1303 diapason
1915 1244 2050 1300 spa-
2158 1233 2261 1282 nat
2291 1245 2303 1293 ;
2331 1233 2386 1284 et
2411 1232 2933 1301 quemadmodum
2964 1233 3041 1288 ad
3078 1240 3381 1306 quartum,
3436 1236 3522 1292 sic
3573 1238 3655 1293 ad
3714 1256 3823 1294 un-

392 1326 538 1381 tium
569 1324 943 1380 diatessaron
1000 1338 1071 1377 ac
1116 1321 1395 1393 diapente
1437 1320 1827 1393 compleatur.
1879 1315 2048 1373 Medii
2155 1314 2457 1374 decimum
2489 1326 2729 1376 resonat
2754 1321 3145 1377 diatessaron.
3171 1325 3555 1381 Attendeuda
3575 1343 3823 1399 quoque

388 1428 653 1485 namque
683 1412 806 1467 duo
836 1410 1043 1465 soniin
1074 1410 1189 1464 hoc
1220 1410 1412 1482 spatio
1438 1409 1582 1465 dum
1617 1407 1694 1463 ad
1721 1412 2044 1478 utrumque
2156 1403 2215 1459 in
2242 1405 2356 1461 hoc
2378 1408 2529 1465 mira
2550 1411 2720 1481 ratio,
2750 1412 3111 1483 utquamvis
3127 1412 3402 1469 absolute
3419 1416 3703 1471 canendo
3732 1418 3822 1473 vel

385 1503 541 1559 latus
569 1501 941 1557 diatessaron
976 1515 1045 1555 ac
1076 1499 1354 1571 diapente
1383 1497 1806 1570 respondeant,
1825 1496 2038 1559 evenit,
2153 1493 2212 1548 in
2244 1496 2451 1553 ordine
2480 1516 2661 1555 sonos
2691 1500 2989 1569 rimando,
3021 1501 3180 1557 idem
3228 1502 3624 1560 inveniuntur
3678 1510 3819 1562 noni

385 1596 451 1649 ut
477 1595 621 1660 uter,
635 1607 844 1646 eorum
874 1589 953 1644 ad
981 1588 1094 1644 hoc
1121 1588 1276 1644 latus
1302 1588 1580 1660 diapente
1611 1586 1801 1653 fuerit,
1841 1584 1917 1640 ad
1976 1584 2040 1638 il-
2080 1591 2122 1645 Β
2152 1584 2226 1640 ad
2260 1601 2473 1657 nouos,
2508 1603 2627 1644 non
2678 1589 2872 1645 octavi
2902 1590 2979 1644 ad
3008 1594 3248 1645 octavos
3274 1608 3286 1645 :
3330 1591 3390 1646 in
3445 1596 3819 1665 symphonia

383 1682 488 1738 lud
517 1681 889 1737 diatessaron
919 1678 1055 1748 fiat,
1075 1683 1131 1734 et
1169 1678 1274 1750 qui
1329 1678 1466 1732 huic
1512 1678 1902 1739 diatessaron,
1959 1673 2038 1728 illi
2150 1678 2348 1730 tamen
2381 1693 2502 1732 non
2526 1678 2709 1733 modo
2763 1679 3081 1751 diapason,
3132 1696 3268 1752 quae
3323 1688 3545 1737 octava
3598 1683 3820 1740 incedit

385 1768 635 1826 sitlateri
658 1768 955 1841 diapente.
985 1767 1075 1823 Sic
1101 1782 1363 1838 namque
1386 1766 1651 1821 maxima
1674 1763 2037 1837 symphonia
2147 1764 2407 1834 regione,
2436 1767 2539 1821 sed
2574 1772 2630 1821 et
2662 1767 2721 1822 in
2754 1767 3140 1840 bisdiapason
3171 1770 3507 1825 mutatione
3554 1773 3813 1829 mirabili

382 1859 623 1916 duabus
654 1857 986 1931 completur
1006 1855 1357 1913 minoribus.
1390 1860 1568 1911 Porro
1587 1855 1853 1911 maxima
1876 1869 2035 1925 sym-
2144 1854 2337 1909 octavi
2369 1860 2423 1910 et
2453 1856 2646 1911 octavi
2674 1856 2834 1913 idem
2858 1864 3013 1913 sunt.

379 1948 605 2022 phonia
630 1947 926 2018 diapason
955 1945 1188 2012 dicitur,
1217 1945 1381 2017 quod
1405 1946 1467 2000 in
1498 1960 1570 2000 ea
1596 1942 1909 2016 perfectior
1935 1957 2033 1996 ex-
2774 1946 3007 2001 CAPUT
3047 1946 3171 2001 XII,

922 2666 1164 2676 -φ--οσυ

650 2764 973 2776 —-—-—

1117 3835 1464 3847 ——-—

615 4032 855 4045 —

1666 4132 1987 4143 —_—_—

2423 4312 2743 4323 m

3516 4406 3734 4417 τος-..-

378 2037 682 2106 teris(693)
699 2034 1095 2091 cansonantia
1116 2034 1240 2101 ﬁat,
1274 2038 1338 2089 ut
1365 2034 1486 2089 sive
1513 2032 1590 2088 ab
1621 2031 1884 2088 acutiore
1910 2031 2030 2085 sive
2508 2035 2657 2090 Item
2687 2034 2759 2090 de
2786 2035 3003 2091 eisdem
3032 2036 3423 2105 symphoniis.

375 2126 707 2197 agraviore
733 2124 981 2197 incipias
1012 2140 1149 2189 vox,
1180 2139 1367 2194 quam
1427 2130 1639 2178 octavo
1698 2121 1908 2177 ordine
1966 2120 2029 2175 in
2216 2124 2480 2186 Quatuor
2510 2123 2759 2188 moduli,
2793 2124 2851 2179 in
2905 2124 3126 2196 quibus
3179 2125 3377 2196 prima
3431 2128 3812 2199 symphonia

373 2215 680 2272 celsiorem
710 2214 805 2269 vel
834 2212 1214 2269 humiliorem
1254 2211 1578 2267 mutaveris
1636 2211 1713 2266 ad
1766 2211 2027 2283 primam
2140 2209 2455 2273 invenitur.
2486 2229 2621 2284 quae
2649 2214 3028 2268 diatessaron
3083 2213 3316 2281 dicitur,
3375 2214 3525 2270 dum
3592 2217 3808 2287 singuli

372 2321 584 2361 vocem
605 2303 863 2359 unisona
890 2301 1203 2369 habeatur,
1237 2302 1318 2357 ita
1339 2300 1612 2356 canendo
2139 2299 2217 2353 ab
2243 2300 2498 2355 invicem
2525 2302 2809 2357 concordi
2842 2302 3219 2374 proprietatis
3248 2302 3600 2360 diversitate
3633 2306 3805 2361 diﬂe-

1608 2406 1671 2444 es
2138 2394 2290 2459 rant,
2319 2406 2672 2463 eorumque,
2703 2396 2763 2445 ut
2785 2392 3012 2446 dictum
3039 2396 3142 2460 est,
3180 2391 3569 2447 tetrachordo
3629 2393 3803 2449 veluti

1048 2477 1870 2560 meufm
2134 2477 2428 2534 elemento
2458 2479 2775 2535 harmonia
2802 2484 3152 2535 contexatur
3182 2480 3389 2551 utique
3411 2483 3729 2553 quaternis
3750 2490 3803 2538 et

662 2565 2014 2659 .O-W—ﬁT—w—
2132 2568 2439 2639 quaternis
2467 2568 2858 2624 continuatim
2887 2584 3015 2623 sese
3045 2568 3564 2639 consequentibus
3594 2586 3797 2625 neces-

668 2656 1164 2753 *Μ’*ᾕὲ
2134 2672 2197 2711 se
2224 2662 2309 2711 est
2338 2656 2580 2728 quintos
2619 2672 2857 2729 semper
2888 2672 3070 2712 sonos
3100 2656 3375 2727 ejusdem
3434 2657 3798 2715 conditionis

579 2764 973 2840 A..._..__Tu
909 2743 916 2753 '
987 2743 2007 2837 -——-————————————l‘l§.————-—
2132 2760 2455 2815 emergere,
2513 2750 2569 2800 et
2614 2745 2965 2817 quintorum
3010 2743 3325 2799 collatione
3377 2745 3683 2815 ejusdem,
3741 2755 3798 2803 ut

1756 2824 2009 2870 '———-
2130 2838 2530 2889 monstratum
2590 2838 2695 2897 est,
2754 2831 3111 2890 conditionis
3161 2831 3253 2887 vel
3316 2832 3631 2903 qualitatis
3687 2835 3793 2891 sibi

848 2958 1983 2969 μ---.....-η-..-.η-.---.--ρ
2057 2940 2098 2996 ο
2128 2940 2159 2992 ε.

2210 2922 2554 2995 mphoniam
2584 2921 2966 2995 respondere,
3020 2938 3157 2994 qua:
3210 2920 3431 2977 dicitur
3489 2923 3789 2996 diapente.

576 2978 1997 3084 ‘3_____.____.______.__
2058 2978 2098 2996 “
2131 2978 2206 3067 de
2238 2978 2409 3082 cilius
2463 3011 2519 3065 vi
2550 2978 2827 3084 quamvis
2879 2978 3108 3083 angnia
3146 3010 3273 3080 jam
3326 2978 3787 3082 prolatumest,

576 3077 1998 3179 9—?_._:i_____
2126 3100 2276 3155 sicut
2296 3077 2352 3155 et
2379 3100 2453 3154 de
2484 3077 2633 3164 aliis,
2669 3104 2730 3154 ut
2760 3103 2960 3153 tamen
2982 3077 3124 3170 quae
3150 3077 3469 3170 deinceps
3514 3105 3657 3154 sunt
3709 3100 3789 3154 di-

575 3172 615 3224 Ε
967 3174 1068 3227 ms
1108 3171 1535 3242 sempiternus/
1602 3173 1615 3239 ἶ
2124 3187 2594 3245 cendalucidius
2625 3186 2935 3259 explanari
2963 3185 3211 3259 possint,
3248 3186 3530 3258 subjecta
3575 3188 3786 3243 iterum

578 3269 616 3321 Ρ
865 3272 1016 3350 pag/7A
1269 3348 1352 3350 im
1546 3268 1613 3337 ﬁt
2122 3277 2485 3334 chordarum
2510 3276 2908 3348 descriptione
2938 3276 3068 3347 ejus
3104 3276 3253 3331 ratio
3310 3276 3785 3350 contemplanda

570 3366 614 3421 G
2125 3367 2408 3424 tradatur.
2446 3367 2535 3424 Sic
2568 3371 2631 3421 ut
2662 3366 2826 3438 prius
2848 3381 2922 3421 ex
2952 3381 3237 3421 sonorum
3265 3365 3460 3435 signis
3492 3383 3525 3420 e
3547 3366 3780 3435 regione

567 3465 616 3519 A
640 3444 774 3519 ’ἦλα
1657 3480 1747 3519 us.
2120 3456 2327 3527 pOsitis
2356 3456 2719 3510 chordarum
2746 3453 3108 3527 progressio,
3126 3457 3182 3508 et
3202 3456 3355 3508 inter
3377 3453 3645 3510 chordas
3664 3455 3779 3510 dia-

565 3564 605 3616 B
624 3543 1976 3554 m'm
2117 3550 2292 3618 pente
2322 3543 2685 3617 symphonia
2716 3541 3069 3613 disponatur
3096 3541 3175 3597 ita
3209 3559 3221 3595 :

564 3662 603 3716 ρ
627 3643 2000 3654 -----Μ
2330 3645 2368 3714 ᾖ,
3244 3655 3309 3695 es

564 3758 607 3810 D
634 3738 1470 3751 Ψ*
1490 3740 1993 3815 Γ-
2186 3743 2228 3796 Τ
2322 3742 2367 3811 ςΙ
2692 3740 2794 3793 tris
2824 3738 3220 3810 sempiternus
3231 3740 3249 3803 Ι
3319 3742 3332 3804 \

560 3835 1981 3928 E—WWP
2184 3842 2224 3896 T
2333 3843 2361 3907 5
2683 3841 2791 3909 pa/
3298 3835 3369 3904 ﬁt

556 3955 596 4009 ι’
635 3934 1996 4025 W—

1822 3935 1996 3947 ”“““’
2186 3942 2221 3995 S
2318 3939 2368 4007 J
2665 3938 2683 4005 Ι
3332 3934 3401 4002 lit

554 4033 1988 4121 G—__/__—_T\__
2178 4040 2220 4093 T
2310 4038 2358 4108 ιζ
2539 4038 2623 4090 Tu
3113 4049 3176 4089 es
3359 4049 3452 4089 us.

553 4131 1987 4206 ATT—“ii?—

1600 4131 1987 4206 ’,Γ
2178 4138 2220 4191 Τ
2294 4136 2346 4206 Γ
2590 4133 2691 4187 tris
2721 4131 3137 4204 sempiternus/
3165 4133 3179 4198 χ

410 4262 502 4319 Sic
531 4263 691 4320 enim
748 4265 811 4320 in
854 4265 1155 4321 inﬁnitum
1214 4281 1506 4322 sonorum
1560 4268 1992 4341 consequentia
2028 4290 2077 4346 ι)
2176 4236 2217 4346 Ξ
2306 4234 2339 4346 ί
2423 4228 3219 4346 *ἒμΜΜ-Ἧέ

332 4351 731 4425 progreditur,
756 4357 821 4409 ut
844 4352 924 4409 ab
944 4368 1315 4427 unoquoque
1358 4369 1509 4410 sono
1568 4354 1714 4411 locis
1762 4326 1911 4413 octa1

1907 4326 1989 4413 vis
2028 4326 2077 4346 υ
2177 4330 2213 4382 S
2288 4332 2339 4400 Ρ
2493 4331 2599 4416 ei.
2630 4408 3083 4416 __._...__.-_._..
3118 4326 3251 4415 .-.ω
3294 4408 3413 4414 μη..
3448 4408 3486 4415 τ,

329 4445 557 4511 renata,
582 4446 647 4497 ut
670 4442 750 4499 ita
769 4442 988 4509 dicam,
1016 4458 1183 4512 voce,
1215 4442 1365 4499 ordo
1396 4459 1589 4499 novus
1620 4450 1905 4516 emergat,
1931 4450 1989 4504 et
2172 4432 2213 4484 Τ
2253 4490 2263 4505 .
2310 4429 2356 4499 Γ
2464 4429 2549 4481 Tu
3111 4441 3756 4516 __£_S_'_________
3922 4468 3923 4509 ξ

326 4529 561 4585 dierum
585 4546 748 4586 more
775 4535 1007 4595 octava,
1043 4531 1133 4598 sit,
1167 4547 1301 4604 quae
1332 4533 1548 4603 prima,
1596 4534 1792 4604 prima
1847 4551 1984 4607 qum
2170 4528 2349 4596 Igitur
2361 4541 2499 4581 cum
2512 4523 2895 4579 adrationem
2910 4523 3089 4593 hujus
3106 4521 3530 4595 descriptionis
3548 4524 3755 4596 quinta
3920 4544 3921 4597 ι

324 4623 556 4673 octava.
586 4619 748 4675 Unde
782 4625 837 4675 et
865 4620 925 4675 in
962 4618 1217 4688 Virgilio,
1242 4618 1406 4691 apud
1430 4619 1675 4675 Elisium
1708 4623 1981 4694 Orpheus
2094 4616 2335 4686 regione
2357 4612 2520 4669 aliud
2537 4616 2671 4685 post
2687 4611 2848 4667 aliud
2872 4610 3237 4679 modulatur,
3262 4611 3485 4668 senties
3506 4629 3617 4685 per
3634 4612 3754 4667 dia-

326 4707 685 4777 Obloquz’tur
736 4709 999 4764 numeris
1076 4714 1289 4775 septem
1346 4707 1695 4763 discrimina
1750 4725 1975 4780 vocum,
2090 4711 2266 4779 pente
2289 4703 2714 4777 symphoniam
2734 4702 2797 4757 id
2816 4701 2896 4757 ad
2912 4718 2972 4756 se
2992 4701 3250 4757 invicem
3267 4702 3546 4773 ejusdem
3562 4701 3750 4775 quali-

318 4796 482 4868 quod
541 4796 761 4853 scilicet
813 4813 1104 4854 sonorum
1158 4796 1309 4851 ordo
1370 4794 1716 4867 disparibus
1747 4802 1974 4870 septem
2089 4797 2225 4854 tatis
2242 4811 2455 4868 genere
2477 4809 2832 4850 consonare.
2854 4795 3067 4848 Verum
3083 4792 3330 4864 quodin
3359 4791 3475 4848 illis
3492 4800 3749 4866 quatuor

314 4886 984 4952 continuetur’vocibus,
1019 4889 1080 4941 at
1102 4884 1163 4939 in
1193 4883 1421 4940 octavis
1450 4883 1512 4939 in
1538 4900 1763 4941 novam
1786 4893 1977 4946 mute-
2089 4886 2400 4952 sonitibus,
2425 4901 2580 4958 quos
2612 4882 2973 4954 singulosab
3006 4880 3268 4937 invicem
3288 4882 3585 4939 naturalis
3602 4881 3743 4938 ratio

314 4978 426 5030 tur.
454 4974 683 5030 Etenim
715 4975 865 5031 sicut
895 4973 1142 5029 denario
1172 4988 1428 5028 numero
1458 4974 1563 5045 qui
1593 4973 1768 5031 fuerit
1810 4977 1975 5035 addi~
2084 4992 2191 5048 per
2205 4973 2635 5049 quadrifariam
2658 4976 2962 5035 tonorum,
2985 4969 3571 5043 semitoniorumque
3588 4970 3743 5044 posi-

311 5067 423 5129 tus,
456 5062 609 5120 intra
640 5081 779 5120 eum
805 5061 1058 5136 positus,
1087 5060 1315 5131 integer
1362 5059 1801 5136 inviolatusque
1845 5085 1966 5124 ser-
2082 5065 2305 5121 tionem
2334 5064 2577 5138 propria
2604 5060 2887 5135 qualitate
2912 5059 3209 5127 discrevit,
3234 5061 3351 5117 hoc
3376 5059 3619 5117 evenire
3649 5076 3745 5115 ne-

308 5156 499 5224 vatur,
551 5170 690 5208 cum
748 5153 808 5208 in
865 5150 1089 5206 caeteris
1122 5149 1181 5204 id
1211 5150 1292 5208 ita
1323 5149 1568 5207 minime
1600 5155 1853 5228 eveniat,
1884 5157 1966 5216 ita
2078 5158 2281 5225 queat,
2299 5157 2364 5209 ut
2384 5151 2571 5208 melos
2587 5149 2777 5206 ullum
2799 5148 3071 5220 ejusdem
3084 5147 3450 5204 conditionis
3466 5147 3569 5204 vel
3584 5147 3743 5204 modi

3902 5228 3905 5309 ί

374 5261 525 5338 (_6_92)
548 5260 848 5331 Scriptura
874 5257 1056 5329 hujus
1086 5257 1293 5327 figurae
1324 5256 1439 5314 ista
1495 5264 1583 5316 est
1611 5279 1624 5330 ;
1684 5265 1957 5338 superius
2149 5263 2372 5338 {693)}.
2406 5262 2656 5338 caeteris.

300 5332 547 5403 quidem
583 5348 595 5383 :
898 5400 933 5403 η
985 5400 997 5403 _
1079 5401 1089 5403 μ
1201 5400 1215 5403 _
1756 5332 1779 5338 “
2147 5332 2396 5389 Inferius
2428 5336 2629 5388 autem
2668 5346 2680 5383 :

440 5405 723 5473 Autontus
755 5400 859 5452 tibi
883 5400 1169 5469 diplasion
1201 5400 1310 5457 hoc
1340 5404 1537 5458 ordine
1566 5405 1761 5473 signat
2214 5408 2293 5459 Ac
2314 5422 2425 5458 vox
2456 5402 2727 5457 extremis
2757 5400 3047 5473 perpende
3074 5404 3141 5473 ut
3161 5400 3425 5473 redditur
3453 5416 3596 5455 una.

437 5474 611 5562 atqui
639 5471 936 5555 bicObinas
954 5489 1078 5562 ‘non
1105 5490 1277 5562 voces
1312 5475 1567 5562 sequitur
1614 5471 1882 5562 diapente
2211 5476 2458 5562 attende
2486 5480 2552 5562 ut
2579 5471 2791 5562 dictum
2826 5471 3108 5562 Ptolqmei
3136 5476 3345 5554 regnet
3361 5471 3435 5562 lin
3464 5488 3590 5525 ore.

434 5541 691 5618 Absonia
709 5544 840 5611 ginc
870 5551 1080 5618 natura
1102 5544 1287 5614 fugat,
1322 5541 1445 5617 quae
1467 5550 1591 5618 jam
1623 5541 1731 5603 tibi
1786 5557 1951 5607 notat
2206 5550 2397 5618 Atque
2414 5546 2565 5600 mela
2585 5547 2825 5602 istarum
2852 5544 3183 5618 panduntur
3197 5544 3258 5597 in
3278 5541 3486 5618 ordine
3503 5556 3727 5600 cuncta.

434 5617 676 5672 Ducitur
706 5622 796 5671 ast
828 5617 999 5679 binis,
1024 5618 1121 5671 sed
1156 5613 1406 5673 nondum
1453 5613 1720 5674 redditur
1764 5638 1880 5677 una
2206 5613 2351 5674 Dum
2381 5618 2608 5687 gemino
2639 5635 2748 5673 vox
2778 5613 2985 5670 ιιι-8011
3009 5613 3256 5685 pulchro
3308 5615 3548 5670 additur
3601 5632 3724 5669 una.

432 5688 614 5743 Aﬂ‘ert
643 5689 747 5744 hes
772 5689 883 5745 tibi
914 5690 1228 5744 concordes
1256 5692 1562 5761 praportio
1596 5691 1772 5762 dupla
2202 5691 2546 5763 Equisonis
2576 5691 2682 5744 sub
2722 5688 2816 5741 his
2846 5691 3071 5759 septem
3099 5692 3239 5743 sunt
3269 5687 3491 5742 absona
3542 5690 3723 5756 signa.
