3998 6198
334 347 358 613 ἓ

336 347 358 393 ί
400 326 457 382 S-
492 322 718 393 Hypate
747 317 1019 393 hypaton

148 368 302 463 Hii.“
336 368 358 463 θ
491 368 1083 463 βὲἷγᾞᾷζξᾝῖρἐιὶοη

145 440 358 536 ἓξδῆ
493 440 724 536 Ity-parte
734 440 1015 515 lichahos

143 522 280 563 ron'
336 522 357 607 ί
400 540 456 595 S.
489 522 957 607 Hypatemeson

400 594 461 665 Τ.
484 594 775 676 Parypate
802 613 1016 656 meson
1324 603 1342 676 )
1388 594 1515 676 Dia-

150 684 284 741 Dia-
339 670 360 743 ι
401 683 461 736 Τ.
496 670 785 734 Lichanos
813 684 1022 727 meson
1323 670 1344 743 ξ
1387 670 1599 743 ῐθεεει-Ι
1636 732 1696 743 Μ

147 736 263 830 ᾖξῇ
341 736 367 830 \
402 754 464 808 Τ.
496 752 647 830 Mese
1323 736 1344 808 )
1385 751 1520 792 ron.
1570 736 1591 830 (
1635 736 1770 830 Pia-

342 819 533 951 έυίε-
586 822 710 951 ΚΞ·
741 856 1385 951 tetatenim---
1570 819 1597 951 ἲ
1635 820 1750 930 Eon

407 908 616 1022 uisas-a2
651 908 713 982 Ti
741 908 876 981 ’Ϊῖίῒο
910 921 1389 990 diezeugmenon
1570 908 1598 1022 Κ
1639 908 1769 930 nun.

566 993 588 1004 -
651 999 694 1022 ’“
745 998 996 1022 “rm-mu
1037 991 1285 1022 ,ιςηηηηη

430 978 616 1057 ῗῗῗθθ)
651 978 712 1052 ’Ϊί
745 978 1000 1051 I’aranet
1036 978 1302 1057 diezeug.

404 1050 538 1093 ron‘
592 1050 615 1133 (
657 1050 713 1125 ἐξ
742 1050 873 1123 Net.
898 1050 1375 1133 diezeugmenon

652 1178 712 1231 Τ.
745 1174 896 1230 Trite
922 1167 1357 1243 hyperbolaeon
1584 1164 1600 1243 )
1644 1160 1772 1243 pia-

653 1250 714 1303 T.
744 1236 1028 1301 Paraneté
1056 1236 1491 1313 hyperbolaeon
1584 1236 1602 1313 ξ
1643 1236 1827 1287 tessa-

655 1253 714 1303 T.
744 1253 1028 1301 Paranete
1056 1253 1097 1297 [ι
1142 1253 1491 1313 pernoneon
1644 1253 1774 1287 resse

655 1321 715 1373 Τ.
751 1320 886 1373 Nete
915 1257 1368 1386 hyperbolaeon.
1584 1253 1604 1374 ς
1644 1317 1774 1358 ron.

227 1445 525 1515 Quoniam
564 1441 778 1515 inquit,
838 1438 1138 1511 diapason
1191 1428 1596 1490 consonantia
1647 1426 1825 1482 talem

150 1514 323 1595 vocis
357 1534 534 1591 efﬁcit
583 1514 1093 1603 conjunctionem,
1128 1528 1194 1579 ut
1236 1539 1393 1578 unus
1449 1523 1635 1590 atque
1664 1514 1825 1572 idem

152 1642 378 1684 nervus
410 1640 539 1680 esse
568 1621 865 1684 videatur,
916 1615 1099 1688 idque
1150 1607 1530 1686 Pythagorici
1580 1620 1825 1679 quoque

155 1715 559 1774 consentiunt.
600 1710 891 1776 Quocirca
921 1707 971 1761 si
1001 1718 1125 1777 qua
1148 1703 1199 1759 ei
1230 1697 1626 1757 consonantia
1652 1694 1827 1751 fuerit

153 1805 619 1876 addita,integra
642 1798 1051 1868 inviolataque
1083 1794 1371 1849 servatur.
1390 1790 1476 1844 Ita
1507 1786 1668 1843 enim
1698 1782 1825 1839 dia-

154 1910 358 1969 pason
381 1886 791 1948 consonantia!
822 1883 1064 1940 additur
1094 1880 1489 1941 diatessaron,
1529 1878 1823 1946 tanquam

156 1964 262 2042 uni
297 1998 501 2039 nervo.
535 1979 618 2035 Sit
645 1976 825 2048 igitur
880 1973 1183 2044 Diapason
1242 1964 1655 2029 consonantia,
1686 1978 1823 2035 quae

156 2073 534 2131 contineatur
558 2069 711 2124 inter
767 2065 990 2136 hypate
1017 2074 1249 2123 meson,
1283 2061 1340 2112 et
1382 2059 1515 2110 nete
1541 2053 1824 2121 diezeug-

159 2176 410 2219 menon.
438 2161 698 2228 Utraque
728 2154 857 2208 haec
895 2151 978 2206 ita
1009 2148 1121 2203 sibi
1152 2144 1445 2202 consentit
1474 2146 1653 2214 atque
1684 2155 1825 2195 con-

152 2250 429 2325 jungitur
458 2262 628 2312 sono,
663 2247 729 2299 ut
756 2256 879 2297 una
910 2255 1030 2295 vox
1060 2236 1236 2309 quasi
1268 2234 1446 2290 unius
1479 2230 1666 2299 nervi,
1699 2245 1823 2284 non

158 2321 339 2414 quasi
363 2336 624 2392 duorum
679 2330 887 2399 mixta,
918 2326 1102 2400 pellat
1134 2323 1427 2381 auditum.
1487 2321 1826 2385 Quamcun-

156 2410 282 2502 que
307 2424 485 2496 igitur
512 2422 653 2478 huic
684 2419 986 2491 diapason
1050 2410 1458 2470 consonantiae
1492 2421 1826 2463 consonan-

162 2494 313 2573 tiam
337 2494 736 2585 junxerimus,
769 2509 1042 2562 servatur
1069 2503 1318 2571 integra,
1352 2498 1496 2571 quia
1522 2497 1605 2552 ita
1628 2494 1828 2566 jungi-

163 2609 262 2662 tur
284 2583 596 2673 tamquam
619 2597 722 2652 uni
738 2593 967 2651 voculae
1000 2607 1069 2647 ac
1096 2605 1298 2645 nervo.
1319 2588 1375 2644 Si
1399 2586 1577 2656 igitur
1593 2583 1825 2673 Hypate

162 2707 380 2751 meson
404 2670 461 2746 et
485 2691 625 2746 Nete
655 2685 1147 2753 diezeugmenon,
1177 2679 1312 2733 duae
1342 2676 1402 2732 in
1431 2676 1674 2729 acutum
1703 2670 1827 2726 dia-

162 2789 440 2840 tessaron
472 2777 691 2834 fuerint
716 2769 1059 2846 junctaa,sic
1085 2766 1356 2840 jungitur
1378 2767 1514 2820 Nete
1545 2760 1712 2834 quod
1741 2764 1830 2815 est

164 2872 664 2939 diezeugmenon,
689 2879 759 2919 ea
779 2875 915 2933 quae
946 2862 1038 2914 est
1060 2859 1195 2913 Nete
1218 2850 1679 2926 hyperbolaeon;
1715 2848 1831 2939 Hyf

164 2965 310 3035 pate
339 2937 539 3014 autem
569 2967 801 3017 meson,
858 2964 932 3004 ea
958 2963 1094 3021 quae
1121 2949 1211 3001 est
1241 2959 1403 2999 mese
1428 2961 1441 2997 :
1471 2945 1724 3035 utraque
1750 2937 1830 2994 ad

163 3021 488 3117 utramque
515 3037 958 3100 consonabunt,
982 3038 1039 3089 et
1063 3048 1225 3087 mese
1257 3030 1337 3085 ad
1365 3032 1540 3084 neten
1555 3026 1828 3095 diezeug-
1860 3021 1899 3075 C

163 3115 418 3199 menon,
445 3136 501 3188 et
544 3128 753 3186 eadem
790 3140 952 3182 mese
987 3123 1066 3178 ad
1116 3123 1338 3194 hypate
1386 3132 1637 3183 meson;
1688 3115 1828 3170 item

161 3229 308 3283 nete
332 3219 759 3295 hyperbolaeon
817 3214 895 3271 ad
924 3217 1102 3269 neten
1133 3210 1624 3279 diezeugmenon,
1670 3207 1727 3274 et
1752 3203 1828 3295 ad

161 3292 397 3387 hypate
419 3292 650 3365 meson.
686 3309 825 3361 Item
861 3303 910 3358 si
942 3301 1021 3357 ad
1047 3298 1381 3369 graviorem
1427 3299 1661 3368 partem
1693 3292 1826 3348 utri-

96 3394 115 3407 ⁸
162 3381 323 3475 sque
351 3399 723 3455 diatessaron
771 3390 1175 3449 consonantiae
1203 3386 1560 3451 relaxentur,
1615 3382 1723 3438 erit
1752 3381 1830 3437 ad

162 3472 401 3556 mesen,
446 3484 611 3560 quod
669 3487 758 3539 est
798 3482 1091 3553 hypaton,
1150 3476 1523 3533 diatessaron
1571 3472 1831 3528 retinens

161 3576 551 3636 eonsantiam
582 3574 804 3645 hypate
829 3570 1120 3642 hypaton,
1159 3566 1234 3621 ad
1266 3569 1443 3620 neten
1477 3567 1677 3618 autem
1708 3560 1829 3615 die-

160 3678 547 3737 zeugmenon
597 3674 944 3734 paramese:
995 3653 1477 3724 consonabitque
1508 3655 1565 3707 et
1610 3651 1832 3722 hypate

158 3754 444 3825 hypaton
472 3751 528 3803 et
555 3746 777 3819 hypate
822 3757 1032 3798 meson
1064 3739 1142 3795 ad
1172 3743 1305 3795 nete
1336 3737 1826 3806 diezeugmenon.

157 3824 645 3913 Adiparamesen
676 3837 875 3889 autem
906 3834 1039 3886 nete
1078 3829 1571 3913 diezeugmenon,
1618 3828 1676 3879 et
1724 3824 1832 3913 hy:-

158 3909 313 4001 pate
346 3936 576 3985 meson,
603 3917 708 3974 sed
739 3933 810 3973 eo
845 3914 1049 3981 modo,
1105 3917 1169 3968 ut
1192 3911 1448 3982 gravior,
1477 3926 1611 3983 qua:
1645 3909 1827 3965 estad

160 3999 287 4071 sibi
315 4010 557 4084 quidem
590 4006 954 4080 proximam,
1005 4002 1379 4059 diatessaron
1408 3999 1657 4054 retineat
1687 4014 1830 4053 con-

162 4100 519 4161 sonantiam
544 4117 557 4154 :
583 4097 660 4153 ad
683 4095 1022 4151 ulteriorem
1046 4106 1187 4147 vero
1209 4090 1580 4145 diatessaron
1611 4102 1679 4142 ac
1705 4087 1831 4142 dia-

1500 176 1757 238 MUSICA
1788 174 2278 238 ENCHIRIADIS.

3514 197 3616 248 9’78

1839 303 1889 355 Α
1924 313 2139 372 pason,
2174 305 2259 357 ut
2294 300 2537 374 hypate
2583 308 2847 381 hypaton
2892 312 2967 367 ad
3015 313 3234 385 hypate
3260 329 3466 369 meson
3495 316 3615 373 dia-

1925 393 2248 461 tessaron,
2317 390 2401 445 ad
2482 401 2656 452 neten
2719 398 3183 469 diezeugmenon
3246 401 3612 459 diatessaron

1927 493 1997 534 ac
2020 475 2387 549 diapason.
2420 486 2559 539 Item
2586 491 2715 542 nete
2736 487 3179 559 hyperbolaeon,
3210 506 3346 561 quze
3368 494 3453 545 est
3478 505 3613 546 acu-

1926 565 2039 623 tior
2069 564 2151 620 ad
2180 564 2332 622 sibi
2366 572 2695 641 proximam
2720 579 2891 630 neten
2943 575 3432 646 diezeugmenon,
3485 577 3610 633 dia-

1929 659 2213 712 tessaron
2284 662 2760 718 consonantiam.
2817 663 2904 718 Ad
2940 664 3159 735 hypate
3218 680 3426 719 meson
3476 665 3607 721 dia-

1930 749 2209 801 tessaron
2283 761 2355 801 ac
2410 747 2718 821 diapason,
2779 754 2836 805 et
2888 755 3117 807 caetera.
3174 754 3303 806 Haec
3360 753 3603 823 quidem

1934 833 2190 892 Boeﬁus.

2567 963 2794 1018 CAPUT
2831 965 2983 1017 XVII.

2064 1087 2149 1142 De
2179 1087 2397 1142 ordine
2418 1085 2978 1158 'consonantz‘arum,
3011 1089 3403 1144 consonantia
3434 1094 3485 1143 ct

2532 1178 2591 1231 in
2600 1178 3013 1233 consonantia.

2010 1305 2299 1358 Praeterea
2328 1301 2402 1357 de
2460 1301 2756 1374 diapason
2786 1301 2874 1357 vel
2933 1302 3323 1375 disdiapason
3352 1317 3470 1356 non
3514 1306 3599 1357 est

1937 1408 2093 1464 opus
2151 1391 2416 1465 amplius
2448 1391 2873 1464 descriptione,
2932 1408 3064 1463 quae
3121 1392 3201 1447 ita
3257 1390 3601 1446 naturaliter

1937 1477 2108 1532 omni
2132 1476 2288 1532 aetati
2317 1475 2378 1531 in
2402 1475 2674 1531 canendo
2706 1480 3045 1545 occurrunt,
3066 1479 3131 1530 ut
3159 1479 3281 1531 arte
3303 1474 3451 1530 tradi
3478 1490 3600 1530 non

1937 1571 2173 1637 egeant,
2206 1569 2557 1637 constatque
2581 1566 2724 1621 satis
2749 1565 2976 1621 dictum
3009 1566 3070 1620 in
3094 1565 3457 1637 symphonia
3486 1564 3600 1619 dis-

1856 1666 1898 1719 B
1937 1655 2258 1729 diapason,
2308 1654 2576 1710 mediam
2631 1655 2709 1709 ad
2748 1658 3035 1726 utrasque
3088 1659 3301 1710 octava
3355 1655 3599 1723 regione

1937 1740 2211 1808 conferri,
2273 1744 2569 1795 extremas
2628 1738 2741 1794 sibi
2770 1738 2905 1794 loco
2936 1739 3146 1810 quinto
3199 1737 3434 1792 decimo
3477 1753 3601 1791 res-

1933 1829 2223 1903 pondere.
2260 1828 2590 1885 Dicendum
2653 1832 2879 1891 tamen,
2913 1844 3046 1899 quae
3104 1827 3180 1881 sit
3231 1841 3517 1881 mensura
3543 1825 3604 1880 in

1936 1918 2186 1988 singulis
2215 1916 2575 1989 symphonis
2608 1915 2872 1989 propria.
2907 1916 3148 1971 Constat
3174 1931 3439 1986 namque
3472 1914 3602 1969 dia-

1936 2011 2209 2063 tessaron
2231 2006 2600 2079 symphonia
2621 2021 2692 2060 ex
2714 2004 2956 2060 duobus
2978 2004 3134 2060 tonis
3156 2020 3226 2059 ac
3259 2003 3594 2069 semitonio,

1936 2113 2009 2153 ex
2040 2097 2262 2170 quibus
2293 2096 2537 2152 duabus
2596 2098 2830 2151 constat
2861 2093 3228 2165 symphonia
3256 2092 3599 2165 diapason.

1937 2186 2120 2257 Igitur
2149 2184 2595 2241 absolutissime
2635 2183 2696 2238 in
2749 2182 3047 2254 diapason
3082 2180 3447 2253 symphonia
3472 2196 3603 2235 ma-

1932 2275 2064 2346 jore
2091 2290 2213 2347 prae
2242 2272 2469 2328 caeteris
2521 2270 2884 2345 perfectione
2934 2270 3185 2325 diversae
3212 2269 3290 2324 ad
3346 2268 3603 2324 invicem

1935 2380 2114 2420 voces
2142 2366 2448 2418 resonant.

2012 2487 2287 2546 Secunda
2314 2486 2394 2542 ab
2423 2487 2538 2542 hac
2565 2488 2655 2541 est
2687 2482 3058 2556 symphonia
3106 2482 3408 2555 diapente.
3443 2485 3514 2537 At
3543 2481 3605 2536 in

1936 2578 2339 2648 diatessaron,
2379 2575 2670 2647 quoniam
2720 2589 2845 2628 non
2876 2588 2983 2645 per
3024 2588 3267 2628 omnem
3314 2587 3607 2627 sonorum

1939 2666 2152 2722 seriem
2182 2664 2413 2737 quartis
2438 2663 2583 2719 locis
2610 2662 2871 2718 suaviter
2893 2661 3006 2717 sibi
3035 2662 3330 2735 phthongi
3357 2676 3607 2717 concor-

1938 2756 2104 2824 dant,
2122 2754 2259 2810 ideo
2284 2769 2396 2809 nec
2426 2752 2700 2808 absolute
2723 2756 2787 2807 ut
2814 2751 2877 2806 in
2909 2751 3135 2807 caeteris
3164 2749 3607 2822 symphoniaca

1941 2843 2134 2900 editur
2164 2841 2480 2898 cantilena.
2516 2844 2670 2910 Ergo
2694 2841 2755 2896 in
2781 2840 2898 2895 hoc
2925 2855 3140 2910 genere
3167 2839 3460 2894 cantionis
3492 2853 3601 2893 sua

1939 2932 2209 3005 quadam
2239 2930 2370 3001 lege
2397 2929 2648 2985 vocibus
2678 2945 2858 2985 voces
2885 2928 3170 2984 divinitus
3202 2927 3601 2983 accomodan-

1939 3025 2035 3077 tur
2060 3039 2072 3087 ;
2106 3035 2213 3093 per
2241 3034 2490 3075 omnem
2515 3018 2674 3073 enim
2708 3033 2996 3073 sonorum
3029 3017 3242 3072 seriem
3270 3016 3438 3071 tritus
3468 3015 3605 3070 sub-

1940 3114 2193 3183 quartus
2217 3109 2654 3179 (695),deutero
2672 3107 2841 3163 solus
2870 3124 2907 3163 a
2938 3107 3305 3179 symphonia
3326 3105 3610 3173 deﬁcit,et

1940 3201 2309 3256 inconsonus
2339 3197 2391 3252 ei
2423 3196 2694 3263 efﬁcitur,
2726 3213 2797 3252 eo
2828 3196 2997 3269 quod
3043 3195 3204 3250 solus
3234 3195 3607 3250 diatessaron

1942 3286 2319 3361 symphoniae
2360 3301 2709 3341 mensuram
2767 3284 3085 3350 excedens,
3143 3283 3331 3339 tribus
3361 3282 3606 3351 integris

1941 3377 2096 3434 tonis
2126 3375 2423 3449 a'praefato
2437 3391 2587 3430 sono
2608 3374 2942 3443 elongatur,
2960 3374 3055 3429 cui
3068 3376 3259 3429 exstat
3280 3372 3608 3443 subsquar—

1941 3471 2054 3522 tus.
2088 3467 2463 3537 Quapropter
2488 3468 2545 3518 et
2565 3478 2703 3527 vox,
2732 3479 2868 3534 quae
2899 3460 3204 3531 organalis
3228 3460 3465 3523 dicitur,
3498 3454 3605 3514 vo-

1941 3570 2072 3609 cem
2103 3553 2372 3618 alteram,
2406 3567 2542 3623 quie
2592 3554 2838 3605 vocatur
2866 3548 3235 3621 principalis,
3298 3562 3369 3601 eo
3417 3546 3605 3601 modo

1940 3640 2210 3698 comitari
2242 3639 2409 3706 solet,
2434 3643 2498 3693 ut
2524 3640 2585 3693 in
2614 3637 2881 3709 quolibet
2912 3634 3387 3696 tetrachordo,in
3415 3633 3606 3705 quali-

1936 3732 2039 3787 bet
2066 3727 2380 3803 particula,
2412 3744 2523 3783 nec
2552 3725 2709 3782 infra
2740 3726 3064 3782 tetrardum
3099 3740 3317 3779 sonum
3349 3722 3599 3778 descen-

1939 3818 2042 3874 dat
2068 3814 2384 3889 positionc,
2427 3830 2537 3869 nec
2590 3812 2966 3869 inchoatione
3022 3811 3265 3881 levetur,
3326 3810 3599 3865 obstante

1941 3907 2054 3963 triti
2085 3904 2214 3961 soni
2243 3902 2724 3970 inconsonantia,
2746 3901 2849 3974 qui
2875 3901 3133 3956 tetrardo
3162 3904 3250 3955 est
3271 3899 3602 3954 subsecun-

1940 3996 2074 4052 dus.
2106 3996 2247 4061 Quae
2277 3998 2341 4048 ut"
2364 3992 2657 4048 lucidiora
2681 3992 2849 4047 ﬁant.
2900 3989 3156 4062 exempli
3200 3987 3598 4060 descriptione

1940 4088 2295 4150 statuantur,
2327 4086 2503 4155 prout
2524 4081 2746 4153 posssit
2773 4080 2900 4136 ﬁeri
2930 4080 3041 4135 sub
3064 4083 3393 4152 aspectum.

3255 4589 3593 4603 Μ

737 4239 784 4308 ,1
1644 4230 1853 4298 maris\
2183 4227 2400 4308 Ϋᾼῌῌ
2933 4221 3128 4296 squali
3145 4225 3160 4292 \

633 4302 1760 4405 ΤῨὛ

1982 4328 1996 4395 t
2228 4326 2260 4405 ,l
2356 4404 2361 4405 ν
2494 4322 2895 4405 νῇῌὶῇᾂξί
3081 4320 3168 4389 dit
3243 4304 3291 4310 H
3368 4304 3373 4307 Δ
3473 4304 3476 4306 ⁷
3583 4302 3599 4306 ”

633 4437 674 4490 Τ
765 4434 791 4503 /
1402 4426 1514 4496 do/
1981 4423 2068 4493 di\
2253 4421 2261 4494 |
2432 4502 2437 4503 ν
2476 4421 2797 4503 ﬂiiwni/i
2830 4420 3303 4503 ___‘__q_u_e_\

634 4533 670 4588 S
736 4532 787 4601 [³
840 4511 2185 4601 ψ-ῙῘ-Ἶῆἣῇἰ
2240 4522 2248 4590 |
2508 4519 2690 4601 inis/
2914 4516 3135 4588 squali\

628 4631 669 4685 T
733 4630 781 4699 ρ
831 4610 2149 4693 Ἥήᾟ--Ἦξοκ
2237 4620 2245 4688 ι
2520 4614 2940 4699 ίιᾳζῇιίάίί
3099 4611 3187 4680 di\
3306 4610 3404 4677 so/

628 4729 669 4782 T
741 4728 777 4796 '1
838 4708 1945 4793 "W
1992 4708 2094 4787 617
2239 4718 2246 4787 ι
2386 4716 2501 4786 Ty/
2579 4712 2855 4779 tanisni/
3183 4709 3332 4781 que/

630 4827 772 4892 Τί)

244 4995 341 5054 Ad
364 4995 521 5050 hanc
551 4991 1011 5065 descriptionem
1060 4989 1333 5046 canendo
1363 4986 1533 5044 facile
1566 4986 1833 5053 sentitur,
1878 4988 1921 5041 D
1951 4985 2012 5040 in
2036 4999 2227 5039 unum
2288 4980 2664 5051 conveniant,
2719 4978 2883 5051 quod
2940 4976 3122 5032 modo
3154 4974 3382 5039 altiora,
3413 4973 3597 5029 modo

152 5084 490 5162 quomodo
541 5082 603 5138 in
659 5080 970 5153 descriptis
1034 5078 1275 5135 duobus
1330 5075 1637 5142 membris,
1685 5074 1837 5130 sicut

155 5175 393 5234 subtus
419 5175 453 5243 ’1
483 5170 819 5227 retrardum
852 5185 1090 5235 sonum,
1117 5166 1419 5239 organalis
1447 5182 1567 5221 vox
1596 5179 1838 5237 respon—

155 5279 320 5323 sum
344 5261 604 5334 incipere
629 5276 753 5316 non
782 5263 995 5332 potest,
1050 5258 1131 5314 ita
1162 5256 1374 5312 subtus
1402 5254 1683 5310 eumdem
1714 5268 1835 5309 non

152 5351 342 5411 valet
372 5349 666 5423 positione
718 5347 1020 5421 progredi,
1077 5350 1133 5402 et
1159 5345 1239 5403 ob
1296 5345 1411 5400 hoc
1461 5343 1523 5398 in
1552 5342 1837 5398 ﬁnalitate

149 5439 549 5519 positionum
578 5454 613 5493 a
638 5453 784 5493 voce
810 5436 1121 5509 principali
1169 5438 1514 5506 occupetur,
1547 5435 1608 5486 ut
1641 5432 1835 5487 amhm

254 5636 405 5709 (695)
436 5636 536 5692 ΒΖ.
566 5636 744 5692 tritus
769 5637 1023 5707 quartus
1052 5632 1440 5702 subquartus,
1470 5634 1580 5686 etc.

1945 5071 2361 5130 summissiora
2391 5070 2522 5126 loca
2555 5084 2849 5139 organum
2879 5070 3059 5139 petat.

2550 5158 2778 5213 CAPUT
2810 5159 2989 5211 XVIII.

1948 5251 2244 5321 Quomodo
2273 5247 2707 5319 altiora,modo
2736 5245 3118 5300 submissiora
3153 5245 3282 5301 loca
3303 5258 3597 5314 organum

2672 5340 2859 5405 petat.

2022 5432 2171 5497 Ergo
2199 5426 2486 5499 quoniam
2506 5423 2768 5497 praedicti
2784 5422 3030 5494 Iimitis‘]
3043 5422 3417 5495 oppositione
3432 5417 3596 5475 brevi
