3998 6198
180 221 265 273 981
1517 216 1773 275 MUSICA
1824 211 2295 271 ENCHIRIADIS.

3543 230 3646 284 982

181 358 287 396 vox
316 342 631 410 organalis
658 341 922 413 incipiat,
947 345 1003 395 et
1032 341 1091 397 in
1123 360 1194 398 eo
1228 344 1491 409 finiatur,
1521 358 1630 398 nec
1668 339 1854 396 infra-
1891 342 1936 392 A
1966 335 2166 392 dicare
2192 353 2554 411 possumus,
2600 336 2786 412 sitne,
2817 346 2947 399 rata
2978 345 3207 402 factura
3228 346 3384 413 meli,
3406 347 3646 418 dignos-

181 431 378 501 ipsum
432 431 626 503 possit
670 429 975 503 progredi,
1028 431 1163 486 trito
1201 435 1218 499 /
1256 432 1529 487 videlicet
1580 430 1857 487 obstante

181 535 349 587 sono,
381 520 511 592 qui,
546 524 611 575 ut
630 521 763 590 jam
796 534 954 590 saepe
977 518 1206 575 dictum
1238 527 1348 589 est,
1407 522 1483 577 ad
1540 520 1857 576 deuterum

182 613 373 663 exstat
402 610 793 663 inconsonus.

254 698 617 770 Superticies
642 697 928 769 quaedam
964 697 1109 752 artis
1137 699 1379 753 musicae
1399 713 1508 770 pro
1529 699 1746 752 ornatu
1768 709 1861 748 ec-

183 787 651 843 clesiasticorum
668 786 1010 842 carminum
1035 791 1343 859 utcunque
1356 788 1413 842 in
1436 787 1528 843 his
1545 785 1860 854 designata

185 876 277 931 sit.
311 877 457 941 Quae
488 878 643 930 certe
674 889 794 930 non
822 872 1031 929 minus
1063 875 1470 930 venerabilem
1514 872 1609 928 sui
1642 887 1858 944 specu-

182 965 467 1021 lationem
498 969 557 1019 et
586 965 829 1019 interius
860 962 1029 1032 gerit.
1055 964 1172 1019 Cur
1202 979 1468 1037 namque
1501 962 1709 1033 aliqua
1735 966 1857 1016 tam

184 1054 345 1109 dulci
400 1055 477 1109 ad
530 1053 784 1109 invicem
831 1052 1253 1108 commistione
1300 1051 1705 1118 consentiant,
1759 1049 1856 1104 alii

184 1160 326 1198 vero
358 1143 491 1198 soni
523 1142 635 1197 sibi
669 1141 906 1197 misceri
946 1142 1216 1197 nolentes
1246 1141 1577 1198 insuaviter
1636 1139 1857 1195 discre-

184 1237 348 1304 pent,
381 1231 790 1303 profundioris
820 1228 1160 1303 divinaeque
1184 1235 1271 1286 est
1298 1230 1562 1297 rationis,
1589 1231 1646 1283 et
1667 1228 1727 1284 in
1748 1228 1855 1285 ali-

181 1320 409 1391 quibus
435 1319 586 1374 intvr
620 1318 992 1373 alvlitissima
1018 1324 1246 1373 naturae
1278 1319 1533 1375 latentis.
1562 1319 1855 1373 Constant

178 1409 449 1481 plurima
467 1424 649 1479 super
672 1409 785 1462 hac
808 1407 1037 1462 ratione
1060 1408 1284 1481 scripta
1316 1412 1602 1471 veterum,
1626 1407 1683 1462 in
1708 1423 1853 1479 quo-

178 1514 317 1551 rum
350 1497 590 1551 labores
623 1504 679 1551 et
709 1497 766 1550 in
796 1497 908 1551 hac
934 1502 1101 1567 parte
1129 1512 1240 1551 nos
1294 1497 1582 1551 Dominus
1631 1495 1850 1550 intrare

179 1586 498 1641 concessit.
534 1585 634 1639 ubi
668 1585 1105 1656 probatissimis
1138 1586 1507 1655 argumentis
1547 1584 1847 1649 astruitur,

176 1676 345 1747 quod
377 1675 650 1743 ejusdem
680 1674 1104 1728 moderationis
1129 1675 1299 1741 ratio,
1347 1690 1479 1745 quae
1534 1674 1848 1728 concinen-

176 1764 290 1817 tias
322 1767 616 1832 temperat
649 1777 884 1824 vocum,
920 1761 1265 1815 mortalium
1321 1765 1562 1815 naturas
1617 1758 1849 1814 modiﬁ-

176 1855 292 1919 cet,
322 1850 611 1921 quodque
640 1848 853 1903 iisdem
886 1864 1280 1903 numerorum
1312 1847 1605 1921 partibus,
1626 1845 1847 1920 quibus

177 1940 293 1993 sibi
321 1938 518 1993 collati
548 1938 871 2009 inaequales
897 1938 1029 1992 soni
1052 1938 1442 2001 concordant,
1474 1943 1529 1992 et
1558 1937 1689 1991 vitre
1708 1951 1845 1992 cum

174 2026 538 2099 corporibus
570 2030 623 2079 et
651 2027 1139 2096 compugnantiae
1167 2026 1620 2093 elementorum,
1656 2029 1844 2079 totus-

173 2132 297 2189 que
340 2115 604 2170 mundus
636 2114 958 2170 co::cordia
988 2120 1209 2170 (eterna
1240 2114 1461 2169 coierit.

812 2240 1038 2294 CAPUT
1091 2239 1218 2294 XIX.

175 2361 356 2428 Quod
383 2361 442 2414 in
465 2359 765 2431 aliquibus
796 2362 1049 2415 rationis
1080 2361 1260 2429 hujus
1288 2359 1679 2429 profunditas
1737 2362 1842 2414 mi-

686 2465 797 2504 nus
828 2450 903 2504 sil
928 2451 1343 2519 penetrabilis.

252 2581 480 2635 Fictum
515 2586 604 2636 est
659 2580 736 2635 ab
794 2582 1075 2655 antiquis,
1135 2581 1431 2636 Aristeum
1492 2580 1843 2650 Eurydicem

174 2667 521 2739 nympham
553 2668 770 2738 Orphei
796 2668 1114 2737 conjugem
1148 2667 1490 2731 adamasse,
1543 2682 1845 2738 quemque

173 2756 334 2810 dum
363 2754 461 2810 illa
492 2772 552 2809 se
586 2761 937 2826 sequentem
970 2755 1195 2825 fugeret
1231 2773 1267 2809 a
1298 2759 1572 2827 serpente
1591 2754 1843 2809 exstinc-

178 2851 240 2899 ta
277 2844 372 2898 sit.
403 2844 728 2915 Orpheum,
753 2846 923 2915 cujus
949 2857 1169 2899 nomen
1206 2844 1579 2916 Oreophone,
1622 2844 1680 2898 id
1735 2848 1841 2910 est,

172 2932 412 3004 optima
440 2949 574 3000 vox,
606 2938 797 3001 sonat,
822 2934 880 2988 in
910 2938 1150 2989 cantore
1184 2934 1370 3005 perito
1402 2949 1505 2987 seu
1532 2932 1871 2993 dulcisono,

170 3026 365 3076 cantu
395 3020 802 3090 intelligimus,
832 3022 1003 3092 cujus
1034 3023 1385 3093 Eurydicen,
1424 3022 1482 3076 id
1543 3026 1652 3088 est,
1713 3037 1846 3095 pro-

174 3108 441 3164 fundam
472 3108 985 3179 dijuilicationem.
1021 3110 1066 3163 si
1097 3111 1232 3181 quis
1259 3110 1348 3164 vir
1401 3108 1619 3179 bonus,
1679 3109 1845 3182 quod

175 3197 447 3253 Aristeus
474 3190 913 3269 interpretatur,
946 3199 1213 3254 amando
1235 3198 1520 3271 sequitur,
1553 3214 1628 3254 ne
1678 3199 1844 3271 peni-

174 3295 285 3343 tus
321 3287 498 3341 teneri
532 3288 738 3358 possit,
773 3288 947 3360 quasi
977 3303 1085 3361 per
1116 3295 1452 3360 serpentem
1498 3287 1705 3343 divina
1755 3288 1844 3343 in-

178 3376 493 3447 tercipitur
521 3376 858 3448 prudentia.
896 3377 1006 3433 Sed
1037 3377 1181 3431 dum
1216 3392 1421 3431 rursus
1464 3392 1570 3448 per
1620 3377 1845 3449 Orphe-

174 3481 312 3527 um,
370 3464 429 3519 id
498 3471 603 3532 est,
650 3481 771 3537 per'
799 3467 1095 3537 optimum
1146 3465 1455 3521 cantilenae
1514 3483 1752 3536 sonum,
1811 3482 1849 3521 a

172 3554 426 3609 secretis
453 3554 574 3609 suis
608 3571 675 3609 ac
700 3555 749 3609 si
780 3555 858 3610 ab
891 3555 1090 3610 inferis
1137 3560 1435 3624 evocatur,
1496 3556 1846 3624 imaginarie

176 3644 536 3717 perducitur
565 3661 753 3716 usque
784 3645 843 3699 in
904 3661 1081 3699 auras
1134 3646 1314 3717 hujus
1366 3646 1517 3715 vitae,
1577 3646 1846 3718 dumque

170 3732 374 3787 videri
396 3733 649 3791 videtur.
680 3734 986 3790 amittitur.
1020 3735 1245 3789 Scilicet
1267 3735 1409 3805 quia
1440 3734 1591 3790 inter
1612 3740 1844 3801 caetera,

168 3839 321 3894 quae
374 3822 569 3877 adhuc
601 3840 673 3878 ex
731 3830 898 3895 parte
956 3830 1013 3879 et
1067 3824 1127 3878 in
1169 3826 1484 3894 aenigmate
1524 3824 1842 3891 cernimus,

168 3912 309 3966 haec
352 3911 528 3966 etiam
551 3912 866 3985 disciplina
904 3913 1065 3967 haud
1099 3913 1175 3968 ad
1220 3913 1468 3985 plenum
1517 3913 1697 3970 habet
1754 3931 1845 3970 ra-

173 4000 414 4054 tionem
442 3999 501 4054 in
534 4001 645 4056 hac
690 4002 809 4056 vita
838 4001 1292 4074 penetrabilem.
1332 4003 1385 4058 Si
1418 4003 1663 4075 quidem
1693 4003 1845 4075 diju-

1967 441 2097 480 cere
2118 428 2434 499 qualitates
2462 439 2782 485 sonorum
2811 435 2988 504 atque
3017 434 3358 505 modorum,
3397 440 3455 492 et
3508 436 3642 492 reli-

1966 530 2087 586 qua
2117 516 2297 587 hujus
2319 517 2482 572 artis.
2522 516 2680 568 Item
2709 532 3031 589 possumus
3060 522 3423 578 musicorum
3472 539 3645 579 sono-

1966 620 2101 658 rum
2128 606 2320 677 spatia
2347 605 2440 660 vel
2470 616 2710 660 vocum
2744 610 3131 681 symphonias
3151 610 3228 665 ad
3248 626 3637 667 numerorum

1966 692 2257 749 rationem
2281 695 2616 755 adducere,
2653 699 3057 754 consonantiae
3088 703 3265 771 atque
3296 698 3635 771 discrepan-

1966 783 2060 838 tiae
2084 784 2382 855 quasdam
2402 781 2684 838 rationes
2711 787 2976 843 reddere.
3011 788 3323 852 Quomodo
3343 803 3479 843 vero
3498 793 3628 844 tan-

1966 874 2087 927 tam
2121 887 2259 928 cum
2292 871 2517 927 animis
2550 873 2771 929 nostris
2820 875 3050 930 musica
3096 875 3626 931 commutationem

1965 963 2022 1015 et
2042 960 2383 1016 societatem
2415 958 2665 1031 habeat,
2700 963 2806 1018 etsi
2838 963 3079 1031 scimus,
3112 962 3378 1034 quadam
3409 977 3520 1017 nos
3552 962 3625 1016 si-

1964 1048 2294 1105 militudine
2320 1065 2457 1105 cum
2492 1046 2593 1103 illa
2627 1054 2996 1123 compactos,
3028 1050 3256 1107 edicere
3319 1049 3397 1105 ad
3450 1049 3625 1121 liqui-

1963 1138 2111 1193 dum
2132 1155 2253 1194 non
2282 1139 2577 1205 valemus,
2626 1155 2748 1195 inec
2796 1139 2993 1195 solum
3049 1138 3377 1209 dijudicare
3430 1137 3621 1193 melos

1961 1243 2284 1300 possumus
2307 1244 2379 1283 ex
2425 1228 2673 1300 propria
2726 1228 3103 1284 naturalitate
3151 1242 3461 1295 sonorum,
3513 1225 3617 1280 sed

1962 1317 2138 1371 etiam
2167 1333 2387 1372 rerum.
2414 1319 2565 1372 Nam
2596 1316 2845 1372 affectus
2874 1332 3096 1385 rerum,
3127 1332 3263 1387 qua;
3294 1317 3612 1379 canuntur,

1960 1411 2188 1479 oportet
2218 1412 2281 1460 ut
2310 1405 2571 1461 imitetur
2600 1406 2892 1461 cantionis
2924 1404 3191 1473 affectus,
3226 1409 3288 1458 ut
3343 1403 3405 1458 in
3456 1407 3615 1458 tran-

1958 1494 2156 1566 quillm
2185 1493 2300 1549 sint
2330 1509 2587 1560 neumae,
2622 1493 2905 1549 laetisonm
2931 1492 2992 1547 in
3008 1491 3311 1563 jucundis,
3352 1506 3614 1546 mceren-

1958 1588 2044 1637 tes
2067 1584 2125 1637 in
2158 1582 2441 1647 tristibus,
2474 1597 2612 1653 quae
2641 1583 2789 1638 dure
2817 1585 2959 1637 sunt
2980 1580 3138 1636 dicta
3166 1579 3260 1636 vel
3286 1579 3462 1645 facta,
3505 1578 3616 1633 du-

1891 1694 1931 1746 B
1956 1671 2037 1727 ris
2059 1670 2293 1726 neumis
2319 1672 2597 1743 exprimi,
2623 1671 2853 1737 subitis,
2887 1669 3190 1734 clamosis,
3219 1667 3497 1735 incitatis,
3558 1672 3614 1721 et

1956 1759 2035 1815 ad
2060 1764 2304 1814 caeteras
2325 1759 2642 1831 qualitates
2673 1762 2998 1814 eventuum
3041 1760 3098 1811 et
3141 1754 3465 1811 affectuum
3513 1753 3614 1809 de-

1954 1848 2243 1902 formatis.
2277 1851 2419 1902 Item
2439 1852 2506 1902 ut
2535 1847 2595 1901 in
2626 1862 2814 1901 unum
2860 1845 3250 1902 terminentur
3305 1842 3612 1916 particulae

1953 1950 2314 1991 neumarum
2346 1940 2525 2007 atque
2556 1934 2899 1990 verborum.
2924 1939 2987 1990 In
3019 1933 3237 1989 talibus
3265 1948 3403 1987 cum
3451 1932 3611 2002 judi-

1952 2024 2107 2081 catio
2138 2031 2342 2081 nostra
2367 2040 2497 2081 esse
2527 2024 2735 2095 possit,
2775 2023 2950 2096 plura
3004 2026 3143 2077 sunt
3198 2026 3419 2089 tamen,
3475 2038 3610 2094 quae

1953 2128 2065 2168 nos
2097 2112 2211 2167 sub
2240 2112 2441 2167 causis
2469 2110 2896 2167 occultioribus
2921 2110 3162 2166 lateant.

2026 2202 2171 2256 Sunt
2194 2200 2492 2256 interdum
2522 2215 2639 2266 res,
2665 2214 2801 2270 quae
2828 2202 2885 2254 et
2909 2198 3024 2253 hoc
3052 2203 3213 2265 tono,
3246 2200 3303 2252 et
3326 2196 3426 2252 illo
3467 2201 3610 2253 tono

1951 2303 2121 2360 asque
2152 2292 2547 2357 congruenter
2575 2286 2962 2357 recipiuntur,
2988 2291 3053 2342 ut
3081 2284 3311 2341 cantari
3338 2285 3606 2358 possint:

1952 2383 2093 2433 sunt
2128 2377 2427 2432 interdum
2470 2392 2583 2442 res,
2643 2391 2776 2447 quae
2832 2376 3082 2432 minime
3128 2391 3304 2430 suum
3363 2391 3609 2431 sensum

1952 2480 2119 2538 usque
2149 2465 2289 2521 huic
2319 2470 2376 2521 et
2399 2465 2481 2520 illi
2504 2470 2645 2521 tono
2676 2465 3028 2535 attribuant,
3062 2466 3143 2521 ita
3194 2469 3259 2521 ut
3309 2464 3358 2520 si
3415 2470 3609 2520 trans-

1952 2560 2258 2629 portantur
2286 2559 2390 2610 aut
2434 2552 2695 2627 priorem
2742 2554 3125 2611 dulcedinem
3177 2570 3299 2610 non
3357 2558 3608 2620 servent,

1954 2647 2058 2699 aut
2082 2643 2159 2698 ad
2187 2658 2430 2698 sensum
2453 2641 2794 2699 indecentes
2824 2644 2991 2700 ﬁant.
3038 2644 3323 2700 Dicuntur
3369 2642 3508 2698 ferae
3556 2646 3614 2699 et

1952 2748 2091 2790 aves
2113 2732 2311 2788 modis
2332 2732 2700 2805 quibusdam
2712 2732 2995 2789 delectari
3016 2733 3210 2803 magis
3231 2748 3419 2806 quam
3441 2731 3570 2788 aliis
3594 2750 3608 2800 ;

1955 2822 2061 2876 sed
2092 2836 2279 2893 quare
2311 2828 2414 2877 aut
2441 2821 2754 2893 quomodo
2783 2823 2913 2877 haec
2943 2822 3129 2879 aliave
3159 2822 3295 2891 sint,
3344 2838 3468 2877 non
3522 2821 3609 2878 fa—

1954 2910 2063 2966 cile
2082 2910 2489 2979 investigatur.
2516 2910 2695 2979 Igitur
2724 2928 2858 2983 quae
2877 2911 2939 2967 in
2992 2913 3106 2968 hac
3148 2915 3272 2967 arte
3329 2914 3449 2967 Deo
3501 2910 3610 2966 do-

1952 3003 2136 3055 nante
2167 2999 2458 3072 sapimus,
2482 3005 2727 3055 utamur
2756 3000 2840 3056 eis
2872 3006 3101 3058 tantum
3156 3000 3218 3057 in
3276 3001 3378 3057 Dei
3422 3000 3612 3056 laudi-

1953 3089 2089 3157 bus,
2117 3093 2171 3144 et
2198 3104 2290 3159 ea,
2318 3105 2454 3161 quae
2484 3088 2789 3146 laboriosa
2813 3095 3083 3147 veterum
3102 3090 3488 3160 indagatione
3509 3105 3614 3145 no-

1953 3176 2045 3231 bis
2073 3176 2317 3233 inventa
2348 3183 2508 3247 sunt,
2531 3194 2920 3235 assumamus
2974 3178 3035 3235 in
3083 3178 3420 3249 jubilando,
3465 3178 3612 3235 cele-

1951 3256 2209 3333 brando,
2230 3267 2525 3335 canendo,
2543 3284 2680 3340 quas
2710 3270 2773 3324 in
2795 3269 3096 3341 prioribus
3125 3267 3611 3338 generationibus

1953 3371 2076 3410 non
2109 3360 2248 3410 sunt
2276 3357 2479 3426 agnita
2507 3356 2643 3411 ﬁliis
2668 3358 3008 3425 hominum,
3042 3357 3146 3413 sed
3172 3372 3335 3411 nunc
3353 3357 3613 3413 revelata

1955 3448 2094 3499 sunt
2125 3444 2342 3499 sanctis
2373 3447 2522 3517 ejus.

2026 3532 2241 3588 Pandit
2268 3534 2459 3590 multa
2490 3534 2735 3590 musicae
2768 3536 2911 3591 artis
2944 3534 3233 3591 miracula
3251 3534 3611 3607 praestantis-

1956 3621 2143 3676 simus
2165 3625 2371 3677 auctor
2399 3623 2657 3692 Boetius,
2678 3623 3019 3693 magisterio
3046 3637 3437 3677 numerorum
3466 3636 3609 3677 enu-

1955 3710 2189 3766 cleatim
2218 3715 2435 3766 cuncta
2460 3711 2887 3783 comprobans.
2914 3712 3116 3782 Cujus,
3146 3709 3193 3763 si
3217 3712 3369 3764 Deus
3386 3725 3610 3765 annue-

1952 3798 2045 3865 rit,
2081 3813 2338 3870 sequens
2368 3798 2729 3872 Opusculum
2750 3798 2995 3871 aliquod
3033 3795 3357 3854 continebit
3370 3812 3608 3870 excerp-

1956 3891 2102 3943 tum.
2137 3886 2397 3958 H'ijusce
2426 3887 2811 3945 oratiunculae
2840 3903 3142 3961 ponamus
3183 3885 3280 3943 hic
3327 3885 3532 3943 ﬁnem.

607 4338 1363 4461 INCIPIUNT
1484 4341 2104 4464 SCHOLIA
2223 4341 3195 4465 ENCHIBIADIS

1580 4611 1667 4663 DE
1706 4611 1885 4664 ARTE
1924 4610 2201 4665 MUSICA.

250 4943 616 5011 Discipulus,
644 4947 867 5000 Musica
890 4944 1035 5016 quid
1059 4950 1146 4999 est
1182 4946 1208 4999 ?

241 5032 562 5101 Magister.
598 5037 747 5088 Bene
775 5033 1132 5088 modulandi
1163 5034 1425 5090 scientia.

242 5122 322 5175 Β.
355 5121 507 5176 Bene
532 5121 831 5177 modulari
858 5121 1005 5193 quid
1036 5127 1126 5177 est
1154 5125 1181 5179 ?

242 5210 330 5264 M.
350 5208 525 5265 Melos
543 5210 709 5265 suavi
725 5227 877 5266 sono
894 5212 1209 5267 moderari.
1243 5211 1353 5267 Sed
1370 5213 1497 5267 haec
1542 5217 1839 5283 quantum

134 5301 251 5359 ad
279 5303 493 5353 artem.
510 5304 800 5355 (tartarum
819 5316 942 5357 non
958 5301 1110 5357 bene
1124 5302 1424 5358 modulari
1436 5302 1628 5369 video,
1644 5303 1840 5374 siquis

134 5394 231 5448 in
273 5387 445 5441 vanis
476 5389 767 5444 suavitate
794 5391 937 5444 artis
984 5391 1286 5453 abutitur;
1318 5390 1837 5463 quemadmodum

130 5492 287 5537 nec
317 5477 601 5547 ipse,qui,
620 5477 724 5532 ubi
749 5483 1001 5548 oportet,
1018 5485 1141 5536 arte
1174 5481 1254 5535 uti
1280 5496 1403 5535 non
1426 5480 1838 5552 novitzquam-

125 5568 266 5626 vis
280 5565 533 5637 quilibet
542 5566 757 5625 devoto
768 5572 1005 5625 tantum
1016 5570 1196 5627 corde
1208 5572 1461 5628 Domino
1472 5570 1645 5627 dulce
1657 5571 1834 5628 canit.

249 5655 328 5710 D.
364 5658 447 5711 Ita
467 5659 634 5728 puto.

1879 4955 1923 5008 ι)
2024 4947 2105 5001 Μ.
2140 4949 2309 5003 Recte
2336 4951 2536 5019 putas,
2569 4963 2692 5003 non
2720 4947 2855 5015 nisi,
2888 4947 3050 5003 bono
3080 4964 3193 5004 usu
3221 4948 3421 5006 dulcia
3441 4951 3599 5009 mela

1949 5034 2233 5090 beneﬁeri
2261 5052 2275 5090 :
2307 5049 2417 5091 nec
2442 5052 2683 5092 rursum
2739 5036 2925 5091 sacris
2980 5036 3147 5093 melis
3196 5037 3348 5094 bene
3393 5040 3502 5111 uti,
3547 5041 3600 5097 si

1951 5122 2079 5178 sine
2104 5123 2419 5196 disciplina
2449 5124 2835 5197 injucundius
2863 5126 3257 5198 proferantur.
3307 5130 3600 5194 Quocirca

1953 5228 2093 5268 cum
2115 5212 2529 5270 ecclesiasticis
2556 5213 2798 5270 canticis
2826 5214 2956 5271 haec
2974 5215 3292 5289 disciplina
3328 5218 3424 5274 vel
3471 5236 3598 5276 ma-

1947 5301 2107 5357 xime
2136 5304 2473 5359 necessaria
2504 5304 2596 5373 sit,
2627 5318 2701 5359 ne
2726 5303 2958 5360 incuria
3007 5306 3103 5362 vel
3153 5305 3449 5381 imperitia
3498 5309 3598 5366 de-

1948 5395 2283 5464 turpentur,
2322 5391 2644 5459 videamus,
2677 5392 2899 5465 quibus
2957 5396 3139 5452 rebus
3185 5414 3341 5470 opus
3400 5400 3474 5455 sit
3518 5400 3598 5455 ad

1947 5479 2099 5535 bene
2140 5480 2492 5536 modulandi
2524 5480 2883 5538 facultatem.

2018 5570 2089 5625 D.
2124 5568 2311 5624 Video
2332 5569 2506 5641 plura
2548 5586 2700 5638 esse,
2732 5587 2869 5643 quae
2922 5578 3228 5631 cautorem
3276 5575 3595 5632 observare

1949 5662 2221 5733 oporteat
2252 5678 2267 5729 -,
2295 5675 2432 5731 quae
2462 5660 2513 5717 si
2539 5676 2663 5718 non
2677 5662 2928 5736 noverit,
2952 5664 3174 5736 peritus
3191 5681 3255 5723 es
3265 5680 3326 5720 se
3348 5680 3470 5720 non
3491 5681 3596 5738 po-
