3998 6198
398 197 502 249 983
1047 179 1387 236 HUCBALCI
1428 179 1593 234 ΜΟΝ.
1636 177 1692 229 S.
1735 174 2004 231 AMANDI
2047 175 2060 227 ί

2186 214 2195 227 .
2237 175 2410 229 PARS
2450 174 2516 230 ΙΙ.
2561 207 2628 215 -—
2678 171 3183 236 MISCELLANEA.
3297 182 3300 184 ⁷
3728 188 3830 240 984

398 318 547 374 terit.
580 315 695 371 Sed
725 316 894 368 tuum
927 311 1032 371 est,
1054 307 1181 360 haec
1207 303 1424 359 certius
1442 317 1761 374 exponere.
2043 364 2045 366 η
2095 301 2140 352 Α
2240 299 2320 353 Μ.
2370 299 2647 356 Videlicet
2683 301 3153 360 innumerabiles
3201 312 3344 362 sunt
3397 307 3829 364 cantilenarum

471 409 550 462 M.
573 405 703 459 Alia
724 404 878 464 sunt,
908 412 1043 468 quae
1076 394 1190 448 sibi
1219 409 1510 448 sonorum
1541 390 1872 464 proprietas
1923 405 2055 461 pos-
2171 386 2324 443 soni.
2356 387 2471 444 Sed
2491 390 2799 461 quaternis
2821 397 2878 446 et
2906 395 3207 464 quaternis
3227 395 3506 466 ejusdem
3549 397 3832 452 conditio-

399 497 589 560 tulat;
623 492 761 556 alia,
793 503 930 560 quae
955 483 1401 540 numerositatis
1443 481 1636 553 poscit
1679 478 1826 534 ratio
1862 495 1873 532 :
1917 478 2053 543 alia,
2169 475 2262 530 nis
2285 475 2344 531 in
2372 476 2632 533 levando
2655 482 2711 534 et
2738 480 3099 542 deponendo
3146 500 3272 539 sese
3323 485 3831 558 consequentibus

398 584 615 656 quibus
637 577 1001 635 extrinsecus
1020 571 1475 628 occurrentibus
1501 568 1822 640 disciplina
1842 581 2057 622 canen-
2171 581 2457 621 sonorum
2479 567 2794 639 pluralitas
2824 571 3102 628 accrescit
3137 592 3148 641 ;
3189 573 3250 628 id
3278 590 3530 647 quoque
3585 591 3682 630 me
3737 592 3829 631 ca-

399 655 457 727 di
490 685 619 725 sese
637 670 780 740 apte
808 663 1161 720 conformat.

2186 655 2607 728 ienteproba:
2649 656 2718 713 T.
2755 660 2800 729 ιζ
2832 675 2884 714 τ.
2917 661 3048 729 Js.
3081 667 3096 727 /
3131 665 3346 732 LJT.
3380 665 3424 733 εί
3457 680 3511 720 τ.
3544 666 3596 732 J

469 761 539 814 I).
571 757 640 812 Hi
673 755 805 811 soni
835 753 938 826 qui
970 751 1155 806 sunt?
2241 743 2331 799 Sic
2359 759 2504 813 ergo
2524 745 2584 801 in
2605 747 2772 802 omni
2795 750 3077 806 concordi
3097 766 3389 807 sonorum
3414 753 3566 807 serie
3587 769 3698 826 per
3711 753 3829 808 inec

471 849 551 903 M.
587 848 778 903 Sonos
812 842 908 898 hic
939 842 1284 914 phthongos
1315 839 1592 907 dicimus,
1627 836 1686 891 id
1717 840 1824 901 est,
1879 849 2059 888 vocu-
2171 833 2349 889 veluti
2372 835 2752 892 tetrachorda
2775 841 2832 892 et
2856 838 2916 893 in
2938 855 3175 896 sursum
3206 841 3530 909 cantilena,
3569 847 3631 897 et
3653 842 3712 898 in
3747 841 3828 898 in-

399 939 486 992 las
517 936 578 991 in
617 948 836 990 canore
865 929 1217 995 concordes,
1241 944 1374 1000 quae
1416 932 1554 981 sunt
1591 923 1921 980 harmoniae
1951 921 2063 975 ele-
2172 940 2307 978 sum
2338 924 2522 992 vadit,
2556 929 2612 981 et
2636 930 2944 998 quaternae
2980 930 3276 986 socialiter
3297 930 3412 986 sibi
3433 931 3691 987 diversa:
3741 948 3831 987 vo-

402 1030 620 1081 menta.
653 1021 881 1078 Etenim
925 1019 1075 1073 sicut
1129 1016 1369 1089 loquela
1417 1015 1641 1083 litteris,
1698 1013 1779 1069 ita
1831 1014 2062 1067 constat

401 1112 727 1188 phthongis
758 1107 1095 1166 harmonia.
2171 1105 2320 1167 rent,
2355 1101 2550 1159 donec
2580 1103 2670 1159 vel
2717 1105 2971 1162 nimium
3021 1113 3340 1164 attenuatae
3383 1108 3694 1181 deﬁciant,
3746 1113 3831 1167 vel

473 1204 544 1257 D.
576 1203 713 1266 Quae
753 1202 1066 1268 sunt,qure
1111 1195 1224 1249 sibi
1246 1209 1534 1249 sonorum
1557 1191 1889 1264 pr0prietas
1916 1205 2059 1261 pos-
2172 1189 2518 1260 gravatione
2539 1193 2961 1252 conticescant.
3013 1199 3298 1254 Prasterea
3329 1198 3465 1254 soni
3506 1199 3730 1268 singuli
3764 1216 3830 1255 ex

403 1291 499 1346 cit,
764 1360 769 1365 ι
2172 1279 2472 1351 praedictis
2497 1285 2758 1353 quatuor
2788 1283 2910 1339 suis
2941 1286 3330 1342 tetrachordis
3359 1287 3694 1360 praesident
3715 1290 3828 1344 suis

471 1381 552 1434 M.
585 1381 662 1434 Ne
689 1375 835 1449 quid
866 1375 926 1430 in
954 1373 1037 1428 eis
1069 1373 1266 1428 vitiata
1288 1369 1544 1426 naturali
1560 1369 1846 1442 qualitate
1879 1368 2060 1423 obso-
2172 1367 2314 1424 item
2340 1371 2787 1441 pentachordis.
2821 1374 3228 1430 Tetrachordis
3255 1375 3501 1442 scilicet,
3547 1376 3701 1432 dum
3735 1394 3832 1450 per

401 1485 549 1524 num
577 1467 702 1522 ﬁat.

473 1559 547 1612 D.
574 1553 893 1621 Quomodo
917 1553 981 1606 iit
1007 1553 1133 1606 haec
1159 1549 1410 1605 absonia
1439 1549 1498 1602 in
1538 1547 1862 1620 phthongis
1893 1548 1920 1601 ?

475 1647 558 1700 Μ.
594 1644 645 1700 Si
679 1647 781 1698 aut
811 1641 1088 1709 ignavius
1119 1638 1599 1710 pronuntientur,
1650 1641 1754 1692 aut
1807 1635 2060 1702 acutius,
2105 1651 2142 1703 Β

406 1749 594 1806 quam
619 1735 852 1804 oportet
895 1729 1092 1784 Primo
1115 1743 1377 1800 namque
1400 1728 1514 1782 hoc
1535 1726 1676 1781 vitio
1699 1726 1759 1781 in
1780 1725 2064 1781 humanis

407 1822 657 1878 vocibus
688 1825 744 1876 et
775 1834 1063 1874 sonorum
1089 1817 1367 1888 qualitas,
1401 1820 1458 1871 et
1487 1820 1607 1871 tota
1626 1814 1860 1871 laeditur
1881 1812 2066 1869 canti-

409 1913 562 1966 lena.
594 1907 766 1974 Quod
793 1906 878 1974 ﬁt,
904 1905 1028 1973 ubi,
1061 1905 1221 1978 quod
1247 1904 1500 1970 canitur,
1526 1908 1629 1958 aut
1649 1902 1815 1972 segni
1867 1901 2071 1957 remis-

411 1999 579 2052 sione
612 1994 907 2066 gravescit
935 1997 1038 2048 aut
1085 2007 1209 2047 non
1267 1993 1372 2047 rite
1426 1991 1485 2046 in
1526 2007 1763 2046 sursum
1817 1989 2066 2060 cogitur.

411 2087 581 2152 Quod
611 2085 817 2140 vitium
844 2083 905 2137 in
936 2081 1304 2154 quibuslibet
1357 2081 1606 2136 musicis
1658 2081 2069 2136 instrumentis

407 2175 619 2248 nequit
646 2173 771 2229 fieri
807 2187 914 2238 ;eo
944 2170 1132 2243 quod,
1165 2170 1454 2242 disposito
1497 2169 1681 2226 semel
1734 2169 2074 2242 phthongo-

410 2282 546 2321 rum
576 2263 805 2328 ordine,
838 2277 958 2317 vox
987 2276 1096 2316 sua
1123 2259 1284 2316 sonis
1313 2259 1817 2332 singulis’manet.
1849 2259 1978 2314 Alia
2007 2258 2073 2315 ﬁt

411 2351 818 2416 dissonantia,
851 2349 1099 2422 quando
1127 2364 1369 2404 sonusa
1417 2363 1566 2403 sono
1607 2347 1756 2403 falso
1812 2347 2068 2414 metitur,

412 2441 472 2496 id
495 2445 601 2508 est,
645 2440 797 2496 alius
827 2455 937 2511 pro
966 2437 1102 2494 alio.
1133 2437 1321 2493 Tertia
1347 2437 1722 2492 dissonantia
1750 2435 1838 2507 ﬁt,
1877 2452 2070 2508 quan-

412 2530 492 2585 do
519 2545 704 2585 sonus
725 2544 849 2584 non
870 2526 1196 2600 respondet
1225 2542 1396 2592 sono,
1422 2529 1608 2598 quoto
1633 2525 1766 2581 loco
1815 2529 2067 2597 oportet.

415 2622 480 2674 Et
508 2619 636 2674 haec
665 2619 788 2674 duo
819 2617 962 2672 vitia
987 2632 1060 2671 ex
1086 2615 1299 2671 eadem
1328 2614 1574 2687 quidem
1601 2630 1786 2670 causa
1812 2630 2071 2671 nascun-

2171 1011 2320 1067 culae
2364 1013 2600 1070 tamdiu
2649 1021 3021 1088 competente
3062 1019 3172 1075 sibi
3229 1020 3618 1076 successione
3651 1021 3832 1076 cohae-

2175 1473 2672 1531 unumquemque
2699 1476 2907 1517 eorum
2952 1465 3226 1534 quaterni
3274 1465 3338 1519 in
3387 1465 3603 1520 ordine
3657 1465 3828 1538 depo-

2172 1551 2397 1602 nuntur
2416 1547 2496 1603 ita
2521 1566 2532 1602 :

413 2712 507 2762 tur
539 2724 552 2774 ;
583 2707 690 2761 sed
719 2706 781 2760 in
812 2706 927 2761 hoc
957 2704 1260 2772 diﬂ‘erunt,
1285 2703 1447 2775 quod
1479 2703 1624 2758 illud
1649 2703 1710 2758 in
1740 2703 1955 2760 eadem
2002 2703 2068 2759 ﬁt

409 2811 651 2863 neuma,
693 2795 809 2850 hoc
835 2809 976 2849 vero
1006 2794 1067 2849 in
1085 2793 1468 2866 praecincndo
1514 2797 1570 2848 et
1621 2792 2062 2866 respondendo.

477 2888 549 2941 D.
581 2885 718 2940 Haec
743 2883 866 2940 duo
891 2883 1032 2939 vitia
1056 2883 1368 2956 quomodo
1393 2883 1690 2950 eveniant,
1737 2899 1991 2956 expone.

475 2975 558 3030 M.
595 2976 864 3039 Quatuor
887 2972 1182 3027 sonitibus
1213 2977 1619 3044 competenter
1658 2972 1772 3028 sibi
1818 2971 2064 3028 diversis
2104 3001 2144 3056 ρ

404 3066 552 3119 dum
580 3067 809 3118 constet
828 3061 1170 3128 harmonia,
1203 3061 1458 3134 quisque
1482 3063 1543 3117 in
1567 3079 1675 3117 suo
1704 3066 1935 3118 tantum
1967 3079 2062 3118 or-
2248 3061 2669 3119 Pentachordis
2731 3066 2930 3118 autem
2960 3080 2974 3129 ;
3007 3061 3155 3117 dum
3201 3077 3324 3118 uno
3350 3062 3434 3118 ad
3463 3063 3829 3135 superiorem

405 3153 544 3207 dine
575 3150 885 3224 propriam
905 3149 1116 3205 retinet
1144 3149 1514 3222 qualitatem,
1547 3167 1656 3207 nec
1680 3152 1742 3207 in
1787 3169 1898 3208 sua
1924 3152 2062 3208 sede
2175 3157 2408 3225 partem
2436 3151 2662 3218 addito,
2695 3151 2853 3206 idem
2886 3151 2948 3206 tit
2969 3152 3226 3224 primus,
3257 3153 3362 3224 qui
3407 3157 3498 3208 est
3547 3157 3832 3208 extremus

405 3238 571 3294 alteri
591 3238 695 3293 dat
718 3237 956 3293 locum:
991 3253 1252 3309 quorum
1284 3237 1494 3293 seriem
1527 3242 1676 3310 puto
1698 3239 1828 3309 jam
1856 3246 2064 3297 notam
2177 3242 2256 3299 ita
2291 3261 2302 3297 :

413 3332 595 3382 tenes.

468 3417 544 3469 D.
575 3418 710 3471 Tuae
732 3415 933 3488 potius
954 3413 1345 3470 insinuationi
1362 3415 1568 3471 omnia
1588 3417 1899 3474 committo
1923 3435 1934 3473 :
1962 3435 2064 3475 eos

405 3521 586 3561 sonos
615 3509 670 3560 te
700 3508 952 3561 canente
979 3503 1249 3559 audiam.

470 3597 553 3650 M.
591 3597 733 3651 Ecce
765 3610 984 3650 canam
1023 3613 1034 3649 :

2330 1713 2382 1780 Ι,

2289 1823 2799 1946 ΤΤ”ε.ε.

2285 1993 2426 2116 7—
2504 2045 2554 2113 p
2675 2049 2725 2115 [ι
2811 2041 3009 2094 t.t.t.

2463 2149 3564 2286 77TFLLLL‘

2634 2191 3622 2846 77E7t.t.t.t

2602 2498 3614 2620 _777s.s.s.

2902 2665 3476 2790 t.t.

3144 2347 3390 3004 ῑΙι.

1514 3936 1856 3951 -—H

507 3963 578 4008 ιρ.
1662 3927 1966 4003 ι’κέ

529 3999 581 4055 e
806 3936 993 4106 ΙΙΙ
1494 3927 1678 4106 Ιίι
1849 3987 1950 4097 ,ἐς

573 4071 625 4106 t9.
823 4098 1157 4106 —___
1327 4101 1551 4106 _
1848 4092 1890 4106 Α.

681 4226 726 4300 ς
973 4127 1490 4287 LI
1323 4127 1506 4281 ΙΡῙ
1739 4127 1868 4296 ἐ

703 4291 834 4433 ξΑ
1144 4285 1325 4433 ΙΗ
1652 4297 1770 4433 β
2100 4353 2142 4404 D

739 4353 794 4423 ἢ
1144 4353 1324 4448 IL!
1625 4353 1721 4458 ,ἒ

787 4431 881 4524 ξι
1600 4448 1675 4524 ,ρῗ

829 4489 852 4524 Ρ
1611 4489 1650 4523 ρ)

829 4501 906 4588 (ἕο.
1567 4517 1633 4588 οφ

868 4566 938 4651 δέ,

475 4739 665 4794 lndita
685 4741 824 4793 sunt
853 4736 936 4792 eis
962 4737 1292 4809 antiquitus
1315 4738 1584 4794 nomina.
1613 4740 1828 4808 Primo,
1854 4743 1915 4798 id
1953 4751 2060 4818 est,

403 4826 782 4896 gravissimo,
815 4829 1019 4881 Protos
1049 4825 1143 4880 vel
1172 4826 1427 4881 archoos
1460 4843 1472 4880 :
1529 4827 1802 4884 Secundo
1855 4832 2063 4889 Dente-

2475 3399 2520 3467 τί
2605 3401 2642 3452 t.

2446 3512 2886 3754 TT.”

2445 3680 2772 3801 ,ί
2885 3734 3145 3790 s.s.s.

2457 3849 2536 3971 ἶ
2582 3781 2808 3997 7!?
2872 3904 2923 3971 [ι
2985 3896 3021 3948 t.
3063 3897 3102 3948 t.
3145 3896 3182 3947 t.
3227 3896 3264 3947 t.

3013 4072 3059 4140 Ρ
3150 4075 3524 4127 t.t.t.t.t.

3152 4242 3440 4295 t.t.t.t.

2563 4353 3081 4476 -ΤΤΤ
3152 4407 3413 4464 s.s.s.

2695 4521 3120 4652 ’ἷῖ

2984 4690 3148 4824 ἶ,

405 4934 524 4984 ros,
556 4916 660 4989 qui
683 4921 827 4972 tono
853 4915 1034 4970 distat
1062 4931 1098 4970 a
1121 4917 1292 4970 Proto
1321 4933 1334 4970 :
1368 4916 1556 4971 Tertio
1587 4916 1793 4982 Tritos,
1845 4921 1949 4992 qui
1979 4939 2064 4977 se-

404 5007 654 5062 mitonio
683 5006 918 5061 distata
967 5007 1262 5059 Deutero:
1315 5005 1535 5067 Quarto
1579 5008 1909 5077 Tetrardos,
1961 5014 2066 5085 qui

407 5107 618 5147 rursus
665 5109 702 5147 a
752 5092 906 5147 Trito
959 5096 1102 5147 tono
1150 5091 1551 5160 distinguitur.
1605 5095 1796 5168 Signis
1823 5115 2065 5173 quoque

402 5180 752 5249 hujusmodi
773 5184 1079 5237 notantur.
1111 5180 1307 5239 Primo
1333 5187 1421 5238 est
1448 5188 1591 5241 nota
1620 5187 1661 5238 F
1692 5186 1924 5258 dasian,
1979 5191 2066 5247 in-

405 5268 630 5325 clinum
665 5272 718 5326 S.
753 5270 832 5325 ad
858 5274 1058 5341 caput,
1089 5270 1169 5327 ita
1198 5275 1265 5343 P.
1293 5275 1567 5331 Secundo
1597 5291 1649 5331 c.
1687 5292 1928 5333 versum
1985 5281 2064 5336 ad

405 5363 606 5430 caput,
639 5357 718 5414 ita
756 5360 824 5427 [⁸.
859 5360 1045 5417 Tertio
1075 5361 1195 5418 iota
1216 5363 1471 5436 simplex
1501 5369 1557 5420 et
1587 5365 1892 5424 inclinum.
1917 5367 2000 5425 ita
2024 5373 2059 5438 /.

406 5449 628 5513 Quarto
657 5465 707 5504 c.
742 5449 1025 5522 supinum
1055 5452 1132 5507 ad
1159 5460 1360 5526 caput,
1391 5454 1471 5510 ita
1490 5457 1560 5524 [³.

473 5549 547 5604 D.
581 5547 897 5613 Quomodo
924 5549 1016 5605 his
1046 5555 1306 5622 quatuor
1335 5557 1564 5608 tantum
1601 5554 1938 5622 harmonia,
1991 5573 2062 5611 ac

405 5651 525 5691 non
557 5637 756 5708 potius
786 5653 1075 5695 sonorum
1099 5647 1332 5697 constat
1354 5643 1730 5699 multitudine
1761 5639 1797 5697 ’ξ’

2250 4923 2416 4987 Quod
2459 4923 2659 4995 itaque
2702 4939 2851 4980 sono
2899 4924 3120 4980 archoo
3155 4927 3199 4994 Γ
3247 4925 3456 4997 incipit
3511 4941 3582 4981 ac
3617 4923 3830 4980 ﬁnitur.

2182 5011 2653 5066 Pentachordum
2671 5013 2936 5085 primum
2965 5029 3275 5085 vocamus,
3309 5020 3367 5069 et
3400 5019 3653 5080 constat,
3680 5011 3836 5066 duo~

2178 5096 2293 5152 bus
2319 5099 2492 5166 tonis,
2522 5099 2838 5156 semitonio
2865 5106 2922 5156 et
2941 5106 3100 5158 tono.
3127 5101 3300 5168 Quod
3321 5117 3475 5158 sono
3493 5104 3545 5172 Γ
3569 5101 3831 5157 deutero.

2180 5188 2660 5258 pentachordum
2690 5191 3021 5247 secundum
3058 5196 3151 5258 ;et
3179 5195 3420 5247 constat
3461 5191 3648 5246 tribus
3677 5186 3836 5243 tonis

2177 5280 2234 5330 et
2265 5276 2601 5334 semitonio.
2635 5279 2804 5343 Quod
2856 5295 3007 5336 sono
3058 5282 3076 5344 /
3140 5279 3296 5347 trito,
3353 5277 3833 5353 pentachordum

2176 5365 2412 5421 tertium
2443 5386 2456 5435 ;
2486 5372 2543 5423 et
2567 5372 2801 5424 constat
2830 5369 3142 5424 semitonio
3189 5376 3369 5442 atque
3419 5369 3609 5424 tribus
3655 5365 3833 5420 tonis.

2177 5455 2349 5519 Quod
2376 5472 2526 5512 sono
2547 5457 2828 5524 tetrardo,
2863 5459 3342 5532 pentachordum
3397 5464 3678 5531 quartum
3707 5474 3724 5519 ζ
3782 5459 3835 5508 εἴ

2175 5550 2409 5601 constat
2435 5551 2576 5603 tono
2597 5562 2667 5603 ac
2693 5548 3030 5615 semitonio,
3059 5553 3114 5604 et
3143 5548 3388 5605 duobus
3418 5549 3595 5604 tonis.

2249 5646 2320 5697 D.
2356 5645 2508 5709 Quid
2537 5661 2678 5702 vero
2708 5646 3090 5703 semitonium
3121 5647 3150 5701 ?
