4014 6198
379 167 480 221 987
997 161 1344 217 HUCBALDI
1384 163 1550 218 MON.
1595 160 1654 216 S.
1692 153 1963 214 AMANDI
2002 154 2153 211 OPP.
2192 157 2388 211 PARS.
2430 157 2495 211 Ῑῐ.
2536 189 2606 198 -—
2644 158 3152 215 MISCELLANEA.
3694 169 3815 222 988

376 287 744 355 transfertur,
804 286 900 342 vel
950 300 1057 358 per
1112 284 1329 340 eadam
1384 286 1723 340 restituitur.
1768 282 1927 337 Sicut
1972 280 2031 334 in
2064 281 2109 333 A
2212 281 2295 334 Μ.
2341 283 2458 336 Hoc
2486 296 2626 351 ergo
2652 281 2967 350 intellecto,
3023 280 3279 356 qualiter
3334 302 3519 342 sonus
3564 304 3602 343 a
3650 306 3806 344 sono

379 376 658 434 cantibus
690 375 830 431 satis
859 373 1167 429 observari
1195 373 1429 446 poterit.
2137 367 2288 423 falso
2314 359 2570 434 me‘fitur,
2601 370 2935 441 videamus,
2964 374 3279 461 quomodo
3317 380 3373 431 et
3421 377 3538 433 hoc
3563 379 3807 434 eveniat

453 468 519 522 ι),
576 469 727 522 Num
761 479 872 536 pro
892 462 1043 518 vitiis
1074 478 1145 518 ea
1174 462 1588 534 reputabimus
1614 464 1641 518 ?
2135 462 2199 512 ut
2224 457 2291 523 si,
2323 459 2520 530 quotis
2548 458 2694 514 locis
2725 465 2977 533 oportet,
3024 463 3157 518 soni
3185 457 3276 519 ad'
3313 481 3495 521 sonos
3550 483 3677 523 non
3707 485 3803 524 re-

447 557 529 611 M.
570 553 717 609 Vitia
743 551 1029 608 nimirum
1065 557 1222 607 sunt.
1259 553 1371 609 Sed
1403 553 1554 608 sicut
1581 548 1944 606 barbarismi
1975 550 2031 603 et
2134 547 2490 619 spondeant,
2548 549 2977 608 concordantia
3027 552 3105 607 ad
3162 553 3419 611 invicem
3467 556 3630 613 mela
3677 575 3802 614 non

375 642 697 699 soloecismi
732 641 936 698 metris
987 640 1344 715 plerumque
1386 640 1712 713 ﬁguraliter
1762 636 2026 693 intermi-
2131 641 2430 693 resonent.

372 739 630 801 scentur,
657 732 739 789 ita
762 731 1035 787 limmata
1062 729 1360 786 interdum
1391 731 1465 787 de
1495 729 1790 786 industria
1838 727 2026 784 canti-
2202 727 2275 781 D.
2317 728 2387 781 Et
2415 726 2475 782 id
2500 727 2705 799 utique
2729 743 2934 800 posco.

368 823 485 878 bus
512 822 875 878 inseruntur.
912 819 1025 877 Sed
1055 819 1252 876 adhuc
1280 819 1397 876 alia
1452 819 1785 876 videamus.
1837 820 2026 876 Tertia
2198 833 2281 887 Μ,
2324 834 2468 901 Huc,
2497 832 2770 905 inquam,
2803 836 2969 903 ades,
3019 853 3090 893 ac
3141 838 3299 906 vide,
3363 843 3682 913 quomodo
3734 844 3796 899 in

371 912 531 968 enim
580 911 646 966 ﬁt
697 909 948 966 absonia
1003 909 1212 981 primae
1260 910 1600 966 contraria:
1634 912 1837 982 utpote
1885 909 2023 999 in
2126 921 2516 976 tetrachordis
2546 922 2637 977 vel
2669 925 3092 994 pentachordis
3144 909 3450 999 quatern—m
3493 931 3799 987 varietatis

369 1000 567 1073 priore
619 999 799 1055 latere
857 1014 892 1054 θ,
939 997 1183 1053 deutero
1226 1000 1279 1067 Ρ
1325 998 1505 1053 veluti
1535 1014 1571 1053 a
1598 1001 1771 1070 proto
1798 1000 1843 1068 Ρ
1873 998 2022 1090 cilius
2126 1010 2275 1064 ordo
2304 1009 2661 1082 disponitur,
2694 1017 2758 1067 ut
2782 1018 3004 1085 quotus
3035 1015 3112 1071 ab
3135 997 3252 1072 alio
3275 1018 3545 1090 quolibet
3565 1026 3799 1077 constet

370 1089 649 1145 metiatur
673 1089 879 1143 deuter
908 1086 1160 1142 abusivo
1187 1088 1400 1160 spatio,
1445 1088 1505 1142 id
1550 1092 1656 1155 est,
1678 1089 1840 1159 justo
1890 1088 2019 1143 lon-
2127 1112 2330 1164 sonus,
2353 1098 2581 1171 liquido
2604 1101 3043 1173 contempleris.
3088 1107 3235 1160 Nam
3267 1086 3423 1162 sicut
3474 1108 3537 1163 in
3582 1109 3798 1165 colori-

371 1177 552 1246 giore.
611 1176 691 1233 Sit
745 1176 944 1247 itaque
987 1191 1194 1231 rursus
1238 1175 1715 1247 pentachordum
1750 1177 2019 1243 tetrardi,
2123 1185 2259 1253 bus,
2294 1187 2342 1241 si
2376 1187 2491 1243 sint
2514 1189 2790 1260 quaterni
2819 1194 2876 1245 et
2900 1193 3175 1263 quaterni
3212 1193 3388 1250 locati
3438 1212 3512 1251 ex
3557 1197 3793 1266 ordine,

369 1265 464 1320 cui
500 1266 627 1320 haec
664 1264 778 1319 vitii
810 1263 1039 1336 species
1069 1264 1486 1335 subjungatur.
2124 1275 2184 1330 in
2210 1276 2487 1348 lineaque
2518 1277 2812 1350 dispositi,
2841 1280 3007 1336 verbi
3037 1283 3246 1351 gratia,
3278 1285 3527 1352 rubens,
3560 1287 3792 1357 viridis,

2128 1364 2346 1434 gilbus,
2378 1365 2567 1435 niger,
2599 1381 2841 1423 necesse
2871 1373 2979 1439 est,
3012 1376 3077 1425 ut
3105 1372 3362 1444 quisque
3392 1375 3559 1430 color
3607 1376 3798 1433 tribus

2124 1454 2252 1508 aliis
2282 1453 2642 1527 interpositis
2672 1472 2778 1527 per
2807 1459 3097 1529 quintana
3122 1460 3254 1518 loca
3276 1464 3612 1535 reperiatur
3653 1484 3669 1520 :
3714 1468 3795 1522 ita

2121 1546 2177 1596 et
2208 1541 2268 1595 in
2295 1543 2457 1597 sonis
2487 1543 2703 1612 evenit,
2738 1550 2801 1600 ut
2827 1546 2975 1601 dum
3008 1563 3135 1603 sese
3164 1565 3323 1605 nova
3348 1567 3589 1633 semper
3618 1554 3792 1609 itera-

2052 1633 2090 1684 B
2120 1628 2277 1684 tione
2305 1638 2772 1703 consequuntur,
2825 1634 3041 1707 cuique
3084 1636 3145 1692 in
3193 1628 3515 1713 utramque
3552 1649 3791 1714 partem

2120 1716 2341 1787 quintis
2373 1717 2518 1773 locis
2548 1732 2585 1773 a
2611 1735 2721 1775 suo
2751 1736 3035 1794 compare
3063 1726 3525 1797 respondeatur.

2194 1806 2262 1858 D.
2308 1807 2645 1876 Quomodo,
2676 1808 2894 1880 inquis,
2928 1826 3263 1884 compares,
3296 1816 3399 1887 qui
3419 1820 3706 1875 acumine
3734 1828 3790 1876 et

2120 1892 2403 1959 gravitate
2434 1894 2708 1967 dispares
2739 1898 2925 1952 sunt?

2187 1982 2269 2037 Μ.
2315 1984 2604 2039 Acumine
2634 1986 2883 2056 quidem
2914 1992 3051 2042 sunt
3079 1991 3138 2043 et
3166 1990 3454 2060 gravitate
3499 1992 3782 2051 differen-

2117 2073 2224 2135 tes,
2272 2071 2535 2142 quadam
2585 2078 2785 2129 tamen
2838 2075 2950 2130 sibi
2997 2081 3136 2131 sunt
3168 2079 3427 2135 naturali
3456 2082 3784 2138 socialitate

2119 2158 2465 2214 concordes.
2502 2161 2724 2216 Deinde
2756 2178 2941 2218 sonus
2986 2165 3262 2237 quisque,
3316 2183 3499 2240 quem
3551 2171 3613 2225 in
3672 2171 3785 2226 hoc

2117 2253 2217 2301 aut
2240 2247 2339 2302 illo
2368 2248 2548 2304 latere
2586 2252 2920 2306 secundum
2970 2253 3171 2326 habet,
3224 2257 3286 2310 in
3314 2255 3432 2312 alio
3459 2257 3645 2315 latere
3677 2260 3779 2315 ha-

2116 2335 2215 2391 bet
2239 2340 2520 2407 quartum
2576 2356 2588 2394 :
2645 2355 2829 2411 quem
2861 2343 3094 2397 tertium
3142 2343 3204 2399 in
3233 2345 3347 2400 hoc
3372 2345 3576 2415 latere,
3610 2365 3776 2404 eum-

2118 2423 2257 2479 dem
2281 2426 2521 2481 tertium
2550 2427 2611 2482 in
2642 2427 2778 2483 alio.
2828 2430 2937 2484 Sed
2969 2431 3098 2486 haec
3127 2431 3375 2489 dixerim
3403 2435 3577 2505 juxta
3610 2439 3771 2509 quod

2117 2511 2178 2567 in
2211 2513 2659 2571 continuatione
2690 2518 3207 2576 tetrachordorum
3237 2528 3541 2594 quaternae
3582 2528 3777 2581 varie-

2120 2602 2254 2657 tatis
2284 2602 2433 2658 ordo
2463 2604 2817 2676 disponitur.
3426 2622 3437 2631 ’

2188 2694 2261 2748 D.
2309 2692 2396 2748 Ad
2426 2692 2907 2763 dignoscendum
2940 2703 3160 2767 autem,
3194 2701 3331 2773 quis
3355 2717 3542 2758 sonus
3567 2705 3664 2760 ille
3688 2707 3775 2761 vel

2117 2780 2210 2836 ille
2244 2782 2333 2845 sit,
2369 2782 2542 2837 velim
2569 2800 2929 2854 cognoscere
2959 2787 3020 2842 in
3053 2789 3303 2859 singulis
3349 2807 3471 2846 suae
3511 2796 3776 2867 proprie-

2116 2873 2297 2925 tatem
2325 2869 2645 2942 qualitatis.
3264 2874 3271 2877 ’

2048 2971 2090 3024 c
2186 2959 2268 3012 Μ.
2309 2961 2442 3013 Jure
2472 2959 2533 3013 id
2564 2961 2784 3031 poscis.
2818 2963 3043 3018 Etenim
3069 2964 3370 3023 luculenta
3405 2969 3573 3040 prius
3606 2986 3777 3027 sono-

2115 3062 2251 3102 rum
2300 3049 2675 3120 proprietatis
2703 3051 3009 3123 qualitate,
3041 3054 3243 3110 minus
3272 3062 3504 3113 erratur
3552 3060 3613 3115 in
3668 3079 3778 3115 cte-

788 1455 823 1522 7
1512 1459 1518 1470 '
1643 1458 1667 1525 /

678 1548 715 1612 /
894 1546 907 1617 Ι
1526 1554 1583 1615 Ρ
1738 1553 1780 1621 Γ

1016 1697 1025 1707 ο
1398 1657 1446 1732 ἓ

438 1802 459 1810 α
588 1392 1116 2455 /‘\\
1331 1473 1809 2471 Ἄ

1349 1874 1400 1968 ἓξ

545 1939 639 2442 ip
964 2001 1003 2072 ιη
1318 1969 1385 2054 ἒ
1442 2006 1492 2073 [τ
1786 1925 1875 2187 ﬁt"

749 2092 843 2134 νο-
1307 2076 1363 2132 .9

697 2154 892 2206 ctum.
1293 2137 1352 2189 ’³³⁸

550 2220 591 2289 ἵ
1000 2228 1039 2297 Ἰ
1276 2218 1340 2279 Ξ
1406 2231 1443 2303 7
1806 2238 1841 2308 Ἰ

427 2531 501 2588 D.
556 2537 944 2609 Deprehendo
974 2551 1031 2601 et
1055 2548 1373 2609 absoniam
1403 2555 1599 2614 istam.

427 2619 509 2674 Μ.
554 2623 700 2681 Vide
727 2633 783 2683 et
812 2638 1089 2701 quartam
1147 2638 1415 2699 absoniae
1474 2645 1731 2708 formam
1787 2656 1844 2711 in
1895 2660 2009 2716 hoc

357 2719 592 2777 genere,
652 2730 788 2813 quae
832 2725 918 2773 est
975 2727 1271 2783 contraria
1318 2734 1617 2804 secundae,
1646 2740 1703 2795 id
1736 2750 1841 2813 est,
1876 2748 1920 2802 si
1950 2750 2009 2804 in

356 2801 833 2903 sequenti-latere
860 2808 889 2879 /
908 2826 972 2903 _a
1000 2812 1133 2870 trito
1175 2819 1350 2888 quasi
1403 2837 1439 2876 a
1493 2801 1749 2886 tetrardo
1779 2801 2008 2903 {tritus

354 2881 505 2939 alius
529 2890 828 2950 metiatur.
864 2897 944 2952 Sit
972 2881 1448 2970 pentachordum
1482 2926 1517 2965 a
1547 2914 1593 2983 Ρ
1618 2881 1835 2988 protol:

2115 3136 2270 3190 teris.
2307 3136 2419 3193 Sed
2451 3138 2578 3193 haec
2608 3155 2787 3211 posse
2813 3140 3183 3210 dignoscere,
3216 3144 3385 3200 facile
3408 3132 3774 3205 efercitatio—

2114 3240 2186 3277 ne
2212 3223 2594 3281 obtinebitur.
2632 3230 2782 3296 Ergo
2814 3245 2983 3285 sume
3014 3230 3238 3304 aliquid
3269 3248 3507 3302 canere,
3527 3237 3694 3308 quod
3719 3240 3776 3293 in

2112 3328 2348 3379 sonum,
2387 3314 2547 3370 verbi
2576 3317 2785 3384 gratia,
2816 3319 2865 3387 Ρ
2896 3320 3150 3375 archum
3177 3321 3366 3379 ﬁniat.
3420 3323 3599 3381 Aliud
3637 3343 3779 3382 mox

2114 3402 2628 3476 subjungendum,
2660 3407 2827 3479 quod
2849 3408 2927 3463 ab
2960 3409 3176 3466 eodem
3208 3428 3359 3467 sono
3384 3412 3655 3487 incipiat.
3687 3418 3775 3473 vel

2110 3506 2145 3544 a
2178 3507 2287 3545 suo
2313 3507 2593 3563 compare
2623 3495 2927 3566 superiore
2975 3497 3098 3553 sive
3140 3499 3456 3569 inferiore;
3518 3504 3644 3559 sive
3689 3506 3775 3560 in-

2110 3578 2282 3634 choet
2311 3596 2347 3636 a
2376 3596 2526 3637 sono
2574 3584 2627 3651 f’
2682 3584 2964 3652 tetrardo,
3018 3591 3123 3642 aut
3152 3605 3188 3643 a
3220 3604 3370 3646 sono
3410 3593 3463 3661 1‘
3506 3592 3773 3649 deutero.

2112 3667 2290 3735 Igitur
2320 3667 2435 3722 nisi
2461 3668 2544 3737 id,
2577 3670 2743 3742 quod
2769 3673 3264 3744 subjungendum
3307 3682 3415 3749 est,
3459 3684 3520 3734 et
3548 3697 3702 3736 sono
3732 3686 3772 3753 Ρ

2108 3756 2329 3811 archoo
2357 3757 2582 3830 incipit,
2609 3764 2712 3815 aut
2739 3762 2969 3833 aequale
3000 3778 3195 3834 ponas
3226 3783 3366 3822 cum
3410 3766 3578 3825 ﬁnali
3619 3788 3770 3827 sono

2108 3843 2498 3915 praecedentis
2528 3846 2688 3917 meli,
2716 3847 2930 3904 eodem
2959 3850 3275 3910 dumtaxat
3298 3856 3525 3913 archoo
3577 3861 3622 3929 Ρ
3672 3865 3773 3915 aut

2109 3931 2320 4003 quinto
2357 3932 2490 3989 loco
2514 3936 2816 4007 superius,
2844 3955 2949 3993 seu
2978 3940 3188 4012 quinto
3218 3942 3351 3999 loco
3387 3944 3660 4003 inferius.
3715 3950 3769 4004 Id

2112 4024 2313 4075 autem
2342 4021 2507 4093 quod
2537 4039 2574 4079 a
2596 4039 2747 4080 sono
2788 4027 2842 4095 Γ
2871 4028 3128 4085 tetrardo
3159 4030 3402 4089 inchoat
3430 4041 3534 4092 aut
3566 4053 3774 4093 secun-

1985 4134 1999 4159 ›
2111 4108 2191 4164 do
2220 4109 2353 4165 loco
2374 4111 2635 4179 inferius,
2669 4118 2773 4170 aut
2801 4115 2967 4172 tertio
2994 4116 3128 4174 loco
3159 4122 3452 4193 superius.
3504 4126 3689 4181 Porro
3716 4127 3771 4181 id

2109 4197 2273 4269 quod
2304 4215 2341 4254 a
2379 4201 2578 4273 sono/
2608 4203 2742 4258 trito
2772 4202 3032 4272 inchoat,
3089 4214 3193 4265 aut
3241 4211 3411 4267 tertio
3456 4211 3591 4269 loco
3633 4216 3775 4272 infe-

2037 4320 2079 4373 Β
2108 4287 2254 4355 rius,
2283 4293 2385 4343 aut
2413 4290 2580 4345 tertio
2609 4291 2742 4348 loco
2774 4295 3064 4367 superius.
3097 4304 3169 4352 At
3193 4315 3335 4356 vero
3360 4300 3509 4358 illud
3538 4305 3704 4376 quod
3736 4323 3770 4361 a

1985 4389 1999 4398 ο
2108 4392 2258 4432 sono
2288 4379 2340 4446 Γ
2376 4378 2622 4435 deutero
2653 4380 2877 4454 incipit,
2910 4388 3011 4440 aut
3042 4387 3306 4443 secundo
3336 4392 3636 4462 superius,
3670 4402 3769 4449 aut

2106 4471 2321 4536 quarto
2346 4466 2478 4522 loco
2507 4468 2772 4541 inferius,
2828 4473 2904 4527 ad
2955 4475 3290 4546 subjectam
3339 4494 3630 4537 sonorum
3673 4484 3769 4538 de-

2106 4555 2527 4627 scriptionem;
2560 4558 2808 4616 minime
2838 4561 2920 4632 id,
2952 4565 3122 4636 quod
3177 4566 3581 4641 subsequitur,
3631 4589 3767 4628 con~

2104 4644 2352 4700 cordare
2383 4649 2578 4717 potest
2606 4664 2745 4719 cum
2774 4665 2868 4720 eo,
2903 4652 3071 4723 quod
3102 4656 3402 4725 praacedit.

2103 4732 2905 4809 ἹΓΧΡΡῚΝῨῨ

2174 4824 2241 4876 Et
2295 4822 2355 4877 in
2396 4824 2680 4881 omnibus
2740 4828 2901 4883 sonis
2954 4829 3114 4887 idem
3170 4834 3385 4901 evenit,
3429 4841 3496 4893 ut
3547 4839 3766 4897 scilicet

2102 4910 2162 4965 in
2221 4927 2343 4993 uno
2392 4914 2727 4970 concordiae
2776 4924 3024 4991 corpore
3078 4924 3393 4981 convenire
3458 4938 3762 5001 nequeat,

2099 5000 2267 5071 quod
2319 4991 2702 5074 subinfertur,
2754 5008 3039 5081 quodque
3094 5013 3451 5084 praecinitur,
3498 4991 3765 5092 si-supra

2100 5088 2193 5143 vel
2242 5089 2393 5145 infra
2447 5098 2657 5148 mutuo
2713 5096 3085 5169 copulentur,
3143 5117 3266 5174 qua
3330 5103 3513 5161 finem
3588 5088 3765 5179 hujus

2100 5181 2155 5231 et
2207 5177 2438 5234 initium
2498 5180 2652 5235 illius
2706 5200 3001 5243 mensura
3035 5191 3278 5263 propria
3316 5194 3576 5250 metitur.
3614 5177 3767 5262 Qua-

2099 5270 2342 5338 propter
2401 5269 2501 5324 ubi
2556 5278 2808 5343 oportet,
2872 5279 2935 5331 ut
2986 5278 3112 5334 haec
3166 5282 3490 5339 concordia
3558 5287 3764 5344 obser-

2101 5360 2287 5417 vetur,
2347 5372 2589 5413 necesse
2644 5366 2752 5432 est,
2805 5364 3078 5443 finientes
3130 5372 3187 5423 et
3227 5369 3579 5443 incipientes
3634 5378 3762 5433 soni

2100 5444 2357 5499 naturali
2410 5447 2488 5501 ad
2541 5449 2795 5506 invicem
2845 5440 3053 5510 ordine
3111 5440 3452 5524 metiantur,
3516 5464 3619 5519 ubi
3670 5483 3760 5521 ve-

2099 5548 2167 5587 ro
2220 5533 2281 5588 id
2337 5536 2675 5609 negligitur,
2729 5541 2826 5596 vel
2881 5558 3035 5615 opus
3090 5561 3213 5602 non
3271 5552 3359 5605 est
3429 5551 3755 5623 observari,

2100 5621 2163 5676 in
2237 5625 2573 5699 semetipsis
2631 5630 2907 5703 quidem,
2989 5651 3125 5707 quae
3179 5644 3504 5711 canuntur,
3589 5621 3753 5701 sonis

764 3047 811 3113 εἰ
1526 3065 1574 3132 =1
1784 3123 1823 3179 ὠ

1451 3175 1650 3229 κὴ
1775 3184 1834 3243 ,Ξ

603 3234 666 3299 1“
940 3242 984 3316 Γ
1370 3266 1409 3336 ἵ
1694 3270 1733 3338 Ὶ
1796 3247 1857 3391 ξ

595 3391 631 3458 /
716 3480 717 3483 γ
980 3400 994 3471 /
1350 3426 1385 3491 /
1725 3425 1744 3500 /
1823 3422 1879 3541 ξ

561 3549 620 3613 ρ
998 3556 1038 3627 r
1316 3582 1375 3650 Γ
1744 3583 1762 3657 /
1828 3543 1891 3693 ξ

759 3680 847 3720 re-
1855 3694 1892 3722 “"

542 3705 595 3773 P
710 3757 894 3812 ctum.
1016 3717 1056 3788 Γ
1293 3740 1346 3805 P
1750 3745 1792 3815 Γ
1841 3726 1903 3833 ἓ·

418 3956 493 4011 D.
548 3962 615 4016 Et
651 3961 714 4018 id
759 3966 1027 4042 dinosco,
1082 3981 1226 4052 quia
1270 4001 1382 4057 pro
1420 4005 1512 4060 eo,
1543 3995 1709 4065 quod
1741 4013 1778 4053 a
1809 3999 1837 4068 /
1867 4000 1999 4057 trito

351 4047 807 4143 sonoOdeuterus
834 4060 887 4127 [⁷
910 4065 1233 4141 metiretur,
1264 4074 1509 4135 abusive
1535 4082 1703 4138 tritus
1730 4086 1815 4157 a/
1844 4090 1999 4159 trito,

348 4138 653 4280 ζιζῗὶεέῐῖΐῖ
682 4142 942 4203 tetrardo
970 4150 1244 4230 longiori,
1271 4178 1457 4233 quam
1487 4173 1766 4243 oportuit,
1808 4178 2001 4248 spatio

418 4308 502 4363 Μ.
547 4313 719 4377 Quod
745 4321 790 4377 si
822 4325 1000 4386 etiam
1032 4332 1145 4390 tale
1166 4342 1646 4408 pentachordum
1671 4350 1999 4424 subjunga-

347 4410 508 4498 mus,
537 4405 702 4473 quod
725 4408 817 4466 his
848 4416 997 4474 vitiis
1026 4426 1279 4497 utroque
1306 4428 1559 4489 laedatur
1584 4436 1786 4510 latere,
1818 4443 1999 4514 hujus

345 4485 512 4543 modi
541 4491 794 4556 absonia
823 4505 947 4563 erit.
982 4510 1065 4567 Sit
1090 4519 1568 4584 pentachordum
1600 4531 1840 4586 tetrardi
1873 4551 1885 4587 :

738 4673 773 4741 Ἰ
1495 4692 1527 4762 /

606 4782 807 5024 ΧΓ
865 4782 877 4856 1
1295 4798 1351 4863 P
1701 4810 1721 4881 /

576 4961 630 5026 l’
888 4957 929 5030 Γ
1280 4972 1334 5038 Ρ
1708 4985 1752 5054 P

559 5136 607 5201 Γ
925 5136 964 5208 Ῠ
1269 5148 1317 5215 P
1391 5118 1639 5278 utrolque
1720 5162 1763 5231 Γ

486 5244 515 5403 /
540 5311 576 5381 7
679 5319 839 5430 οἶδέ,
960 5308 1003 5378 έί
1261 5323 1296 5393 ἵ
1350 5288 1677 5440 “iiii-if”
1733 5340 1767 5408 7

477 5427 489 5475 '
1596 5429 1608 5440 .

404 5591 481 5648 Β.
521 5593 835 5656 Absonum
860 5604 1038 5672 certe,
1066 5618 1178 5661 nec
1207 5622 1389 5665 suave
1416 5610 1563 5684 quid
1587 5628 1857 5674 resonas.
