3998 6198
216 157 318 213 989

1526 162 1830 220 MUUSICA
1892 161 2371 225 ENCHIRIADIS.

3562 190 3669 245 990

215 280 743 376 concordibusire
774 286 1029 376 possunt
1061 302 1073 338 :
1111 284 1350 342 sibimet
1377 303 1521 343 vero
1546 287 1893 376 'subjuncta
1924 291 1971 341 A
2008 286 2442 361 pliﬁcarentur,
2498 312 2698 355 nonne
2762 302 3062 372 apertiora
3114 318 3371 376 quaeque
3439 309 3666 374 ﬁerent.

214 369 728 427 concordabiliter
761 371 839 426 ad
861 371 1115 429 invicem
1147 375 1299 430 uniri
1330 393 1452 432 non
1484 383 1759 450 possunt,
1785 374 1890 431 sed

213 460 479 517 cantoris
512 459 738 531 peritiae
770 476 899 516 esse
929 461 1108 518 debet
1135 463 1213 519 ad
1237 464 1569 531 sciendum,
1600 465 1701 521 ubi
1727 465 1894 521 aliud

211 554 356 623 post
387 548 553 604 aliud
578 549 961 605 concorditer
982 551 1270 624 subjungi
1303 556 1643 626 conveniat,
1670 555 1762 610 vel
1786 554 1895 610 ubi

210 652 463 693 necesse
512 651 641 693 non
697 637 790 693 sit.
823 640 887 693 Et
928 638 1003 694 de
1051 640 1165 695 hac
1210 657 1455 714 quoque
1491 643 1895 715 discrepantia

212 726 362 784 satis
404 727 657 782 dictum.
707 728 1029 784 Sciendum
1075 733 1300 801 tamen,
1326 732 1490 804 quod
1522 732 1718 804 prima
1747 747 1892 788 eon-

211 818 486 875 cordatio
531 808 663 874 haec
706 823 818 886 est,
848 835 985 891 quae
1016 820 1082 876 fit
1124 822 1373 894 prmfato
1416 824 1602 879 modo
1645 823 1721 878 ad
1752 823 1894 879 meli

210 907 491 963 ductum.
512 906 712 962 Altera
752 913 839 963 est
868 910 1251 966 concordatio
1282 910 1464 983 paulo
1494 910 1713 982 minor,
1741 911 1894 967 dum

209 996 310 1053 vel
360 995 637 1053 elationis
687 996 1121 1055 diffﬁcultatem
1168 1000 1439 1070 mitigare
1481 1000 1770 1072 volentes,
1802 1001 1894 1057 vel

210 1084 683 1141 submissiorem
726 1086 1079 1157 gravitatem
1122 1088 1367 1159 erigere,
1400 1095 1504 1147 aut
1547 1090 1607 1146 in
1648 1107 1891 1146 sursum

212 1177 325 1229 aut
364 1172 429 1229 in
470 1173 683 1242 jusum
736 1174 1028 1246 quintana
1076 1177 1541 1248 transpositione
1581 1178 1894 1249 subjungi—

96 1312 99 1315 ,
212 1279 378 1320 mus.
435 1265 535 1318 Est
586 1266 644 1318 et
688 1263 858 1320 tertia
906 1266 1312 1329 concordatio,
1366 1283 1502 1338 quae
1553 1267 1619 1323 ﬁt
1674 1272 1892 1324 octava

212 1352 465 1423 regione
492 1366 809 1418 sonorum,
841 1351 905 1408 id
951 1357 1057 1420 est,
1089 1353 1236 1409 dum
1296 1354 1357 1410 in
1405 1371 1629 1411 novam
1678 1372 1890 1412 vocem

214 1440 311 1497 vel
339 1441 684 1497 acutionem
735 1440 925 1496 melos
953 1447 1280 1499 mutamus.
1332 1448 1520 1516 Atque
1568 1444 1660 1499 his
1710 1444 1892 1501 colla-

214 1529 485 1586 tionibus
531 1528 888 1585 cantionum
939 1530 1222 1602 quaedam
1268 1531 1634 1587 unanimitas
1665 1532 1892 1588 servari

215 1620 451 1692 potest;
475 1617 647 1673 aliter
673 1621 875 1675 autem
906 1633 1029 1675 non
1073 1624 1288 1692 potest,
1317 1620 1432 1676 nisi
1462 1619 1609 1676 forte
1636 1637 1708 1676 ex
1739 1622 1892 1676 inte-
1922 1653 1967 1706 Β

215 1724 332 1779 gro
380 1707 608 1762 melum
658 1707 971 1780 quodlibet
1002 1708 1060 1765 in
1088 1709 1336 1764 modum
1372 1709 1555 1765 alium
1611 1716 1895 1782 transpo-

216 1798 429 1854 nendo
458 1801 743 1853 mutetur.
780 1798 834 1852 Si
866 1797 1091 1854 melum
1123 1798 1433 1871 quodlibet
1461 1800 1520 1854 in
1550 1798 1763 1855 eadem
1798 1816 1895 1855 so-

217 1903 444 1944 norum
495 1887 645 1941 serie
693 1886 874 1943 unius
915 1892 1019 1944 aut
1046 1888 1307 1943 duorum
1359 1904 1461 1942 seu
1496 1889 1671 1944 trium
1708 1905 1892 1944 sono-

218 1994 361 2034 rum
422 1978 617 2050 spatio
677 1976 910 2032 acutius
967 1983 1070 2033 aut
1124 1978 1367 2046 gravius
1426 1979 1891 2051 transposueris,

219 2065 404 2122 simul
436 2066 616 2122 etiam
667 2064 825 2139 tropi
876 2066 1096 2122 modus
1141 2067 1203 2122 in
1250 2066 1432 2123 aliam
1489 2067 1751 2141 speciem
1784 2069 1893 2124 mi-

219 2161 370 2299 mi;
422 2245 504 2300 Da
536 2242 884 2316 exemplum
915 2242 1096 2314 hujus
1123 2244 1520 2314 migrationis.

297 2333 380 2387 M.
423 2331 743 2397 Quomodo
797 2332 843 2386 si
898 2332 1274 2389 tetrachorda
1330 2333 1423 2390 vel
1481 2332 1894 2405 pentachorda

228 2422 419 2493 quina
454 2421 509 2475 in
543 2420 754 2476 ordine
786 2421 1055 2478 cecinere
1076 2422 1190 2477 hoc
1216 2422 1401 2477 modo
1432 2440 1443 2476 :

1384 2600 1420 2668 ἔα

1140 2710 1470 2835 r77

799 2878 1481 3061 _;Z;
1922 3005 1961 3057 ρ

864 3105 915 3172 J
1034 3106 1085 3173 J
1204 3101 1255 3169 J
1375 3100 1427 3166 ι]

626 3212 1463 3442 Γῖἷῖἷςίῖἷ

650 3382 1304 3510 7777

645 3554 1129 3681 777

658 3722 959 3847 77
1232 3738 1237 3741 ’

646 3892 785 4015 7

300 4114 850 4181 Quemadmodum,
918 4114 1191 4186 inquam,
1259 4114 1339 4169 ita
1402 4114 1675 4170 canendo
1731 4116 1887 4188 proti

226 4203 394 4259 modi
417 4203 894 4275 pentachordum
926 4218 1049 4258 uno
1076 4203 1270 4274 spatio
1300 4203 1535 4259 acutius
1563 4203 1786 4259 factum
1822 4204 1886 4260 in

222 4292 453 4347 deuteri
484 4292 963 4365 pentachordum
1020 4295 1305 4357 mutatur,
1342 4309 1377 4347 a
1408 4291 1653 4349 deutero
1703 4293 1767 4349 in
1792 4293 1889 4349 tri-

226 4385 358 4435 tum
390 4382 618 4452 transit,
650 4396 685 4436 a
712 4381 848 4435 trito
898 4379 957 4434 in
1003 4380 1350 4446 tetrardum,
1391 4396 1427 4436 a
1458 4382 1717 4438 tetrardo
1749 4397 1881 4437 rur-

225 4485 336 4523 sus
369 4470 517 4524 redit
546 4470 608 4525 in
637 4472 879 4541 protum
904 4486 917 4524 :
938 4454 1027 4524 ita
1052 4468 1348 4541 quidquid
1374 4486 1497 4525 uno
1530 4470 1619 4526 vel
1648 4470 1891 4527 duobus

226 4574 339 4613 seu
384 4558 569 4614 tribus
635 4560 791 4614 tonis
857 4575 929 4614 ex
986 4558 1217 4627 integro
1283 4558 1458 4614 altius
1528 4560 1891 4633 graviusque

226 4648 693 4720 transposueris,
744 4647 922 4703 simul
963 4648 1021 4703 in
1078 4648 1330 4704 modum
1382 4649 1567 4705 alium
1601 4655 1896 4706 transmu-

226 4736 471 4793 tabitur.

309 4826 572 4899 Exempli
599 4826 812 4897 gratia,
856 4826 1075 4882 usitata
1105 4842 1325 4882 neuma
1354 4828 1644 4897 regularis
1672 4829 1750 4885 ad
1781 4828 1896 4902 pri-

226 4931 402 4970 mum
436 4920 645 4971 tonum
672 4916 802 4971 haec
828 4919 917 4971 est
945 4931 957 4970 :

305 4998 1438 5076 NoJanf’no/PePa/Pnep.

306 5096 459 5164 Ergo
481 5094 664 5165 hujus
681 5109 920 5150 neumee
940 5092 1232 5163 regularis
1259 5093 1305 5147 si
1326 5098 1510 5149 totam
1530 5095 1896 5151 constitutio~

228 5199 373 5240 nem
403 5199 527 5239 uno
557 5183 750 5257 spatio
780 5184 1050 5240 altiorem
1076 5182 1447 5253 fecero,mox
1470 5200 1539 5239 ex
1559 5191 1730 5256 proto
1752 5191 1895 5241 tono

228 5273 515 5329 deuterus
568 5272 686 5329 ﬁet.
744 5272 1078 5329 Similitera
1107 5273 1353 5328 deutero
1404 5276 1784 5345 transposita,
1834 5276 1894 5329 in

230 5362 438 5417 tritum
470 5361 723 5417 modum
754 5361 1045 5418 deveniet.
1068 5363 1290 5416 Rursus
1314 5378 1349 5416 ει
1374 5360 1504 5415 trito
1534 5366 1673 5416 tono
1705 5362 1751 5416 si
1773 5378 1894 5417 uno

229 5450 461 5507 levetur
508 5450 723 5522 spatio,
773 5449 1069 5505 tetrardus
1126 5450 1409 5506 succedit.
1452 5449 1661 5505 Adhuc
1718 5450 1894 5504 unius

231 5540 409 5613 spatii
439 5555 696 5596 acumen
720 5539 772 5595 si
799 5539 1112 5611 acceperit,
1133 5544 1341 5611 protus
1372 5540 1573 5595 denuo
1605 5538 1890 5594 nascitur.

232 5628 390 5695 Quid
418 5628 466 5686 si
495 5627 1011 5701 descriptiunculis
1039 5644 1282 5700 quoque
1303 5630 1431 5686 haec
1452 5627 1667 5685 eadem
1695 5642 1893 5683 exem-

2008 376 2188 432 veluti
2216 381 2409 451 posita
2438 386 2554 440 sub
2579 394 2892 459 aspectum
2927 390 2954 443 ‘?

2077 468 2152 522 D.
2196 472 2276 523 Ita
2305 470 2589 529 nimirum
2622 483 2729 533 est.

2076 556 2159 610 Μ.
2195 557 2418 622 Quinas
2448 576 2593 634 ergo
2646 566 3184 638 descriptiunculas
3225 567 3515 627 linealiter
3556 573 3672 629 dis-

2004 658 2331 715 ponamus,
2381 664 2518 720 quie
2562 654 2864 723 gradatim
2907 654 3018 710 sibi
3058 656 3425 715 cohterentes
3462 661 3671 732 hujus-

2004 732 2176 878 mogi
2254 738 2534 796 tonorum
2610 742 3106 815 transpositiones
3162 746 3503 819 exprimant
3552 750 3669 806 hoc

2004 837 2109 877 mo
2156 838 2213 878 ο.
2266 838 2281 851 ο

2003 837 2213 879 111000.
2266 838 2281 851 ’

2236 1364 2245 1616 ἰ

2162 1111 3391 1165 -ςω-ειθ-ςω-εθ

2143 1202 3534 1268 ’ὟᾞΧῆῒδτᾞκδϊίκι

2278 1382 2656 1465 011ιὲΙέ
2745 1382 2833 1465 Ιέ

2173 1688 2318 1763 ξιτ»
2404 1688 2485 1763 I‘”
2574 1688 2654 1763 Ισο

2449 1913 2658 2064 οΙΙΙΞ
2744 1913 2826 2064 li
2912 1913 2999 2064 Ιὲ

2277 2261 2823 2336 ΞΙ⁹⁹Ι⁹⁹Ι⁶³

2563 2656 3032 2773 __|___|_

2780 3098 2819 3136 ο
2908 2795 2994 3143 Is
3080 3029 3163 3168 Is
3291 3064 3344 3149 ξ

2614 3385 2655 3460 ξ
2782 3387 2823 3422 ρ
2951 3035 3261 3552 Ἶρι

2735 3577 2749 3739 Ι

2068 4291 2264 4347 Prima
2309 4288 2815 4361 descriptiuncula
2867 4290 3024 4362 proti
3071 4291 3240 4348 modi
3285 4294 3351 4362 Ρ,
3391 4291 3661 4349 secunda

1998 4380 2225 4438 deuteri
2258 4381 2328 4449 [⁷,
2368 4377 2541 4433 tertia
2584 4378 2699 4433 triti
2731 4380 2758 4449 /
2790 4384 3007 4452 quarta
3053 4380 3359 4450 retrardif’
3400 4381 3660 4452 ;,quinta

1997 4487 2203 4528 rursus
2230 4468 2505 4540 ejusdem
2536 4483 2672 4540 quae
2723 4468 2938 4540 prima.
2980 4471 3170 4539 Atque
3209 4468 3288 4523 ad
3318 4468 3479 4524 hunc
3523 4484 3657 4524 mo-

1999 4560 2169 4623 dum,
2192 4563 2259 4615 ut
2282 4558 2511 4615 dictum
2540 4560 2648 4626 est,
2676 4556 3106 4629 quodcumque
3132 4557 3359 4613 melum
3391 4561 3660 4631 transpo-

2002 4649 2209 4720 sueris,
2238 4650 2299 4704 in
2330 4647 2509 4704 aliam
2535 4646 2702 4702 modi
2728 4645 2990 4719 speciem
3040 4661 3184 4701 mox
3212 4634 3486 4702 vertetur.
3516 4648 3584 4702 Et
3608 4645 3659 4701 si

2001 4739 2198 4810 major
2220 4738 2294 4793 sit
2322 4735 2475 4807 tropi
2504 4734 2779 4806 mutatio,
2802 4734 3000 4805 major
3025 4748 3270 4806 quoque
3290 4739 3498 4807 tropus
3528 4734 3656 4805 erit,

2001 4828 2063 4883 in
2094 4839 2542 4901 quemcumque
2568 4823 2743 4879 fuerit
2771 4826 3228 4879 transmutatus.

1957 4969 1973 4983 ,
2072 4915 2247 4987 'l‘ropi
2267 4918 2467 4970 autem
2492 4911 2587 4967 vel
2615 4911 2782 4967 modi
2808 4915 2965 4983 sunt,
3005 4926 3162 4984 quos
3207 4910 3453 4968 abusive
3480 4916 3657 4969 tonos

2003 5006 2228 5061 dicunt.
2264 5004 2531 5069 Quorum
2584 5000 2959 5071 singulorum
3002 5000 3397 5057 differentiam
3450 5014 3662 5057 nume-

2004 5109 2261 5167 rumque
2286 5096 2431 5164 puto
2458 5091 2587 5162 jam
2619 5089 2916 5146 didiceris.

2077 5185 2148 5239 D.
2180 5180 2354 5255 Atqui
2384 5179 2583 5236 didici.

2076 5274 2156 5328 M.
2188 5272 2283 5327 Dic
2338 5269 2497 5326 mela
2527 5268 2811 5341 quaelibet
2858 5268 2935 5323 ad
2962 5268 3225 5340 primum
3274 5268 3551 5338 modum,
3582 5268 3663 5323 ad

2006 5361 2340 5417 secundum
2362 5374 2604 5432 quoque
2636 5363 2692 5416 et
2716 5357 2999 5431 reliquos.

2074 5453 2147 5506 D.
2183 5453 2327 5505 Ecce
2356 5448 2574 5504 m:dus
2603 5449 2855 5521 primus.
2898 5452 3044 5505 Ecce
3071 5446 3391 5505 secundus.
3435 5449 3516 5501 En
3542 5434 3685 5501 ter-‘

2006 5541 2142 5596 tius.
2178 5543 2259 5595 En
2288 5539 2464 5594 etiam
2493 5543 2769 5610 quartus.

2077 5628 2160 5685 Μ.
2194 5626 2296 5683 Dic
2320 5639 2504 5693 nunc,
2553 5626 2866 5698 quomodo
2893 5627 3163 5701 quadam
3206 5623 3544 5681 diversitate
3580 5622 3660 5680 ab
