3998 6198
333 163 428 216 991
973 148 1326 208 HUCBALDI
1365 147 1531 203 MON.
1577 144 1633 198 S.
1675 137 1943 196 AMANDI
1983 133 2132 189 OPP.
2174 130 2347 185 PARS
2387 129 2449 184 ll.
2492 157 2562 166 —
2600 120 3104 182 MISCELLANEA.

3652 120 3762 172 992

333 284 592 341 invicem
622 279 860 337 differre
887 276 1132 335 auribus
1153 271 1519 343 judicantur,
1538 282 1673 340 quae
1704 265 1776 319 sit
1805 273 1990 317 causa
2026 259 2075 311 Α
2104 271 2210 310 seu
2237 253 2563 343 latet-ralem.
2596 253 2686 307 Sic
2716 247 2897 343 igitur
2923 243 3137 343 singuli
3175 246 3238 343 et.
3257 258 3382 342 suae
3432 241 3771 343 proprieta-

335 371 696 430 diversitatis
727 369 755 424 ‘?

409 463 480 517 D.
509 457 732 516 Diversi
762 453 1005 527 quidem
1057 449 1136 505 ab
1168 447 1423 504 invicem
1451 440 1811 503 discernibili
1842 454 1992 511 qua-

338 550 482 605 dam
512 563 634 603 suae
673 538 1049 616 proprietatis
1091 537 1286 610 specie
1336 534 1688 592 sentiuntur.
1734 527 1847 587 Sed
1871 540 1995 599 qua

339 655 413 694 ex
443 649 626 692 causa
653 629 912 701 eveniat,
942 628 1145 685 miror.

409 724 492 781 Μ.
519 725 588 778 Ut
629 721 746 776 hoc
779 716 1223 791 aliquantulum
1271 719 1474 788 patere
1521 707 1783 782 incipiat,
1815 706 1895 762 da
1919 709 1997 761 te-

339 810 749 879 trachordum,
779 808 876 865 vel
905 811 1060 864 certe
1088 802 1568 879 pentachordum
1595 798 1878 872 primum.

408 904 482 958 D.
595 900 633 970 7
710 902 857 956 Ecce
883 896 1091 954 cecini.

587 991 641 1060 f’
706 989 788 1044 M.
821 988 946 1043 Huc
1000 985 1219 1042 adhibe
1271 981 1447 1056 proti,
1503 995 1658 1052 quos
1715 975 1994 1041 volueris,

590 1081 615 1150 /
713 1076 949 1145 modos,
1009 1079 1066 1130 et
1139 1071 1372 1129 videbis
1433 1068 1659 1138 omnia,
1727 1082 1860 1139 quae
1918 1062 1998 1119 ad

501 1219 504 1226 .
591 1169 643 1238 [³
708 1168 950 1238 protum
993 1162 1248 1219 modum
1295 1162 1615 1227 canuntur,
1648 1171 1796 1211 sono
1824 1157 1998 1227 proto

591 1258 638 1326 Ρ
703 1254 881 1310 ﬁniri.

413 1347 486 1399 D.
521 1345 612 1401 Sic
644 1342 927 1416 equidem
967 1341 1160 1397 video.

415 1433 496 1487 Μ.
520 1433 605 1488 Da
651 1447 812 1487 nunc
841 1429 1005 1486 aliud
1037 1425 1536 1501 pentachordum,
1569 1421 1735 1495 quod
1764 1420 1836 1476 sit
1877 1434 2000 1474 uno

347 1521 542 1594 spatio
567 1520 762 1587 altius,
794 1518 1087 1591 incipiens
1119 1533 1154 1572 a
1204 1531 1354 1571 sono
1386 1517 1435 1584 [⁸
1463 1513 1726 1578 deutero,
1757 1515 1812 1566 et
1841 1510 1901 1564 in
1932 1524 2002 1563 eo

348 1611 699 1666 consistens.
876 1602 881 1611 ’

417 1699 489 1752 D.
520 1701 587 1753 Et
610 1698 724 1753 hoc
755 1697 836 1751 ita
869 1695 1102 1751 canitur
1135 1711 1147 1748 :

406 1777 502 1841 ’Μ.
534 1787 690 1842 Cane
721 1790 779 1840 et
805 1783 964 1840 mela
993 1781 1158 1837 modi
1207 1780 1456 1847 deuteri,
1509 1783 1565 1834 et
1610 1778 1813 1833 confer
1883 1778 1934 1845 J

351 1889 489 1928 cum
544 1888 692 1928 sono
753 1874 803 1941 P
854 1871 1123 1938 deutero,
1151 1869 1196 1923 si
1251 1869 1312 1922 in
1363 1868 1495 1939 ipso
1546 1866 1691 1922 forte
1745 1864 1813 1919 ﬁ-
1889 1866 1937 1934 Γ

350 1962 612 2018 niantur.
1886 1955 1938 2023 Γ

419 2051 494 2104 D.
529 2048 770 2104 Faciunt
798 2047 1025 2119 utique.
1907 2043 1932 2112 /

419 2138 501 2193 M.
535 2139 620 2194 Da
658 2153 818 2192 nunc
849 2137 1084 2192 tertium
1135 2134 1639 2207 pentachordum,
1670 2132 1814 2187 bino
1889 2133 1940 2200 P

350 2225 526 2281 altius
557 2225 770 2298 spatio,
802 2224 967 2297 quod
1001 2224 1220 2279 scilicet
1246 2241 1282 2278 ει
1313 2239 1463 2278 sono
1523 2222 1657 2277 trito
1686 2223 1711 2291 /
1744 2220 2006 2292 incipiat,

351 2319 409 2370 et
430 2314 492 2370 in
522 2314 788 2386 idipsum
817 2313 1174 2386 deponatur.

426 2406 499 2459 D.
531 2406 598 2459 Et
623 2404 739 2459 hoc
768 2402 1120 2474 hujusmodi
1149 2407 1255 2458 est.
1911 2402 1934 2466 /

425 2494 508 2549 M.
542 2493 671 2548 Huc
701 2492 920 2548 adhibe
969 2492 1135 2547 tritos
1183 2491 1419 2558 modos,
1451 2495 1508 2546 et
1554 2489 1688 2545 trito
1719 2505 1813 2543 so-
1893 2489 1942 2558 [³

357 2598 437 2639 no
468 2584 493 2652 /
524 2581 828 2638 terminari
852 2581 1139 2637 invenies.
1896 2579 1941 2647 Γ

425 2672 500 2725 D.
531 2674 612 2725 Ita
639 2674 816 2726 certe.
1891 2667 1944 2735 f’

349 2835 352 2838 .
426 2761 509 2815 Μ.
544 2762 629 2815 Da
681 2774 841 2815 nunc
891 2758 1066 2814 altius
1112 2757 1317 2831 spatiis
1346 2757 1556 2826 tribus,
1587 2755 1648 2811 id
1685 2760 1772 2810 est
1801 2772 1837 2810 a
1912 2757 1937 2826 /

358 2864 507 2905 sono
538 2851 591 2919 Γ
618 2847 878 2905 tetrardo
903 2847 1384 2920 pentachordum
1406 2851 1710 2919 quartum.

426 2940 500 2995 D.
527 2938 589 2994 ld
627 2939 741 2994 hoc
767 2937 952 2993 modo
989 2937 1056 2992 ﬁt
1087 2954 1099 2992 :
1889 2937 1943 3004 f’

424 3027 506 3084 M.
533 3027 671 3094 Vide
697 3043 858 3082 nunc
889 3026 1181 3082 tetrardos
1204 3025 1442 3095 modos,
1465 3041 1543 3081 an
1570 3041 1674 3080 eos
1707 3041 1838 3080 sen-
1912 3025 1938 3096 /

323 3188 326 3190 γ
357 3118 470 3173 tias
499 3115 559 3170 in
588 3115 849 3170 tetrardo
881 3130 1029 3170 sono
1059 3116 1114 3185 Γ
1142 3114 1487 3174 consistere.
1893 3115 1944 3182 [‘

427 3206 501 3258 D.
534 3202 731 3259 Sentio
757 3201 1088 3258 verissime.

429 3293 510 3348 Μ.
549 3294 632 3347 Da
671 3306 830 3346 nunc
881 3289 1360 3362 pentachordum
1413 3290 1713 3363 quintum,
1761 3297 1818 3346 et
1891 3293 1942 3360 [³

355 3396 564 3436 rursus
623 3395 784 3434 novo
831 3378 1240 3434 tetrarchordo
1305 3378 1464 3434 idem
1525 3394 1814 3434 sonorum
1863 3380 2012 3435 ordo

354 3469 800 3540 modorumque
830 3467 1154 3523 revertitur.

426 3560 496 3614 D.
609 3559 656 3626 εί
734 3559 798 3611 Et
825 3556 942 3611 hoc
968 3559 1122 3611 certe
1152 3555 1518 3612 mirandum.

600 3642 656 3716 Α
731 3647 813 3702 Μ.
858 3645 1050 3700 Virtus
1080 3661 1223 3715 ergo
1257 3660 1546 3701 sonorum
1572 3661 1828 3719 quaeque
1856 3646 2014 3702 mela

621 3739 651 3803 ι)
726 3733 1052 3790 modiﬁcat.
1089 3735 1466 3806 Quapropter
1495 3739 1638 3790 nota
1691 3751 1851 3791 nunc
1909 3735 2013 3791 tibi

601 3826 653 3894 ι]
728 3829 987 3896 quatuor
1043 3821 1158 3878 illis
1200 3823 1528 3894 phthongis
1568 3824 1687 3879 vim
1716 3825 2013 3880 varietatis

603 3913 650 3981 ..Ι
727 3909 1062 3966 mirabilem
1093 3914 1149 3965 et
1179 3926 1355 3965 suam
1377 3911 1593 3983 cuique
1615 3911 1850 3982 faciem,
1890 3929 2015 3985 qua

355 4000 574 4070 singuli
603 3999 684 4055 ad
713 3999 966 4054 invicem
999 3998 1335 4054 diversitate
1377 3999 1674 4065 differant,
1707 4006 1764 4056 et
1811 4017 2016 4057 secun-

354 4091 504 4144 dum
537 4105 600 4144 se
621 4087 944 4144 modorum
977 4088 1197 4144 faciant
1234 4087 1620 4144 differentias.

313 4169 320 4176 ’
427 4179 502 4232 D.
540 4177 672 4232 Haec
726 4175 973 4248 quidem
1028 4179 1355 4248 utcumque
1412 4177 1609 4233 videre
1656 4194 1752 4234 me
1789 4177 2010 4234 videor.

356 4265 530 4325 Miror
582 4269 805 4334 autem,
865 4281 1002 4320 cum
1052 4270 1185 4321 octo
1252 4267 1590 4338 computari
1640 4265 1889 4335 soleant,
1951 4271 2014 4322 tu

355 4355 450 4412 his
504 4354 666 4425 sonis
713 4369 835 4410 non
894 4354 1087 4422 magis
1140 4369 1328 4426 quam
1398 4359 1659 4427 quatuor
1713 4357 2014 4429 procreari

355 4443 595 4500 dixeris.

425 4534 509 4588 Μ.
544 4535 686 4588 Octo
739 4536 975 4588 constat
1024 4532 1239 4587 modos
1272 4547 1383 4589 nos
1421 4533 1609 4590 solere
1640 4540 2012 4608 computare,

356 4621 438 4677 ita
469 4625 693 4686 tamen,
722 4623 786 4675 ut
832 4619 956 4676 bini
1010 4619 1195 4689 modi,
1249 4620 1312 4677 id
1353 4626 1463 4692 est,
1494 4622 1691 4692 major
1737 4641 1877 4679 cum
1907 4625 2015 4680 mi-

357 4721 503 4765 nore
535 4724 571 4763 a
628 4707 877 4776 singulis
927 4708 989 4763 in
1033 4709 1412 4764 tetrachordo
1462 4709 1756 4764 sonitibus
1807 4711 2014 4767 mode-

357 4803 582 4865 rentur,
632 4801 688 4852 et
745 4797 824 4855 ob
881 4797 994 4852 hoc
1061 4797 1165 4852 uni
1235 4797 1598 4870 deputentur
1657 4800 1860 4865 modo,
1910 4801 2015 4871 qui

357 4886 571 4942 eodem
603 4889 892 4955 reguntur
922 4900 1093 4951 sono,
1127 4884 1346 4941 scilicet
1374 4887 1422 4955 Ρ
1453 4885 1676 4940 archoo
1698 4887 1787 4942 vel
1817 4892 2014 4960 proto,

358 4978 638 5030 autentus
696 4978 904 5046 protus
956 4978 1013 5030 et
1063 4971 1295 5044 plagis:
1340 4977 1392 5044 Γ
1446 4972 1692 5030 deutero
1730 4975 2014 5033 deuterus

359 5066 636 5119 autentus
657 5067 714 5118 et
737 5062 931 5135 plagis
954 5081 966 5117 :
993 5062 1019 5132 /
1043 5062 1175 5117 trito
1197 5066 1477 5118 autentus
1502 5063 1668 5118 tritus
1693 5068 1749 5120 et
1775 5065 1972 5138 plagis
1998 5084 2010 5121 :

359 5153 414 5221 [³
460 5151 719 5208 tetrardo
776 5150 1072 5208 tetrardus
1131 5154 1409 5206 autentus
1462 5155 1519 5206 et
1587 5151 1801 5223 plagis.
1861 5156 2013 5210 Sane

359 5243 671 5296 autentum
692 5240 946 5296 dicimus
978 5237 1364 5307 auctoralem,
1397 5239 1602 5314 plagin
1631 5241 2014 5313 subjugalem

2101 345 2174 401 tis
2231 342 2515 416 qualitate
2573 343 2713 395 sunt
2759 333 3161 400 dinoscibiles,
3190 337 3244 388 et
3275 333 3400 387 suis
3430 332 3664 404 quique
3691 335 3772 386 te-

2102 431 2434 491 trachordis
2486 435 2543 486 et
2598 424 3020 502 pentachordis
3049 421 3389 496 praesident,
3423 426 3504 491 et,
3553 426 3620 475 ut
3651 419 3773 475 dic-

2102 527 2232 580 tum
2261 525 2368 592 est,
2402 524 2580 576 tonos
2608 515 2906 573 modosve
2937 512 3298 568 discernunt.

2174 614 2246 667 D.
2290 614 2521 681 Ergone
2551 608 2737 665 solius
2767 604 2899 662 soni
2953 601 3148 658 ﬁnalis
3198 601 3385 656 virtus
3433 598 3773 672 quemlibet

2103 701 2355 759 modum
2419 698 2618 769 efﬁcit,
2650 701 2716 752 ut
2765 694 2845 751 ob
2873 693 2936 749 id
2991 697 3195 764 tropus
3232 690 3325 746 vel
3354 688 3585 745 modus
3616 687 3773 742 illius

2105 795 2208 848 aut
2235 790 2392 847 illius
2425 788 2559 844 soni
2583 783 2876 843 dicendus
2925 781 3014 849 sit,
3055 779 3218 853 quod
3249 778 3309 834 in
3353 793 3427 834 eo
3459 776 3604 832 ﬁnis
3634 775 3772 831 meli

2105 878 2434 938 constiterit
2459 878 2488 933 ?

2176 1007 2258 1062 Μ.
2287 1002 2584 1074 Praecipue
2610 997 2859 1073 quidem
2881 995 3113 1052 videtur
3131 993 3219 1048 vis
3249 990 3576 1063 cujuslibet
3621 988 3774 1061 tropi

2106 1095 2185 1152 ob
2216 1093 2278 1150 id
2298 1094 2360 1149 in
2380 1089 2648 1164 quolibet
2676 1086 2844 1143 ﬁnali
2873 1100 3022 1140 sono
3049 1081 3392 1152 consistere,
3415 1077 3592 1152 quod
3617 1079 3681 1133 in
3706 1094 3774 1133 eo

2107 1190 2315 1256 tropus
2367 1178 2633 1236 ﬁniendo
2687 1173 3049 1240 constiterit;
3098 1171 3337 1226 additur
3373 1169 3493 1224 hoc
3548 1173 3774 1236 tamen,

2107 1272 2274 1347 quod
2305 1286 2489 1327 sonus
2534 1267 2698 1323 idem
2735 1263 2932 1320 ﬁnalis
2961 1266 3019 1318 et
3048 1259 3297 1316 sociales
3357 1258 3454 1313 sui
3500 1257 3778 1328 frequen-

2108 1361 2287 1418 tiores
2319 1359 2380 1415 in
2412 1359 2783 1414 commatum
2829 1351 2924 1408 vel
2977 1349 3245 1406 colorum
3276 1348 3398 1403 ﬁne
3431 1350 3770 1401 versantur.

2114 1447 2371 1508 Sociales
2421 1448 2622 1501 autem
2674 1458 2815 1498 suos
2870 1439 3125 1512 quisque
3173 1451 3362 1492 sonus
3405 1451 3530 1490 non
3583 1432 3775 1488 solum

2112 1536 2334 1612 quintis
2355 1534 2538 1590 habet
2557 1531 2925 1602 regionibus,
2959 1527 3063 1584 sed
3090 1531 3145 1582 et
3174 1525 3407 1598 quartis
3447 1522 3600 1579 locis
3616 1522 3777 1612 alios

2114 1610 2470 1697 sibiquaarit
2490 1636 2826 1693 compares,
2854 1618 2962 1691 qui
2987 1617 3165 1672 tertia:
3197 1612 3588 1686 symphonia:
3614 1610 3778 1665 locus

2115 1720 2220 1769 est.
2256 1717 2459 1785 Itaque
2489 1711 2550 1766 in
2579 1708 2906 1783 particulis,
2936 1724 3071 1779 quae
3122 1704 3402 1761 membra
3458 1707 3602 1756 sunt
3645 1715 3776 1755 can-

2117 1803 2313 1870 tionis,
2366 1816 2518 1874 pene
2571 1815 2813 1872 semper
2873 1797 3006 1854 cola
3056 1795 3151 1851 vel
3198 1797 3508 1850 commata
3547 1791 3663 1845 has
3720 1790 3774 1843 in

2116 1889 2375 1946 levando
2416 1893 2519 1945 aut
2565 1888 2623 1943 in
2673 1884 3034 1959 deponendo
3082 1898 3374 1938 sonorum
3423 1877 3775 1935 socialitates

2116 1985 2347 2054 petunt,
2374 1984 2430 2034 et
2478 1978 2540 2032 in
2571 1993 2674 2033 eas
2719 1975 2813 2032 vel
2869 1975 3020 2030 arsis
3045 1973 3272 2046 ,quterit
3323 1970 3638 2039 attingere,
3689 1965 3775 2020 vel

2119 2069 2317 2126 thesis.
2355 2065 2782 2139 Exemplorum
2827 2064 2969 2120 satis
2997 2061 3263 2132 legitima
3291 2058 3454 2115 mela
3479 2056 3771 2118 adferunt,

2117 2175 2251 2231 quae
2278 2173 2352 2212 ne
2381 2156 2619 2225 longius
2642 2169 3008 2226 qilteramus,
3036 2151 3234 2223 aspice
3267 2157 3457 2221 quam
3480 2147 3540 2201 in
3592 2145 3773 2200 mani-

2117 2249 2233 2302 bus
2265 2251 2536 2301 tenemus
2565 2259 2853 2300 neumam
2885 2241 3244 2311 regularem,
3277 2237 3371 2293 vel
3396 2233 3773 2310 particulam,

2119 2351 2306 2409 quam
2337 2335 2460 2390 duo
2482 2336 2786 2389 commata
2809 2330 3142 2404 perﬁciunt.

2193 2431 3332 2506 NoJanf’no/f‘ef’a/j’nef.

2191 2529 2275 2581 Ac
2304 2524 2462 2594 vide,
2493 2523 2804 2597 quomodo
2833 2522 2894 2577 in
2937 2525 3182 2593 quartos
3239 2533 3426 2574 sonos
3471 2515 3775 2586 utriusque

2120 2613 2437 2670 commatis
2464 2611 2681 2685 positio
2711 2614 2934 2679 vergat,
2966 2613 3023 2663 et
3046 2605 3339 2680 particula
3385 2621 3422 2660 a
3456 2619 3582 2676 quo
3633 2616 3776 2656 sono

2122 2703 2357 2760 initium
2403 2701 2578 2769 levat,
2609 2700 2670 2755 in
2699 2699 2981 2756 eumdem
3034 2698 3096 2752 in
3149 2695 3268 2752 ﬁne
3321 2694 3612 2767 deponat.
3641 2691 3777 2746 Cola

2123 2797 2324 2848 autem
2371 2789 2628 2845 dicimus
2677 2788 2936 2859 majores
2987 2783 3331 2859 particulas,
3363 2782 3488 2837 duo
3537 2797 3647 2836 seu
3673 2780 3778 2835 tria

2121 2880 2217 2937 vel
2290 2879 2466 2952 plura
2545 2882 2848 2934 commata
2926 2875 3319 2941 continentes,
3389 2887 3525 2942 quae
3601 2870 3777 2925 etiam

2052 2961 2092 3013 Ο
2124 2973 2497 3042 opportunas
2549 2966 2849 3039 quasdam
2899 2964 2988 3019 sui
3045 2961 3455 3019 distinctiones
3486 2959 3774 3031 praebent.

2125 3061 2302 3114 Porro
2334 3061 2660 3126 commata,
2693 3053 2886 3110 sibiin
2914 3051 3311 3109 levationibus
3358 3065 3428 3105 ac
3474 3047 3778 3122 positioni-

2123 3146 2239 3202 bus
2312 3143 2693 3205 cohaerentia,
2763 3141 2937 3198 colon
3009 3143 3343 3213 peragunt;
3418 3143 3628 3193 tamen
3696 3140 3780 3190 est

2123 3233 2444 3296 interdum.
2474 3231 2576 3288 ubi
2608 3230 3011 3287 indifferenter
3037 3229 3214 3286 colon
3243 3230 3364 3284 sive
3395 3242 3644 3283 comma
3667 3224 3778 3279 dici

2124 3328 2343 3396 potest.

2195 3432 2262 3486 D.
2297 3428 2452 3495 Quid
2480 3427 2632 3484 inter
2662 3443 2723 3482 se
2753 3427 3013 3498 majores
3060 3424 3402 3481 minoresve
3451 3423 3578 3478 toni
3619 3420 3782 3476 diffe—

2120 3521 2280 3584 runt,
2331 3516 2544 3573 eodem
2598 3515 2846 3588 quidem
2894 3530 3044 3571 sono
3092 3513 3261 3582 ﬁniti,
3290 3512 3510 3570 eodem
3567 3511 3777 3579 guber-

2122 3606 2242 3662 nati
2274 3607 2301 3662 ?

2192 3732 2274 3786 M.
2328 3731 2470 3796 Quae
2522 3745 2701 3802 super
2751 3728 2843 3784 bis
2897 3727 3153 3783 dicenda
3205 3730 3362 3790 sunt,
3396 3724 3779 3781 commodius

2123 3820 2418 3886 dicemus,
2486 3819 2533 3873 si
2599 3818 2765 3891 prius
2830 3817 3104 3891 proprias
3175 3831 3468 3872 sonorum
3545 3813 3778 3871 notulas

2123 3909 2560 3965 describamus.
2600 3910 2812 3962 Decem
2841 3911 2898 3962 et
2925 3909 3055 3962 octo
3098 3920 3365 3977 namque
3417 3904 3580 3958 sonis
3610 3908 3780 3958 notas

2124 3999 2428 4072 ponimus,
2456 3997 2518 4052 id
2571 4001 2677 4064 est,
2713 3994 3096 4052 tetrachordis
3127 3997 3409 4066 quatuor,
3441 3999 3498 4049 et
3536 3992 3783 4047 dimidio

2124 4087 2518 4143 tetrachordo.
2554 4086 2822 4141 Primum
2852 4084 3117 4157 quidem,
3149 4082 3318 4155 quod
3352 4087 3444 4138 est
3469 4081 3781 4144 humilius,

2125 4192 2306 4247 grave
2391 4175 2839 4231 tetrachordum
2916 4187 3364 4244 nuncupamus,
3448 4171 3784 4226 secundum

2123 4264 2325 4330 ﬁnale,
2359 4263 2596 4320 tertium
2629 4261 2916 4335 seperius,
2949 4265 3234 4334 quartum
3284 4259 3605 4316 excellens.
3635 4259 3785 4313 Sane

2124 4354 2256 4410 illas
2309 4353 2573 4421 voculas,
2606 4368 2760 4424 quas
2806 4351 3015 4408 ﬁcales
3065 4365 3379 4420 vocamus,
3429 4350 3514 4405 eis
3564 4348 3786 4404 notulis

2126 4443 2537 4514 designamus,
2568 4456 2721 4513 quas
2762 4456 2945 4514 supra
2992 4438 3442 4510 descripsimus,
3476 4438 3557 4493 ita
3604 4439 3650 4507 P
3683 4438 3730 4506 ['

2125 4535 2178 4603 Γ
2203 4550 2216 4600 ;
2250 4547 2461 4602 graves
2491 4539 2692 4588 autem
2731 4529 2957 4586 eisdem
2987 4527 3126 4592 fere,
3159 4527 3265 4582 sed
3310 4533 3470 4584 retro
3515 4530 3786 4599 spectan-

2126 4619 2392 4677 tantibus
2442 4618 2674 4689 ﬁguris,
2707 4618 2788 4673 ita
2835 4617 2872 4686 7
2902 4618 2936 4686 '1
2968 4617 3031 4672 N
3050 4619 3123 4687 τῖς
3157 4615 3509 4687 Superiores
3560 4615 3787 4686 gyratis

2125 4709 2187 4764 in
2213 4709 2424 4780 jusum
2451 4706 2754 4774 ﬁnalibus,
2786 4706 2932 4776 itaJ
2960 4707 3013 4776 J
3034 4709 3061 4774 5
3083 4707 3137 4774 Α
3162 4723 3174 4773 ;
3209 4703 3578 4760 Excellentes
3609 4719 3785 4775 gyra-

2127 4798 2200 4855 tis
2254 4798 2313 4853 in
2340 4798 2545 4868 jusum
2579 4795 2883 4865 gravibus,
2922 4794 3006 4850 ita
3041 4797 3077 4865 ﬁ
3102 4795 3152 4862 ἰΙ
3205 4793 3266 4848 Χ
3288 4795 3342 4864 ξ.
3381 4793 3570 4848 Tritus
3603 4809 3788 4847 sonus

2126 4887 2436 4960 excipitur,
2477 4885 2580 4959 qui
2637 4885 2699 4940 in
2749 4883 3035 4955 gravibus
3063 4881 3246 4938 habet
3275 4884 3341 4938 N
3370 4882 3659 4937 inclinum
3690 4883 3784 4947 N;

2127 4977 2188 5032 in
2220 4974 2628 5048 superioribus
2658 4975 2721 5030 N
2738 4989 2981 5029 versum
3013 4975 3070 5028 et
3098 4970 3393 5027 inclinum
3422 4975 3481 5039 ες
3513 4971 3574 5025 in
3600 4971 3789 5026 excel-

2126 5065 2387 5120 lentibus
2414 5064 2536 5120 iota
2569 5062 2924 5120 transﬁxum
2955 5062 3030 5117 X.
3065 5059 3356 5116 Residuas
3386 5060 3560 5116 binas
3610 5075 3792 5115 voces

2123 5154 2462 5225 jacentibus
2520 5153 2675 5209 notis
2726 5151 3118 5224 exprimimus
3145 5152 3215 5198 τι·
3245 5163 3314 5213 κδ
3343 5150 3449 5221 qui
3490 5150 3548 5204 in
3575 5148 3792 5205 ordine

2127 5243 2481 5315 disponatur
2506 5242 2587 5298 ita
2620 5259 2632 5296 :

1115 5327 3022 5404 ῗἹΝἵΙΡΡίΓΙιῖιΙΞᾸΙὲιΧΕΙὛᾞ.

373 5463 378 5469 .
431 5419 504 5472 Β.
541 5418 705 5474 Unde
732 5432 982 5488 possum
1011 5415 1343 5483 dinoscere,
1371 5418 1475 5491 qui
1508 5419 1624 5474 sint
1650 5419 1881 5488 ﬁnales,
1911 5421 2016 5493 qui

363 5506 720 5581 superiores,
750 5504 843 5561 vel
880 5504 1035 5561 illius
1055 5509 1158 5561 aut
1185 5505 1338 5564 illius
1377 5508 1604 5564 ordinis
1634 5511 1661 5565 ?

432 5595 515 5651 M.
551 5596 740 5651 Omne
761 5593 1060 5651 musicum
1091 5595 1167 5651 ad
1192 5595 1418 5670 aliquid
1438 5612 1567 5653 esse
1589 5602 1848 5656 constat:
1869 5614 2016 5658 nam

2125 5436 2235 5476 nec
2261 5435 2446 5475 sonus
2472 5421 2738 5476 musicus
2769 5434 2900 5474 esse
2931 5421 3126 5491 potest
3145 5418 3272 5472 sine
3295 5416 3686 5488 adjunctione
3715 5417 3796 5472 al-

2127 5508 2308 5565 terius
2323 5508 2474 5576 soni,
2489 5509 2570 5566 ad
2590 5525 2772 5582 quem
2785 5506 3043 5564 naturali
3060 5507 3253 5580 spatio
3266 5506 3570 5562 musicum
3593 5513 3792 5563 sonat.

2127 5599 2286 5655 Sicut
2314 5614 2457 5669 ergo
2486 5599 2566 5656 ad
2608 5597 2833 5671 aliquid
2876 5613 2980 5670 per
3038 5611 3100 5652 se
3153 5611 3278 5652 non
3310 5594 3680 5666 intelligitur,
3714 5597 3796 5652 ita
