3998 6198
243 210 348 262 993
903 239 906 242 ι
1628 195 1879 255 MUSICA
1917 194 2404 253 ENCHIRIADIS.
3626 209 3731 263 994

248 341 388 381 cum
413 321 659 394 aliquot
682 318 815 375 soni
843 317 1118 375 absolute
1139 328 1561 386 numerantur,
1610 335 1718 375 nec
1765 329 1936 388 supe-
1977 317 2026 367 A
2135 317 2291 373 Solre
2325 315 2390 371 in
2413 315 2600 372 tribus
2631 319 2917 375 membris
2951 320 3171 377 ultimae
3221 321 3436 392 longae,
3486 326 3728 400 reliquie

247 413 440 469 riores
463 410 608 481 jure
639 411 920 481 possunt,
953 422 1063 462 nec
1119 406 1334 463 ﬁnales
1383 409 1521 478 dici,
1563 425 1669 464 seu
1697 403 1937 462 alterius
2057 404 2274 462 breves
2315 410 2480 460 sunt.
2513 406 2603 463 Sic
2633 407 2833 480 itaque
2864 424 3182 466 numerose
3214 415 3303 466 est
3339 427 3572 481 canere,
3603 416 3729 472 lon-

247 501 554 572 cujusque
590 496 842 553 ordinis.
880 496 993 552 Sed
1025 511 1167 550 eum
1198 511 1448 552 necesse
1486 498 1576 568 sit,
1628 503 1711 566 ut,
1771 494 1941 568 quid-
2057 494 2147 562 gis
2175 493 2596 566 brevibusque
2625 496 2789 551 sonis
2816 501 2976 552 ratas
3026 498 3291 554 morulas
3349 502 3562 570 metiri,
3620 520 3730 560 nec

245 589 398 664 quid
426 588 540 643 rite
572 585 830 651 canitur,
847 585 1022 640 altius
1045 583 1417 658 graviusque
1439 586 1497 641 in
1525 601 1644 641 uno
1673 585 1943 658 ipsorum
2054 597 2164 653 per
2192 583 2334 638 loca
2389 585 2734 655 protrahere
2791 585 2885 640 vel
2929 587 3280 642 contrahere
3318 590 3513 660 magis
3542 608 3730 663 quam

245 683 515 753 quatuor
572 676 849 738 ﬁniatur,
901 675 958 728 in
1011 672 1289 745 quolibet
1345 691 1557 731 eorum
1610 674 1945 731 ﬁniendum
2057 677 2322 744 oportet,
2355 671 2460 727 sed
2492 672 2645 729 infra
2664 674 2990 730 scandendi
3047 673 3241 744 legem
3285 693 3495 734 vocem
3549 681 3730 737 conti-

245 773 351 834 est,
385 773 522 840 ipse
555 781 706 821 eum
735 763 962 820 caeteris
994 763 1088 818 sui
1120 764 1487 819 tetrachordi
1537 763 1831 819 sonitibus
1877 763 1945 817 ﬁ-
2058 777 2219 828 nere,
2268 767 2334 817 ut
2362 762 2550 833 possit
2579 763 2801 818 melum
2839 779 2909 818 ea
2956 764 3112 819 ﬁniri
3161 781 3350 832 mora,
3399 783 3523 840 qua
3552 771 3726 843 cepit.

245 857 400 914 nalis
432 855 677 911 obtinet
708 869 951 909 nomen.
987 855 1052 907 Et
1080 851 1220 906 hinc
1253 853 1372 909 alia
1422 852 1804 910 tetrachorda
1853 869 1948 907 su-
2058 851 2287 906 Verum
2358 850 2404 904 si
2465 850 2824 924 aliquotiens
2879 868 3062 908 causa
3104 853 3448 911 variationis
3497 862 3730 914 mutare

247 949 422 1004 munt
452 945 764 1000 ordinem.
799 942 886 997 Ab
917 941 1131 997 eodem
1159 940 1342 996 etiam
1387 958 1558 1006 sono,
1611 947 1678 997 ut
1708 942 1781 996 sit
1817 958 1945 996 ma-
2058 955 2298 994 moram
2330 938 2500 1001 velle,
2532 938 2593 994 id
2623 944 2730 1006 est,
2761 942 2919 995 circa
2949 939 3184 996 initium
3215 947 3318 996 aut
3362 942 3543 1000 tinem
3594 963 3705 1018 pro

244 1035 339 1106 jor
364 1037 553 1088 tonus
590 1035 699 1086 aut
728 1030 945 1097 minor,
978 1045 1330 1085 mensuram
1361 1030 1765 1101 accipit.Cum
1788 1027 1948 1082 enim
2057 1027 2383 1082 tensiorem
2416 1026 2508 1081 vel
2538 1026 2932 1084 incitatiorem
2987 1043 3232 1083 cursum
3273 1029 3484 1101 facere,
3542 1033 3728 1107 duplo

249 1123 607 1180 inferiorem
637 1136 945 1193 quemque
976 1125 1154 1175 tonus
1183 1135 1308 1174 non
1339 1121 1548 1191 quinto
1580 1120 1722 1174 loco
1753 1118 1948 1173 valea-
2056 1113 2117 1168 id
2143 1114 2376 1183 feceris,
2406 1113 2466 1168 id
2497 1119 2605 1184 est,
2638 1121 2702 1170 ut
2730 1115 3089 1187 productam
3143 1132 3378 1173 moram
3423 1119 3483 1174 in
3542 1120 3729 1192 duplo

253 1229 389 1268 mus
425 1210 714 1266 altiorem
755 1225 995 1283 ponere,
1043 1213 1100 1263 et
1148 1209 1521 1280 superiorem
1569 1208 1789 1279 quinto
1816 1207 1948 1261 loco
2058 1201 2426 1274 correptiore
2485 1218 2589 1258 seu
2644 1208 2984 1275 correptam
3034 1205 3336 1272 immutes,
3392 1207 3579 1280 duplo
3603 1208 3730 1264 lon-

253 1300 624 1372 graviorem,
661 1304 728 1354 ut
758 1313 939 1369 supra
965 1301 1368 1351 monstratum
1397 1301 1505 1366 est,
1523 1296 1801 1368 profecto
1828 1311 1949 1351 non
2060 1291 2246 1360 giore.

255 1388 600 1445 secundum
655 1387 718 1442 id
769 1386 1037 1459 superior
1084 1385 1299 1441 dicitur
1331 1390 1434 1440 aut
1471 1384 1746 1451 inferior,
1783 1385 1949 1455 quod
2128 1382 2201 1433 Β.
2248 1381 2416 1442 Ριιῒο.
2451 1386 2675 1438 tentare
2706 1381 2925 1436 horum
2963 1399 3215 1456 quaeque
3247 1385 3504 1456 expedit,
3559 1391 3614 1440 et
3665 1385 3726 1441 in

255 1478 428 1535 altius
462 1481 568 1532 aut
601 1474 854 1539 inferius
883 1473 1029 1529 alter
1058 1477 1309 1528 canatur
1336 1473 1413 1528 ab
1439 1472 1626 1527 altero
1659 1490 1674 1538 ;
1733 1472 1838 1526 sed
1865 1489 1950 1528 se-
2061 1485 2239 1523 usum
2261 1474 2510 1525 vertere.

253 1568 526 1625 cundum
559 1565 651 1626 id,
686 1581 810 1637 quo
841 1579 968 1618 sese
997 1564 1232 1635 utrique
1263 1562 1387 1618 toni
1418 1561 1494 1617 ad
1523 1576 1758 1616 sonum
1804 1562 1950 1617 tina-

2133 1558 2214 1611 Μ.
2260 1559 2429 1612 Recte
2459 1563 2635 1630 putas
2670 1576 2682 1613 :
2714 1558 2794 1614 ob
2824 1559 2936 1614 hoc
2963 1576 3278 1616 sumamus
3308 1561 3532 1618 malum
3559 1563 3726 1635 quod

253 1658 371 1714 lem
423 1657 702 1722 habent;
764 1652 988 1708 habent
1039 1657 1239 1707 autem
1283 1652 1397 1706 hoc
1445 1650 1660 1705 modo.
1712 1650 1756 1702 A
1787 1650 1952 1706 ﬁnali
1995 1663 2039 1716 Β
2065 1644 2151 1699 vis
2181 1661 2417 1711 canere.
2450 1663 2610 1702 nunc
2643 1649 2998 1720 correptius.
3027 1665 3187 1704 nunc
3224 1649 3612 1724 productius;
3647 1652 3727 1708 ita

257 1762 406 1801 sono
435 1742 699 1816 aequalis
729 1745 995 1814 potestas
1025 1745 1114 1796 est
1138 1739 1355 1795 minori
1379 1744 1518 1794 tono
1539 1738 1601 1792 in
1635 1739 1953 1809 superiora

259 1840 439 1906 atque
470 1831 785 1900 inferiora,
817 1829 878 1884 id
909 1835 1018 1900 est,
1059 1829 1120 1884 in
1175 1834 1427 1900 utroque
1482 1827 1677 1882 latere
1730 1829 1952 1899 pertin-

261 1923 441 1994 gendi
470 1937 673 1994 usque
704 1919 785 1975 ad
815 1935 998 1975 sonos
1029 1917 1293 1990 quintos.
1351 1920 1475 1972 Non
1505 1916 1684 1988 quod
1715 1933 1954 1992 semper

263 2012 323 2069 id
343 2011 607 2081 eveniat,
644 2008 752 2065 sed
781 2008 948 2081 quod
974 2008 1104 2062 haec
1135 2005 1309 2079 spatii
1352 2006 1480 2076 ejus
1531 2006 1608 2060 sit
1661 2012 1947 2078 potestas.

263 2107 392 2160 Jam
416 2119 562 2158 vero
595 2101 646 2155 si
677 2097 755 2155 ad
777 2097 1148 2171 superiorem
1165 2100 1396 2168 partem
1423 2095 1708 2168 quintum
1734 2113 1951 2154 sonum

267 2196 600 2265 systemate
634 2185 956 2256 transierit,
989 2186 1205 2257 majori
1253 2189 1395 2240 tono
1449 2184 1732 2256 deputari
1782 2187 1948 2243 solet.

268 2282 450 2353 Major
482 2283 695 2336 autem
722 2275 1066 2348 systematis
1097 2273 1351 2346 duplum
1381 2272 1562 2328 habet
1590 2275 1860 2345 spatium
1889 2276 1949 2331 in

270 2368 714 2443 superioribus,
746 2367 808 2421 id
839 2370 928 2421 est
959 2379 1150 2437 usque
1172 2363 1230 2418 in
1264 2377 1490 2418 nonum
1525 2377 1770 2418 sonum.

340 2462 415 2514 D.
461 2460 746 2530 Systema
771 2453 920 2527 quid
949 2458 1035 2509 est
1056 2453 1083 2507 ἱ)

342 2549 425 2603 Μ.
469 2548 542 2602 In
572 2545 716 2602 colis
742 2544 834 2599 vel
865 2541 1268 2598 commatibus
1290 2539 1645 2595 diastemata
1667 2539 1946 2608 dicimus,

273 2635 613 2705 systemata
639 2629 700 2684 in
730 2627 1037 2701 particulis
1061 2623 1535 2698 perfectiorilius,
1570 2641 1675 2679 seu
1711 2630 1829 2681 tota
1852 2643 1950 2699 pe-

273 2721 466 2780 riodo.
505 2723 660 2776 Nam
681 2717 976 2773 diastema
1006 2720 1097 2771 est
1127 2714 1388 2787 spatium
1414 2712 1728 2785 quodlibet
1773 2731 1948 2771 sono-

275 2827 434 2881 rum,
462 2823 596 2881 quo
627 2805 916 2878 particula
943 2803 1375 2876 complectitur,
1407 2802 1468 2857 id
1507 2806 1595 2858 est
1623 2820 1748 2875 quo
1775 2809 1951 2860 acuta

276 2903 332 2956 et
362 2896 614 2970 gravior
639 2911 752 2950 vox
782 2893 1104 2949 includitur
1133 2910 1145 2947 :
1178 2897 1448 2964 systema
1481 2892 1658 2947 totius
1688 2894 1950 2965 spatium

278 2988 439 3045 meli.
471 2987 626 3043 Item
652 2988 980 3057 systemata
1002 2987 1140 3038 sunt
1162 2983 1388 3055 species
1411 2982 1947 3055 tetrachordorum,
1990 3010 2029 3065 ο

276 3073 863 3153 pentachordorum,
921 3071 1526 3137 octochordonorum,
1579 3088 1714 3144 quaa
1753 3073 1950 3129 modis

280 3164 540 3234 singulis
572 3179 716 3218 suas
741 3161 890 3217 dant
915 3159 1142 3232 species
1173 3161 1339 3230 (696).

351 3258 426 3311 D.
472 3257 668 3318 Quare
698 3266 890 3306 unum
923 3248 1369 3305 tetrachordum
1396 3247 1508 3304 sub
1546 3247 1829 3306 ﬁnalibus
1858 3267 1949 3306 so-

282 3346 376 3400 nis
406 3341 809 3411 constituitur,
842 3354 1024 3412 super
1051 3338 1262 3394 linales
1287 3339 1408 3394 duo
1428 3341 1455 3394 ?

353 3434 439 3490 Μ.
471 3432 624 3499 Quia
655 3430 778 3486 sive
809 3428 1014 3486 altiore
1047 3428 1171 3484 sive
1209 3427 1599 3484 submissiore
1654 3447 1796 3487 voce
1851 3449 1948 3487 ca-

283 3528 467 3579 natur
493 3517 809 3593 quodlibet
838 3516 1091 3589 simplex
1113 3531 1183 3572 ac
1202 3515 1536 3586 legitimum
1567 3518 1776 3588 melos,
1804 3535 1952 3575 non-

283 3610 400 3666 nisi
431 3608 514 3664 ad
544 3605 825 3680 quintum
856 3619 1074 3660 sonum
1103 3619 1139 3659 a
1167 3602 1334 3659 ﬁnali
1359 3619 1468 3658 suo
1489 3602 1949 3676 deponitur,nec

285 3698 400 3754 nisi
432 3697 499 3752 in
527 3711 758 3751 nonum
791 3709 981 3766 usque
1011 3692 1295 3748 ascendit.
1897 3701 1922 3720 ι

360 3791 429 3843 Et
458 3787 754 3842 hactenus
785 3783 858 3838 de
888 3783 1429 3855 discrepantiarum
1451 3783 1770 3854 generibus
1793 3785 1953 3840 devi-

288 3876 494 3934 tandis
525 3873 798 3948 superius
826 3873 985 3928 dicta
1005 3871 1321 3928 terminata
1352 3876 1492 3927 sunt
1517 3890 1528 3927 :
1559 3889 1719 3929 nunc
1737 3874 1952 3931 deinde

288 3983 429 4040 quae
455 3981 568 4038 pro
614 3961 1004 4019 exornatione
1061 3960 1332 4017 melodiae
1382 3961 1643 4018 donante
1700 3966 1818 4019 Deo
1870 3964 1954 4019 di-

291 4055 490 4112 cenda
507 4057 663 4120 sunt,
697 4066 1154 4125 prosequemur.
1173 4054 1252 4106 Ac
1278 4050 1572 4124 imprimis
1602 4051 1949 4122 videndum,

291 4145 357 4196 ut
386 4153 713 4196 numerose
743 4134 1054 4208 quodlibet
1084 4134 1310 4190 melum
1339 4141 1667 4207 promatur.

365 4232 442 4285 D.
487 4227 638 4294 Quid
665 4231 748 4282 est
775 4241 1093 4280 numerose
1120 4240 1332 4280 canere
1359 4225 1386 4279 ?

367 4320 451 4374 Μ.
497 4319 564 4373 Ut
588 4314 948 4381 attendatur,
983 4314 1084 4370 ubi
1113 4314 1616 4387 productioribus,
1669 4317 1772 4374 ubi
1820 4317 1953 4374 bre-

278 4395 567 4464 -vioribus
590 4403 840 4461 merulis
868 4404 1159 4460 utendum
1189 4404 1278 4460 sit.
1331 4406 1634 4470 Quatenus
1683 4406 1766 4462 uti
1818 4423 1950 4480 quae

299 4495 552 4570 syllabae
582 4495 815 4560 breves,
847 4509 982 4565 qua:
1029 4496 1166 4548 sunt
1194 4493 1408 4563 longae,
1465 4495 1822 4565 attenditur;
1871 4497 1952 4554 ita

297 4585 406 4658 qui
435 4583 565 4639 soni
593 4581 867 4654 producti
891 4581 1114 4654 quique
1145 4581 1400 4654 correpti
1424 4597 1555 4638 esse
1581 4583 1859 4652 debeant,
1893 4588 1959 4641 ut

299 4691 392 4742 ea,
417 4689 553 4746 quae
583 4671 707 4733 diu.
737 4669 815 4726 ad
835 4685 926 4737 ea,
960 4686 1096 4742 quae
1126 4687 1246 4726 non
1277 4671 1402 4742 diu,
1424 4671 1684 4741 legitime
1713 4690 1961 4729 concur-

299 4767 439 4818 rant
465 4779 476 4828 ;
509 4766 567 4817 et
594 4758 776 4816 veluti
800 4757 1057 4816 metricis
1085 4759 1342 4831 pedibus
1380 4760 1676 4817 cantilena
1703 4761 1959 4834 plauda-

303 4857 418 4907 tur.
452 4855 572 4920 Age
599 4863 892 4904 canamus
920 4847 1177 4902 exercitii
1223 4864 1371 4916 usu;
1426 4849 1716 4921 plaudam
1773 4849 1960 4922 pedes

303 4955 418 5009 ego
447 4938 510 4994 in
529 4936 932 5011 praecinendo,
965 4939 1028 4992 tu
1059 4937 1366 5010 sequendo
1392 4937 1717 4994 imitabere.

378 5027 1576 5098 FI’FJF/f’lJJSJJ

383 5121 502 5186 Ego
554 5133 689 5171 sum
746 5115 843 5172 via
976 5131 1044 5170 ve
1073 5114 1120 5170 ri
1149 5121 1235 5172 tas
1260 5121 1317 5172 et
1346 5117 1402 5172 vi
1451 5122 1510 5173 ta

305 5208 500 5277 .JSSJ
567 5206 688 5274 t'J
746 5205 1114 5273 JJJFF

310 5298 378 5353 Al
450 5297 502 5352 le
577 5295 700 5351 luia
771 5293 1036 5350 Alleluia.

385 5442 529 5511 (696)
567 5443 703 5508 Teg.
738 5442 795 5495 C.
830 5439 994 5497 addit
1027 5462 1038 5498 :
1073 5445 1313 5513 quando
1343 5445 1496 5499 enim
1536 5445 1839 5499 cantilena
1870 5444 1962 5498 al-

316 5515 430 5568 tius
453 5513 665 5581 incipit
693 5516 828 5565 tono
853 5515 946 5568 vel
971 5518 1276 5571 semitom'o
1326 5517 1387 5570 in
1442 5515 1836 5572 tetrachordis
1871 5515 1966 5570 vel

316 5585 416 5726 irfzﬁ
431 5581 850 5709 pgntachordis
902 5601 1001 5641 seu
1057 5587 1276 5656 duplis,
1336 5601 1476 5642 mox
1521 5588 1718 5644 altera
1746 5587 1962 5659 species

316 5669 345 5710 e
417 5670 470 5710 cz
501 5670 594 5709 ur.

315 5669 594 5710 ematur.

2064 1738 2126 1787 ut
2146 1734 2417 1797 merulae,
2443 1751 2576 1807 quae
2600 1741 2928 1792 nuncsunt
2949 1738 3256 1809 productae
3277 1739 3561 1812 correptis
3582 1739 3725 1807 suis,

2060 1839 2220 1878 nunc
2249 1823 2393 1878 item
2419 1824 2566 1880 ﬁant
2589 1841 2702 1897 pro
2733 1826 3019 1898 correptis
3046 1825 3125 1882 ad
3164 1843 3285 1894 eas,
3319 1844 3455 1899 quae
3513 1828 3729 1886 fuerint

2061 1912 2474 1983 productiores
2502 1930 2582 1969 se.
2615 1919 2919 1971 Canamus
2947 1915 3132 1971 modo
3166 1933 3178 1970 :
3212 1917 3407 1989 prima
3450 1918 3515 1973 ﬁt
3556 1934 3730 1976 mora

2060 2002 2404 2074 correptior,
2439 2004 2842 2074 subjuugatur
2889 2005 3206 2076 producta,
3262 2010 3402 2062 tunc
3455 2013 3727 2080 correpta

2058 2089 2295 2146 iterum.

2131 2182 3241 2253 Ff’f'JF/F/I’JSJJ

2132 2271 2252 2337 Ego
2277 2286 2414 2325 sum
2447 2270 2505 2326 vi
2536 2287 2572 2326 a
2631 2287 2701 2325 ve
2743 2271 2789 2325 ri
2821 2275 2912 2327 tas
2938 2277 2996 2328 et
3022 2272 3076 2327 vi
3107 2277 3165 2328 ta

2055 2360 2872 2430 JLSJFJJJFF

2057 2445 2124 2501 Al
2196 2446 2250 2501 le
2323 2447 2448 2503 luia
2558 2447 2808 2504 Alleluia
2849 2450 3018 2520 (697).

2131 2537 2261 2590 Haec
2288 2536 2468 2605 igitur
2495 2537 2943 2593 numerositatis
3001 2540 3147 2595 ratio
3195 2541 3434 2599 doctam
3483 2529 3724 2619 semper

2057 2625 2398 2680 cantionem
2429 2625 2602 2682 decet
2651 2630 2709 2681 et
2735 2627 2850 2682 hac
2879 2628 3147 2685 maxima
3178 2631 3268 2686 sui
3298 2631 3581 2703 dignitate
3624 2653 3720 2692 or-

2057 2717 2254 2780 natur,
2290 2713 2413 2769 sive
2445 2714 2681 2770 tractim
2734 2716 2855 2772 sive
2905 2718 3129 2774 cursim
3174 2726 3440 2789 eanatur,
3491 2724 3612 2781 sive
3643 2726 3721 2782 ab

2062 2816 2180 2857 uno
2203 2817 2308 2857 seu
2337 2817 2374 2857 a
2404 2802 2697 2875 pluribus.
2732 2803 2820 2859 Fit
2849 2821 3116 2878 quoque,
3142 2813 3204 2863 ut
3228 2808 3377 2865 dum
3398 2826 3720 2870 numerose

2056 2895 2330 2946 canendo
2360 2891 2512 2946 alius
2535 2891 2651 2948 alio
2680 2908 2790 2948 nec
2809 2893 2944 2966 plus
2966 2910 3075 2950 nec
3091 2896 3291 2952 minus
3310 2901 3602 2972 protrahit
3617 2907 3721 2959 aut

2057 2978 2374 3046 contrahit,
2409 2981 2585 3052 quasi
2615 2997 2686 3036 ex
2727 2997 2850 3037 uno
2880 2998 2982 3038 ore
3011 3000 3127 3039 vox
3177 2986 3570 3044 multitudinis
3617 3007 3720 3046 au-

2057 3067 2272 3123 diatur.
2307 3068 2452 3124 Item
2484 3068 2545 3123 in
2576 3068 2932 3127 alternando
2992 3089 3099 3128 seu
3146 3075 3566 3146 respondendo
3613 3094 3720 3150 per

2056 3156 2334 3212 eamdem
2361 3159 2855 3216 numerositatem
2883 3176 3007 3217 non
3029 3162 3229 3218 minus
3255 3180 3438 3220 morae
3469 3181 3720 3223 concor-

2055 3245 2155 3300 dia
2185 3246 2485 3302 servanda
2514 3252 2621 3319 est,
2653 3265 2842 3320 quam
2873 3266 3180 3306 sonorum.

2127 3337 2199 3389 D.
2244 3335 2562 3400 Quomodo
2593 3352 2698 3408 per
2736 3354 2938 3394 moras
2993 3344 3245 3412 oportet,
3300 3344 3361 3396 ut
3411 3342 3719 3399 cautiones

2057 3423 2422 3480 concordent
2450 3425 2479 3480 ‘?

2125 3513 2207 3566 Μ.
2253 3513 2702 3568 Concordabilis
2733 3513 3084 3570 cantionum
3115 3516 3435 3588 copulatio,
3464 3518 3720 3589 qualiter

2058 3617 2163 3673 per
2184 3601 2492 3672 propriam
2513 3618 2896 3675 quorumque
2923 3619 3211 3661 sonorum
3233 3605 3438 3662 sedem
3460 3607 3716 3676 eveniat,

2059 3703 2240 3759 supra
2270 3693 2671 3744 monstratum
2705 3694 2826 3758 est;
2883 3707 3192 3747 morarum
3223 3709 3363 3748 vero
3395 3695 3718 3751 concordia

2058 3778 2143 3848 tit,
2177 3776 2225 3831 si
2242 3776 2324 3847 id,
2358 3777 2528 3850 quod
2559 3776 2692 3848 subj
2705 3778 3054 3848 ungendum
3077 3784 3183 3846 est,
3207 3786 3311 3836 aut
3347 3782 3562 3855 aequali
3592 3799 3719 3840 mo-

2058 3883 2124 3922 ra
2160 3866 2544 3938 respondeat,
2578 3881 2684 3921 seu
2735 3882 2846 3939 pro
2896 3869 3254 3940 competenti
3309 3886 3494 3928 causa
3529 3871 3717 3944 duplo

2058 3953 2326 4027 longiore
2357 3972 2548 4028 mora,
2576 3960 2678 4011 aut
2707 3955 2894 4029 duplo
2922 3956 3214 4014 breviore.

2130 4046 2204 4100 D.
2249 4047 2490 4102 Constat
2516 4043 2720 4117 peritae
2745 4045 3007 4102 cantioni
3028 4046 3297 4104 accidere
3324 4049 3548 4120 omnia,
3581 4066 3718 4124 quae

2060 4133 2343 4208 praedicta
2373 4138 2530 4190 sunt.
2561 4135 3148 4208 Prosequere,siqua
3174 4136 3373 4194 adhuc
3391 4137 3565 4195 bonae
3594 4156 3721 4196 mo-

2062 4222 2356 4279 dulationi
2392 4221 2731 4279 necessaria
2760 4228 2916 4280 sunt.

2135 4313 2217 4367 Μ.
2262 4311 2717 4368 Observandam
2775 4329 3020 4386 quoque
3077 4313 3214 4371 dico
3271 4315 3718 4372 distinctionum

2064 4401 2380 4471 rationem,
2413 4402 2475 4458 id
2503 4405 2609 4470 est,
2664 4405 2730 4458 ut
2758 4402 2929 4470 scias,
2961 4401 3109 4474 quid
3167 4404 3462 4459 cohaerere
3505 4420 3719 4460 conve-

2065 4492 2211 4564 niat,
2243 4491 2391 4566 quid
2419 4491 2704 4563 disjungi.
2734 4491 3068 4547 Videndum
3113 4491 3312 4562 etiam,
3364 4508 3497 4564 quae
3525 4509 3721 4550 mora-

2065 4582 2148 4639 illi
2175 4586 2280 4639 aut
2297 4581 2378 4638 illi
2407 4581 2563 4637 melo
2592 4579 2926 4638 conveniat.
2988 4583 3137 4636 Nam
3183 4581 3300 4637 hoc
3347 4580 3591 4653 quidem
3623 4599 3719 4640 me

2064 4672 2192 4729 lum
2217 4671 2466 4728 celerius
2505 4667 2730 4726 cantari
2753 4668 3050 4736 convenit,
3084 4668 3230 4726 illud
3255 4686 3392 4726 vero
3421 4671 3719 4728 morosius

2066 4761 2520 4836 pronuntiatum
2539 4759 2607 4814 ﬁt
2635 4758 2897 4814 suavius.
2935 4758 3107 4825 Quod
3131 4776 3274 4816 mox
3304 4759 3536 4817 dinosci
3562 4761 3720 4820 valet

2067 4868 2140 4908 ex
2168 4851 2301 4922 ipsa
2328 4848 2556 4904 factura
2586 4845 2746 4912 meli,
2777 4851 2978 4903 utrum
3004 4848 3078 4903 sit
3101 4847 3333 4904 levibus
3362 4849 3720 4918 gravibusve

2067 4938 2302 4996 neumis
2328 4936 2678 5009 composita.
2713 4938 2865 5008 Ergo
2889 4953 3142 5006 moram,
3179 4955 3311 5010 quae
3331 4938 3545 5010 cuique
3561 4939 3720 4997 melo
3821 5007 3828 5014 ι,

2071 5025 2400 5094 conveniat,
2427 5030 2632 5098 aptam
2683 5024 2993 5081 exhibebis
3047 5024 3337 5083 duntaxat
3384 5025 3720 5086 secundum

2071 5116 2354 5188 temporis
2387 5131 2457 5171 ac
2504 5115 2618 5171 loci
2673 5120 2729 5169 et
2781 5130 2978 5170 causae
3014 5113 3334 5184 cujuslibet
3357 5115 3720 5172 extrinsecus

2070 5204 2432 5262 occurrentis
2460 5205 2748 5260 rationem
2777 5222 2788 5258 :
2814 5203 3010 5274 ipsam
3039 5200 3217 5258 etiam
3247 5201 3620 5260 altitudinem
3641 5205 3720 5261 ad

2072 5294 2527 5364 congruentiam
2551 5308 2734 5349 morte
2765 5308 2902 5347 cum
2934 5291 3153 5364 apertis
3175 5296 3231 5347 et
3260 5292 3546 5349 suavibus
3576 5308 3719 5349 neu-

3313 5435 3471 5490 nitur
3509 5433 3719 5489 iisdem

3307 5510 3505 5561 tamen
3546 5508 3720 5574 juxta

2142 5439 2286 5508 (697)
2322 5437 2390 5508 in
2417 5437 2558 5492 Cod.
2588 5440 2780 5508 textus
2821 5435 2980 5508 idem
3003 5439 3089 5489 ter
3115 5451 3227 5506 sup

2072 5505 2247 5578 notis,
2270 5505 2511 5580 absque
2561 5506 2679 5580 ulla
2726 5505 3050 5580 variatione
3088 5505 3210 5578 quo

2070 5577 2442 5660 propesitam
2471 5578 2741 5650 regulam
2767 5578 2895 5633 ﬁeri
2913 5577 3173 5634 deberet.
3215 5647 3218 5649 ,
