4014 6198
368 135 386 185 1
402 134 503 186 003

358 357 475 396 vox
517 338 865 413 principalis
894 336 1133 393 inferior
1153 336 1380 408 quartis
1405 335 1551 391 locis
1577 352 1612 391 a
1634 351 1782 391 voce
1812 332 2011 390 media

357 429 778 500 distinguatur,
801 430 856 483 et
886 426 1155 499 superior
1179 426 1423 498 quintis,
1450 425 1617 498 quod
1648 428 1735 480 est
1762 439 2010 496 compo-

360 502 538 575 situm
563 516 848 590 Diapente
879 513 1233 573 secundum.
1267 514 1609 570 Econtrario
1640 529 1782 570 vero
1798 513 1858 569 in
1888 510 2012 568 dia-

358 613 625 664 tessaron
649 606 797 662 dum
816 616 937 661 vox
966 603 1208 660 inferior
1252 602 1329 660 ad
1373 603 1745 675 superiorem
1800 616 2012 658 vocem

357 697 585 770 quartis
612 695 757 752 locis
783 710 907 750 non
939 693 1154 750 eodem
1186 693 1553 765 respondeat
1582 697 1774 766 tropo,
1806 706 2010 747 neces-

358 803 420 842 se
441 789 548 856 est,
579 790 643 841 ut
670 783 987 857 principali
1015 787 1071 839 et
1113 782 1383 853 organali
1424 782 1554 837 voci
1586 797 1708 837 non
1774 780 2010 846 eodem,

359 876 465 932 sed
488 874 735 945 singulis
765 890 801 929 a
823 890 932 929 sua
957 878 1169 929 octava
1194 888 1303 928 suo
1326 876 1496 943 tropo
1554 871 2008 943 respondeatur.

360 963 581 1037 Fitque,
615 966 680 1018 ut
699 960 970 1031 organali
1008 976 1153 1016 voce
1191 976 1298 1032 per
1335 959 1633 1030 diapason
1688 958 2010 1027 geminata,

357 1056 413 1109 et
443 1067 588 1108 voce
618 1050 934 1124 principali
980 1050 1201 1119 media,
1256 1065 1375 1105 vox
1429 1048 1735 1119 organalis
1770 1046 2014 1103 inferior

357 1140 582 1213 quartis
609 1140 756 1196 locis
784 1139 1014 1196 disteta
1046 1138 1266 1206 media,
1316 1143 1373 1195 et
1423 1138 1644 1210 quintis
1698 1136 2008 1210 superior;

356 1229 522 1303 quod
543 1234 630 1286 est
661 1229 1062 1301 compositum
1081 1228 1456 1284 diatessaron
1484 1227 1767 1300 primum.
1796 1226 2011 1282 Princi-

355 1318 475 1391 pali
506 1323 706 1375 autem
734 1334 877 1374 voce
908 1334 1015 1390 per
1042 1304 1344 1389 Diapason
1390 1317 1712 1387 geminata,
1762 1321 1818 1371 et
1865 1330 2009 1371 voce

354 1407 625 1479 organali
653 1406 875 1474 media,
903 1423 1021 1462 vox
1040 1406 1386 1479 principalis
1415 1405 1656 1461 inferior
1685 1404 1907 1477 quintis
1928 1402 2011 1458 lo-

354 1496 436 1551 cis
462 1512 499 1551 a
523 1511 668 1551 voce
698 1495 900 1551 media
929 1495 1039 1566 disj
1051 1499 1326 1566 ungatur,
1362 1499 1418 1550 et
1448 1493 1720 1567 superior
1739 1492 1966 1565 quartis
1993 1509 2005 1547 :

353 1585 517 1658 quod
542 1588 628 1640 est
648 1583 1050 1657 compositum
1079 1584 1451 1640 diatessaron
1485 1582 1840 1649 secundum,
1872 1598 2008 1654 quae
2044 1597 2090 1651 Β

353 1674 558 1729 omnia
587 1673 943 1745 supradictas
969 1673 1396 1746 descriptiones
1416 1672 1760 1729 ostendunt.

424 1801 495 1852 D.
531 1797 644 1853 Sed
673 1795 821 1868 quid
844 1796 1089 1852 adhuc?
1111 1796 1253 1869 quia
1283 1792 1647 1864 disserebas,
1677 1796 1843 1869 quod
1874 1796 2006 1852 Dia-

353 1890 531 1960 pente
558 1886 804 1959 quidem
833 1885 1199 1959 symphonia
1227 1887 1471 1942 eosdem
1502 1891 1705 1959 tropos
1727 1882 2004 1954 concinit,

353 1976 724 2032 diatessaron
757 1990 898 2030 vero
926 1991 1049 2030 non
1079 1975 1346 2044 eosdem,
1376 1974 1631 2047 ideoque
1662 1975 1723 2030 in
1764 1975 2011 2047 praedic-

353 2065 426 2123 tis
473 2069 866 2136 utrarumque
920 2064 1422 2135 symphoniarum
1474 2064 2009 2137 compositionibus

352 2170 472 2210 vox
497 2153 698 2209 media
726 2151 1001 2225 quamvis
1034 2152 1211 2208 simili
1243 2153 1320 2208 ad
1346 2158 1645 2208 extremas
1697 2152 2007 2209 interstitio

354 2246 651 2315 separata,
683 2243 829 2297 dum
858 2258 980 2297 non
1012 2245 1068 2298 et
1097 2241 1192 2297 hic
1225 2241 1276 2297 ei
1303 2241 1383 2298 ibi
1405 2241 1677 2313 ejusdem
1710 2242 1782 2298 sit
1834 2241 2008 2316 tropi,

355 2331 450 2387 hic
480 2331 724 2403 quidem
756 2330 829 2387 sit
849 2330 1212 2403 principalis,
1231 2331 1313 2386 ibi
1337 2331 1409 2386 sit
1429 2331 1749 2400 organalis.
1770 2328 2008 2402 Quaero,

356 2420 503 2492 quid
524 2420 597 2476 sit
620 2420 772 2475 inter
802 2420 1195 2492 principalem
1220 2424 1401 2492 atque
1432 2420 1783 2489 organalem
1798 2437 2010 2477 vocem

357 2510 635 2582 diapente
665 2509 1061 2583 symphoniae,
1093 2526 1232 2565 cum
1259 2508 1412 2582 tropi
1440 2524 1565 2565 non
1597 2508 1711 2565 sint
1749 2509 2009 2567 dissimi-

356 2599 443 2655 les
456 2599 484 2654 ‘2

429 2707 512 2761 M.
541 2706 663 2762 Hoc
692 2722 854 2762 nunc
884 2723 1128 2779 quoque
1182 2706 1409 2762 dictum
1466 2707 1695 2774 recole;
1746 2724 2010 2780 namque

360 2795 632 2867 organali
663 2811 806 2852 voce
836 2796 895 2851 in
928 2796 1212 2868 Diapente
1248 2795 1567 2865 geminata,
1628 2796 1676 2851 si
1730 2797 2014 2853 voci'me-

1029 124 1377 182 HUCBALDI
1408 102 1571 179 M’ON.
1609 124 1664 179 s.
1698 112 1966 179 AMANDI
1995 112 2143 176 0P9.
2178 118 2379 179 PARS.
2411 123 2500 180 ιιι.
2529 157 2598 165 -
2628 128 3104 183 MSCELLANEA.

359 259 478 308 tem
498 266 644 331 voce
665 260 771 323 per
787 248 1081 322 diapason
1101 248 1402 317 geminata
1419 250 1476 303 et
1495 245 1766 316 organali
1787 244 2007 315 media,
2045 244 2087 298 Α

3646 128 3791 188 1004

2908 368 2961 435 .1

2681 479 3202 607 TT:—

2517 649 3180 775 7777
3252 706 3305 775 δ
3423 704 3478 774 J

2403 492 3537 1333 JJJJJ\JT

2359 987 3535 1112 777—777

2354 1154 2673 1277 ΤΤ
3035 1015 3537 1318 -ὶἿ--Γ

2350 1320 2491 1443 Τ
3198 1323 3539 1448 *Τ

2190 1644 2262 1697 D.
2300 1642 2577 1698 Discerno
2608 1644 2805 1717 plane,
2838 1650 3050 1703 tonum
3083 1651 3391 1704 autentum
3424 1653 3678 1721 pratum
3728 1648 3789 1702 in

2119 1735 2429 1788 autentum
2454 1732 2770 1788 deuterum
2807 1735 2965 1791 hanc
3010 1735 3474 1809 transpositione
3498 1738 3785 1792 transire.

2118 1825 2188 1876 At
2210 1837 2349 1876 vero
2378 1821 2551 1877 dabis
2598 1837 2760 1878 nunc
2803 1825 3118 1895 rationem,
3150 1842 3338 1898 quare
3367 1841 3476 1898 per
3504 1825 3663 1883 alias
3694 1842 3785 1880 re-

2120 1910 2326 1981 giones
2340 1926 2519 1969 voces
2537 1911 2620 1966 ita
2644 1926 3067 1987 consonae,per
3095 1914 3244 1971 alias
3267 1930 3410 1970 vero
3441 1915 3540 1971 vel
3564 1915 3788 1971 discre-

2118 2004 2328 2071 pantes
2362 1998 2496 2066 sint,
2529 1997 2620 2055 vel
2646 2014 2769 2055 non
2798 1999 2951 2059 adeo
2978 2002 3432 2059 consentientes.

2188 2108 2270 2162 M.
2331 2110 2621 2183 Equidem
2678 2115 3012 2184 pertentare
3073 2110 3228 2181 licet,
3271 2126 3426 2185 quas
3489 2109 3781 2166 Dominus

2120 2199 2476 2256 concesserit
2512 2201 2790 2268 rationes,
2826 2216 2952 2272 quo
2998 2214 3214 2256 causas
3262 2198 3515 2255 dulciter
3562 2213 3781 2254 conve-

2118 2285 2408 2343 nientium
2458 2306 2677 2346 vocum
2717 2294 2897 2362 atque
2946 2287 3441 2361 discrepantium,
3495 2292 3779 2343 naturam

2119 2391 2361 2446 quoque
2381 2377 2753 2435 diversorum
2777 2384 3083 2451 troporum
3110 2376 3559 2450 aliquantulum
3575 2375 3781 2447 depre-

2119 2464 2479 2536 hendamus,
2502 2472 2561 2524 et
2589 2483 2777 2540 quare
2807 2466 3259 2540 transpoueudo
3282 2467 3347 2522 in
3368 2464 3518 2522 alias
3552 2465 3781 2539 species

2122 2553 2396 2623 migrent,
2429 2556 2523 2612 vel
2546 2557 2607 2612 in
2634 2574 2777 2613 suas
2797 2557 2998 2613 denuo
3024 2560 3412 2612 revertantur.
3448 2555 3684 2610 Etenim
3710 2554 3781 2608 si-

2122 2647 2221 2698 cut
2266 2643 2539 2699 absolute
2589 2645 2999 2718 computando
3048 2643 3299 2716 simplex
3345 2648 3440 2699 est
3468 2644 3654 2699 series
3682 2657 3785 2697 nu-

2124 2733 2415 2807 merandi,
2444 2737 2499 2788 et
2532 2733 2806 2789 facilitate
2831 2734 2924 2789 sui
2948 2732 3128 2789 etiam
3158 2732 3360 2805 pueris
3384 2737 3625 2804 patens,
3646 2735 3713 2786 ut
3741 2733 3781 2784 l.

2127 2819 2188 2873 ll.
2224 2822 2313 2874 lli.
2344 2820 2457 2876 IIII.
2491 2824 2549 2877 et
2588 2824 2835 2878 caetera:
2881 2819 3045 2876 aliud
3078 2834 3216 2875 vero
3264 2818 3363 2874 alii
3407 2817 3784 2890 inaequaliter

360 2886 475 2941 ἀίω
504 2885 777 2942 videlicet
800 2886 1133 2958 principali,
1186 2885 1375 2941 simile
1422 2884 1801 2941 intervallum
1855 2892 2009 2943 esset

2138 2907 2406 2963 3011(1th
2428 2909 2487 2963 in
2514 2910 2710 2966 varias
2742 2908 3159 2981 inmqualitatis
3188 2908 3417 2980 species
3460 2884 3658 2973 cadit;
3703 2906 3784 2963 ita

361 2975 439 3032 ad
468 2979 788 3044 extremas,
814 2974 958 3029 nihil
986 2974 1267 3030 interesse
1287 2974 1587 3030 videretur
1616 2974 1765 3030 inter
1794 2976 2011 3048 princi-
2049 2953 2090 3006 ο

361 3064 563 3137 palem
614 3079 823 3118 vocem
882 3067 937 3118 et
993 3062 1364 3130 organalem.
1448 3067 1613 3118 Nunc
1663 3080 1798 3119 vero
1875 3083 2012 3121 cum

360 3168 482 3207 vox
512 3150 811 3219 organalis
831 3150 1039 3222 quinto
1067 3150 1199 3206 loco
1242 3150 1320 3206 ad
1360 3166 1572 3206 vocem
1626 3151 2016 3223 principalem

365 3242 521 3295 extet
555 3238 816 3306 inferior,
842 3238 943 3293 sed
962 3255 1068 3310 per
1091 3238 1386 3310 diapason
1409 3243 1622 3310 quarto
1652 3239 1786 3294 loco
1844 3257 2016 3312 supe-

362 3327 504 3398 rior,
533 3327 683 3383 sicut
702 3343 876 3384 versa
910 3326 1036 3382 vice
1064 3327 1126 3382 in
1147 3326 1517 3383 diatessaron
1548 3344 1665 3383 vox
1713 3331 2015 3397 organalis

365 3417 443 3474 ad
465 3432 676 3473 vocem
700 3416 1093 3489 principalem
1120 3420 1335 3488 quarto
1372 3417 1504 3472 loco
1542 3421 1701 3473 extat
1752 3416 2013 3488 inferior,

366 3506 471 3562 sed
500 3522 607 3579 per
634 3505 929 3578 diapason
959 3505 1169 3577 quinto
1197 3504 1330 3561 loco
1358 3506 1628 3577 superior
1685 3524 1696 3561 :
1753 3506 2017 3583 similiter

360 3592 679 3667 principali
736 3609 882 3649 voce.
939 3608 1045 3665 per
1097 3592 1393 3666 diapason
1475 3594 1798 3663 geminata,
1874 3612 2014 3653 cum

362 3697 486 3738 non
540 3682 655 3737 sint
692 3681 901 3737 eadem
955 3680 1034 3737 ad
1096 3685 1391 3737 extremas
1433 3697 1613 3738 voces
1683 3670 1811 3739 voci
1894 3701 2017 3741 me-

363 3770 476 3826 diae
518 3770 829 3827 intervalla
859 3789 871 3835 ;
940 3774 1209 3842 patenter
1238 3771 1458 3842 poteris
1498 3771 1840 3843 intelligere,
1869 3790 2017 3846 qua-

304 3860 313 3875 '
362 3859 491 3935 liter
554 3861 740 3915 virtus
788 3859 1082 3931 diapason
1134 3859 1531 3932 symphoniae,
1558 3877 1692 3933 quae
1728 3866 2014 3936 utrasque

361 3964 539 4004 voces
590 3946 965 4019 multiplicat,
997 3946 1175 4003 etiam
1223 3964 1359 4020 quae
1416 3949 1797 4023 principales,
1856 3968 2015 4024 quae-

363 4052 478 4107 que
529 4037 646 4091 sint
694 4035 1029 4105 organales,
1086 4052 1194 4109 per
1238 4041 1399 4093 certa
1450 4037 1764 4096 intervalla
1816 4040 2015 4114 dispo-

361 4126 483 4180 nat.

428 4230 504 4287 D.
536 4233 729 4298 Quare
757 4231 819 4286 in
851 4226 1227 4287 Diatessaron
1267 4230 1630 4307 symphonia
1684 4253 1801 4292 vox
1840 4254 2012 4309 orga-

2123 2996 2414 3067 phthongi
2444 2996 2503 3052 in
2532 2998 2784 3072 musica,
2818 2998 2989 3068 cujus
3033 3002 3223 3052 mater
3251 3000 3338 3051 est
3370 2995 3781 3064 Arithmetica,

2121 3082 2183 3138 id
2210 3087 2296 3138 est
2324 3085 2647 3140 numeralis
2678 3085 2941 3155 scientia,
2973 3083 3129 3140 facili
3156 3083 3402 3156 quidem
3446 3082 3660 3140 ordine
3690 3098 3783 3138 re-

2123 3177 2414 3229 censetur.
2438 3173 2527 3229 Ad
2554 3173 2777 3246 aliquid
2808 3178 3011 3229 autem
3035 3172 3250 3245 prolati
3278 3188 3401 3228 non
3428 3171 3619 3228 modo
3650 3188 3786 3227 sua-

2121 3260 2284 3315 vium
2312 3261 2459 3317 dant
2485 3262 2997 3318 concinentiarum
3026 3261 3272 3334 species,
3319 3260 3421 3315 sed
3455 3265 3514 3316 et
3565 3276 3784 3316 earun-

2122 3347 2259 3404 dem
2289 3349 2799 3406 concinentiarum
2830 3350 3217 3427 suavissimas
3245 3349 3528 3406 rationes.

2191 3440 2265 3493 D.
2293 3440 2607 3503 Quomodo
2637 3452 2711 3497 ex
2740 3438 3123 3496 Arithmetica
3150 3443 3340 3495 matre
3361 3438 3631 3508 gignitur
3648 3438 3786 3495 har-

2122 3526 2346 3593 monia,
2375 3531 2430 3582 et
2459 3542 2539 3583 an
2569 3528 2782 3584 eadem
2810 3528 3149 3595 harmonia,
3178 3542 3315 3600 quae
3340 3531 3397 3583 et
3424 3527 3694 3583 Musica?

2192 3615 2274 3669 Μ.
2310 3616 2636 3673 Harmonia
2654 3621 2897 3690 putatur
2918 3616 3356 3673 concordabilis
3384 3616 3783 3691 inaequalium

2120 3711 2341 3761 Vocum
2391 3706 2757 3764 commixtio.
2798 3707 3017 3764 Musica
3059 3706 3246 3780 ipsius
3295 3706 3784 3763 concordatienis

2120 3792 2289 3850 ratio.
2324 3796 2467 3860 Quae
2515 3796 2666 3853 sicut
2718 3812 2826 3869 per
2874 3796 3081 3853 omnia
3122 3808 3517 3853 numerorum
3565 3798 3783 3854 rationi

2121 3882 2443 3953 conjuncta
2485 3888 2592 3955 est,
2625 3889 2803 3959 atque
2849 3889 3075 3942 caeterte
3117 3885 3390 3943 Mathesis
3421 3885 3778 3960 disciplinae,

2120 3970 2201 4027 ita
2230 3987 2336 4043 per
2362 3989 2648 4030 numeros
2680 3978 2913 4048 oportet
2940 3979 3006 4030 ut
3033 3974 3416 4046 intelligatur.

2190 4062 2263 4117 D.
2295 4063 2437 4128 Quae
2459 4067 2599 4120 sunt
2624 4064 2896 4121 Mathesis
2916 4064 3287 4138 disciplinae?

2190 4148 2273 4206 M.
2309 4146 2709 4224 Arithmetica,
2765 4152 3150 4223 Geometrica,
3209 4148 3453 4224 Musica,
3498 4150 3784 4212 Astrono-

2119 4256 2262 4296 mla.
2552 4268 2563 4273 ‘

356 4318 511 4377 nalis
542 4319 907 4377 sicabsolute
931 4320 1252 4376 convenire
1300 4303 1439 4378 cum
1490 4339 1633 4381 voce
1690 4303 2008 4402 principali
2041 4303 2088 4357 D
2191 4328 2262 4384 D.
2306 4329 2458 4396 Quid
2488 4326 2576 4389 est
2604 4326 2920 4390 Mathesis‘?

356 4427 479 4467 non
500 4412 714 4484 potest,
745 4409 897 4466 sicut
915 4410 976 4466 in
1006 4410 1383 4484 symphoniis
1404 4411 1579 4476 aliis?

421 4540 506 4596 M.
534 4538 851 4610 Quoniam,
887 4541 950 4594 ut
968 4537 1195 4594 dictum
1213 4542 1321 4609 est,
1342 4550 1450 4612 per
1469 4545 1797 4613 quartanas
1817 4546 2007 4616 regio-

348 4643 457 4683 nes
487 4643 610 4683 non
636 4626 817 4684 iidem
848 4626 1001 4699 tropi
1056 4627 1455 4700 reperiuntur,
1502 4629 2001 4707 diversorumque

346 4720 657 4788 troporum
684 4715 851 4771 modi
874 4729 981 4788 per
1006 4719 1197 4771 totum
1225 4716 1310 4771 ire
1332 4716 1510 4773 simul
1540 4717 1626 4774 ire
1669 4727 1996 4793 nequeunt,

343 4804 480 4861 ideo
505 4805 568 4861 in
597 4804 972 4860 diatessaron
1002 4804 1365 4876 symphonia
1393 4821 1517 4862 non
1546 4812 1859 4880 pertotum
1886 4828 2002 4869 vox

340 4894 686 4969 principalis
706 4910 947 4967 voxque
969 4893 1271 4964 organalis
1287 4900 1585 4968 quartana
1604 4898 1849 4969 regione
1862 4917 2004 4959 con~

339 4983 616 5039 sentiunt.

405 5088 476 5142 D.
504 5087 717 5144 Vellem
739 5100 983 5161 quoque
1005 5086 1337 5158 dinoscere,
1361 5090 1673 5161 quomodo
1684 5107 1792 5167 per
1810 5108 1989 5168 quar-

332 5179 475 5233 tana
515 5177 655 5233 loca
681 5182 993 5252 troporum
1023 5178 1097 5234 sit
1125 5193 1315 5249 genus
1342 5179 1628 5239 dissimile
1654 5182 1682 5238 ’ἓ

396 5302 489 5357 Μ.
521 5300 707 5358 Facile
736 5301 797 5357 id
829 5304 1046 5360 senties
1080 5321 1093 5373 ;
1128 5303 1253 5361 sive
1295 5305 1455 5364 enim
1481 5323 1604 5364 uno
1624 5312 1767 5369 tono
1818 5311 1996 5369 altius

328 5398 463 5449 tran
476 5396 786 5466 sponatur,
815 5408 917 5447 seu
946 5398 1161 5465 quarto
1193 5394 1328 5451 loco
1356 5394 1622 5469 inferius,
1656 5402 1875 5459 modus
1904 5404 1997 5459 di-

333 5482 491 5538 versi
520 5480 669 5556 tropi
696 5484 903 5554 aperto
939 5479 1147 5537 auditu
1175 5483 1243 5539 ﬁt
1270 5482 1688 5546 discernibilis.
1737 5494 1996 5551 Canatur
2036 5488 2039 5495 ’

329 5572 409 5630 ad
447 5572 603 5630 infra
631 5571 920 5645 scriptum
945 5568 1200 5627 modum
1230 5590 1243 5628 :

2187 4410 2268 4476 Μ.
2302 4418 2653 4477 Doctrinalis
2690 4422 2954 4480 scientia.

2184 4510 2258 4561 D.
2301 4510 2494 4575 Quare
2517 4504 2860 4569 doctrinalis
2885 4511 3131 4570 scientia
3148 4513 3177 4570 ‘2

2182 4592 2264 4652 Μ.
2309 4597 2460 4664 Quia
2489 4596 2820 4658 abstractas
2850 4596 3189 4659 considerat
3216 4601 3606 4675 quantitates.

2181 4688 2254 4742 D.
2298 4690 2437 4754 Quae
2470 4693 2609 4746 sunt
2637 4689 2951 4749 abstractae
2979 4692 3340 4765 quantitates
3362 4692 3390 4749 ?

2180 4777 2263 4833 Μ.
2306 4778 2447 4843 Quae
2480 4780 2610 4835 sine
2641 4780 2910 4849 materia,
2945 4780 3006 4838 id
3032 4785 3140 4850 est,
3173 4781 3542 4839 admixtione
3572 4800 3782 4858 corpo-

2109 4862 2240 4928 rali,
2259 4862 2388 4923 solo
2408 4866 2708 4927 intellectu
2719 4873 3065 4928 tractantur.
3081 4870 3145 4927 In
3170 4868 3607 4944 quantitatibus
3636 4889 3779 4932 vero

2111 4946 2546 5027 multitudines,
2569 4959 3037 5032 magnitudines,
3059 4956 3411 5034 paucitates,
3428 4964 3778 5035 parvitates,

2108 5040 2336 5116 formae,
2357 5047 2751 5121 aequalitates,
2769 5048 3173 5119 habitudines,
3193 5054 3250 5106 et
3273 5054 3505 5121 caetera,
3525 5068 3692 5126 quae,
3718 5056 3783 5110 ut

2107 5132 2288 5192 Boetii
2304 5136 2502 5193 verbis
2522 5137 2899 5212 loquar,ipsa
2919 5136 3168 5215 quidem
3186 5143 3403 5197 natura
3419 5140 3780 5216 incorporea

2114 5228 2273 5293 sunt,
2306 5230 2363 5282 et
2390 5226 2793 5287 immutabiles
2834 5229 3205 5301 substantiae,
3233 5228 3465 5287 ratione
3495 5230 3778 5305 vigentia,

2104 5315 2560 5391 participatione
2585 5335 2729 5377 vero
2758 5322 3025 5395 corporis
3056 5323 3497 5394 permutantur,
3527 5328 3591 5380 et
3621 5329 3781 5381 tactu

2104 5406 2411 5463 variabilis
2426 5409 2512 5464 rei
2522 5409 2583 5465 in
2594 5410 3040 5467 convertibilem
3062 5409 3569 5470 insconstantiam
3591 5418 3779 5472 trans-

2104 5501 2263 5557 eunt.
2296 5500 2475 5556 Porro
2500 5499 2592 5556 hae
2631 5502 2993 5574 quantitates
3046 5501 3214 5559 aliter
3260 5501 3322 5558 in
3361 5504 3777 5573 Arithmetica,

2105 5586 2271 5644 aliter
2297 5588 2361 5645 in
2390 5590 2775 5661 Geometrica,
2799 5591 2966 5650 aliter
2994 5591 3057 5650 in
3081 5596 3477 5655 Astronomia
3500 5595 3775 5654 conside‘
