4014 6198
444 152 580 207 100⁸7

1072 142 1414 199 HUCBALDI
1457 140 1621 196 MON.
1666 140 1722 194 S.
1762 135 2030 194 AMANDI
2067 136 2217 193 OPP.
2257 137 2435 192 PARS
2474 138 2539 192 ll.
2581 170 2650 178 —
2687 138 3194 218 MISCELLANEA.

3730 139 3875 195 {008

440 274 576 346 piae,
618 267 975 344 quadruplae
1031 263 1462 337 sesquialterm,
1519 260 1929 334 sesquitertiae,
1979 274 2096 315 ses-
2124 281 2170 335 Α
2203 258 2398 330 major
2420 265 2523 317 aut
2549 261 2794 318 ﬁdicula
2816 266 2984 335 parte
3030 266 3245 318 octava
3299 248 3597 317 minorem
3658 278 3873 336 super-

438 360 794 435 quioctavae,
838 355 1070 411 constat
1112 351 1334 407 idcirco
1359 365 1657 407 consonas
1698 348 1792 405 vel
1839 346 2093 420 aequiso-

439 466 570 521 nas,
596 446 739 521 quia
767 443 1052 500 nimirum
1072 440 1135 497 hi
1159 439 1387 496 relativi
1414 438 1648 495 numeri
1678 437 1787 493 soli
1813 437 1873 493 in
1905 435 2094 492 omni-

437 540 554 597 bus
573 531 901 607 disciplinis
927 528 1397 587 commensurati
1416 532 1556 583 sunt
1577 532 1634 583 et
1658 524 2092 588 connumerati,

437 634 495 686 et
521 628 600 684 ob
628 625 743 681 hoc
769 619 1146 695 symphoniis
1175 622 1231 674 et
1258 617 1500 690 reliquis
1554 615 1799 672 musicis
1845 613 2093 671 vocibus

434 716 817 789 deputantur,
848 709 972 765 imo
996 723 1175 764 voces
1204 705 1528 762 modulatae
1556 704 1649 761 his
1674 702 1938 759 numeris
1954 717 2091 774 pro-

435 806 733 864 creantur.
767 798 957 857 Sentis
986 796 1185 868 igitur,
1217 793 1457 851 nonnisi
1487 790 1869 849 arithmeticis
1911 790 2090 846 ratio-

433 896 614 953 nibus
633 905 813 965 posse
835 886 1132 944 musicam
1162 884 1441 958 explicari
1470 883 1497 938 ‘I
1846 929 1851 933 .

503 986 577 1040 D.
625 978 822 1038 Sentio
854 976 1032 1050 plane
1061 973 1505 1031 Arithmeticam
1533 972 1774 1028 musicae
1803 969 2090 1041 cognitio-

431 1074 495 1131 ni
514 1070 938 1130 necessariam.

501 1163 585 1217 Μ.
629 1158 970 1216 Necessaria
1021 1172 1291 1230 prorsus,
1352 1171 1489 1211 cum
1556 1152 1634 1210 ad
1700 1165 2089 1208 numerorum

429 1247 737 1322 exemplar
764 1245 995 1303 musica
1020 1245 1257 1318 penitus
1287 1242 1622 1300 deformata
1644 1241 1734 1297 sit.
1779 1238 2007 1295 Etenim
2042 1236 2087 1292 si

426 1354 681 1395 nervum
699 1352 744 1399 ,a
772 1350 954 1391 nervo
983 1350 1172 1406 aequae
1198 1330 1644 1403 grossitudinis,
1676 1329 1797 1385 sive
1827 1326 2086 1383 ﬁstulam

425 1444 461 1484 a
489 1425 706 1493 ﬁstula,
739 1423 926 1497 duplo
951 1421 1158 1479 feceris
1188 1419 1543 1491 longiorem,
1604 1422 1669 1474 ut
1704 1417 1831 1471 XII.
1888 1414 1965 1470 ad
1998 1415 2083 1469 VI.

422 1520 489 1572 ut
516 1513 721 1572 XXIIII.
755 1512 834 1569 ad
864 1512 972 1569 XII.
1023 1511 1319 1583 diapason
1367 1508 1446 1564 ad
1496 1506 1753 1563 invicem
1782 1508 2081 1560 resonant.

2203 346 2486 417 greditur,
2518 349 2597 406 ad
2626 349 2883 406 invicem
2914 354 3197 406 resonant
3227 353 3453 405 tonum.
3480 349 3669 419 Igitur
3696 350 3875 423 quid-

2202 436 2439 507 quid‘in
2469 438 2877 495 modulatione
2907 454 3092 494 suave
3120 443 3232 507 est,
3263 454 3554 494 numerus
3582 444 3875 512 operatur

2202 540 2308 597 per
2330 531 2491 582 ratas
2519 527 2923 584 dimensiones
2948 544 3168 583 vocum
3202 545 3216 582 :
3248 527 3543 600 quidquid
3594 529 3872 600 rhythmi

2201 613 2548 671 delectabile
2578 622 2865 689 praestant
2907 617 3030 672 sive
3085 618 3147 672 in
3186 616 3729 685 modulationibus,
3764 635 3872 674 seu

2198 703 2260 758 in
2290 703 2659 775 quibuslibet
2682 706 3034 778 rhythmicis
3052 706 3335 771 motibus,
3355 710 3545 762 totum
3573 722 3871 763 numerus

2200 791 2395 848 eﬂicit.
2423 795 2488 849 Et
2515 810 2691 850 voces
2721 795 2966 867 quidem
2996 794 3260 850 celeriter
3288 799 3619 859 transeunt,
3647 812 3869 852 nume-

2198 881 2248 936 ri
2276 887 2500 953 autem,
2525 883 2630 955 qui
2660 900 2947 957 corporea
2978 900 3197 940 vocum
3227 887 3284 938 et
3313 887 3589 939 motuum
3612 887 3871 942 materia

2198 968 2637 1038 decolorantur,
2672 977 2935 1029 manent.
2970 974 3366 1045 Quapropter,
3411 977 3478 1028 ut
3504 972 3587 1028 ait
3615 978 3869 1028 sanctus

2197 1061 2583 1129 Augustinus,
2613 1060 2781 1127 ratio,
2813 1076 2948 1133 quae
2971 1062 3033 1116 in
3058 1060 3377 1133 rhythmis,
3421 1061 3529 1134 qui
3556 1060 3744 1116 latine
3774 1060 3868 1117 di-

2199 1153 2414 1204 cuntur
2437 1149 2692 1219 numeri,
2725 1149 2847 1205 sive
2877 1150 2933 1204 in
2966 1150 3101 1222 ipsa
3123 1148 3553 1221 modulatione,
3574 1150 3871 1206 intellexit

2196 1252 2479 1292 numeros
2532 1253 2805 1308 regnare,
2860 1243 3170 1312 totumque
3226 1238 3532 1311 perﬁcere,
3601 1239 3869 1312 inspexit

2196 1324 2669 1395 diligentissime,
2701 1327 3154 1400 reperiebatque
3192 1327 3424 1383 divinos
3450 1333 3507 1383 et
3543 1328 3865 1401 sempiter-

2196 1429 2324 1470 nos.
2382 1415 2601 1471 Deinde
2659 1416 2809 1471 ratio
2846 1415 3060 1471 eadem
3090 1416 3309 1472 caelum
3339 1421 3685 1489 terramque
3718 1433 3863 1474 con-

2193 1501 2473 1572 lustrans,
2506 1503 2695 1558 sensit
2723 1502 2867 1558 nihil
2899 1503 3085 1571 aliud,
3114 1519 3299 1576 quam
3348 1504 3864 1576 pulchritudinem

421 1602 482 1660 Si
503 1618 757 1659 nervum
782 1604 886 1657 aut
924 1598 1187 1655 ﬁstulam
1239 1613 1425 1670 aequae
1474 1593 1861 1652 concavitatis
1917 1591 2087 1648 tertia
2124 1622 2165 1675 Β
2193 1589 2303 1646 sibi
2333 1590 2590 1663 placere,
2621 1598 2678 1647 et
2704 1592 2767 1646 in
2792 1590 3234 1662 pulchritudine
3264 1592 3507 1662 ﬁguras,
3555 1594 3619 1649 in
3650 1593 3864 1664 ﬁguris

421 1690 670 1748 minoris
699 1692 867 1762 parte
887 1687 1223 1758 longiorem
1249 1684 1476 1755 feceris,
1507 1688 1573 1740 ut
1601 1684 1737 1739 VIII.
1790 1682 1867 1739 ad
1892 1682 1979 1736 VI.
2022 1684 2084 1735 ut

419 1779 551 1836 XVI.
578 1777 657 1835 ad
687 1777 795 1833 XII.
832 1792 938 1832 seu
962 1779 1177 1849 quarta
1206 1779 1372 1847 parte
1412 1772 1657 1844 majoris
1712 1771 1896 1827 facias
1947 1770 2081 1826 bre-

417 1868 668 1934 viorem,
699 1870 766 1922 ut
787 1865 950 1920 VIIII.
1003 1863 1083 1919 ad
1129 1863 1237 1919 XII.
1294 1866 1357 1918 ut
1411 1860 1573 1917 XVIII
1624 1861 1700 1916 ad
1741 1860 1942 1916 XXIIII.
1976 1858 2082 1914 erit

417 1955 664 2028 quidem
721 1953 1097 2009 diatessaron
1136 1949 1532 2007 consonantia
1590 1949 1728 2003 VIII.
1784 1948 1862 2004 ad
1893 1949 1979 2003 VI.
2025 1951 2082 2003 et

413 2044 553 2101 XVI.
588 2044 668 2101 ad
688 2043 797 2099 XII.
855 2045 936 2097 Ac
976 2039 1242 2096 similiter
1298 2039 1461 2095 VIIII.
1509 2038 1587 2094 ad
1618 2039 1726 2093 XII.
1764 2036 1957 2091 XVIII.
2001 2036 2080 2093 ad

411 2133 617 2190 XXIIII.
663 2135 842 2188 Porro
887 2129 1054 2185 VIIII.
1090 2128 1170 2184 ad
1200 2129 1286 2184 VI.
1320 2132 1376 2183 et
1404 2127 1546 2182 VIII.
1582 2126 1657 2182 ad
1704 2127 1816 2182 XII.
1869 2124 2075 2181 simili-

410 2223 621 2294 terque.
664 2219 847 2277 XVIII.
899 2217 979 2275 ad
1030 2217 1119 2274 XII
1178 2221 1235 2272 et
1282 2216 1425 2271 XVI.
1461 2215 1537 2271 ad
1562 2214 1763 2271 XXIIII.
1795 2213 2076 2286 diapente

410 2310 536 2367 erit.
558 2312 748 2383 Atque
776 2310 893 2366 hoc
918 2308 983 2364 ﬁt
1007 2307 1214 2377 modo,
1246 2310 1308 2362 ut
1339 2304 1488 2361 sicut
1507 2305 1565 2360 in
1585 2303 1770 2377 duplo
1791 2303 2076 2376 sesquial-

408 2405 495 2458 ter
519 2416 589 2457 ac
619 2397 1029 2472 sesquitertius
1049 2396 1400 2462 continetur,
1459 2398 1661 2467 utpote
1704 2393 1855 2448 inter
1884 2393 1976 2448 VI.
2018 2397 2076 2448 et

409 2490 515 2546 XII.
550 2488 929 2551 continentur
958 2489 1089 2543 XVI.
1122 2490 1179 2541 et
1206 2485 1387 2542 XVIII.
1425 2482 1760 2540 alternatim
1781 2481 2069 2550 videlicet,

411 2583 473 2634 ut
495 2578 602 2651 qui
630 2576 848 2634 minori
877 2591 1131 2632 numero
1159 2573 1529 2647 sesquialter,
1575 2570 1752 2627 veluti
1795 2571 1957 2626 VIIII.
1992 2571 2071 2626 ad

410 2668 502 2724 VI.
535 2672 593 2725 et
617 2667 800 2724 XVIII.
836 2665 915 2723 ad
941 2665 1051 2721 XII.
1102 2663 1210 2720 fiat
1258 2660 1781 2734 subsesquitertius
1828 2658 2065 2730 majori,

404 2761 469 2814 ut
492 2758 653 2813 VIIII.
684 2755 764 2813 ad
791 2755 901 2811 XII.
936 2758 994 2810 et
1019 2754 1201 2810 XVIII.
1236 2751 1315 2809 ad
1344 2751 1549 2807 XXIIII.
1592 2752 1675 2804 Ac
1722 2748 2068 2822 rursus-qui

400 2846 479 2903 ad
502 2846 799 2902 minorem
828 2842 1243 2917 sesquitertius
1272 2844 1378 2908 est,
1425 2845 1484 2895 ut
1515 2839 1678 2893 VIIII.
1737 2838 1815 2894 ad
1858 2839 1945 2893 VI.
2004 2843 2067 2894 ut

2191 1677 2620 1749 dimensiones,
2674 1680 2735 1735 in
2793 1680 3272 1737 dimensionibus
3338 1698 3650 1738 numeros.
3702 1682 3863 1737 .Hrec

2190 1783 2434 1840 quoque
2464 1768 2740 1824 distincta
2769 1772 2826 1823 et
2854 1769 3145 1842 disposita
3175 1770 3236 1824 in
3261 1770 3648 1843 disciplinam
3689 1771 3861 1827 rede-

2190 1855 2290 1927 git,
2341 1856 2781 1930 appellavitque
2830 1860 3280 1914 Geometricam.
3332 1862 3516 1916 Motus
3553 1875 3703 1923 eum
3728 1860 3859 1916 cceli

2188 1944 2445 2001 multum
2480 1946 2777 2009 movebat,
2796 1951 2853 2002 et
2876 1946 2956 2001 ad
2986 1963 3047 2003 se
3074 1947 3587 2004 considerandum
3609 1948 3859 2019 diligen-

2186 2039 2272 2091 ter
2301 2035 2686 2101 admonebat,
2720 2036 2900 2092 etiam
2922 2037 3003 2092 ibi
3032 2053 3142 2110 per
3167 2038 3697 2095 constantissimas
3715 2045 3855 2096 tem-

2185 2138 2403 2195 porum
2432 2123 2611 2193 vices,
2643 2140 2750 2196 per
2773 2130 3073 2181 astrorum
3098 2130 3260 2182 ratos
3292 2126 3698 2199 deﬁnitosque
3727 2144 3855 2183 eur-

2184 2228 2305 2278 sus,
2338 2228 2445 2285 per
2468 2212 2916 2268 intervallorum
2957 2215 3151 2287 spatia
3206 2215 3515 2272 moderata
3564 2217 3853 2273 intellexit

2181 2301 2329 2357 nihil
2357 2302 2740 2375 aliud,quam
2771 2302 2934 2359 illam
2964 2303 3851 2379 dimensionem,numerosque

2180 2388 2498 2446 dominari.
2531 2393 2669 2456 Quae
2695 2390 2961 2447 similiter
2985 2391 3336 2449 diﬂiniendo
3370 2409 3441 2449 ac
3472 2395 3846 2450 secernendo

2179 2478 2238 2534 in
2267 2479 2541 2535 ordinem
2573 2486 2840 2546 nectens,
2872 2480 3267 2550 Astrologiam
3307 2483 3529 2552 genuit.
3588 2483 3717 2539 Hoc
3746 2485 3845 2539 ita-

2177 2583 2294 2639 que
2325 2568 2508 2624 modo
2538 2569 2598 2623 in
2631 2569 2971 2625 matheseos
2999 2569 3327 2644 disciplinis
3365 2576 3697 2627 occurrunt
3715 2589 3844 2628 om-

2175 2657 2278 2712 nia
2307 2673 2650 2721 numerosa,
2692 2663 2750 2713 et
2776 2658 3207 2715 immortalium
3258 2675 3679 2727 numerorum,
3739 2666 3843 2735 qui

2174 2745 2495 2815 cogitando
2524 2750 2702 2818 atque
2724 2746 3012 2802 volvendo
3028 2747 3351 2813 intuentur,
3367 2749 3425 2804 hi
3446 2750 3554 2822 qui
3576 2751 3845 2808 sentiun-

2172 2838 2287 2903 tur,
2315 2834 2545 2890 umbrae
2576 2834 2773 2907 potius
2803 2841 2859 2891 et
2885 2836 3180 2905 imagines
3209 2842 3367 2893 sunt.
3422 2839 3534 2904 Qui
3567 2856 3717 2909 ergo
3746 2858 3842 2897 ra-

400 2936 530 2992 XVI.
578 2934 657 2992 ad
685 2934 793 2991 XII.
855 2933 928 2989 sit
979 2931 1058 2989 ad
1107 2931 1399 3003 majorem
1451 2926 1941 2999 subsesquialter,
2001 2932 2064 2983 ut
2100 2970 2144 3025 c
2171 2923 2822 3025 tionem‘numerorum.
2839 2925 3191 2983 mutabilem
3219 2927 3453 2995 dixerit,
3494 2934 3604 2984 aut
3651 2936 3842 2987 artem

399 3024 535 3079 VIII.
566 3023 644 3081 ad
674 3023 781 3079 XII.
805 3025 881 3077 .ut
904 3021 1035 3077 XVI.
1065 3019 1144 3076 ad
1174 3018 1365 3075 XXIII.
1393 3018 1475 3072 Ita
1506 3016 1667 3072 inter"
1683 3014 1837 3071 duos
1879 3031 2060 3072 sonos
2102 3012 2141 3025 ν
2169 3012 2501 3086 quamlibet
2519 3029 2642 3069 non
2672 3030 2780 3087 per
2807 3014 2965 3070 hanc
2991 3020 3262 3073 constare
3283 3018 3311 3073 ?

396 3113 691 3187 diapason
720 3112 799 3169 ad
827 3110 1083 3167 invicem
1112 3111 1480 3175 resonantes,
1504 3109 1718 3178 quarta
1739 3120 1976 3177 semper
2004 3110 2061 3162 et

395 3202 605 3275 quinto
632 3201 766 3258 loco
793 3191 1188 3273 symphonias
1218 3201 1433 3253 natura
1462 3193 1778 3266 disposuit.
1828 3198 1892 3250 ut
1918 3210 2055 3265 quae

392 3291 531 3348 huic
562 3289 731 3348 lateri
759 3292 975 3362 quarto
1003 3287 1137 3343 loco
1163 3285 1536 3342 diatessaron
1567 3286 1675 3348 est,
1731 3281 1803 3337 sit
1844 3282 2052 3355 quinto

390 3380 525 3438 loco
554 3380 719 3438 alteri
747 3378 917 3436 lateri
940 3376 1254 3449 diapente;
1302 3377 1357 3430 et
1386 3388 1521 3446 quae
1553 3370 1632 3427 ad
1660 3369 1807 3426 illud
1836 3376 2051 3445 quarto

388 3470 523 3527 loco
574 3472 817 3527 resonat
860 3467 1253 3532 diatessaron,
1293 3462 1431 3519 huic
1480 3461 1760 3534 diapente
1791 3465 2045 3517 resonet.

389 3563 569 3617 Porro
600 3562 664 3616 ut
688 3556 1107 3630 sesquioctava
1135 3551 1520 3627 proportione
1551 3549 1721 3605 VIIII.
1761 3554 2050 3623 superant

388 3650 532 3707 VIII.
566 3653 632 3706 ut
658 3646 839 3705 XVIII.
870 3646 1002 3703 XVI.
1027 3648 1093 3702 ut
1120 3642 1358 3700 XXXVI.
1388 3640 1584 3709 XXXII,
1634 3639 1713 3695 ita
1762 3638 1811 3694 si
1846 3637 2049 3695 ﬁstula.

2238 3105 2308 3159 D.
2354 3101 2720 3160 Suﬂicienter
2768 3118 2927 3159 nunc
2978 3104 3212 3162 videtur
3260 3106 3663 3175 insinuatum,
3718 3127 3839 3166 non

2162 3192 2458 3249 musicam
2483 3192 2700 3258 solum,
2733 3191 2840 3247 sed
2859 3197 2916 3249 et
2952 3194 3100 3250 alias
3133 3200 3247 3251 tres
3293 3195 3647 3270 disciplinas
3704 3217 3834 3256 ma-

2161 3282 2403 3353 gisterio
2432 3288 2705 3337 constare
2740 3297 3156 3340 numerorum.
3207 3285 3322 3342 Sed
3351 3301 3566 3358 quasso
3597 3288 3837 3360 plenius

2158 3371 2411 3445 incipias
2463 3371 2538 3426 de
2596 3386 2995 3435 numerorum
3037 3377 3257 3430 natura
3308 3378 3590 3446 tractare,
3621 3385 3831 3451 repete

2160 3477 2309 3534 sque
2340 3459 2596 3530 singula,
2626 3475 2765 3531 quae
2814 3460 3130 3532 praemissa
3173 3467 3330 3529 sunt,
3366 3479 3494 3536 quo
3522 3470 3836 3541 utcunque

2158 3549 2238 3607 ad
2266 3548 2555 3605 intuenda
2607 3547 2849 3603 musicae
2896 3548 3144 3605 rationis
3180 3551 3513 3623 penetralia
3538 3568 3822 3613 numero.

2158 3654 2294 3694 rum
2324 3637 2546 3694 ducatu
2579 3635 2949 3709 perveniam.

1759 3764 1928 3821 Finit
1957 3778 2109 3835 pars
2144 3763 2426 3820 secunda.

1426 4001 1838 4091 INCIPIT
1918 4000 2318 4089 TERTIA
2402 3978 2778 4135 [PARS]

1887 4178 2293 4195 ψ

451 4289 610 4345 Disc.
677 4289 861 4356 Rogo,
894 4281 1189 4357 imprimis
1244 4280 1466 4352 edicas,
1520 4280 1669 4354 quid
1727 4279 1800 4338 sit
1845 4296 2036 4354 quan-
2069 4279 2113 4333 D
2146 4296 2289 4353 pars
2335 4283 2555 4355 quarta
2612 4294 2715 4337 sex
2763 4297 2777 4335 :
2826 4280 2969 4339 item
3020 4282 3097 4340 de
3150 4283 3474 4344 duodecim
3523 4290 3820 4349 medietas

378 4378 568 4436 titas?

446 4470 530 4525 Μ.
572 4464 975 4534 Quantitatem
1019 4460 1276 4520 dicimus
1327 4466 1384 4517 et
1436 4461 1498 4517 in
1539 4461 1825 4525 numeris,
1879 4464 1937 4517 et
1971 4461 2035 4517 in

374 4555 718 4613 mobilibus.
751 4557 899 4611 Nam
927 4550 1232 4625 quantitas
1261 4549 1649 4607 numerabilis
1673 4550 1914 4623 proprie
1942 4549 2033 4606 di-

371 4645 524 4702 citur
576 4640 915 4708 multitudo,
1010 4655 1145 4712 quae
1220 4637 1548 4695 unitatibus
1612 4641 2028 4707 congregatur.

372 4732 684 4802 Quantitas
703 4729 997 4804 specialis,
1025 4745 1162 4801 quae
1199 4728 1262 4783 in
1305 4726 1631 4784 mobilibus
1678 4725 1764 4796 tit,
1817 4725 2032 4782 dicitur

368 4821 745 4894 magnitudo,
802 4834 939 4892 qua:
1011 4817 1075 4873 in
1154 4815 1410 4873 unitates
1494 4813 1792 4872 dividitur.
1879 4818 2028 4870 Nam

366 4911 663 4968 multiudo
716 4907 948 4965 inﬁnita
996 4904 1333 4979 pluralitate
1379 4903 1734 4969 succrescit,
1791 4903 2026 4975 magni-

2145 4386 2268 4443 sex,
2338 4385 2481 4444 pars
2552 4369 2721 4427 tertia
2788 4374 3077 4444 quatuor,
3160 4389 3304 4447 pars
3378 4383 3600 4451 quarta
3678 4382 3816 4438 tria.

2144 4461 2540 4532 Utrarumque
2569 4473 2712 4530 ergo
2743 4458 3127 4518 similitudine
3175 4464 3587 4537 quantitatmn
3636 4471 3815 4527 arith-

2143 4550 2357 4607 metica
2382 4564 2455 4605 ex
2481 4565 2609 4605 sese
2634 4548 2929 4607 musicam
2959 4550 3175 4621 fundit,
3206 4556 3264 4609 et
3292 4555 3447 4612 miro
3479 4558 3666 4615 modo
3706 4578 3814 4634 per

2141 4642 2537 4711 utrarumque
2597 4638 2925 4696 contrarias
2976 4641 3287 4712 passiones
3327 4643 3604 4701 melodas
3632 4664 3813 4705 voces

2142 4727 2321 4784 suavi
2351 4726 2815 4784 concordatione
2845 4727 3132 4802 disponit.
3167 4731 3338 4797 Quod
3369 4733 3528 4789 enim
3572 4752 3691 4792 vox
3733 4738 3811 4794 ad

2138 4829 2344 4905 vocem
2373 4818 2477 4871 aut
2505 4815 2694 4888 duplo
2720 4815 2929 4905 crescit
2956 4821 3059 4873 aut
3090 4817 3266 4890 triplo
3296 4825 3401 4876 aut
3436 4822 3807 4905 quadruplo,

2135 4904 2300 4987 quod
2328 4909 2503 4961 sonat
2530 4904 2846 4977 diapason,
2870 4904 3171 4978 diapason
3187 4923 3257 4964 ac
3281 4904 3808 4987 diapente,bisque

250 5396 269 5401 -
358 5370 482 5431 quo
510 5353 743 5409 minore
772 5352 1054 5407 dividitur
1081 5367 1356 5420 numero,
1402 5350 1771 5406 divisionum
1826 5349 2021 5421 spatia

2133 4993 2447 5067 diapason,
2498 4998 2778 5051 naturam
2826 5000 3022 5052 servat
3064 4996 3393 5055 numeralis
3422 5003 3805 5073 quantitatis.

2134 5083 2302 5150 Quod
2332 5099 2471 5139 vero
2496 5083 2591 5140 vel
2619 5083 2870 5142 dimidio
2909 5085 3160 5157 majoris
3188 5093 3450 5161 superat,
3512 5091 3611 5147 vel
3640 5098 3805 5166 parte

2133 5172 2322 5242 tertia,
2352 5171 2439 5227 vel
2468 5176 2705 5245 quarta,
2731 5172 2827 5229 vel
2846 5177 3080 5243 octava,
3098 5175 3265 5248 quod
3291 5183 3467 5234 sonat
3491 5178 3799 5254 diapente,

2130 5259 2500 5316 diatessaron
2529 5264 2586 5316 ct
2612 5264 2843 5331 tonum,
2872 5262 3170 5319 continuae
3218 5264 3402 5323 habet
3443 5271 3797 5341 quantitatis

2128 5348 2473 5421 imaginem.
2507 5352 2653 5407 Cum
2685 5364 2828 5420 ergo
2856 5367 3074 5407 vocum
3104 5353 3418 5411 varietates
3448 5356 3511 5411 in
3561 5361 3798 5431 quanti-

2129 5441 2245 5494 tate
2297 5438 2625 5495 consistant
2678 5439 2793 5494 hoc
2841 5439 3047 5507 modo,
3094 5442 3429 5499 secundum
3461 5448 3796 5505 contrarias

2125 5525 2354 5585 bifarire
2373 5528 2720 5602 quantitatis
2752 5532 3000 5587 naturas
3033 5529 3194 5587 dulci
3224 5530 3302 5588 ad
3326 5532 3593 5592 invicem
3634 5553 3794 5594 com-

2129 5617 2413 5675 mixtione
2438 5618 2788 5676 assentiunt.

365 5000 509 5056 tudo
536 4994 1108 5069 inﬁnitapartitione
1136 4994 1445 5050 minuitur.
1483 4997 1599 5051 Hoc
1625 5010 1732 5063 εει,
1764 4991 2026 5048 multitu-

364 5087 445 5144 do
475 5088 553 5144 ad
583 5103 773 5144 unum
804 5102 877 5142 ex
916 5082 1358 5157 pluralitatibus
1405 5083 1653 5140 tendens
1710 5085 2025 5151 augeretur

364 5176 557 5249 spatio
581 5194 594 5241 ;
628 5174 980 5245 magnitudo
1008 5173 1087 5230 ab
1120 5188 1239 5228 uno
1260 5171 1322 5228 in
1342 5171 1746 5245 pluralitatem
1773 5169 2023 5226 tendens

360 5265 657 5321 unltatum
688 5264 894 5335 spatiis
932 5262 1220 5317 minuitur
1265 5279 1279 5316 :
1330 5266 1534 5334 utpote
1590 5259 1764 5333 lapis,
1820 5258 2020 5327 arbor,

357 5446 591 5517 majora
614 5441 801 5509 ﬁunt;
834 5456 957 5512 quo
1004 5445 1204 5497 autem
1248 5441 1309 5495 in
1354 5438 1531 5512 plura
1559 5440 1915 5512 partiuntur,
1949 5455 2020 5494 eo

353 5553 487 5612 ipsa
510 5534 865 5592 minuuntur
896 5530 1087 5605 spatia
1120 5548 1131 5585 :
1161 5535 1227 5587 ut
1247 5529 1413 5587 verbi
1458 5530 1649 5602 gratia
1689 5528 1766 5587 de
1815 5528 2019 5600 viginti

352 5631 613 5700 quatuor
659 5621 980 5680 dimidium
1034 5619 1378 5691 duodecim,
1456 5636 1598 5692 pars
1646 5619 1813 5676 tertia
1861 5622 2017 5685 octo,
