3998 6198
949 374 1116 624 /\

858 624 1140 896 ᾔ

797 896 1169 1210 ‘/:\‘

215 224 358 277 1009

817 359 938 415 Sim
1023 374 1084 430 Λ
1165 359 1336 430 plum

610 473 875 574 Duplum
919 473 1011 574 c/
1083 473 1111 574 \
1191 502 1512 558 dimidium

562 644 826 719 Triplum
866 644 1167 719 L/___.‘J
1204 648 1345 700 Pars
1374 644 1564 700 tertia.

357 787 787 860 Quadruplum
827 787 1179 860 LI__.__‘J
1218 789 1358 843 Pars
1385 790 1619 859 quarta.

345 930 755 1004 Quincuplum
796 929 1191 1004 cl—p
1230 931 1371 985 Pars
1402 929 1635 1002 quinta.

433 1072 796 1146 Sexcuplum
808 1072 1161 1146 [____|
1245 1075 1382 1128 Pars
1411 1075 1596 1128 sexta.

275 1239 424 1303 Quae
455 1236 505 1291 si
524 1236 652 1307 jam
680 1233 972 1304 liqueant,
1003 1234 1291 1290 restantia
1319 1246 1780 1306 prosequamur.

273 1327 350 1380 D.
383 1325 595 1397 Liquet
621 1321 897 1394 quidem,
928 1322 1096 1395 quod
1138 1323 1256 1378 hoc
1286 1337 1476 1392 genus
1503 1320 1642 1376 ideo
1671 1335 1882 1375 nume-

196 1415 312 1472 rali
343 1415 669 1488 deputatur
693 1411 1038 1483 quantitati,
1070 1412 1216 1484 quia
1241 1425 1635 1467 numerorum
1676 1408 1884 1464 ordine

194 1506 350 1577 ipsae
378 1504 688 1561 auctiones
719 1506 1018 1557 crescunt.
1051 1502 1174 1556 Hoc
1199 1507 1398 1557 autem
1430 1499 1654 1556 idcirco
1698 1498 1885 1554 conti-

198 1609 340 1647 nuae
371 1589 713 1664 quantitati
743 1589 1044 1656 convenit,
1073 1589 1218 1661 quia
1263 1603 1658 1644 numerorum
1710 1602 1884 1658 aeque

1552 217 1808 275 MUSICA
1869 216 2337 281 ENCHIRIADIS.

3530 225 3669 277 1010

1917 341 1966 393 Α
1996 348 2384 418 perpartiens.
2439 354 2554 406 Has
2621 365 2780 404 nunc
2854 348 3172 420 utriuSque
3245 344 3671 417 inaequalitatis

1997 436 2242 505 species,
2274 454 2411 509 quae
2437 438 2554 494 sint
2583 437 2854 507 singulae,
2890 437 3235 492 videamus.

2377 528 2465 584 De
2490 528 2815 596 multiplici
2841 525 3284 597 inaequalitate.

2067 615 2364 687 Multiplex
2383 621 2471 673 est
2490 615 3002 689 inaequalitas,ubi
3023 613 3228 684 major
3246 626 3541 668 numerus
3562 613 3673 670 ha-

1996 701 2096 758 bet
2115 702 2176 758 in
2196 720 2259 758 se
2279 704 2576 760 minorem
2593 705 2686 760 bis
2709 708 2814 760 aut
2837 708 2924 759 ter
2953 706 3060 758 aut
3093 703 3316 773 quater
3345 703 3450 756 aut
3483 702 3676 758 multi-

1995 790 2224 864 pliciter
2242 797 2328 848 :ut
2347 792 2470 849 duo
2486 793 2564 849 ad
2581 809 2771 848 unum
2782 792 2930 848 dum
2948 792 3314 862 comparata
3324 787 3676 861 fuerint,du-

1994 881 2132 953 plex
2154 886 2243 936 est
2276 901 2288 949 ;
2326 883 2438 940 tria
2457 883 2536 940 ad
2552 899 2742 939 unum
2765 882 2974 954 triplex
3011 899 3024 947 ;
3077 881 3346 952 quatuor
3377 879 3456 934 ad
3481 895 3672 936 unum

1995 968 2399 1041 quadruplex,
2422 975 2478 1027 et
2506 970 2808 1043 deinceps.
2838 967 3180 1023 Comitatur
3221 964 3670 1040 submultiplex,

1995 1056 2100 1127 qui
2122 1055 2346 1114 scilicet
2363 1058 2515 1114 infra
2531 1058 2918 1130 multiplicem
2937 1054 3332 1112 continentur
3346 1053 3570 1122 bis,aut
3588 1061 3675 1111 ter

1995 1151 2346 1218 autquater,
2371 1152 2475 1204 aut
2509 1147 2928 1220 multipliciter.
2959 1143 3142 1199 Verbi
3170 1141 3381 1213 gratia,
3414 1159 3606 1199 unum
3637 1160 3676 1200 a

1995 1234 2241 1290 duobus
2257 1236 2592 1292 continetur
2620 1235 2795 1305 bis,et
2815 1238 3069 1290 vocatur
3097 1230 3443 1303 subduplus
3469 1251 3481 1300 ;
3516 1249 3552 1288 a
3571 1232 3671 1288 tri-

1993 1323 2109 1380 bus
2125 1327 2298 1389 ter,et
2323 1328 2572 1380 vocatur
2601 1322 2928 1396 subtriplus
2953 1339 2966 1389 ;
2989 1337 3026 1376 a
3045 1324 3315 1392 quatuor
3354 1325 3584 1392 quater,
3615 1325 3673 1376 et

1994 1418 2244 1470 vocatur
2272 1413 2798 1487 subquadruplus;
2835 1417 2892 1467 et
2921 1410 3164 1482 reliqua
3207 1409 3284 1465 ad
3332 1410 3394 1465 id
3443 1425 3666 1479 genus;

1992 1504 2247 1574 unde,ut
2266 1502 2788 1575 cognoscis,paulo
2808 1501 2988 1557 nobis
3011 1497 3294 1572 superius
3316 1514 3512 1555 sermo
3535 1498 3663 1554 fuit.

2063 1593 2136 1645 D.
2173 1592 2552 1660 Recognosco
2583 1589 2862 1662 equidem
2897 1589 3061 1644 hanc
3092 1587 3562 1659 inaequalitatem
3591 1587 3665 1641 de

197 1681 419 1736 ordine
432 1677 934 1735 diminutionibus
946 1677 1251 1733 decrescit.
1273 1681 1421 1733 Nam
1444 1676 1601 1731 sicut
1618 1674 1886 1731 illuddu-
1924 1699 1963 1752 Β
1993 1681 2094 1736 illo
2123 1695 2255 1736 esse
2284 1680 2633 1752 quantitatis
2656 1693 2891 1749 genere,
2916 1677 3096 1747 cujus
3117 1676 3412 1746 majorem
3434 1679 3664 1747 partem

200 1770 307 1840 plo
330 1767 684 1840 superat,ita
702 1765 865 1820 istud
879 1765 1080 1838 simpli
1100 1765 1352 1821 dimidio
1365 1763 1721 1831 vincit;sicut
1732 1762 1883 1819 illud

200 1857 387 1930 triplo
403 1857 501 1912 vel
515 1855 856 1928 quadruplo
875 1855 1074 1926 majus
1096 1854 1182 1922 ﬁt,
1208 1855 1289 1910 ita
1314 1854 1471 1910 istud
1498 1853 1740 1922 regione
1775 1857 1884 1908 ter-

203 1947 288 2002 tia
321 1945 416 2000 vel
439 1949 658 2017 quarta
686 1944 752 2000 tit
782 1948 948 2016 parte
975 1944 1354 2016 propensius.
1390 1947 1610 2012 Restat,
1632 1946 1695 1997 ut
1727 1957 1880 2014 quo-

199 2034 600 2105 modoetquo
616 2032 822 2087 ordine
847 2048 952 2104 per
978 2034 1088 2088 has
1119 2032 1361 2088 bifarias
1395 2031 1760 2104 quantitates
1793 2047 1884 2086 so-

201 2139 430 2178 norum
469 2122 825 2193 disponatur
857 2121 1198 2190 concordia,
1217 2121 1623 2194 prosequaris.

281 2212 366 2267 M.
399 2210 490 2266 Ad
519 2211 648 2265 haec
677 2210 940 2266 donante
971 2210 1223 2266 Domino
1254 2209 1633 2283 explicanda,
1662 2225 1878 2282 pauca,

205 2307 277 2357 ut
307 2300 765 2372 proposuimus,
798 2298 872 2354 de
899 2315 1289 2355 numerorum
1315 2304 1531 2355 natura
1560 2299 1882 2371 praemitta-

207 2388 1030 2460 mus.Diximus,quantitatis
1067 2388 1220 2444 duas
1243 2404 1370 2443 esse
1406 2388 1654 2460 species,
1679 2387 1880 2443 multi-

209 2478 487 2535 tudinem
514 2483 571 2533 et
593 2477 1093 2547 magnitudinem.
1115 2478 1340 2532 Rursus
1366 2477 1762 2532 multitudinis
1788 2477 1883 2533 vel

207 2565 655 2636 magnitudinis
685 2564 802 2620 alia
819 2564 1321 2634 suntimmobilia,
1345 2564 1461 2620 alia
1482 2564 1749 2630 mobilia;
1767 2564 1882 2621 alia

211 2656 358 2707 sunt
378 2669 484 2724 per
507 2657 664 2718 se,ut
684 2652 1190 2725 populus,chorus
1212 2653 1724 2721 mons,mille,duo
1754 2653 1884 2709 mil-

211 2741 318 2808 lia,
349 2742 458 2797 tria
487 2741 820 2808 milliagalia
841 2757 946 2813 per
969 2758 1031 2797 se
1052 2742 1188 2815 ipsa
1211 2757 1333 2798 non
1357 2747 1650 2808 constant,
1676 2742 1780 2796 sed
1801 2742 1880 2798 ad

210 2830 381 2886 aliud
403 2830 761 2900 referuntur,
789 2835 849 2885 ut
869 2829 1144 2902 duplum,
1163 2831 1426 2904 triplum,
1445 2830 1876 2902 quadruplum.

214 2919 332 2976 Sed
364 2918 437 2974 de
460 2917 876 2974 immobilibus
920 2923 1133 2975 tractat
1161 2919 1529 2974 Geometrica
1555 2937 1567 2985 ;
1593 2918 1879 2974 mobilem

211 3021 359 3060 vero
403 3007 802 3079 quantitatem
861 3007 1276 3063 Astronomica
1318 3007 1677 3080 speculatur.
1715 3007 1878 3063 Illam

210 3096 438 3167 itaque,
468 3113 606 3167 quae
631 3111 738 3167 per
758 3112 820 3150 se
835 3101 944 3166 est,
965 3097 1305 3170 speculatur
1325 3095 1716 3153 arithmetica:
1743 3113 1876 3152 eam

212 3200 380 3251 vero,
407 3201 541 3256 quae
572 3184 650 3240 ad
687 3184 914 3256 aliquid
961 3191 1071 3252 est,
1095 3187 1240 3259 quia
1278 3203 1385 3259 per
1424 3202 1559 3242 eam
1598 3185 1878 3241 divinitus

210 3275 571 3330 harmonica
634 3275 981 3331 moderatur
1043 3278 1326 3343 suavitas,
1378 3275 1873 3348 contemplemur.

212 3362 426 3418 Omnis
456 3378 764 3428 numerus,
791 3369 845 3418 et
870 3365 1276 3438 quodcumque
1308 3365 1640 3422 secundum
1661 3381 1874 3420 nume-

208 3466 353 3506 rum
381 3450 617 3518 dicitur,
655 3456 756 3508 aut
785 3469 891 3524 per
920 3469 981 3508 se
1012 3460 1118 3523 est,
1149 3460 1252 3511 aut
1281 3472 1421 3511 cum
1447 3454 1732 3510 relatione
1768 3455 1874 3510 ali-

209 3556 343 3613 qua
368 3540 602 3596 dicitur.
638 3541 748 3597 Per
778 3559 839 3598 se
882 3558 1170 3600 numerus
1200 3551 1305 3612 est,
1339 3546 1443 3617 qui
1474 3545 1598 3599 sine
1647 3545 1876 3601 relatio-

209 3645 288 3685 ne
315 3628 676 3697 dicitur,utl.
698 3631 761 3686 ll.
787 3632 878 3685 Ill.
901 3634 1010 3686 llll.
1031 3635 1086 3687 et
1106 3636 1338 3687 cretera.
1366 3633 1546 3687 Porro
1566 3631 1875 3704 quodcun-

209 3735 334 3790 que
355 3719 598 3775 relative
621 3719 852 3786 dicitur,
871 3721 1217 3793 autaequale
1241 3725 1346 3788 est,
1371 3720 1876 3792 autinmqualeEt

210 3807 446 3879 aequale
463 3807 710 3880 quidem
732 3815 838 3875 est,
875 3810 1039 3883 quod
1079 3810 1156 3866 ad
1191 3811 1414 3884 aliquid
1455 3813 1872 3881 comparatum

209 3912 411 3969 neque
432 3897 663 3951 minore
685 3914 923 3955 summa
943 3899 1098 3955 infra
1113 3905 1420 3973 est,neque
1433 3899 1661 3969 majore
1681 3903 1870 3954 trans-

210 3985 481 4055 greditur
496 3991 560 4040 ut
574 3986 857 4043 denarius
872 3989 1140 4057 denario,
1166 3990 1258 4044 vel
1279 3989 1570 4045 ternarius
1594 3989 1869 4058 ternario,

210 4074 308 4130 vel
330 4073 568 4129 cubitus
590 4075 911 4143 cubito,vel
950 4093 1054 4150 pes
1076 4077 1234 4150 pedi,
1255 4083 1310 4133 et
1338 4079 1428 4132 his
1447 4077 1678 4132 similia.
1711 4079 1871 4132 Hanc

210 4168 419 4218 autem
442 4167 671 4233 partem
694 4163 872 4220 relate
894 4166 972 4221 ad
1002 4165 1228 4237 aliquid
1261 4165 1625 4237 quantitatis,
1654 4163 1713 4219 id
1761 4169 1869 4228 est,

207 4250 638 4323 mqualitatem,
671 4258 905 4309 constat
948 4254 1292 4310 naturaliter
1337 4253 1675 4308 indivisam.
1727 4253 1868 4308 Nul-

207 4341 306 4396 lus
338 4339 504 4394 enim
522 4340 716 4395 dicere
746 4347 957 4414 potest,
987 4342 1154 4414 quod
1193 4342 1546 4414 tequalitatis
1601 4343 1714 4398 hoc
1746 4343 1872 4416 qui-

205 4431 356 4486 dem
381 4429 492 4485 tale
525 4435 631 4498 est,
658 4428 804 4486 illud
828 4449 970 4488 vero
1001 4433 1371 4504 hujusmodi.

284 4521 362 4573 D.
395 4519 632 4575 Certum
661 4526 783 4588 est;
812 4537 947 4592 quae
978 4522 1058 4577 ibi
1108 4523 1264 4578 enim
1312 4539 1442 4577 esse
1483 4521 1597 4578 alia
1643 4522 1872 4595 species

208 4612 432 4682 potest,
469 4608 569 4663 ubi
599 4625 787 4665 unum
815 4609 928 4666 tale
956 4617 1062 4679 est,
1093 4612 1271 4684 quale
1303 4618 1358 4666 et
1386 4611 1549 4666 aliud
1572 4613 1600 4667 ?

287 4699 372 4752 Μ.
405 4702 476 4752 At
504 4697 813 4770 inaequalis
843 4700 1145 4756 relationis
1191 4717 1323 4773 quae
1373 4701 1488 4755 sint
1531 4701 1868 4768 divisiones,

209 4787 433 4844 videto.
468 4787 733 4842 Primum
767 4789 1013 4861 quidem
1064 4796 1302 4845 secatur
1347 4789 1408 4845 in
1455 4790 1652 4859 majus
1693 4794 1872 4862 atque

209 4877 421 4934 minus
449 4895 461 4942 ;
492 4876 707 4932 deinde
731 4879 976 4949 majoris
996 4879 1264 4952 quinque
1298 4885 1437 4935 sunt
1482 4878 1726 4950 species.
1775 4882 1876 4935 Est

207 4966 378 5024 enim
431 4982 571 5032 una,
633 4983 769 5039 quae
811 4973 1061 5024 vocatur
1103 4969 1435 5042 multiplex,
1495 4967 1613 5023 alia
1672 4986 1875 5042 super-

208 5054 611 5129 particularis,
642 5056 808 5112 tertia
835 5057 1299 5129 superpartiens,
1319 5062 1534 5129 quarta
1563 5057 1874 5131 multiplex

207 5144 792 5216 superparticularis,
838 5147 1049 5219 quinta
1084 5146 1393 5218 multiplex
1432 5149 1869 5221 superpatiens.

211 5237 312 5291 His
339 5251 478 5290 vero
524 5235 791 5308 quinque
830 5237 1102 5309 partibus
1157 5237 1402 5308 majoris
1451 5238 1870 5312 inaequalitatis

207 5323 505 5396 opposita:
538 5328 679 5379 sunt
707 5325 1050 5396 singulatim
1076 5325 1204 5380 aliae
1229 5325 1496 5398 quinque
1528 5331 1726 5400 partes
1760 5328 1869 5382 mi-

209 5411 400 5481 noris,
427 5411 508 5468 ita
537 5417 601 5467 ut
630 5412 844 5468 iisdem
875 5413 1222 5470 nominibus
1274 5420 1714 5487 nuncupentur,
1745 5414 1873 5471 sola

208 5501 321 5558 sub
353 5501 772 5573 praepositione
799 5502 1111 5558 distinctie.
1142 5504 1361 5559 Dicitur
1390 5501 1548 5560 enim
1595 5503 1869 5558 submul-

211 5589 416 5662 tiplex,
496 5591 1186 5664 subsuperparticularis,
1281 5593 1868 5667 subsuperpartiens,

213 5678 529 5751 multiplex
559 5679 1250 5755 subsuperparticularis,
1296 5682 1604 5757 multiplex
1650 5682 1868 5738 subsu-

1993 1784 2175 1841 posse
2204 1768 2264 1822 in
2287 1767 2586 1823 inﬁnitum
2616 1781 2880 1822 crescere
2922 1779 3114 1836 supra
3139 1763 3368 1819 dictum
3397 1766 3502 1817 est.

2483 1857 2571 1911 De
2599 1854 3176 1924 superparticulari.

2065 1948 2148 2002 M.
2183 1946 2431 2002 Attende
2456 1951 2514 2001 et
2542 1944 2724 2001 aliam
2753 1943 3229 2016 inaequalitatem
3255 1941 3329 1996 de
3355 1939 3453 1996 illo
3473 1953 3665 2010 quan-

1995 2035 2174 2091 titatis
2198 2051 2435 2105 genere,
2463 2035 2636 2105 cujus
2667 2050 2697 2089 e
2729 2033 3034 2089 contrario
3086 2032 3380 2101 majorem
3428 2032 3662 2100 partem

1994 2128 2228 2180 constat
2281 2124 2342 2178 in
2385 2122 2685 2178 inﬁnitum
2720 2121 3092 2177 decrescere.
3146 2121 3281 2174 Haec
3330 2121 3421 2172 est
3477 2115 3656 2181 enim,

1994 2231 2129 2286 quae
2162 2212 2718 2286 superparticularis
2760 2215 3034 2278 vocatur,
3090 2211 3149 2264 in
3198 2224 3321 2280 qua
3373 2219 3658 2261 numerus

1993 2302 2070 2358 ad
2096 2318 2420 2372 numerum
2443 2303 2829 2372 comparatus
2857 2298 3046 2354 habet
3071 2299 3129 2353 in
3161 2313 3223 2352 se
3251 2301 3442 2352 totum
3471 2293 3660 2349 mino-

1990 2407 2137 2457 rem,
2170 2395 2227 2446 et
2256 2391 2388 2461 ejus
2416 2389 2682 2461 aliquam
2710 2391 2967 2461 partem.
3017 2387 3128 2453 Qui
3159 2386 3206 2441 si
3253 2383 3500 2440 minoris
3549 2383 3656 2438 ha-

1991 2480 2131 2536 beat
2149 2479 2553 2548 medietatem,
2604 2481 2856 2532 vocatur
2896 2474 3285 2548 sesquialter;
3330 2473 3377 2527 si
3424 2475 3656 2544 partem

1991 2567 2246 2635 tertiam,
2278 2569 2526 2622 vocatur
2557 2564 2970 2638 sesquitertius
2997 2582 3010 2632 ;
3045 2563 3094 2618 si
3123 2566 3422 2636 quartam,
3477 2575 3654 2616 voca-

1990 2661 2084 2713 tur
2113 2655 2567 2728 sesquiquartus
2601 2673 2612 2708 :
2649 2655 2706 2708 et
2735 2653 2786 2707 si
2817 2652 3117 2725 quintam,
3151 2654 3396 2706 vocatur
3427 2647 3654 2720 sesqui-

1989 2746 2275 2819 quintus:
2329 2750 2509 2816 atque
2557 2743 2637 2799 ita
2684 2743 2746 2800 in
2796 2741 3101 2797 inﬁnitum
3162 2737 3654 2812 superparticula-

1988 2837 2144 2892 rium
2175 2833 2371 2890 forma
2397 2831 2816 2907 progrediente
2847 2831 3099 2886 nomina
3130 2831 3191 2885 in
3221 2829 3521 2884 infinitum
3547 2827 3652 2882 du-

1990 2929 2215 2980 centur.
2247 2923 2494 2978 Minores
2517 2937 2680 2992 vero,
2713 2920 2822 2993 qui
2861 2919 3224 2976 comitantur
3253 2923 3310 2974 et
3354 2917 3653 2973 habentur

1917 3048 1958 3102 C
1988 3015 2114 3080 toti,
2137 3016 2195 3067 et
2213 3026 2424 3066 eorum
2451 3009 2652 3081 aliqua
2680 3024 2847 3080 pars,
2873 3024 3034 3064 unus
3066 3004 3531 3102 subsesquialter
3558 3004 3649 3059 di-

1988 3103 2160 3168 citur,
2184 3100 2329 3156 alter
2353 3097 2942 3170 subsesquiquintus,
2970 3101 3149 3170 atque
3172 3095 3505 3152 secundum
3525 3109 3652 3148 ma-

1980 3193 2185 3263 jorum
2206 3204 2486 3244 normam
2507 3187 3078 3260 multitudinemque
3091 3184 3487 3259 progreditur.
3511 3186 3649 3238 Hoc-

1987 3297 2104 3354 que
2132 3295 2320 3349 genus
2343 3277 2482 3332 satis
2508 3292 2669 3335 nunc
2697 3277 3057 3350 asuperiore
3070 3276 3305 3332 differre
3322 3271 3643 3343 dignoscis.

2057 3372 2124 3424 D.
2157 3368 2451 3436 Dignosco
2477 3366 2701 3438 utique,
2734 3366 2881 3439 quia
2902 3382 3024 3422 non
3052 3365 3202 3422 sicut
3225 3364 3285 3420 in
3313 3362 3511 3436 primo
3545 3377 3648 3432 ge-

1983 3474 2122 3514 nere
2146 3461 2266 3513 tota
2287 3455 2378 3511 sui
2400 3455 2729 3527 quantitate
2751 3457 3044 3527 majorem
3066 3469 3384 3510 numerum
3409 3450 3650 3506 metitur

1984 3548 2216 3604 minor:
2254 3544 2359 3599 sed
2384 3543 2775 3617 unaqualibet
2811 3549 3000 3616 parte,
3033 3543 3125 3598 vel
3167 3540 3438 3607 dimidia,
3491 3538 3646 3593 sicut

1981 3635 2125 3701 duo,
2152 3631 2283 3700 tria,
2315 3631 2468 3686 sicut
2489 3633 2576 3686 VI.
2611 3632 2779 3686 VIIII.
2816 3631 2966 3686 sicut
2994 3632 3106 3685 XII.
3144 3629 3354 3684 XVIIII.
3388 3642 3493 3681 seu
3532 3629 3644 3680 ter-

1984 3723 2082 3791 tia,
2117 3721 2268 3776 sicut
2295 3723 2381 3774 VI.
2405 3722 2548 3775 VIII.
2575 3719 2726 3774 sicut
2765 3721 2932 3775 VIIII.
2968 3720 3094 3773 XII.
3129 3716 3283 3771 sicut
3321 3716 3432 3770 XII.
3482 3713 3638 3766 XVI.

1980 3811 2076 3867 vel
2103 3814 2340 3882 quarta,
2376 3809 2528 3865 sicut
2560 3809 2679 3862 IIII.
2713 3810 2774 3863 V.
2831 3807 2984 3864 sicut
3031 3808 3168 3860 VIII.
3218 3808 3277 3861 X.
3329 3803 3480 3858 sicut
3508 3801 3639 3857 ΧΙΙ.

1982 3903 2102 3956 XV.
2134 3898 2247 3956 Sed
2275 3899 2473 3970 major
2495 3901 2583 3953 est
2607 3897 2686 3952 ad
2717 3897 3014 3953 minorem
3045 3911 3225 3951 suum
3248 3908 3390 3967 pars
3437 3889 3640 3946 media

1980 4006 2166 4064 quam
2221 3989 2410 4059 tertia,
2455 3987 2624 4044 tertia
2673 4003 2862 4060 quam
2909 3990 3142 4060 quarta,
3188 3987 3405 4058 quarta
3449 3995 3638 4053 quam

1979 4080 2208 4153 quinta,
2242 4082 2298 4134 et
2323 4078 2405 4133 sic
2433 4079 2494 4134 in
2521 4076 2822 4133 inﬁnitum
2851 4093 2994 4150 pars
3024 4093 3060 4132 a
3101 4075 3332 4146 majore
3383 4085 3637 4127 numero

1979 4169 2289 4225 dominata
2318 4168 2451 4240 ipsa
2479 4166 2786 4222 decrescit.

2515 4259 2599 4314 De
2639 4259 3104 4328 supm'patiente.

2051 4351 2133 4405 M.
2163 4349 2410 4405 Attende
2441 4353 2498 4404 et
2518 4348 2750 4404 tertiam
2771 4347 3189 4420 inaequalitatis
3215 4346 3637 4414 formam,quae

1979 4439 2425 4512 superpartiens
2455 4438 2811 4512 appellatur,
2842 4453 2979 4509 quae
3005 4436 3088 4506 tit,
3121 4435 3227 4490 ubi
3245 4446 3534 4489 numerus
3558 4429 3638 4484 ad

1982 4529 2168 4585 alium
2187 4531 2573 4600 comparatus
2589 4525 2928 4581 inferiorem
2953 4537 3272 4578 numerum
3289 4523 3481 4576 totum
3491 4517 3553 4572 in
3574 4531 3636 4570 se

1981 4618 2260 4687 continet,
2295 4623 2351 4675 et
2367 4634 2547 4691 super
2565 4618 2680 4672 hoc
2701 4615 2916 4671 alteras
2936 4617 3136 4687 partes
3166 4612 3316 4683 ejus,
3339 4609 3514 4674 duas,
3535 4610 3639 4662 aut

1983 4711 2120 4776 tres,
2153 4710 2252 4761 aut
2278 4711 2556 4778 quatuor,
2579 4708 2682 4761 aut
2696 4703 2985 4776 quinque,
3011 4704 3113 4757 aut
3131 4697 3422 4772 quotlibet
3438 4695 3635 4760 alias;

1981 4799 2047 4850 ut
2076 4794 2244 4850 verbi
2277 4794 2486 4863 gratia,
2537 4795 2630 4848 III.
2685 4791 3079 4848 continentur.
3132 4805 3168 4844 a
3215 4791 3278 4843 V.
3325 4801 3466 4841 cum
3507 4782 3636 4839 aliis

1981 4883 2243 4952 duobus,
2259 4886 2572 4938 etvocatur
2582 4880 3110 4953 superbipartiens.
3127 4879 3246 4932 IIII.
3262 4874 3639 4932 continentur

1983 4990 2018 5029 a
2039 4974 2154 5027 VII.
2175 4988 2315 5027 cum
2337 4971 2526 5026 tribus
2553 4970 2827 5044 partibus
2854 4970 3000 5036 suis,
3015 4973 3071 5024 et
3090 4972 3340 5024 vocatur
3360 4962 3640 5038 supertri-

1980 5061 2265 5136 partiens.
2295 5064 2357 5115 V.
2389 5061 2766 5118 continentur
2796 5075 2832 5116 a
2861 5059 3030 5114 VIIII.
3060 5073 3198 5113 cum
3219 5059 3479 5128 quatuor
3505 5068 3640 5126 par-

1983 5151 2140 5208 tibus
2189 5150 2332 5218 suis,
2361 5155 2418 5206 et
2453 5153 2702 5207 vocatur
2740 5145 3436 5221 superquadripartiens:
3470 5147 3528 5199 et
3557 5142 3640 5198 sic

1981 5238 2284 5310 deinceps.
2338 5238 2522 5295 Minor
2566 5252 2728 5309 vero,
2779 5236 2885 5309 qui
2916 5252 2952 5293 a
2981 5235 3210 5306 majore
3245 5231 3640 5295 concluditur,

1981 5327 2546 5400 subsuperpartiens
2590 5325 2956 5400 appellatur.
2998 5328 3063 5382 Et
3105 5323 3180 5380 de
3227 5324 3342 5380 hac
3398 5335 3641 5398 quoque

1979 5415 2398 5488 inaequalitatis
2431 5417 2646 5485 forma,
2679 5415 2726 5471 si
2756 5414 3010 5486 videtur,
3043 5415 3155 5471 ista
3186 5413 3503 5470 sufﬁciant.

2049 5507 2122 5562 D.
2156 5508 2302 5561 Puto
2336 5505 2628 5562 sufﬁcere.

2295 5598 2380 5651 De
2405 5595 2734 5665 multiplici
2756 5597 3326 5666 superparticulari.

2051 5685 2136 5738 M.
2170 5685 2303 5739 Post
2332 5688 2448 5740 tres
2501 5683 2802 5756 simplices
2850 5683 3231 5740 habitudines
3288 5681 3638 5753 sequuntur.

3376 5940 3440 5966 μιν·
3450 5914 3630 5977 δ”**κςῖ
