3998 6198
380 186 508 244 1011

1024 192 1377 250 HUCBALDI
1414 196 1581 252 MON.
1626 199 1681 253 S.
1724 200 1990 255 AMANDI
2030 198 2179 254 OPP.
2224 200 2399 257 PARS
2438 199 2505 256 ΙΙ.
2547 233 2617 241 -
2657 202 3162 262 MISCELLANEA.

3684 216 3822 270 1042

374 310 532 378 dum,
560 327 700 384 quas
729 329 804 370 ex
834 313 1239 386 superioribus
1264 324 1735 391 componuntur,
1773 338 2033 395 quarum
2070 322 2117 376 Α
2147 321 2397 391 nientes,
2426 329 2529 380 aut
2559 325 2747 398 duplo
2767 327 2846 386 ab
2875 328 3132 386 invicem
3160 329 3403 391 distant.
3460 337 3569 388 aut
3620 334 3817 406 triplo.

374 399 539 471 prior
567 401 882 472 multiplex
913 403 1474 474 superparticnlaris
1520 408 1756 481 dicitur,
1799 427 1935 482 quae
1966 428 2038 468 ex

373 488 682 560 utriusque
713 488 997 556 consistit,
1032 494 1096 547 ut
1140 491 1206 547 ΙΙ.
1238 492 1319 550 ad
1369 497 1431 551 V.
1465 499 1522 553 et
1571 497 1664 554 Ill.
1699 497 1781 554 ad
1826 501 1934 554 Vll.
1985 502 2039 555 et

376 576 493 631 HlI.
525 575 606 632 ad
634 576 795 633 VIIII.
827 580 887 636 et
911 580 972 635 V.
1006 577 1086 637 ad
1113 582 1200 637 XI.
1232 582 1399 654 quod
1429 584 1590 644 enim
1621 593 2039 660 comparatum

374 679 697 720 numerum
727 664 865 737 plus
891 683 1081 740 quam
1111 670 1296 728 semel
1323 672 1525 741 habet,
1554 675 1901 749 multiplicis
1929 682 2035 745 est,

372 751 541 824 quod
600 752 901 812 minorem
951 755 1013 813 in
1071 757 1354 818 habenda
1418 767 1585 834 parte
1652 765 2037 838 transcendit,

374 841 955 913 superparticularis.
1010 844 1232 905 Dicitur
1294 853 1518 918 autem,
1569 852 1675 924 qui
1736 852 2038 926 duplicem

371 926 647 987 habuerit
698 930 887 988 alium
930 949 1272 1003 numerum,
1304 942 1360 994 et
1412 938 1543 1009 ejus
1591 941 1859 1000 mediam
1902 960 2039 1017 par-

373 1020 513 1087 tem,
545 1017 769 1091 duplex
800 1022 1186 1095 sesquialter;
1235 1026 1340 1097 qui
1367 1028 1621 1097 tertiam,
1649 1029 1873 1104 duplex
1919 1049 2040 1089 ses-

372 1106 709 1179 quitertius,
762 1110 868 1182 qui
921 1116 1221 1183 quartam,
1271 1116 1497 1189 duplex
1544 1120 2035 1194 sesquiquartus;

374 1198 440 1251 et.
460 1194 764 1269 deinceps.
802 1199 859 1255 Si
889 1202 976 1255 ter
1003 1200 1299 1271 habuerit,
1332 1209 1388 1260 et
1417 1206 1547 1276 ejus
1592 1208 1854 1267 mediam
1903 1228 2040 1284 par-

372 1288 514 1354 tem,
570 1284 667 1342 vel
718 1287 952 1344 tertiam
980 1330 995 1357 ,
1053 1289 1148 1347 vel
1194 1298 1495 1364 quartam,
1549 1295 1766 1356 dicitur
1830 1300 2037 1373 triplus

370 1373 761 1461 sesquialiter,
850 1377 1058 1450 triplus
1134 1381 1565 1456 sesquitertius,
1644 1387 1854 1461 triplus
1920 1406 2038 1446 ses-

368 1460 746 1551 quiquartus,
778 1468 839 1521 et
862 1465 1170 1539 deinceps.
1197 1471 1264 1528 Et
1287 1469 1364 1528 de
1378 1472 1494 1531 hac
1519 1474 1699 1533 etiam
1722 1460 2036 1551 inaequali-

367 1552 485 1606 tate
509 1550 657 1607 satis
685 1551 779 1610 sit.

440 1639 514 1694 D.
552 1639 763 1712 Utique
790 1640 954 1698 satis.

548 1773 551 1776 .
723 1730 811 1785 De
838 1731 1166 1802 multiplici
1195 1740 1680 1806 superpartiente

437 1814 521 1904 Μ.
550 1814 767 1875 Quinta
796 1822 886 1874 est
911 1817 1310 1892 inmqualitas,
1332 1841 1472 1896 quas
1500 1828 1807 1901 multiplex
1832 1848 2034 1904 super-

368 1902 635 1973 partiens
663 1905 1018 1977 appellatur.
1060 1912 1141 1970 Ea
1186 1910 1271 1975 fit,
1302 1914 1581 1985 quotiens
1634 1902 1923 1976 numerus
1957 1923 2035 1978 ad

368 2005 693 2050 numerum
724 2002 1113 2067 comparatus
1144 1999 1329 2057 habet
1373 2002 1435 2058 in
1483 2020 1545 2060 se
1601 2005 1784 2063 alium
1831 2025 2037 2066 nume-

368 2093 504 2134 rum
533 2083 727 2138 totum
750 2082 1077 2156 plusquam
1108 2088 1314 2155 semel,
1344 2095 1402 2149 et
1444 2093 1575 2162 ejus
1606 2095 1762 2152 duas
1796 2097 1889 2154 vel
1918 2102 2037 2155 tres

368 2165 463 2222 vel
485 2168 781 2239 quotlibet
808 2170 1010 2243 plures
1036 2176 1385 2246 particulas,
1415 2182 1750 2240 secundum
1799 2186 2036 2243 numeri

368 2257 859 2343 superpartientis
886 2260 1168 2335 ﬁguram,
1200 2267 1699 2343 vocabunturque
1728 2273 1790 2330 bi
1820 2290 2034 2333 secun-

370 2342 518 2400 dum
573 2348 847 2420 proprias
894 2356 1094 2421 partes
1141 2352 1364 2426 duplus
1407 2342 1936 2432 superbipartiens,
1971 2370 2037 2423 ut

368 2433 507 2488 VIII.
543 2434 623 2491 ad
648 2439 737 2491 Ill.
766 2441 1130 2512 comparati;
1159 2443 1464 2502 continent
1487 2447 1648 2507 enim
1685 2448 1775 2507 bis
1808 2455 2032 2509 ternos-

369 2536 510 2577 cum
542 2522 782 2582 duabus
809 2527 1080 2599 partibus
1109 2530 1235 2588 suis
1266 2549 1278 2589 :
1331 2533 1598 2594 similiter
1625 2540 1758 2594 XVI.
1792 2539 1871 2598 ad
1921 2542 2032 2601 VII.

367 2609 584 2667 collati.
635 2616 779 2670 ltem
826 2615 1047 2688 duplus
1089 2620 1629 2694 supertripartiens,
1662 2625 1887 2698 duplus
1938 2646 2036 2687 su-

367 2699 999 2774 perquadripartiens;
1033 2722 1104 2762 ac
1146 2724 1351 2766 rursus
1396 2711 1605 2784 triplus
1647 2716 2033 2789 superbipar—

366 2786 541 2877 tiens,
567 2794 625 2846 ct
650 2791 860 2864 triplus
887 2796 1426 2869 supertripartiens,
1463 2801 1670 2875 triplus
1702 2786 2032 2877 Superque-

366 2875 748 2949 dripartiens.

438 2967 620 3078 igitur
638 2969 934 3043 quidquid
955 2972 1017 3029 in
1038 2975 1270 3078 mundo
1290 2976 1611 3078 impariter-
1626 2983 1925 3043 confertur
1953 2987 2033 3044 ad
2071 3018 2112 3078 ο

366 3056 996 3147 aliquid,quascunque
1011 3066 1314 3134 quantitas
1334 3067 1705 3141 intequaliter
1724 3089 2035 3147 compara—

374 3148 435 3200 ta
448 3161 612 3217 quan
620 3146 1124 3216 titati,secundum
1138 3158 1886 3227 unamquamlibetharum
1899 3163 2034 3221 inre-

374 3233 730 3305 qualitatum
771 3252 899 3293 sese
929 3237 1111 3296 habet
1144 3240 1205 3297 in
1239 3241 1512 3302 invicem.
1540 3249 1605 3303 Et
1642 3250 2033 3323 multiplicem

373 3321 619 3395 quidem
661 3324 1129 3398 inaequalitatem
1180 3335 1432 3405 constat,
1473 3339 1538 3393 ut
1560 3335 1784 3396 dictum
1814 3321 1924 3410 est,
1954 3343 2034 3399 ad

372 3410 747 3471 numeralem
777 3413 1071 3486 pertinere
1100 3419 1531 3490 quantitatem;
1564 3426 1866 3497 quantitas
1895 3446 2033 3489 vero

369 3497 433 3588 in
460 3499 667 3571 spatiis
687 3504 947 3573 quatuor
964 3503 1208 3578 reliquis
1229 3506 1670 3581 imparitatibus
1690 3514 2029 3588 deputatur.

372 3585 516 3642 Item
545 3603 721 3645 voces
742 3590 1012 3661 musicae,
1041 3592 1104 3651 id
1132 3598 1247 3665 est,
1270 3599 1554 3657 concordi
1582 3585 1869 3663 suavitate
1897 3622 2034 3664 con-

370 3675 695 3765 venientes,
726 3678 959 3738 mixtim
985 3682 1322 3741 secundum
1342 3687 1652 3760 multiplex
1677 3697 2032 3765 superparti-

370 3762 571 3821 culare
613 3780 805 3835 genus
860 3770 1315 3842 exprimuntur:
1371 3762 1781 3851 discrepantes
1830 3762 2031 3842 autem

367 3866 547 3909 voces
572 3853 835 3926 reliquas
864 3855 1171 3916 imitantur
1198 3859 1587 3933 imparitates.
1619 3868 2030 3940 Imparitatum

370 3940 890 4012 verohujusmodi
919 3944 1067 4004 dum
1096 3947 1170 4006 sit
1197 3948 1656 4013 innumerabilis
1700 3962 1757 4014 et
1800 3958 2032 4019 inﬁnita

370 4028 663 4100 confusio,
696 4031 1237 4107 discrepantiarum
1267 4055 1511 4113 quoque
1537 4041 1799 4103 inﬁnitas
1831 4051 2029 4122 sequi-

370 4121 465 4172 tur
493 4117 959 4192 inzequalitatem
979 4123 1205 4182 inﬁnite
1227 4129 1562 4201 confusam;
1581 4117 2029 4211 solae,iuquam,

369 4206 523 4274 duae,
557 4209 722 4279 quod
746 4209 1044 4284 imprimis
1082 4215 1367 4290 diximus,
1397 4221 1477 4278 ad
1519 4206 2029 4301 musicam‘pertié

368 4300 533 4364 nent,
568 4302 683 4356 tres
714 4299 957 4373 reliquae
988 4313 1396 4367 secernuntur.

2150 416 2253 467 aut
2281 413 2626 487 quadruplo
2656 415 2991 486 intervallo,
3024 435 3155 494 quae
3183 420 3415 492 species
3446 427 3592 478 sunt
3619 424 3814 480 multi-

2146 500 2315 573 plicis
2371 503 2683 574 imparatis
2744 524 2757 560 :
2810 506 2934 561 sive
2967 508 3376 582 sesquialtero,
3431 514 3560 565 sive
3589 515 3811 585 sesqui-

2148 589 2336 661 tertio,
2361 590 2482 647 sive
2508 592 2965 667 sesquioctavo;
2995 612 3129 667 qum
3176 598 3408 672 species
3440 604 3591 655 sunt
3622 617 3816 674 super-

2146 678 2519 750 particularis
2570 681 2898 754 imparatis.
2936 684 3312 744 intervallum
3358 703 3508 742 vero
3557 694 3650 745 est
3698 706 3811 747 non

2148 767 2365 824 silentii
2393 768 2546 826 inter
2574 771 2899 843 pthongos,
2935 773 3043 830 sed
3073 774 3265 847 spatii,
3293 792 3421 849 quo
3452 776 3717 836 alterum
3737 781 3810 835 al-

2149 857 2254 911 teri
2284 861 2549 930 praestat.

2220 967 2291 1020 D.
2326 965 2437 1031 Qui
2466 967 2761 1039 phthongi
2786 969 2973 1046 duplo
3003 970 3271 1028 distant?

2219 1054 2301 1107 Μ.
2334 1053 2547 1126 Quiqui
2582 1072 2822 1129 semper
2864 1073 2971 1133 per
3017 1063 3260 1118 octavas
3309 1063 3624 1134 regiones,
3654 1067 3811 1137 quod

2146 1142 2447 1214 Diapason
2474 1144 2708 1201 dicitur.

2218 1236 2287 1288 D.
2319 1234 2429 1298 Qui
2460 1233 2685 1290 distant
2710 1236 2934 1307 triplo‘?

2218 1323 2299 1378 Μ.
2357 1322 2574 1396 Quiqui
2625 1341 2866 1398 semper
2909 1342 3018 1400 per
3062 1328 3459 1386 duodecimae
3514 1332 3809 1402 regiones.

2146 1411 2314 1484 quod
2340 1411 2555 1468 dicitur
2578 1414 2879 1486 Diapason
2910 1421 2967 1473 et
2995 1417 3293 1491 diapente.
3773 1420 3781 1425 ”

2219 1502 2290 1555 D.
2327 1501 2437 1567 Qui
2464 1501 2686 1558 distant
2714 1504 3056 1578 quadruplo
3076 1508 3103 1562 ?

2218 1588 2303 1642 Μ.
2346 1589 2560 1663 Quiqui
2613 1608 2851 1665 semper
2892 1608 3001 1665 per
3040 1594 3461 1668 quindecimas
3513 1599 3807 1669 regiones,

2072 1673 2117 1730 Β
2146 1676 2314 1747 quod
2336 1677 2629 1750 diapason
2662 1681 2894 1737 dicitur.

2217 1766 2289 1819 D.
2326 1767 2436 1832 Qui
2464 1768 2756 1840 phthongi
2785 1775 2924 1826 sunt
2953 1772 3211 1844 sescupli
3233 1774 3264 1829 ?

2215 1855 2297 1908 M.
2328 1855 2537 1928 Quiqui
2568 1873 2810 1930 semper
2830 1874 2939 1931 per
2963 1861 3400 1932 quintanaloca
3427 1870 3573 1921 sunt
3595 1866 3808 1923 distan-

2145 1944 2264 2008 tes;
2297 1943 2463 2016 quod
2492 1945 2707 2001 dicitur
2738 1947 3043 2021 Diapente.

2212 2033 2288 2088 D.
2323 2033 2433 2098 Qui
2458 2039 2599 2090 sunt
2627 2036 2981 2108 sesquitertii
3005 2040 3031 2093 ?

2213 2124 2295 2176 Μ.
2330 2124 2437 2187 Qui
2470 2129 2767 2196 quartana
2795 2127 3019 2183 distant
3046 2129 3306 2199 regione,
3331 2133 3501 2203 quod
3529 2133 3809 2192 diatessa-

2141 2226 2251 2265 ron
2283 2211 2593 2284 apellatur.

2211 2300 2285 2355 D.
2315 2301 2424 2366 Qui
2453 2302 2747 2374 phthongi
2769 2304 3254 2376 sesquioctavum
3278 2308 3510 2366 habent
3536 2311 3808 2369 interval-

2142 2386 2269 2442 lum
2295 2389 2324 2443 ?

2210 2495 2293 2552 Μ.
2326 2495 2749 2571 Unusquisque
2796 2498 2857 2555 in
2907 2498 3282 2565 alterutrum,
3338 2508 3403 2558 ut.
3458 2504 3689 2562 chorda
3734 2506 3807 2561 ad

2141 2582 2449 2651 cbordam,
2482 2584 2649 2660 quod
2674 2585 2889 2641 dicitur
2920 2592 3116 2643 tonus.
3157 2590 3249 2645 His
3289 2607 3541 2665 quoque
3587 2594 3808 2650 distan-

2140 2671 2232 2727 tiis
2263 2676 2317 2727 et
2348 2674 2728 2729 semitonium
2760 2676 3019 2745 additur,
3049 2678 3214 2750 quod
3246 2686 3335 2735 est
3384 2697 3510 2738 non
3566 2683 3807 2754 plenum

2140 2759 2263 2813 toni
2292 2759 2693 2818 intervallum.
2728 2763 2828 2817 His
2857 2779 3001 2834 ergo
3032 2764 3462 2823 distantiarum
3522 2773 3807 2845 tempera-

2138 2849 2356 2905 mentis
2379 2851 2864 2908 concordabilem
2892 2869 3177 2921 sonorum
3206 2855 3625 2915 diversitatem
3669 2861 3809 2917 divi-

2138 2938 2292 2996 nitas
2318 2939 2631 3011 ordinavit,
2654 2941 2745 2996 his
2769 2942 3121 3001 harmonica
3144 2945 3411 3002 suavitas
3457 2949 3806 3006 moderatur

2142 3027 2441 3101 Quidquid
2467 3029 2617 3086 ultra
2647 3036 2747 3086 aut
2776 3020 2931 3089 inira
2972 3038 3162 3103 sonat,
3195 3051 3383 3107 quam
3416 3035 3639 3094 harum
3671 3054 3804 3113 pro-

2139 3116 2484 3191 portionum
2532 3135 2824 3175 mensurae
2871 3127 3149 3194 poscunt,
3183 3123 3344 3179 cadit
3391 3125 3456 3180 in
3512 3128 3805 3201 quaslibet

2138 3204 2502 3278 reliquarum
2550 3207 3021 3281 inaequalitatum
3080 3210 3324 3289 formas,
3367 3213 3559 3289 ﬁtque
3617 3216 3802 3272 disso-

2140 3310 2308 3364 num,
2335 3300 2393 3351 et
2419 3296 2726 3355 cantilenae
2752 3297 3196 3355 inconveniens.

2210 3386 2283 3439 Ι).
2348 3384 2509 3443 Unde
2565 3392 3010 3457 cognoscuntur
3064 3390 3359 3464 phthongi
3431 3394 3801 3463 musicorum

2140 3474 2450 3547 praedictas
2502 3476 2722 3532 habere
2772 3493 3109 3546 mensuras,
3141 3496 3249 3535 nec
3301 3483 3418 3539 sub
3459 3484 3652 3541 oculis
3699 3502 3800 3542 nec

2142 3563 2255 3619 sub
2288 3568 2446 3621 tactu
2478 3565 2651 3638 positi
2671 3566 2700 3620 ?

2210 3655 2293 3709 Μ.
2326 3654 2594 3710 Primum
2624 3670 2695 3710 ex
2739 3671 2808 3711 eo
2858 3658 3255 3729 cognoscitur,
3309 3660 3479 3733 quod
3522 3662 3616 3718 hae
3667 3663 3800 3718 sola?

2140 3743 2539 3809 habitudines,
2570 3744 2630 3800 id
2660 3749 2766 3814 est,
2800 3746 3154 3819 multiplices
3202 3753 3257 3803 et
3302 3752 3801 3827 superparticula-

2138 3848 2231 3887 res
2261 3839 2700 3889 connumeratae
2729 3834 2805 3889 ad
2822 3834 3078 3894 invicem
3111 3842 3324 3893 suntet
3344 3855 3795 3898 commensura—

2138 3926 2209 3977 tm
2227 3939 2455 3997 suaque
2482 3924 3066 3981 commensuralitate
3095 3925 3561 4000 quodammodo
3581 3945 3795 4002 cogna-

2139 4016 2229 4068 tae.
2264 4016 2377 4069 Nec
2424 4016 2560 4070 sunt
2618 4012 2821 4088 aliqua
2869 4014 2930 4069 in
2974 4015 3204 4071 mundo
3232 4015 3296 4071 in
3328 4017 3682 4083 mobilibus,
3742 4020 3795 4075 in

2138 4100 2432 4173 potentiis,
2462 4118 2598 4177 quae
2630 4101 2741 4157 sibi
2770 4103 3142 4160 concorditer
3169 4105 3556 4179 copulantur,
3593 4108 3641 4163 si
3679 4124 3792 4164 non

2137 4205 2207 4247 ea
2235 4189 2360 4245 haec
2392 4205 2681 4262 germana
2709 4193 3164 4267 proportionum
3200 4193 3502 4251 habitudo
3548 4213 3796 4254 connec-

2137 4281 2237 4334 tat.
2273 4281 2369 4334 Hm
2416 4296 2659 4355 quoque
2718 4280 2858 4335 solae
2913 4287 3051 4337 sunt
3099 4284 3543 4356 proportiones,
3575 4286 3794 4360 quibus

436 4388 512 4445 Β,
544 4391 669 4454 Quo
698 4368 1055 4461 ἕπεο-ωοάο
1077 4395 1173 4453 ωε
1194 4398 1335 4456 sola)
1364 4401 1609 4461 musica
1629 4404 1910 4477 adjacent
1930 4410 1957 4466 Ἰ
2067 4371 2109 4431 C
2136 4384 2243 4441 per
2274 4368 2537 4424 diversos
2564 4369 2967 4477 pedes‘metra
2994 4371 3371 4429 concorditer
3403 4381 3671 4477 currunt:
3710 4380 3793 4431 in-

433 4477 519 4537 Μ.
534 4478 686 4545 Quia
697 4480 895 4539 omnis
913 4483 1364 4556 phthongorum
1385 4494 1791 4555 convenientia
1814 4514 2027 4558 secun-

364 4565 515 4625 dum
544 4566 655 4626 hos
684 4584 970 4627 numeros
994 4571 1322 4633 formatur:
1352 4579 1497 4650 quia
1526 4586 1631 4637 aut
1669 4585 2026 4658 multiplices

366 4659 1245 4733 suut,autsuperparticulares.
1275 4668 1537 4739 Quaeque
1566 4684 1705 4726 vero
1729 4689 1904 4731 voces
1934 4676 2023 4732 in-

364 4760 647 4806 consonm
675 4750 1011 4811 secundum
1038 4753 1301 4826 reliquas
1324 4756 1759 4829 inaequalitates
1789 4762 1960 4820 ﬂunt.

432 4835 506 4891 D.
539 4837 670 4901 Qua
698 4836 927 4897 ratione
968 4855 1146 4898 voces
1192 4858 1478 4902 consonis
1525 4844 1621 4904 vel
1676 4846 2021 4911 inconsonte

362 4920 473 4978 hos
501 4928 607 4982 aut
636 4923 768 4983 illos
793 4941 1079 4986 numeros
1110 4929 1417 4990 imitantur
1436 4933 1465 4990 ?

430 5009 515 5065 Μ.
544 5013 842 5078 Quoniam
868 5029 941 5073 eo
968 5021 1145 5088 pacto
1173 5017 1389 5078 diversi
1436 5021 1569 5079 soni
1611 5022 1724 5089 sibi
1770 5042 2021 5087 consen-

362 5094 533 5165 tiunt,
559 5103 618 5158 et
640 5102 976 5160 secundum
1004 5119 1109 5162 eas
1136 5105 1507 5179 imparitates
1534 5109 1835 5172 differunt.

430 5185 504 5243 D.
533 5185 599 5245 In
628 5204 753 5260 quo
781 5190 849 5248 ﬁt
870 5192 1000 5250 haec
1026 5192 1403 5257 differentia?

428 5273 513 5332 M.
546 5275 611 5335 In
636 5278 925 5337 Acumine
953 5284 1012 5340 et
1043 5282 1348 5354 gravitate,
1378 5286 1441 5345 in
1470 5287 1723 5349 elatione
1768 5307 1840 5351 ac
1878 5294 2018 5352 sub-

359 5379 664 5424 mlSSIODB.

428 5454 503 5509 Β.
536 5457 852 5522 Quomodo
880 5461 1211 5520 secundum
1232 5466 1514 5538 praefatos
1534 5485 1819 5530 numeros
1837 5474 2016 5534 inter-

357 5558 419 5597 se
440 5541 740 5616 differunt,
774 5552 833 5605 et
859 5548 1190 5610 differendo
1216 5559 1645 5617 consentiunt?

425 5632 509 5702 Μ.
540 5634 759 5709 Omnes
790 5637 1105 5723 phtbongi,
1134 5641 1199 5699 id
1226 5647 1335 5712 est,
1362 5647 1590 5705 vocula:
1634 5647 1746 5705 sibi
1789 5665 2010 5715 conve-

2136 4462 2345 4513 antum
2369 4460 2530 4516 enim
2555 4458 2839 4529 jugabilis
2864 4476 3071 4517 earum
3102 4465 3319 4516 natura
3346 4462 3523 4535 valet,
3558 4470 3624 4521 ut
3653 4465 3794 4540 ipsa!

2134 4547 2447 4604 contrarias
2471 4552 2731 4621 quatuor
2772 4548 3199 4606 elementorum
3245 4552 3529 4624 potentiae
3576 4553 3791 4609 harum

2131 4636 2587 4710 proportionum
2642 4636 2941 4694 socientur
2993 4637 3330 4707 consortio;
3391 4640 3543 4696 sicut
3592 4641 3653 4696 in
3708 4642 3794 4697 Ti-

2131 4741 2285 4782 maeo
2315 4729 2372 4780 et
2399 4724 2528 4782 aliis
2577 4724 2950 4801 philosophis
2989 4726 3299 4784 reveletur.
3339 4729 3485 4784 Hinc
3543 4736 3601 4786 et
3654 4730 3795 4787 illud

2133 4817 2254 4868 est:
3043 4825 3052 4833 ’

2193 4919 2269 4969 Tu
2299 4921 2520 4972 numeris
2543 4922 2791 4973 elementa
2822 4923 2973 4991 ligas,
3003 4933 3059 4974 ut
3090 4924 3273 4988 frigora
3303 4926 3548 4991 ﬂammis,

2190 5000 2352 5052 Arida
2380 5002 2678 5053 conveniant
2704 5003 2935 5071 liquidis.
3536 5014 3549 5020 ‘

2198 5120 2571 5194 Quapropter
2597 5137 2708 5181 nec
2738 5123 2872 5181 soni
2906 5124 3118 5183 musici
3168 5125 3229 5180 in
3276 5141 3475 5185 unum
3520 5127 3798 5185 modula-

2125 5224 2267 5267 men
2298 5213 2421 5268 tam
2446 5210 2618 5268 dulce
2643 5211 2888 5277 coirent,
2918 5213 2967 5271 si
2997 5228 3118 5272 non
3148 5230 3252 5271 eos
3290 5231 3401 5290 per
3430 5232 3703 5286 congrua
3733 5224 3792 5274 et

2125 5313 2393 5357 consona
2416 5299 2725 5360 intervalla
2739 5301 2988 5377 praefata
3002 5304 3465 5376 proportionum
3487 5322 3798 5365 commen~

2125 5387 2403 5446 suralitas
2428 5389 2698 5447 sociaret.

2192 5478 2267 5533 D.
2311 5477 2466 5542 Quid
2493 5481 2581 5535 est
2604 5479 3083 5537 commensurale
3120 5479 3215 5538 vel
3247 5482 3679 5541 connumerale
3701 5484 3733 5541 ‘I

2197 5566 2285 5623 Μ.
2330 5565 2444 5624 Ubi
2470 5566 2721 5638 majoris
2752 5568 3119 5641 minorisque
3148 5571 3499 5630 communis
3528 5571 3799 5644 quadam

2122 5669 2411 5712 mensura
2430 5660 2540 5728 est,
2563 5660 2767 5729 utpote
2794 5657 2857 5716 ll.
2890 5657 2968 5717 ad
2996 5657 3114 5717 IIII.
3148 5658 3193 5712 ll
3218 5659 3300 5717 ad
3329 5663 3419 5720 Vl.
3448 5664 3516 5719 li.
3542 5660 3622 5718 ad
3648 5662 3793 5721 VIII.
