4014 6198
230 200 366 255 1οι3

1531 190 1788 257 MUSICA
1835 186 2310 259 ENCHIRIADIS.

3504 178 3643 237 1014

228 325 434 377 Nonne
463 316 732 373 binarius
771 319 1225 389 quaternarium
1273 318 1367 373 bis
1412 314 1668 382 metitur,
1715 328 1882 371 sena-
1910 314 1957 377 Α
2006 364 2011 367 Α
2062 314 2145 375 Μ.
2176 314 2463 383 Diximus,
2506 310 2762 384 qualiter
2804 305 3158 380 multiplices
3213 318 3322 361 sua
3368 302 3643 377 ipsorum

226 410 383 467 rium
414 413 517 471 ter,
552 406 922 463 octonarium
951 412 1208 480 quatuor
1236 407 1263 463 ‘?

300 500 372 557 Β.
408 496 615 553 Etiam.

298 588 384 643 Μ.
420 584 511 639 Ad
541 585 701 640 hunc
730 599 873 654 ergo
902 584 1152 641 modum
1184 585 1244 640 in
1274 583 1704 655 multiplicibus
1732 596 1884 653 quo-

230 673 529 732 ticnslibet
558 672 844 747 simplum
874 672 1133 740 duxeris,
1166 672 1381 729 totiens
1411 672 1569 731 idem
1601 669 1886 742 simplum

229 766 527 836 majorem
561 780 868 821 summam
893 764 1162 821 metitur:
1198 769 1262 820 ut
1292 764 1398 821 tria
1421 762 1722 835 duplicata
1742 760 1889 817 dant

233 854 563 925 senarium,
622 852 913 926 triplicata
962 853 1379 921 novenarium,
1429 849 1888 925 quadruplicata

231 941 696 1009 duodenarium,
733 946 789 999 et
841 941 1143 1016 deinceps.
1177 943 1329 1008 Quid
1383 958 1519 998 vero
1566 943 1628 996 in
1680 954 1887 1011 super-

230 1031 714 1107 particularibus,
748 1036 811 1087 ut
832 1036 969 1088 sunt
994 1033 1107 1088 IIII.
1140 1032 1218 1091 ad
1250 1033 1358 1088 VI?
1386 1047 1587 1088 nonne
1616 1028 1886 1087 binarius

231 1122 530 1177 minorem
574 1120 667 1175 his
712 1120 969 1186 metitur,
993 1121 1309 1192 majorem,
1343 1126 1447 1190 ter,
1495 1119 1661 1193 quod
1689 1135 1887 1177 sescu-

231 1212 399 1287 plare
448 1210 589 1266 est?
638 1210 780 1265 Item
826 1210 919 1265 VI.
952 1210 1031 1265 ad
1086 1212 1219 1267 VIII.
1264 1210 1535 1267 binarius
1593 1209 1889 1264 minorem

234 1304 319 1355 ter
377 1297 633 1365 metitur,
692 1297 989 1369 majorem
1054 1303 1283 1371 quater,
1352 1298 1518 1371 quod
1588 1296 1887 1369 epitritum

232 1393 340 1445 est.
400 1392 539 1443 Item
594 1388 666 1443 Χ.
701 1388 779 1443 ad
828 1387 971 1443 VIII.
1026 1387 1295 1445 binarius
1339 1388 1632 1443 minorem
1679 1392 1891 1459 quater

232 1477 490 1544 metitur,
524 1476 815 1547 majorem
838 1477 1176 1549 quinquies,
1206 1476 1372 1549 quod
1402 1476 1889 1551 sesquiquartum

232 1570 338 1621 est.
398 1565 489 1622 Sic
526 1564 726 1638 itaque
770 1565 829 1620 in
878 1565 1199 1636 inﬁnitum,
1249 1570 1432 1637 quota
1480 1569 1645 1637 parte
1697 1564 1890 1635 major

1991 403 2316 475 quantitas,
2346 397 2914 474 superparticulares
2942 394 3195 468 qualiter
3224 409 3337 450 sua
3365 391 3644 447 metiatur

1991 490 2361 548 differentia:
2393 506 2554 548 nunc
2578 487 2692 563 ipsi
2720 484 3076 558 multiplices
3104 497 3243 538 cum
3284 478 3650 553 superparti-

1993 581 2294 641 cularibus
2324 597 2508 655 quam
2537 577 2803 636 habeant
2844 571 3287 645 cognationem,
3313 568 3645 629 videamus.

1994 675 2149 728 Pone
2178 675 2377 729 ratum
2407 666 2751 741 multiplicis
2774 662 3070 733 ordinem,
3103 676 3174 719 ac
3216 657 3396 719 simul
3447 672 3650 729 super-

1994 760 2374 835 particularis
2427 758 2577 815 ordo
2624 756 2857 812 texatur
2887 770 2901 810 :
2936 752 3061 809 sive
3113 749 3231 808 sint
3265 745 3648 822 principales,

1994 866 2257 924 quorum
2302 853 2394 907 est
2440 847 2636 905 unitas
2686 841 3058 910 differentia;
3089 837 3196 913 qui
3248 837 3481 895 radices
3511 839 3653 891 sunt

1997 939 2417 1014 multiplicium
2448 954 2518 995 ac
2551 929 3187 1010 superparticularium
3215 940 3645 983 numerorum:

1999 1031 2121 1086 sive
2152 1012 2269 1086 sint
2316 1028 2578 1099 majores
2606 1025 2685 1082 ab
2710 1025 2823 1081 hac
2870 1017 3328 1093 complicatione
3378 1012 3646 1071 derivati.

1997 1119 2353 1191 Principales
2402 1122 2541 1177 sunt
2566 1117 2607 1169 Ι.
2643 1119 2708 1172 II.
2744 1117 2831 1171 III.
2868 1111 2983 1168 IIII.
3016 1104 3440 1175 Quaternarius
3491 1101 3651 1191 enim

1997 1190 2285 1265 numerus
2339 1222 2551 1263 omnes
2599 1201 2994 1276 symphonias
3068 1196 3323 1270 perfecte
3372 1190 3648 1250 absolvit.

1999 1301 2125 1356 Duo
2156 1297 2316 1353 enim
2345 1295 2425 1353 ad
2451 1311 2644 1351 unum
2694 1291 2948 1367 duplum
2978 1291 3083 1353 est,
3128 1283 3296 1357 quod
3327 1287 3418 1339 est
3446 1281 3653 1352 diapa-

1999 1404 2111 1442 son
2145 1406 2157 1442 :
2194 1386 2303 1443 tria
2331 1385 2408 1443 ad
2438 1399 2629 1440 unum
2660 1380 2924 1454 triplum,
2953 1374 3119 1449 quod
3149 1378 3234 1430 est
3260 1371 3554 1445 diapason
3584 1382 3653 1454 ac

1997 1476 2275 1549 diapente
2307 1492 2320 1529 :
2354 1476 2615 1545 quatuor
2656 1453 2749 1527 add
2783 1482 2973 1522 unum
3020 1459 3454 1536 quadruplum,
3489 1453 3653 1549 quod

2000 1543 2503 1637 estdisdiapason
2538 1579 2549 1616 :
2580 1559 2691 1615 tria
2719 1556 2797 1613 ad
2825 1556 2947 1611 duo
2978 1549 3457 1637 sesquialterum,
3486 1543 3652 1637 quod

232 1654 515 1729 praecedit
544 1630 852 1724 numerus,
886 1660 1007 1712 tota
1062 1630 1229 1727 parte
1265 1630 1501 1727 utrique
1525 1654 1603 1709 ad
1631 1630 1888 1709 invicem
1919 1666 1962 1718 Β
2000 1658 2088 1710 est
2106 1630 2386 1725 diapente
2416 1667 2428 1705 :
2462 1651 2721 1720 quatuor
2750 1645 2828 1701 ad
2860 1643 2969 1699 tria
2996 1636 3459 1729 sesquitertium,

234 1744 560 1798 metiuntur
592 1760 604 1796 :
641 1741 818 1797 veluti
851 1746 985 1798 VIII.
1017 1749 1231 1800 octava
1262 1743 1354 1797 sui
1390 1747 1557 1815 parte
1582 1742 1826 1815 praeitur
1854 1756 1890 1796 a

234 1831 583 1900 novenario,
612 1830 674 1885 id
720 1835 824 1899 est,
864 1831 1106 1898 unitate,
1158 1837 1214 1887 et
1261 1830 1469 1886 eadem
1525 1830 1740 1895 unitas,
1768 1844 1891 1901 qua

234 1919 313 1976 ad
352 1920 605 1975 invicem
654 1918 954 1986 differunt,
1004 1926 1285 1996 utrosque
1337 1919 1594 1975 metitur.
1639 1921 1890 1989 Jamque

234 2009 532 2079 intelligis.
566 2013 626 2063 ut
664 2009 756 2064 hae
812 2008 1267 2082 inaequalitates,
1292 2007 1599 2064 communi
1628 2006 1893 2080 qualibet

235 2098 608 2154 dimensione
644 2104 766 2154 tam
813 2098 1365 2169 augmentationem
1413 2096 1672 2170 capiant,
1704 2112 1892 2169 quam

239 2186 621 2243 solutionem.

312 2278 383 2329 D.
421 2274 684 2343 Intelligo
710 2274 979 2346 quidem,
1010 2290 1198 2346 quare
1228 2273 1353 2328 istm
1386 2271 1895 2328 commensurales

238 2363 331 2419 vel
364 2361 820 2418 connumerales
863 2363 1157 2418 dicantur.
1192 2362 1304 2418 Sed
1356 2361 1613 2428 insinua,
1642 2359 1896 2432 qualiter

240 2452 467 2506 caeteris
511 2451 1015 2525 inaequalitatibus
1045 2451 1255 2505 eadem
1312 2448 1763 2504 connumeratio
1808 2447 1898 2507 vel

239 2540 747 2596 commensuratio
772 2540 941 2597 desit.

312 2629 397 2685 Μ.
431 2632 497 2685 Et
522 2630 657 2698 hoc,
689 2634 750 2684 ut
774 2627 1068 2704 postulas,
1099 2627 1591 2707 contemplemur.
1620 2630 1777 2682 Pone
1804 2627 1893 2683 III.

241 2718 319 2774 ad
334 2720 405 2774 V.
427 2734 562 2790 quia
590 2723 678 2773 est
700 2717 1206 2792 superbipartiens
1230 2716 1621 2793 comparatio,
1640 2732 1710 2773 ac
1742 2716 1898 2786 vide,

240 2811 429 2880 quota
460 2812 626 2881 parte
660 2807 897 2863 ternarii
927 2806 1237 2880 quinarius
1268 2800 1586 2878 praecedat.

317 2898 387 2951 D.
422 2899 547 2960 Non
578 2894 837 2967 invenio,
872 2896 1183 2970 quomodo
1235 2895 1456 2966 dicam,
1486 2900 1607 2953 tota
1656 2895 1749 2955 vel
1779 2899 1902 2953 tota

238 2989 410 3059 parte
438 2986 791 3058 praecedere.

320 3075 403 3129 Μ.
437 3078 563 3131 Non
587 3080 739 3131 certe
769 3075 1082 3132 invenitur.
1117 3078 1243 3132 Non
1273 3074 1434 3130 enim
1460 3073 1519 3129 in
1552 3072 1901 3144 hujusmodi

242 3178 461 3232 genere
491 3164 585 3219 vel
626 3165 954 3237 quantitate
974 3163 1232 3220 minoris
1260 3163 1455 3234 major
1481 3179 1621 3234 pars
1642 3164 1899 3232 metitur,

248 3257 314 3309 ut
342 3253 401 3308 in
428 3253 879 3327 multiplicibus,
905 3259 1007 3311 aut
1060 3269 1182 3309 una
1234 3252 1501 3326 qualibet
1529 3256 1720 3324 parte,
1764 3268 1900 3324 qua;

245 3342 321 3398 sit
354 3348 741 3415 utrorumque
791 3343 1144 3410 differentia,
1177 3346 1238 3399 ut
1265 3343 1324 3398 in
1357 3340 1904 3415 superparticulari-

248 3432 383 3488 bus.
415 3436 560 3490 Cum
604 3434 764 3489 enim
822 3434 882 3489 in
937 3433 1328 3508 sesquialtera
1374 3430 1781 3504 proportione,
1839 3433 1906 3485 ut

247 3525 391 3577 sunt
442 3522 553 3578 IIII.
598 3523 677 3578 ad
714 3520 801 3578 VI.
834 3522 1126 3589 binarius,
1174 3522 1277 3594 qui
1331 3536 1541 3576 eorum
1572 3517 1906 3577 differentia

247 3618 356 3681 est,
421 3618 700 3686 utrosque
757 3613 1053 3679 metiatur,
1109 3612 1170 3667 in
1227 3609 1597 3682 sesquitertia
1662 3623 1905 3681 quoque

246 3701 657 3779 proportione,
709 3706 773 3757 ut
821 3706 959 3757 sunt
1007 3703 1092 3756 VI.
1146 3699 1221 3755 ad
1268 3698 1405 3754 VIII.
1454 3696 1746 3764 binarius,
1801 3694 1907 3768 qui

248 3807 458 3847 eorum
491 3796 582 3848 est
627 3791 981 3857 differentia,
1010 3796 1293 3862 utrosque
1344 3787 1619 3844 metiatur
1651 3805 1663 3842 :
1696 3786 1757 3840 in
1813 3800 1907 3839 su-

248 3881 616 3954 perpatiente
648 3882 1053 3955 proportione,
1081 3884 1145 3936 ut
1185 3883 1326 3934 sunt
1361 3878 1451 3933 III.
1493 3876 1571 3933 ad
1617 3875 1684 3931 V.
1730 3874 1905 3930 bina-

246 3971 393 4040 rius,
425 3971 527 4043 qui
554 3970 886 4029 differentia
916 3976 1022 4040 est,
1056 3974 1336 4026 neutrum
1364 3966 1621 4023 metitur.
1648 3965 1811 4020 Idem
1840 3964 1909 4018 ﬁt

248 4068 308 4121 et
332 4061 395 4117 in
446 4061 752 4135 multiplici
784 4058 1329 4135 superparticulari,
1364 4062 1427 4113 ut
1458 4060 1600 4113 sunt
1630 4056 1693 4111 II.
1724 4055 1801 4110 ad
1832 4053 1902 4109 V.

247 4153 354 4224 qui
386 4156 474 4207 est
501 4152 721 4224 duplus
750 4149 1101 4223 sesquialter
1128 4166 1139 4203 :
1177 4153 1239 4204 ut
1287 4151 1425 4203 sunt
1454 4147 1519 4209 Il.
1548 4145 1627 4202 ad
1654 4146 1771 4199 VII.
1802 4142 1907 4216 qui

248 4248 341 4297 est
370 4241 579 4314 triplex
610 4239 1003 4312 sesquialter:
1038 4243 1100 4294 ut
1148 4241 1287 4294 sunt
1338 4241 1423 4293 IIl.
1459 4235 1538 4292 ad
1563 4237 1636 4290 X.
1671 4233 1774 4306 qui
1819 4234 1908 4288 est

250 4330 465 4404 triplex
490 4330 916 4403 sesquitertius.
942 4328 1105 4383 Idem
1132 4326 1196 4383 ﬁt
1215 4331 1271 4383 et
1291 4326 1350 4382 in
1370 4324 1678 4397 multiplici
1702 4337 1905 4394 super-

248 4420 540 4494 partiente
575 4423 676 4475 :ut
705 4422 842 4474 sunt
885 4418 975 4472 III.
1010 4417 1087 4472 ad
1119 4418 1256 4473 VIII.
1281 4415 1384 4488 qui
1416 4418 1503 4470 est
1544 4412 1765 4486 duplus
1804 4427 1904 4466 su-

251 4508 687 4582 perbipartiens
719 4526 730 4563 :
758 4513 823 4563 ut
873 4510 1010 4562 sunt
1063 4506 1155 4559 III.
1207 4504 1284 4561 ad
1315 4505 1399 4560 XI.
1430 4503 1533 4576 qui
1582 4506 1670 4557 est
1699 4499 1908 4572 triplus

253 4597 763 4670 superbipartiens
787 4614 799 4651 :
824 4601 890 4651 ut
910 4599 1047 4651 sunt
1067 4595 1184 4649 IIII.
1210 4594 1285 4651 ad
1310 4594 1410 4648 XI.
1439 4591 1544 4666 qui
1573 4595 1661 4647 est
1686 4588 1908 4662 duplus

253 4686 795 4759 supertripartiens.
828 4684 969 4740 Vide
1011 4683 1210 4754 igitur,
1258 4687 1319 4739 ut
1376 4678 1725 4751 hujusmodi
1767 4694 1908 4751 pro-

250 4775 557 4848 portiones
581 4790 691 4829 nec
713 4772 929 4847 simpla
956 4772 1304 4845 quantitate,
1338 4785 1447 4825 nec
1478 4767 1601 4827 suis
1631 4766 1909 4823 differen-

252 4866 349 4921 tiis
398 4865 740 4932 metiuntur,
796 4879 906 4918 nec
964 4861 1257 4933 partibus,
1310 4858 1533 4932 quibus
1603 4856 1907 4923 differunt,

253 4958 742 5025 augmentantur,
800 4968 910 5009 nec
953 4951 1016 5007 in
1072 4966 1173 5006 eas
1227 4949 1603 5005 resolvuntur
1652 4965 1664 5002 :
1727 4951 1908 5018 atque

251 5046 476 5102 idcirco
501 5040 1033 5100 incommensurati
1057 5044 1113 5096 et
1141 5037 1622 5096 inconnumerati
1641 5037 1775 5108 jure
1802 5051 1908 5091 no-

251 5136 579 5193 minantur.
613 5136 791 5189 Porro
822 5136 1024 5187 autem
1064 5130 1215 5185 sicut
1243 5127 1431 5184 oculis
1462 5131 1616 5184 torta
1646 5142 1716 5183 ac
1748 5129 1909 5183 recta

249 5222 669 5289 discernimus,
688 5226 744 5277 et
763 5219 1042 5293 quaelibet
1069 5218 1225 5274 visui
1255 5216 1645 5289 subjacentia,
1677 5218 1741 5273 ut
1769 5230 1909 5271 cum

250 5311 514 5388 praefatis
539 5315 758 5367 natura
785 5314 993 5366 nostra
1015 5306 1285 5380 partibus
1316 5309 1632 5378 compacta
1656 5307 1907 5373 constet,

250 5418 437 5458 voces
466 5397 1114 5456 commensurabilibus
1138 5395 1461 5453 intervallis
1487 5393 1911 5452 convenientes

254 5490 532 5548 auditum
550 5488 878 5555 oblectant;
903 5490 1128 5542 caeteree
1155 5489 1293 5541 sunt
1311 5484 1588 5540 dissonae.
1607 5482 1720 5539 Sed
1743 5481 1911 5537 visne

254 5577 558 5653 ampliora
579 5576 655 5633 de
683 5575 798 5632 hac
817 5572 1402 5631 commensuralitate
1431 5585 1792 5643 cognoscere
1813 5570 1842 5626 ‘I

333 5669 407 5724 D.
440 5665 639 5723 Tuum
661 5668 769 5735 est,
799 5663 876 5719 de
897 5663 1014 5721 hoc
1034 5660 1324 5736 judicare.

1999 1748 2088 1798 est
2138 1720 2527 1798 diatessaron.
2590 1732 2887 1790 Uerivalcs
2954 1733 3093 1785 sunt
3138 1727 3226 1780 VI.
3287 1723 3411 1778 XII.
3462 1720 3649 1777 XVIII.

1999 1830 2200 1886 XXIIII.
2250 1831 2306 1883 et
2360 1824 2661 1896 deinceps.
2724 1825 2871 1877 Nam
2928 1814 3055 1875 XII.‘
3100 1813 3180 1869 ad
3234 1814 3326 1867 VI.
3378 1807 3652 1882 duplum,

2003 1915 2479 1988 X\"Ill.triplum,
2514 1912 2718 1979 XXIIII,
2750 1905 3180 1982 quadruplum.
3235 1899 3499 1968 Triplum
3549 1913 3654 1988 au:

2002 2013 2119 2063 tem
2170 2005 2249 2061 ad
2290 1984 2545 2077 duplum
2599 1997 3075 2072 sesquialterum,
3118 1988 3528 2077 quadruplum
3576 1984 3656 2077 ad

2002 2095 2247 2168 triplum
2294 2072 2757 2165 sesquitertium.
2816 2084 3089 2142 Similiter
3132 2075 3530 2168 quincuplum
3569 2072 3654 2168 ad

2000 2163 2961 2258 quadruplum_sesquiquartum:
2996 2168 3341 2241 sescuplum
3373 2163 3452 2220 ad
3480 2163 3656 2258 quin-

2003 2251 2265 2346 c-uplumv
2282 2269 2797 2343 sesquiquintum:
2825 2261 3169 2335 septuplum
3204 2272 3280 2312 an
3313 2251 3656 2346 sescuplum

2005 2340 2443 2434 sesqiiisextuni
2470 2377 2483 2415 :
2510 2340 2567 2413 et
2594 2356 2675 2411 sic
2706 2356 2767 2410 in
2794 2353 3114 2410 inﬁnitum.
3154 2340 3661 2420 Superparticula—

2003 2467 2096 2507 res
2121 2430 2266 2505 cum
2298 2445 2725 2519 multiplicibus
2755 2440 3137 2507 comitantur,
3160 2440 3226 2492 ut
3278 2448 3400 2489 non
3446 2430 3656 2486 imme-

2007 2539 2116 2595 rito
2149 2554 2222 2599 ex
2253 2536 2517 2608 utrisque
2549 2531 2727 2588 simul
2758 2528 2988 2584 musica
3017 2521 3323 2600 procreari
3353 2519 3601 2576 dicatur.

2078 2630 2148 2683 D.
2181 2629 2442 2699 Apparet
2469 2617 2867 2696 proculdubio
2898 2620 2954 2672 et
2977 2608 3429 2671 connumeratio
3459 2610 3515 2663 et
3568 2620 3661 2660 co-

2009 2716 2212 2786 gnatio
2241 2709 2592 2784 hujusmodi
2621 2719 3032 2763 numerorum.

2079 2806 2162 2860 Μ.
2198 2802 2347 2869 Quia
2377 2815 2519 2869 ergo
2549 2797 2760 2872 patuit,
2789 2791 3046 2867 qualiter
3074 2786 3429 2860 multiplices
3461 2784 3521 2839 in
3565 2796 3660 2872 or-

2010 2894 2150 2950 dine
2174 2890 2388 2960 digesti
2416 2889 2491 2945 ad
2525 2870 2755 2960 seipsos
2789 2876 3355 2955 superparticulares
3386 2874 3503 2931 sint
3534 2890 3547 2926 z
3581 2870 3665 2926 ita

2010 2983 2189 3039 etiam
2221 2980 2325 3036 tibi
2376 2981 2598 3051 pateat,
2628 2973 2882 3048 qualiter
2913 2962 3560 3042 superparticularibus
3591 2976 3665 3051 θὶς

1952 3044 1972 3068 Ι
2011 3044 2412 3144 sesquialteris
2456 3071 2513 3123 et
2564 3044 2946 3138 ses'quitertiis
2988 3055 3346 3129 multiplices
3374 3050 3542 3144 dupli
3570 3049 3666 3144 vel

2011 3139 2335 3235 quadrupli
2365 3158 2825 3229 componantur.
2858 3153 2927 3206 Ut
2952 3148 3113 3204 enim
3168 3162 3205 3202 a
3259 3142 3494 3199 senario
3525 3139 3666 3196 inci-

2010 3230 2298 3324 piamus:
2333 3247 2412 3303 ad
2432 3246 2527 3300 VI.
2555 3257 2879 3300 numerum
2932 3237 3241 3294 adcrescat
3292 3230 3666 3304 sesquialter,

2012 3319 2069 3397 et
2115 3339 2180 3395 tit
2228 3337 2391 3393 VIIII.
2424 3334 2514 3390 Ad
2544 3348 2761 3389 novem
2815 3330 3117 3386 ascrescat
3145 3319 3581 3397 sesquitertius,
3611 3319 3670 3373 et

2012 3429 2079 3486 tit
2126 3428 2249 3483 XII.
2282 3422 2707 3482 Duodenarius
2740 3421 2940 3491 itaque
2970 3415 3049 3471 ad
3091 3411 3392 3468 senarium
3422 3406 3666 3482 duplus,

2014 3514 2401 3589 sesquialtera
2448 3516 2505 3566 et
2551 3506 2927 3581 sesquitertio
2982 3493 3665 3589 completur._ltem_XII.

2013 3582 2265 3662 numero
2297 3601 2611 3658 adcrescat
2635 3594 3005 3667 sesquialter,
3038 3595 3094 3645 et
3134 3590 3203 3651 ﬁt
3248 3586 3433 3643 XVIII.
3477 3582 3665 3639 XVIII.

2014 3708 2266 3751 numero
2315 3689 2622 3746 adcrescat
2670 3681 3098 3757 sesquitertius,
3142 3681 3199 3733 et
3227 3676 3294 3731 fit
3348 3671 3567 3735 XXIIII.
3600 3674 3672 3726 At

2017 3781 2245 3837 XXIIII.
2278 3777 2358 3834 ad
2413 3774 2855 3832 duodenarium
2912 3768 3155 3842 duplus,
3197 3761 3585 3836 sesquialtero
3613 3764 3671 3815 et

2016 3866 2389 3942 sesquitertio
2420 3863 2770 3938 completur.
2805 3864 2871 3916 Et
2920 3855 3258 3915 alternatim
3295 3853 3383 3909 VI.
3416 3863 3669 3942 numero

2015 3934 2262 4016 accedat
2306 3934 2735 4028 sesquitertius,
2792 3948 2895 4021 qui
2947 3950 3038 4002 est
3090 3943 3230 4001 VIII.
3290 3934 3669 4028 Sesquitertio

2015 4047 2261 4105 accedat
2290 4027 2659 4117 sesquialter,
2686 4038 2790 4112 qui
2841 4042 2933 4094 est
2961 4035 3083 4091 XII.
3119 4029 3444 4089 Duodecim
3467 4027 3670 4117 itaque

2015 4137 2096 4194 ad
2142 4115 2445 4192 senarium
2499 4130 2743 4203 duplus,
2773 4124 3142 4199 sesquitertio
3199 4124 3257 4179 et
3284 4115 3670 4191 sesquialtero

2015 4224 2368 4298 completur.
2414 4202 2687 4280 Similiter
2712 4217 2835 4273 XII.
2868 4230 3122 4272 numero
3154 4209 3401 4268 accedat
3423 4202 3670 4298 sesqui—

2017 4295 2240 4381 tertius,
2273 4312 2377 4385 qui
2430 4314 2515 4366 est
2564 4307 2766 4364 XVIII.
2826 4300 3201 4377 sesquitertio
3260 4295 3509 4354 accedat
3548 4309 3670 4385 ses:

2016 4381 2420 4479 quialter,—qui
2444 4404 2530 4457 est
2559 4398 2793 4455 XXIIII.
2818 4393 3040 4466 Viginti
3068 4393 3330 4479 quatuor
3358 4387 3568 4479 itaque.
3591 4381 3670 4439 ad

2018 4471 2144 4550 XII.
2172 4471 2414 4565 duplus,
2429 4487 2799 4563 sesquitertio
2820 4489 2878 4540 et
2903 4477 3293 4553 sesquialtera
3316 4471 3666 4565 completur.

2018 4587 2085 4641 Et
2099 4583 2183 4640 sic
2193 4560 2474 4654 deinceps
2487 4560 2723 4651 semper
2737 4590 2926 4631 unum
2941 4569 3197 4643 duplum
3213 4560 3603 4654 sesquialtero
3614 4561 3672 4615 et

2020 4689 2082 4729 se
2090 4670 2393 4746 squitertio
2404 4647 2775 4724 incremento
2791 4660 3110 4735 perﬁcitur.
3129 4660 3308 4712 Porro
3321 4647 3672 4723 sesquialter

2018 4779 2087 4819 ac
2105 4759 2514 4835 sesquitertius
2529 4757 2610 4813 ita
2627 4752 2934 4812 communi
2951 4746 3211 4824 epogdoi
3226 4756 3513 4802 mensura
3535 4754 3673 4795 con-

2016 4831 2353 4916 nectuntur,
2385 4851 2461 4903 ut“
2480 4842 2865 4917 sesquialtera
2891 4836 3238 4912 epogdoum
3260 4831 3521 4897 auferas,
3553 4843 3673 4886 ses-

2017 4938 2326 5012 quitertius
2356 4936 2479 5004 ﬁat,
2504 4931 2876 5006 sesquitertio
2903 4943 3111 4985 rursus
3132 4923 3373 5012 additus
3402 4918 3673 5012 restituat

2018 5006 2444 5099 sescuplarem.
2522 5025 2765 5078 Constat
2816 5020 3015 5090 igitur,
3069 5011 3488 5071 convenientes
3559 5006 3673 5064 sibi

2018 5096 2298 5174 sonos—ex
2324 5110 2817 5171 convenientibus
2848 5107 2961 5164 sibi
2988 5102 3257 5162 numeris
3286 5096 3672 5169 concordiam

2019 5222 2277 5263 sumere.

2090 5298 2162 5350 D.
2195 5294 2262 5349 Id
2290 5290 2608 5348 manifesta
2634 5285 2920 5362 panditur
2947 5282 3196 5341 ratione.

2091 5386 2174 5440 Μ.
2207 5381 2454 5439 Attende
2483 5395 2645 5447 vero,
2688 5376 2833 5450 quia
2888 5371 3310 5430 convenientes
3365 5370 3503 5424 sunt
3547 5379 3672 5421 non

2021 5472 2379 5546 uniquilibet
2399 5470 2477 5527 ad
2494 5469 2745 5542 seipsos,
2762 5465 2865 5523 sed
2887 5466 3037 5522 sicut
3050 5461 3218 5522 verbi
3234 5459 3423 5545 gratia
3436 5453 3666 5546 XXIIII:

2021 5541 2314 5639 numerus
2338 5564 2574 5618 constat
2584 5541 2674 5616 ad
2694 5558 2818 5615 XII.
2833 5555 3076 5630 duplus,
3099 5553 3179 5611 ad
3197 5551 3338 5639 VIII.
3361 5541 3573 5639 tribus,
3591 5541 3672 5639 ad

2024 5634 2119 5711 Vl.
2142 5650 2539 5727 quadruplus;
2558 5648 2637 5709 ad
2657 5646 2806 5705 XVI.
2831 5643 3200 5719 sesquialter,
3232 5638 3311 5698 ad
3339 5634 3528 5703 XVIII.
3552 5632 3674 5707 epi-
