3998 6198
335 246 469 298 1015

976 232 1328 290 HUCBALDI
1367 235 1534 290 MON.
1580 231 1634 286 S-
1679 225 1945 284 AMANDI
1985 223 2136 279 OPP.
2177 228 2353 287 PARS
2381 231 2458 286 ’ll.
2501 265 2570 272 —
2607 232 3100 288 MISCELLANEA.

3617 227 3756 284 1016

329 367 521 435 tritus,
545 363 623 420 ad
653 361 881 418 XLVIII.
913 357 1271 429 subduplus,
1305 357 1383 413 ad
1411 356 1637 413 XXXII.
1667 347 1982 422 subepitri-
2021 351 2069 402 Α
2095 348 2310 424 drupla
2331 355 2622 413 intervalli
2639 356 3013 412 dimensione
3033 355 3305 411 discedit:
3331 353 3517 409 veluti
3533 352 3754 407 XXIIII.

331 461 449 519 tus,
510 454 588 511 ad
656 450 913 506 XXXVI.
989 447 1523 521 subsescuplaris:
1589 447 1668 502 ita
1737 439 1986 516 quilibet

335 546 682 619 phthongus
713 539 791 595 ad
821 537 1003 594 alium
1060 537 1309 610 quidem
1339 538 1634 610 diapason
1683 535 1873 592 sonat,
1907 528 1986 585 ad

335 635 518 691 alium
546 631 841 701 diapason
863 631 919 684 et
955 627 1254 700 diapente,
1275 627 1353 682 ad
1370 627 1554 682 alium
1575 622 1984 694 disdiapason,

336 721 414 779 ad
460 719 646 776 alium
701 716 1001 788 diapente,
1056 715 1136 771 ad
1213 715 1399 771 alium
1457 715 1849 777 diatessaron,
1909 705 1990 763 ad

335 809 519 865 alium
569 806 1002 878 subdiapason,
1027 803 1104 859 ad
1136 803 1318 860 alium
1371 803 1880 865 subdiatessaron,
1912 795 1992 852 ad

337 899 522 954 alium
553 895 980 969 subdiapcnte;
1013 894 1178 966 quod
1206 909 1330 949 non
1353 895 1535 960 fieret,
1569 891 1682 947 nisi
1707 889 1785 946 ad
1811 887 1990 944 ratio-

337 1003 476 1043 nem
525 984 870 1058 multiplicis
925 989 982 1039 et
1037 981 1589 1056 superparticularis
1626 977 1993 1036 habitudinis

341 1094 450 1133 sua
467 1079 663 1131 essent
689 1073 1272 1130 commensuralitate
1295 1070 1726 1143 cognati,unde
1749 1068 1991 1134 sciatur,

343 1165 677 1222 secundum
703 1180 888 1236 quam
919 1163 1370 1234 proportionem
1401 1161 1682 1235 qualibet
1710 1160 1996 1215 formetur

343 1253 724 1327 symphonia.

411 1345 484 1400 Ι).
508 1343 658 1397 Cum
686 1341 827 1397 satis
854 1345 1256 1397 monstratum
1284 1341 1376 1409 sit,
1411 1340 1575 1413 quod
1615 1352 1997 1394 commensu-

341 1432 586 1488 ralitatis
618 1431 766 1487 ratio
821 1431 1086 1486 musicas
1134 1448 1313 1487 voces
1356 1431 1692 1486 adinvicem
1725 1427 1995 1492 associet,

341 1521 502 1577 unde
532 1526 735 1577 tamen
789 1521 923 1576 sciri
977 1520 1153 1580 valet,
1186 1521 1280 1576 cui
1333 1519 1698 1593 proportioni
1741 1531 1998 1590 quaque

344 1611 710 1683 symphonia
739 1610 1091 1682 deputanda
1123 1610 1240 1666 sit?
1292 1613 1372 1665 Ex
1411 1627 1533 1682 quo
1565 1609 1723 1665 enim
1753 1621 2002 1676 cognos-

2094 449 2303 500 contra
2332 445 2422 500 Vl.
2455 450 2536 502 Ac
2564 450 2678 502 stat
2707 445 2993 516 deinceps
3051 443 3568 500 concinentiarum
3629 457 3758 496 mo-

2095 531 2232 602 dus,
2255 534 2360 606 qui
2385 551 2581 609 neque
2613 534 2765 590 ultra
2794 533 3201 606 quadruplum
3243 532 3436 606 possit
3492 529 3759 595 extendi,

2097 636 2293 694 neque
2348 623 2498 680 infra
2558 628 2787 696 partem
2864 621 3096 677 tertiam
3165 619 3482 678 coarctari.
3548 619 3758 691 Sicque

2099 709 2259 766 hunc
2307 713 2580 769 ordinem
2627 711 3038 769 consonantia
3101 713 3518 784 sumpserunt,
3580 724 3760 780 quem

2101 799 2247 856 dant
2274 801 2334 857 in
2367 803 2632 859 numeris
2662 801 3068 874 multiplicatis
3111 804 3466 870 augmenta,
3506 803 3566 854 et
3613 813 3646 852 e
3683 812 3764 852 re-

2103 890 2278 959 gione
2305 890 2973 965 superparticularitatie
3004 890 3379 946 detrimenta.
3408 890 3590 943 Datur
3624 901 3766 958 quo-

2102 995 2220 1052 que
2279 987 2335 1036 et
2387 981 2549 1037 aliud
2608 981 2840 1037 idonea
2887 979 3257 1052 probationis
3311 980 3763 1046 argumentum,

2104 1069 2270 1142 quod
2302 1085 2424 1125 non
2457 1070 2668 1126 auditu
2698 1069 2904 1141 modo,
2934 1068 3037 1124 sed
3067 1073 3120 1124 et
3152 1067 3280 1123 visu
3311 1065 3501 1121 tidem
3524 1062 3769 1137 pradic-

2106 1162 2177 1214 ta
2208 1163 2436 1216 astruat
2462 1160 2712 1216 ratione.

2181 1249 2454 1305 Fidicula
2503 1250 2622 1306 sive
2680 1248 2935 1315 fustula,
2971 1248 3018 1303 si
3065 1245 3315 1319 aqualis
3348 1242 3770 1314 grossitudinis

2109 1338 2343 1400 fuerint,
2377 1343 2434 1394 et
2463 1340 2660 1410 major
2689 1339 2986 1394 minorem
3011 1337 3069 1393 in
3099 1353 3207 1392 sua
3266 1333 3653 1404 longitudine
3684 1331 3770 1387 bis

2108 1427 2385 1484 habuerit
2413 1428 2728 1501 diapason,
2749 1433 2812 1484 ut
2836 1443 3020 1499 supra
3037 1426 3260 1482 dictum
3278 1429 3390 1486 est,
3414 1422 3498 1478 ad
3517 1422 3770 1477 invicem

2111 1517 2558 1573 consonabunt:
2591 1517 2637 1572 si
2661 1523 2746 1572 ter
2765 1515 3059 1582 habuerit,
3082 1515 3381 1587 diapason
3411 1517 3470 1568 et
3495 1511 3772 1584 diapente

2111 1607 2474 1679 respondent
2508 1625 2520 1661 :
2556 1607 2604 1662 si
2635 1612 2848 1679 quater
2876 1605 3168 1668 habuerit,
3201 1603 3610 1674 disdiapason
3644 1616 3774 1655 con-

345 1701 514 1766 citur,
545 1699 843 1771 diapason
868 1697 1069 1768 dupla
1107 1698 1442 1754 habitudini
1473 1695 1840 1770 deputando,
1872 1693 2001 1748 dia-
2035 1705 2072 1757 B
2114 1697 2452 1753 sonantiam
2486 1698 2721 1753 facient.
2755 1697 2810 1753 Si
2833 1697 3030 1766 major
3053 1694 3301 1750 dimidia
3330 1691 3591 1748 minoris
3617 1695 3774 1762 parte

346 1793 522 1861 pente
572 1787 838 1854 sescula,
893 1788 1266 1843 diatessaron
1311 1789 1574 1860 epitrita,
1606 1787 1883 1858 diapente
1933 1800 2002 1838 ac

347 1879 642 1950 diapason
670 1877 877 1950 tripla,
929 1877 1322 1949 disdiapason
1342 1876 1696 1949 quadrupla
1727 1877 1755 1930 ‘?

420 1968 502 2021 M.
538 1969 634 2020 Est
657 1966 852 2038 prima
879 1967 1060 2037 hujus
1086 1967 1168 2021 rei
1195 1965 1490 2038 probatio,
1519 1965 1683 2037 quod
1711 1963 2001 2036 quemad-

351 2054 602 2109 modum
629 2069 866 2126 semper
891 2069 1079 2108 unum
1111 2053 1365 2124 duplum
1400 2053 1792 2125 sesquialtero
1819 2056 2007 2106 etses-

349 2143 591 2216 quitrito
623 2143 973 2214 completur,
997 2147 1062 2197 ut
1087 2143 1270 2198 modo
1301 2142 1529 2199 dictum
1565 2148 1671 2206 est,
1702 2142 1784 2198 ita
1814 2156 2005 2196 unum

350 2231 846 2303 diapason,quod
867 2235 1000 2286 octo
1023 2231 1267 2287 voculas
1287 2231 1567 2292 continet,
1583 2230 1719 2285 dua
1746 2229 2006 2284 minores

353 2320 749 2392 symphonia,
765 2319 823 2374 id
841 2324 949 2387 est,
964 2319 1242 2392 diapente
1260 2325 1437 2392 atque
1454 2320 1826 2376 diatessaron
1848 2335 2005 2374 com-

353 2409 533 2481 plent.
567 2407 697 2464 Sive
720 2407 880 2463 enim
906 2424 941 2464 a
967 2409 1258 2478 graviore,
1275 2409 1396 2464 sive
1413 2408 1490 2464 ab
1519 2407 1778 2468 acutiore
1818 2411 2005 2479 parte,

352 2497 446 2552 vel
474 2502 752 2570 quartam
781 2497 1058 2553 voculam
1103 2497 1386 2565 metiaris,
1420 2515 1456 2554 a
1505 2501 1720 2570 quarta
1748 2496 2008 2552 metiaris

355 2583 648 2654 quintam,
671 2583 765 2638 vel
785 2584 995 2656 quinta
1020 2585 1296 2640 metiatur
1321 2602 1461 2640 cum
1486 2589 1720 2657 quarta,
1751 2584 1829 2640 ita
1849 2599 2010 2639 com-

354 2671 550 2743 pletur
580 2688 818 2746 semper
847 2673 1087 2730 duabus
1118 2674 1496 2746 symphoniis
1526 2690 1668 2730 una.

589 2761 1078 2835 Sesquialterum.
1302 2763 1771 2835 Sesquitertium.

522 2849 958 2922 '1t.pt.p
1009 2855 1843 2923 s./t.1-’t..1t.Js.5t.

595 2940 1062 3013 Sesquitertium.
1141 2941 1148 2948 ’
1286 2941 1770 3014 Sesquialterum.

428 3029 602 3095 Quod
629 3045 753 3084 non
778 3029 962 3096 ﬁeret,
989 3029 1036 3084 si
1066 3034 1271 3086 essent
1298 3030 1388 3085 vel
1409 3030 1540 3086 aliae
1570 3047 1706 3102 qua
1755 3029 2013 3103 comple-
2041 3051 2080 3102 ο

355 3122 507 3186 rent,
539 3118 635 3174 vel
683 3117 809 3174 alia
858 3134 993 3190 qua
1044 3119 1502 3190 complerentur.
1541 3122 1620 3176 De
1649 3121 1742 3176 his
1767 3135 2010 3192 quoque

358 3207 617 3274 Boetius,
650 3207 801 3262 inter
831 3223 1061 3269 omnes,
1093 3207 1304 3279 inquit,
1336 3225 1490 3280 quas
1518 3209 1847 3279 retulimus,
1881 3225 2013 3264 con-

360 3295 668 3350 sonantias
715 3295 1065 3351 habendum
1112 3295 1407 3366 judicium
1456 3304 1562 3365 est,
1590 3303 1646 3354 et
1671 3299 1732 3353 in
1762 3315 1926 3367 aure,
1959 3303 2016 3354 et

359 3384 611 3454 ratione,
635 3399 820 3456 quam
850 3385 1068 3440 harum
1094 3385 1403 3441 meliorem
1425 3391 1698 3458 oporteat
1716 3387 2011 3458 arbitrari,

362 3476 442 3529 Eo
473 3489 737 3546 namque
768 3473 951 3529 modo
982 3474 1145 3530 auris
1169 3474 1423 3530 afﬁcitur
1455 3476 1638 3542 sonis,
1682 3476 1776 3532 vel
1804 3477 2015 3532 oculus

360 3567 625 3634 aspectu,
649 3579 771 3635 quo
788 3563 973 3619 animi
987 3563 1284 3634 judicium
1315 3580 1590 3633 numero,
1620 3565 1712 3622 vel
1732 3567 2015 3624 continua

359 3653 710 3726 quantitate.
746 3654 1051 3727 Proposito
1081 3655 1241 3710 enim
1273 3671 1526 3711 numero
1551 3656 1644 3712 vel
1674 3656 1850 3716 linea,
1869 3658 2015 3713 nihil

360 3747 450 3799 est
491 3743 742 3812 facilius,
773 3760 961 3818 quam
991 3745 1122 3816 ejus
1151 3744 1404 3817 duplum
1436 3746 1610 3802 oculo
1662 3747 1751 3802 vel
1811 3748 2015 3803 animo

360 3832 575 3888 intueri
603 3851 615 3888 :
650 3833 826 3889 veluti
857 3834 979 3889 XII.
1013 3838 1223 3889 contra
1255 3835 1346 3889 VI.
1383 3838 1523 3890 Item
1545 3840 1680 3907 post
1725 3836 1893 3909 dupli
1918 3837 2010 3907 ju-

361 3921 583 3978 dicium
616 3922 883 3994 sequitur
911 3921 1164 3993 dimidii,
1189 3928 1322 3995 post
1342 3924 1658 3979 dimidium
1685 3925 1858 3997 tripli,
1882 3931 2018 3998 post

363 4009 605 4081 triplum
633 4010 820 4082 partis
849 4009 1063 4078 tertia;
1094 4014 1274 4082 atque
1305 4011 1439 4067 ideo
1468 4013 1760 4085 quoniam
1791 4013 2018 4069 facilior

363 4101 451 4154 est
480 4098 649 4171 dupli
679 4098 1021 4172 descriptio,
1045 4099 1127 4155 illi
1148 4101 1559 4158 consonantia
1589 4103 1801 4159 merito
1831 4103 2018 4176 depu-

363 4190 539 4254 tatur,
571 4204 706 4260 qua
754 4188 979 4244 facilior
1027 4193 1136 4258 est,
1163 4207 1468 4264 quamque
1501 4207 1710 4248 sensus
1759 4192 2017 4266 apertior

363 4277 832 4350 comprehendit.
873 4281 953 4333 Ea
983 4294 1126 4349 ergo
1157 4284 1244 4336 est
1280 4281 1494 4352 prima,
1529 4282 1846 4356 suavisque
1879 4298 2015 4338 con-

364 4367 662 4437 sonantia,
691 4383 827 4440 qua
875 4374 1088 4426 octava
1117 4370 1183 4426 ﬁt
1209 4371 1474 4441 regione,
1505 4377 1562 4428 et
1607 4373 1900 4446 diapason
1931 4372 2015 4428 di-

361 4458 553 4515 citur:
582 4463 724 4532 post
773 4459 1028 4532 duplum
1057 4459 1307 4533 inquam
1355 4467 1564 4534 exstat,
1613 4464 1777 4536 quod
1836 4463 2016 4520 vincit

360 4549 678 4606 medietate
709 4548 1092 4622 subdupli,id
1122 4554 1226 4617 est,
1261 4552 1638 4624 sescuplum;
1662 4554 1838 4609 veluti
1861 4552 2014 4608 Vllll.

363 4641 570 4694 contra
602 4638 690 4694 Vl.
724 4637 968 4704 etillud,
999 4639 1166 4712 quod
1196 4640 1339 4697 bina
1373 4644 1617 4713 superat
1666 4642 2014 4714 quantitate,

360 4727 476 4783 hoc
496 4733 603 4796 est,
638 4727 904 4800 triplum,
931 4728 1110 4784 veluti
1139 4728 1328 4784 XVIII.
1355 4733 1562 4785 contra
1590 4728 1680 4783 Vl.
1706 4733 1858 4800 Ergo
1880 4746 2020 4785 cum

359 4815 454 4870 ha
483 4816 619 4872 dua
650 4815 1067 4888 proportiones
1097 4817 1385 4889 proxima
1416 4822 1552 4889 post
1572 4817 1846 4890 duplum,
1880 4834 2021 4874 con-

362 4906 542 4961 traria
563 4905 698 4962 licet
719 4905 1029 4973 divisione,
1057 4912 1405 4978 sequantur,
1423 4912 1579 4962 recte
1599 4906 1711 4962 illis
1737 4908 2022 4982 sympho-

361 4993 475 5048 nia
527 4993 927 5063 ascribuntur,
960 5010 1114 5066 quas
1144 5010 1285 5050 aure
1331 4996 1621 5050 sentimus
1651 5002 1786 5070 post
1815 4999 2021 5072 diapa-

364 5097 475 5136 son
493 5098 619 5139 esse
643 5084 960 5154 secundas,
984 5083 1045 5139 id
1071 5087 1178 5150 est,
1207 5083 1508 5158 diapente,
1533 5085 1792 5160 itemque
1815 5089 2021 5162 diapa-

363 5186 472 5226 son
499 5176 555 5228 et
583 5172 880 5244 diapente.
908 5177 1059 5229 Dum
1089 5173 1408 5230 minimum
1449 5191 1590 5231 vero
1616 5183 2019 5235 consonantes

363 5260 478 5316 sint
509 5261 660 5328 soni,
693 5261 837 5334 quia
865 5262 1238 5318 diatessaron
1261 5265 1522 5338 spatium
1549 5269 1776 5330 tenent,’
1797 5269 1848 5324 ei
1879 5284 2018 5341 pro-

363 5349 622 5422 portioni
652 5349 808 5406 hanc
830 5350 935 5407 rite
961 5350 1401 5409 concinentiam
1433 5353 1671 5418 damus,
1699 5355 1799 5412 ubi
1823 5357 2020 5428 major

361 5455 651 5495 numerus
686 5440 852 5496 tertia
883 5439 1130 5496 minoris
1160 5447 1326 5513 parte
1355 5445 1736 5511 transcendit,
1765 5462 1899 5516 qua
1931 5450 2020 5502 est

361 5528 658 5602 epitritra;
692 5527 872 5584 veluti
895 5527 1026 5584 V111.
1061 5533 1268 5586 contra
1293 5532 1379 5587 V'l.
1417 5532 1564 5598 Quia
1590 5533 1851 5589 maxime
1874 5550 2017 5590 vero

357 5619 582 5676 distant
624 5619 776 5691 soni,
817 5619 922 5692 qui
952 5619 1345 5694 disdiapason
1383 5622 1822 5679 concinentiam
1862 5640 2021 5680 reso-

358 5716 524 5779 nant,
557 5711 610 5767 ei
639 5711 849 5768 merito
881 5711 1253 5784 proportioni
1284 5712 1842 5784 assignamus,qua
1870 5730 2020 5786 qua-

2113 1804 2295 1859 super
2323 1788 2620 1850 habuerit,
2651 1788 2930 1860 diapente
2962 1787 3027 1841 fit
3055 1784 3479 1840 consonantia.
3517 1783 3575 1839 Si
3618 1781 3776 1836 tertia

2115 1878 2363 1933 minoris
2385 1883 2550 1950 parte
2573 1877 2980 1949 praecelluerit,
2999 1876 3371 1931 diatessaron
3389 1873 3521 1928 erit.
3551 1872 3608 1928 Si
3630 1878 3778 1926 octa-

2113 1983 2188 2022 va
2210 1967 2457 2022 minoris
2488 1971 2656 2039 parte
2687 1965 3151 2038 supergreditur,
3181 1968 3347 2018 tomo
3383 1960 3772 2018 concordant.

2186 2058 2258 2112 D.
2294 2059 2486 2122 Quare
2541 2072 2664 2111 non
2711 2055 2913 2128 plures
2967 2052 3374 2126 multiplicatis
3431 2051 3666 2123 species
3705 2048 3776 2103 ad

2117 2146 2412 2201 musicam
2435 2146 2788 2217 pertineant,
2811 2161 2997 2217 quam
3021 2148 3170 2198 tres:
3196 2157 3320 2196 non
3349 2140 3558 2212 plures
3581 2154 3778 2210 super-

2115 2234 2619 2308 particularitatis,
2653 2249 2837 2307 quam
2872 2240 3007 2298 tres,
3042 2237 3201 2304 patet
3224 2231 3357 2301 jam
3390 2229 3564 2285 uberi
3596 2243 3779 2284 asser-

2118 2323 2278 2380 tione
2309 2323 2633 2396 probatum
2671 2342 2682 2378 :
2717 2338 2838 2378 non
2877 2321 3074 2376 solum
3117 2326 3180 2375 ut
3209 2335 3282 2375 ex
3330 2311 3778 2374 connumeratis

2117 2414 2210 2468 vel
2242 2413 2741 2469 commensuratis
2766 2411 3030 2468 numeris
3062 2410 3291 2466 musica
3324 2408 3643 2478 gignatur:
3677 2400 3776 2457 sed

2118 2503 2297 2558 etiam
2344 2502 2566 2574 quibus
2604 2517 2860 2574 quaque
2909 2498 3286 2572 symphonia
3319 2496 3778 2552 connumerato-

2117 2608 2254 2647 rum
2279 2607 2672 2647 numerorum
2696 2590 3010 2663 speciebus
3029 2588 3365 2659 adjaceant.
3381 2584 3597 2641 Mirum
3618 2595 3777 2644 vero,

2118 2679 2266 2753 quid
2296 2696 2492 2736 causa
2542 2681 2634 2747 sit,
2659 2679 2824 2752 quod
2856 2694 2977 2734 non
3010 2677 3122 2733 nisi
3149 2681 3270 2731 tres
3304 2668 3776 2744 multiplicitatis,

2121 2785 2230 2824 nec
2259 2769 2374 2824 nisi
2402 2773 2520 2824 tres
2547 2764 3210 2840 superparticularitatis
3231 2763 3446 2820 forma
3472 2758 3553 2816 ad
3593 2756 3779 2812 musi-

2121 2873 2255 2913 cam
2307 2856 2720 2923 admittantur,
2755 2855 2861 2910 sed
2893 2854 3023 2910 sola
3068 2851 3276 2925 dupla,
3329 2848 3531 2922 tripla,
3553 2851 3613 2902 et
3639 2861 3781 2917 qu:-

2120 2945 2339 3018 drupla
2368 2943 2682 3012 habitudo,
2713 2943 2842 2999 sola
2889 2940 3278 3014 sesquialtera
3323 2943 3384 2994 et
3409 2933 3782 3009 sesquitertia

2121 3053 2260 3092 cum
2289 3034 2706 3107 sesquioctava
2735 3031 3162 3088 consonantias
3193 3027 3588 3085 modulentur
3617 3024 3645 3078 Ξ)

2195 3125 2275 3179 Μ.
2307 3123 2444 3178 Ideo
2475 3121 2628 3178 ultro
2658 3121 3070 3194 disdiapason,
3102 3119 3162 3174 id
3191 3123 3296 3180 est,
3333 3115 3489 3172 ultra
3523 3111 3782 3186 quadru-

2123 3213 2291 3285 plum
2344 3227 2466 3267 non
2515 3209 2865 3277 extenditur,
2898 3209 3040 3282 quia
3086 3208 3244 3262 hunc
3299 3205 3559 3260 modum
3626 3199 3784 3255 sonis

2125 3308 2341 3358 natura
2371 3301 2574 3356 tribuit
2607 3319 2618 3355 :
2654 3305 2717 3356 ut
2748 3299 2794 3354 si
2851 3316 2958 3372 per
3008 3297 3245 3368 singula
3276 3301 3669 3368 septenarum
3724 3290 3782 3343 in

2124 3392 2420 3464 diapason
2448 3406 2668 3444 vocum
2715 3389 3062 3444 discrimina
3093 3385 3342 3457 singula
3393 3382 3782 3454 disdiapason

2127 3479 2534 3537 consonantia
2595 3479 3010 3552 disponantur,
3070 3479 3197 3549 jam
3271 3474 3430 3530 ultra
3508 3468 3782 3544 progredi

2126 3571 2327 3644 dupla
2381 3568 2758 3642 symphonia
2800 3583 2923 3624 non
2961 3567 3208 3640 possint.
3245 3565 3384 3620 Ideo
3438 3577 3581 3618 vero
3636 3559 3783 3616 infra

2127 3665 2358 3734 partem
2391 3659 2644 3728 tertiam,
2676 3659 2788 3713 hoc
2817 3663 2922 3726 est,
2955 3657 3108 3712 infra
3137 3655 3442 3728 epitritum
3475 3647 3784 3707 intervalla

2125 3765 2250 3805 non
2302 3752 2701 3816 coarctantur,
2747 3746 3038 3818 quoniam
3089 3761 3226 3801 cum
3283 3742 3487 3798 minor
3543 3740 3780 3811 sitpars

2131 3838 2299 3894 tertia
2329 3854 2516 3910 quam
2569 3836 2840 3902 dimidia,
2869 3841 3084 3908 quarta
3134 3850 3318 3906 quam
3354 3832 3547 3895 tertia,
3578 3829 3781 3902 quinta

2128 3945 2316 4000 quam
2347 3931 2586 3999 quarta,
2621 3932 2786 3983 sexta
2841 3941 3028 3998 quam
3073 3925 3304 3996 quinta,
3352 3928 3409 3977 et
3462 3921 3780 3990 deinceps;

2138 4031 2390 4088 eumque
2423 4015 2903 4088 sesquialterum,
2931 4014 3095 4086 quod
3123 4011 3458 4069 medietatis
3492 4015 3581 4066 est
3616 4007 3783 4064 inter-

2131 4104 2372 4171 vallum,
2407 4108 2522 4160 tres
2554 4108 2728 4159 tonos
2778 4103 2974 4176 capiat
3031 4119 3169 4157 cum
3223 4098 3566 4166 semitonio,
3597 4095 3786 4168 epitri-

2138 4201 2259 4248 'um
2317 4209 2479 4260 vero,
2535 4192 2702 4265 quod
2750 4192 2933 4265 partis
3004 4191 3181 4247 tertia
3230 4186 3617 4244 intervallum
3679 4189 3783 4244 est.

2132 4283 2284 4338 duos
2326 4286 2498 4338 tonos
2529 4299 2665 4338 cum
2700 4281 3012 4338 semitonio
3059 4279 3253 4352 capiat
3283 4298 3294 4345 ;
3324 4278 3542 4342 evenit,
3570 4280 3638 4330 ut
3682 4276 3785 4329 mi-

2131 4388 2281 4428 nora
2337 4371 2620 4444 deinceps
2662 4370 2970 4427 intervalla
3020 4385 3129 4425 nec
3184 4369 3449 4423 duorum
3507 4371 3785 4421 tonorum

2135 4479 2204 4518 ac
2241 4462 2534 4518 semitonii
2580 4462 2815 4535 possint
2843 4477 2974 4517 esse
3004 4459 3270 4532 capacia,
3301 4473 3412 4513 nec
3469 4472 3610 4512 cum
3642 4453 3789 4508 duo-

2133 4552 2246 4608 bus
2276 4551 2431 4608 tonis
2486 4551 2608 4607 sive
2637 4567 2757 4606 uno
2787 4567 2855 4607 ac
2905 4549 3151 4605 dimidio
3191 4542 3787 4603 commensurabilia.

2133 4641 2337 4698 Solum
2395 4640 2876 4712 sesquioctavum
2932 4636 3331 4702 intervallum,
3389 4636 3532 4708 quia
3574 4638 3788 4689 tonum

2131 4729 2390 4798 metitur,
2417 4728 2763 4786 admittitur.

2202 4820 2276 4875 D.
2311 4820 2503 4884 Quare
2534 4821 2658 4874 tota
2705 4831 2988 4873 mensura
3015 4816 3078 4871 in
3105 4815 3262 4870 hanc
3293 4813 3483 4869 solam
3535 4827 3788 4884 propor-

2129 4907 2352 4964 tionem
2383 4906 2541 4964 cadit
2571 4908 2599 4961 ‘I

2202 4999 2282 5052 M.
2319 4997 2467 5063 Quia
2521 4996 2649 5051 hac
2700 4994 3007 5068 proportio
3063 4992 3249 5048 solius
3294 4990 3667 5064 sesquialteri
3721 5005 3792 5043 ac

2130 5087 2482 5160 sesquitertii
2514 5085 2960 5158 comparatione
2990 5087 3356 5157 procreatur.

2201 5179 2273 5232 D.
2301 5176 2614 5242 Quomodo
2641 5191 2712 5231 ex
2743 5175 3106 5247 comparatis
3150 5170 3524 5244 sesquialteri
3551 5185 3624 5224 ac
3665 5183 3793 5223 ses-

2129 5265 2420 5338 quitertiis
2449 5265 2731 5321 nascitur.

2201 5357 2282 5411 Μ.
2320 5360 2523 5412 Nonne
2567 5353 2737 5410 facile
2791 5352 3150 5422 intelligitur,
3185 5356 3249 5406 ut
3305 5365 3600 5405 numerus
3629 5347 3794 5403 verbi

2131 5447 2322 5517 gratia
2356 5445 2629 5501 senarius
2656 5444 2745 5500 sui
2778 5443 3092 5498 medietate
3115 5442 3174 5497 in
3204 5457 3387 5495 suum
3415 5443 3646 5495 crescat
3673 5454 3797 5492 ses-

2129 5537 2511 5609 quialterum,
2537 5535 2599 5591 id
2624 5539 2729 5605 est,
2762 5532 3154 5603 novenarium
3173 5531 3200 5585 ?
3219 5531 3318 5586 sui
3347 5534 3517 5602 parte
3536 5528 3706 5583 tertia
3733 5528 3796 5581 in

2131 5639 2308 5681 suum
2322 5629 2696 5681 concrescrat
2707 5623 3027 5696 epitritum,
3039 5619 3100 5675 id
3113 5623 3221 5685 est,
3235 5618 3617 5675 octonarium
3631 5615 3658 5670 7
3677 5615 3794 5672 Sed

2130 5713 2491 5770 novenarius
2523 5715 2674 5769 sicut
2699 5710 3050 5785 sesquialter
3065 5711 3152 5766 est
3177 5708 3535 5777 senario,ita
3566 5704 3794 5777 sesqui-
