3998 6198
219 266 350 320 1017

1547 263 1808 323 MUSICA
1863 258 2328 318 ENCHIRIADIS.

3517 269 3650 323 1018

211 393 465 446 octavus
496 394 586 445 est
614 389 864 462 epitrito.
899 389 1043 444 Item
1082 388 1493 447 duodenarius
1543 389 1630 445 sui
1665 385 1882 443 medie-
1921 392 1965 444 Α
1998 384 2098 440 ΧΠ.
2136 385 2424 458 epitritus,
2457 386 2523 441 ﬁt
2570 388 2647 443 ad
2679 389 2880 457 XXIIII,
2915 391 3188 463 sescupla
3235 391 3463 446 ratione
3493 408 3653 448 com-

210 479 330 531 tate
363 491 543 532 suum
589 475 829 530 metitur
875 472 1353 545 sesquialterum,
1387 477 1493 548 qui
1518 478 1604 531 est
1633 477 1880 529 octavus

209 563 520 631 decimus;
556 564 647 618 sui
677 563 848 619 tertia
876 566 1045 636 parte
1078 579 1259 618 suum
1290 564 1530 619 metitur
1559 561 1880 636 epitritum,

209 653 320 725 qui
367 657 452 709 est
499 657 703 708 sextus
733 653 1025 708 decimus.
1065 652 1178 709 Sed
1210 655 1389 709 XVIII.
1417 669 1706 708 numerus
1735 650 1885 705 sicut

181 737 291 809 _ad
321 737 756 794 duodecimum
804 735 1156 810 sesquialter
1193 742 1298 805 est,
1353 737 1438 792 sic
1479 737 1558 794 ad
1583 737 1880 810 epitritum

210 827 672 899 sesquioctavus
703 826 973 882 efﬁcitur.

280 918 360 973 D.
402 914 688 985 Intelligo.

280 1005 371 1060 M.
403 1007 775 1078 QuaprOpter
791 1003 970 1060 simul
995 1004 1276 1075 intellige,
1305 1005 1472 1078 quod
1493 1005 1645 1061 inter
1666 1021 1886 1061 sonum

207 1099 266 1150 et
298 1109 525 1150 sonum
548 1110 658 1150 nec
689 1094 888 1149 minus
915 1110 1023 1149 nec
1053 1096 1175 1166 mai
1188 1112 1255 1151 us
1287 1095 1411 1151 toni
1442 1095 1651 1165 integri
1675 1094 1885 1168 poterit

209 1199 352 1239 esse
407 1181 805 1252 intervallum,
831 1197 1019 1255 quam
1073 1183 1240 1254 quod
1289 1183 1474 1239 semel
1526 1182 1718 1239 fuerat
1764 1197 1884 1237 ses-

209 1273 495 1346 quialteri
544 1289 614 1328 ac
682 1272 1035 1344 sesquitertii
1089 1272 1425 1329 differentia
1475 1288 1882 1346 permensum.

210 1362 405 1431 Igitur
435 1361 576 1417 solis
611 1361 1040 1433 sesquioctavis
1068 1360 1394 1418 intervallis
1421 1378 1559 1417 cum
1592 1360 1884 1435 sesquial-

211 1453 358 1508 teris
381 1468 451 1507 ac
478 1451 861 1523 sesquitertiis
884 1447 1444 1508 commensuralitas
1472 1457 1559 1507 est
1583 1471 1595 1506 :
1625 1466 1886 1524 quorum

211 1541 444 1597 scilicet
486 1538 793 1595 intervalla
843 1539 966 1594 toni
1008 1556 1148 1595 cum
1185 1540 1522 1607 semitonio,
1557 1546 1620 1595 ut
1657 1540 1885 1594 dictum

211 1635 328 1693 est,
363 1628 980 1685 commensurabiliter
1007 1629 1329 1701 complent.
1366 1629 1503 1686 Sola
1531 1645 1737 1684 rursus
1770 1645 1886 1683 ses-

1998 481 2399 532 mensuratus.
2452 476 2568 532 XV.
2605 494 2745 534 vero
2787 496 3093 552 numerus,
3128 481 3230 552 qui
3283 486 3370 535 est
3421 481 3499 536 ad
3546 481 3648 546 XII,

1999 565 2477 637 sesquiquartus,
2502 581 2640 621 cum
2654 567 2842 638 XXIIII,
2861 572 3379 624 commensuratus
3401 585 3522 624 non
3543 573 3648 634 est,

1998 655 2102 709 sed
2120 653 2870 728 supertripartiente'ﬁgura
2886 658 3272 714 inconsonus.
3291 659 3429 713 Item
3447 657 3649 714 XXIIII.

1994 759 2281 800 numerus
2305 744 2398 799 sui
2414 745 2741 816 quantitate
2757 747 2969 802 XLVIII.
2993 747 3247 815 metitur,
3271 751 3438 820 parte
3457 747 3547 801 sui
3567 745 3652 800 di-

1993 832 2178 890 midia
2227 833 2457 903 XXXVI,
2494 850 2835 904 numerum,
2877 840 3042 908 parte
3094 835 3185 890 sui
3227 836 3394 891 tertia
3443 833 3645 890 XXXII.

1992 936 2334 987 numerum,
2369 929 2533 993 parte
2569 923 2660 979 sui
2709 929 2924 998 quarta
2953 926 3113 980 XXX.
3162 939 3500 978 numerum.
3536 922 3650 978 Sed

1993 1011 2213 1082 XXXVI,
2247 1027 2560 1080 numerus,
2592 1014 2696 1085 qui
2726 1020 2812 1071 est
2837 1015 2913 1070 ad
2943 1013 3148 1070 XXllll.
3184 1012 3558 1084 sescuplaris,
3585 1011 3652 1065 fit

1993 1097 2072 1153 ad
2103 1097 2317 1167 XLVIII,
2350 1099 2580 1170 epitrita
2604 1103 2830 1158 ratione
2862 1100 3440 1158 commensurabilis.
3473 1102 3651 1153 Porro

1995 1186 2197 1254 XXXII,
2227 1203 2536 1255 numerus,
2571 1192 2674 1262 qui
2705 1197 2792 1246 est
2835 1191 2913 1246 ad
2943 1189 3130 1246 XXIIII.
3161 1188 3446 1261 epitritus,
3478 1186 3544 1241 ﬁt
3573 1185 3651 1241 ad

1994 1275 2203 1343 XLVIII,
2238 1277 2515 1348 sescupla
2552 1280 2777 1335 ratione
2810 1284 3347 1336 commensuratus.
3377 1280 3524 1345 XXX,
3551 1292 3650 1331 ve-

1992 1381 2060 1419 ro
2110 1380 2419 1422 numerus.
2470 1369 2572 1440 qui
2632 1375 2719 1424 est
2775 1370 2852 1425 ad
2910 1369 3111 1425 XXIIII.
3173 1366 3650 1439 sesquiquartus,

1994 1456 2470 1511 commensurari
2519 1474 2657 1512 cum
2705 1459 2915 1514 XLVIII.
2949 1475 3073 1514 non
3113 1461 3327 1529 potest.
3363 1455 3532 1509 Vides
3562 1469 3652 1508 er-

1994 1557 2089 1610 go,
2149 1543 2294 1614 quia
2347 1561 2489 1601 mox
2538 1552 2600 1602 ut
2648 1549 2800 1604 intra
2853 1548 3292 1620 sesquitertium
3343 1542 3652 1599 intervalla

1992 1632 2278 1687 coarctari
2308 1633 2616 1706 incipiunt,
2649 1636 3243 1692 connumerationem
3284 1630 3648 1704 superparti-

207 1718 513 1792 quialtera
560 1734 630 1773 ac
676 1717 1044 1790 sesquitertia
1093 1717 1399 1774 intervalla
1431 1735 1567 1774 cum
1598 1717 1798 1790 duplis
1828 1721 1885 1772 et
1914 1745 1954 1798 Β
1993 1720 2221 1775 culares
2273 1737 2409 1776 cum
2458 1723 2657 1796 duplis
2710 1741 2833 1780 non
2887 1724 3131 1785 habent,
3165 1728 3220 1778 et
3265 1721 3484 1776 idcirco
3538 1735 3650 1773 nec

209 1807 575 1880 quadI-uplis
624 1812 1110 1862 commensurata
1163 1812 1322 1871 sunt,
1354 1807 1577 1879 quibus
1617 1806 1884 1861 similiter

209 1914 432 1953 eorum
488 1895 797 1952 intervalla
842 1894 1236 1968 complentur.
1271 1895 1709 1968 Sesquiquartis
1739 1910 1884 1950 vero

209 2003 286 2042 ac
338 1984 767 2057 sesquiquintis
815 1989 871 2040 et
921 1984 1162 2056 reliquis
1200 1985 1681 2041 decrescentibus
1711 1984 1884 2039 inter-

209 2075 385 2132 vallis
415 2091 524 2130 nec
570 2090 709 2129 cum
759 2073 967 2146 duplo,
1001 2090 1110 2130 nec
1159 2091 1298 2130 cum
1344 2075 1538 2146 triplo,
1586 2089 1695 2129 nec
1742 2090 1880 2128 cum

207 2160 581 2233 quadruplo,
606 2177 716 2215 nec
745 2177 882 2216 cum
915 2162 1188 2234 sescuplo
1218 2162 1555 2234 quidquam
1578 2177 1883 2217 commen-

210 2250 536 2306 surationis
590 2255 696 2317 est,
731 2255 786 2305 et
815 2250 1035 2306 idcirco
1084 2257 1327 2324 propter
1369 2251 1664 2306 musicam
1707 2266 1883 2322 sepo-

209 2344 459 2395 nuntur.
495 2338 722 2404 Quodsi
751 2339 931 2394 etiam
963 2340 1326 2395 chordarum
1357 2345 1411 2395 et
1437 2339 1772 2394 ﬁstularum
1798 2339 1884 2394 di-

210 2427 632 2483 mensionibus
683 2427 1070 2499 prmfatarum
1120 2429 1596 2501 proportionum,
1626 2444 1761 2499 quin
1803 2427 1882 2483 ad

210 2518 516 2573 musicam
548 2516 956 2584 admittentur,
982 2522 1300 2587 cognatam
1322 2532 1595 2572 commen
1606 2516 1879 2572 surabili-

211 2611 400 2662 tatem
430 2605 828 2678 comprobare
857 2604 1020 2677 libet,
1053 2607 1232 2662 facies
1262 2607 1553 2662 chordam
1599 2605 1678 2661 ad
1707 2607 1878 2662 chor-

212 2695 382 2764 dam,
417 2711 525 2750 seu
555 2694 822 2750 ﬁstulam
850 2695 927 2750 ad
956 2695 1221 2751 ﬁstulam
1248 2696 1522 2767 sescuplo
1550 2697 1878 2766 majorem;

213 2783 543 2856 sescuplari
595 2799 866 2856 appones
916 2784 1233 2857 epitritam,
1263 2789 1318 2840 et
1360 2785 1441 2839 sic
1489 2783 1736 2839 effecisti
1773 2785 1881 2839 du-

213 2872 406 2946 plam.
439 2876 589 2928 Nam
619 2888 755 2944 quae
801 2872 879 2927 ad
930 2873 1257 2928 secundam
1289 2873 1520 2946 epitrita
1551 2875 1662 2940 est,
1693 2871 1880 2944 duplo

213 2966 409 3017 exstat
439 2962 516 3017 ad
539 2961 801 3033 primam
826 2961 1078 3032 longior.
1111 2965 1334 3017 Rursus
1364 2961 1696 3017 conversim
1714 2962 1882 3016 chor-

212 3051 361 3107 dam
402 3051 478 3106 ad
525 3049 840 3120 chordam,
872 3049 1137 3107 ﬁstulam
1181 3052 1259 3107 ad
1307 3051 1570 3106 ﬁstulam
1617 3050 1880 3106 metiaris

212 3139 533 3214 epitritam,
567 3138 813 3212 epitritze
864 3154 1134 3211 appones
1177 3140 1651 3212 sesquialteram,
1683 3145 1740 3195 et
1768 3140 1878 3195 du-

211 3229 316 3302 pla
349 3229 556 3283 effecta
586 3233 692 3282 est.
731 3229 842 3281 Has
871 3243 1060 3300 pones
1091 3228 1152 3283 in
1182 3229 1411 3298 ordine,
1436 3228 1594 3284 velut
1625 3232 1711 3283 Vl.
1741 3230 1878 3284 VIII.

211 3317 490 3373 VIIII.XII.
512 3316 899 3388 inveniesque
924 3316 1076 3372 inter
1094 3317 1247 3373 duas
1273 3317 1504 3373 medias
1536 3319 1883 3388 epogdoum

209 3408 322 3462 rite
351 3407 718 3474 dimensum,
751 3404 812 3460 id
839 3411 947 3477 est,
973 3406 1306 3477 longiorem
1354 3408 1644 3463 chordam
1691 3414 1796 3464 aut
1818 3408 1882 3462 ﬁ-

212 3495 436 3552 stulam
467 3501 681 3551 octava
725 3495 971 3551 minoris
1003 3502 1170 3569 parte
1201 3497 1553 3570 praecellere.
1588 3499 1733 3554 Item
1765 3498 1880 3554 alio

211 3584 420 3640 modo.
450 3584 693 3640 Metieris
724 3583 988 3642 ﬁstulam
1019 3586 1096 3641 ad
1139 3586 1401 3641 ﬁstulam
1429 3586 1616 3658 duplo
1647 3587 1878 3657 longio-

209 3689 362 3729 rem.
398 3673 485 3727 Ad
543 3673 784 3729 brevem
839 3673 1100 3730 ﬁstulam
1147 3675 1406 3730 metieris
1451 3676 1768 3747 epitritam,
1802 3676 1879 3731 ad

208 3764 460 3833 longam
495 3762 758 3818 ﬁstulam
789 3763 1046 3818 metieris
1091 3764 1528 3836 subepitritam,
1571 3781 1878 3836 ponesque

211 3853 276 3908 in
347 3851 554 3907 ordine
622 3850 990 3923 subduplam
1065 3853 1393 3925 epitritam,
1463 3854 1877 3925 subepitritam

213 3941 492 4014 duplam.

435 4030 766 4102 Subdupla.
1276 4031 1652 4102 Subepitrita.

333 4121 456 4174 xu.
610 4122 618 4190 ι
774 4123 902 4175 XVI.
1056 4124 1063 4190 ι
1183 4122 1360 4176 XVIII.
1483 4123 1491 4191 ι
1603 4121 1800 4175 XXIIII.

883 4209 1214 4281 epogdous.

732 4298 942 4370 Dupla.
978 4303 1018 4355 Ι.
1051 4300 1372 4371 Diapason.

289 4386 500 4458 Sicque
530 4386 682 4441 inter
726 4386 882 4441 duas
923 4388 1157 4443 medias
1188 4387 1500 4460 epogdous
1531 4389 1875 4444 naturaliter

208 4476 392 4533 cadit.
437 4477 617 4546 Cujus
645 4475 954 4530 intervallo
985 4482 1236 4549 utraque
1263 4479 1324 4532 ﬁt
1353 4477 1613 4533 ulteriori
1657 4495 1766 4534 suo
1795 4478 1874 4533 la-

208 4565 321 4622 teri
343 4564 722 4636 sescuplaris,
758 4569 1011 4628 utraque
1042 4567 1387 4637 proximiori
1421 4567 1531 4622 sibi
1561 4568 1725 4641 lateri
1759 4569 1876 4640 epi-

205 4655 368 4712 trita.
418 4657 482 4709 Et
527 4654 809 4727 amplius,
848 4655 897 4710 si
939 4655 1231 4726 epitritam
1278 4661 1335 4711 et
1381 4658 1718 4729 sescuplam
1771 4659 1874 4712 du-

209 4744 499 4816 plamque
547 4743 836 4814 duplices,
876 4743 1051 4798 simul
1089 4744 1247 4798 aliud
1278 4745 1575 4817 diapason
1617 4747 1875 4818 spatium

207 4831 426 4887 eodem
458 4847 580 4903 quo
605 4832 771 4904 prius
800 4831 1009 4887 ordine
1041 4832 1302 4888 effecisti.

286 4922 358 4975 D.
402 4922 530 4985 Quo
556 4926 732 4993 pacto
777 4925 1002 4976 creterra
1047 4923 1614 4994 superparticulares
1643 4923 1878 4980 habitu-

210 5009 382 5064 dines
407 5025 546 5064 cum
565 5009 752 5081 duplo
774 5014 831 5066 et
849 5009 1193 5082 quadruplo
1219 5012 1873 5067 commensuralitatem

209 5115 338 5154 non
364 5099 630 5154 habent?

284 5188 367 5242 Μ.
400 5189 467 5243 Ut
494 5191 552 5243 et
579 5187 694 5242 hoc
726 5186 829 5244 tibi
857 5187 1120 5260 pateﬁat,
1142 5203 1179 5243 a
1209 5187 1604 5258 duodenario,
1628 5207 1748 5263 quo
1771 5193 1874 5246 mi-

206 5277 378 5332 nimo
405 5291 658 5331 numero
680 5280 871 5348 potest
891 5276 1337 5350 exempliﬁcari,
1363 5277 1666 5350 incipiam.
1694 5285 1745 5334 Is
1766 5297 1874 5335 nu-

209 5380 416 5420 merus
446 5365 605 5420 enim
651 5365 835 5420 XXIIII.
871 5382 1196 5422 numerum
1228 5366 1318 5422 sui
1348 5368 1676 5439 quantitate
1705 5369 1871 5423 meti-

209 5459 326 5522 tur,
359 5457 527 5524 parte
557 5453 650 5508 sui
679 5453 946 5522 dimidia,
981 5455 1164 5511 XVIII.
1198 5459 1367 5527 parte
1401 5457 1494 5510 sui
1520 5457 1709 5523 tertia,
1745 5458 1869 5512 XVI.

211 5546 381 5615 parte
413 5542 504 5597 sui
532 5547 750 5614 quarta
777 5545 884 5598 XV.
935 5544 1047 5599 Sed
1077 5544 1263 5615 XVIII,
1296 5561 1603 5614 numerus,
1636 5547 1741 5619 qui
1788 5553 1876 5603 est

212 5631 294 5688 ad
344 5629 444 5687 XII.
487 5629 854 5703 sesquialter,
889 5631 954 5686 ﬁt
1002 5632 1081 5687 ad
1110 5633 1327 5689 XXIIII.
1362 5634 1594 5707 epitrita
1646 5636 1872 5692 ratione

215 5719 800 5777 commensurabilis.
833 5723 1010 5777 Porro
1040 5721 1165 5777 XVI.
1198 5739 1508 5797 numerus,
1541 5726 1644 5799 qui
1673 5731 1765 5784 est
1793 5728 1870 5783 ad

1991 1825 2322 1865 consonam
2351 1814 2847 1870 commistionem.

2063 1901 2133 1954 Ι),
2177 1902 2302 1964 Qua
2332 1902 2557 1958 ratione
2587 1903 2801 1972 evenit,
2834 1907 2897 1959 ut
2943 1903 3002 1957 in
3049 1917 3338 1957 sonorum
3369 1899 3515 1954 serie
3545 1914 3652 1970 per

1991 1991 2206 2056 quarta
2229 1987 2361 2044 loca
2389 2005 2560 2046 voces
2588 1991 2704 2046 sint
2724 1991 2989 2063 epitritaa,
3005 2007 3113 2062 per
3133 1989 3343 2061 quinta
3365 1985 3650 2058 sesquial-

1993 2079 2148 2142 terae,
2179 2092 2284 2147 per
2309 2083 2522 2134 octava
2550 2079 2769 2152 duplae,
2803 2085 2858 2134 et
2888 2079 3018 2134 aliae
3047 2079 3170 2134 suis
3198 2077 3344 2132 locis
3363 2077 3390 2130 ‘I

2061 2165 2144 2217 M.
2188 2166 2333 2219 Cum
2363 2173 2608 2236 constet,
2639 2168 2734 2223 vel
2759 2168 2990 2238 epitrito
3019 2167 3112 2222 vel
3143 2164 3529 2237 sesquialtero
3557 2160 3648 2216 vel

1991 2251 2230 2308 duobus
2261 2255 2505 2324 epitritis
2557 2257 2754 2311 medio
2801 2256 3080 2327 epogdoo
3122 2251 3500 2310 intervallum
3540 2250 3648 2305 du-

1989 2339 2159 2410 plum
2189 2341 2492 2412 compleri,
2523 2343 2814 2414 epogdois
2861 2359 3069 2398 rursus
3100 2343 3234 2415 ipsa
3279 2339 3648 2412 epitritorum

1990 2428 2300 2484 intervalla
2338 2430 2732 2500 complentur.
2781 2431 3087 2504 Siquidem
3142 2430 3276 2484 duae
3328 2427 3538 2482 mediae
3587 2427 3648 2480 in

1988 2515 2281 2588 diapason
2307 2518 2616 2573 intervallo
2647 2520 2896 2590 voculae,
2927 2520 2987 2574 id
3021 2524 3130 2580 est.
3151 2522 3365 2590 quarta
3393 2521 3449 2571 et
3471 2515 3648 2588 quin-

1988 2609 2066 2672 ta,
2119 2606 2268 2662 dum
2319 2607 2567 2677 singulte
2619 2609 2696 2664 ad
2724 2609 3069 2665 aliudlatus
3122 2609 3514 2671 diatessaron,
3568 2604 3649 2659 ad

1988 2695 2152 2751 aliud
2179 2701 2460 2751 resonent
2488 2697 2786 2768 diapente,
2820 2702 3086 2770 utraeque
3139 2697 3220 2752 ad
3271 2712 3448 2750 suum
3493 2693 3649 2748 latus

1988 2784 2221 2856 epitrito
2251 2785 2488 2840 distant.
2526 2785 2639 2841 Sed
2670 2791 2990 2859 utrumque
3020 2802 3228 2842 rursus
3254 2785 3553 2857 epitritum
3577 2798 3648 2836 ea

1988 2873 2214 2928 ratione
2245 2873 2502 2945 epogdoi
2534 2876 2778 2946 stipant,
2812 2879 2872 2931 ut
2922 2875 2981 2930 in
3011 2879 3271 2947 quatuor
3300 2873 3650 2928 scindantur

1990 2961 2233 3016 voculas
2262 2963 2570 3019 intervalla
2614 2963 2750 3019 tria:
2784 2968 2850 3019 ut
2878 2963 3096 3018 scilicet
3132 2962 3366 3032 singula
3409 2962 3530 3016 duo
3558 2960 3648 3013 in-

1990 3049 2233 3105 tervalla
2263 3051 2532 3120 singulos
2581 3053 2825 3124 capiant
2852 3053 3182 3124 epogdoos,
3215 3052 3274 3106 id
3304 3056 3412 3118 est,
3443 3055 3642 3116 tonos,

1990 3139 2225 3195 tertium
2279 3141 2651 3212 compleatur
2705 3141 2992 3213 limmate,
3050 3140 3217 3214 quod
3265 3145 3352 3195 est
3408 3138 3646 3194 semito-

1989 3229 2177 3283 nium.
2209 3229 2299 3285 Sic
2330 3230 2635 3298 contingit,
2671 3236 2732 3286 ut
2759 3231 2986 3303 quartis
3018 3230 3164 3286 locis
3197 3246 3376 3285 voces
3419 3227 3647 3298 sesqui-

1990 3319 2190 3387 tertiat,
2221 3320 2442 3391 quintis
2493 3320 2876 3376 inveniantur
2927 3320 3343 3393 sesquialterae,
3403 3323 3649 3374 octavos

1988 3409 2151 3463 locos
2178 3409 2498 3465 sortiantur
2521 3409 2764 3481 duplex,
2789 3410 3204 3482 quindecimos
3225 3407 3520 3479 bisduplaa
3547 3421 3646 3462 ca-

1989 3499 2172 3569 piant,
2207 3497 2600 3554 duodecimos
2629 3499 2838 3570 triplae.

2057 3587 2129 3640 D.
2174 3587 2387 3650 Quteso
2417 3602 2540 3658 qua
2586 3586 2815 3640 ratione
2854 3585 2948 3640 vel
2990 3585 3199 3640 ordine
3243 3584 3303 3638 in
3356 3597 3646 3638 sonorum

1989 3674 2138 3729 serie
2169 3674 2290 3728 toni
2321 3690 2460 3729 cum
2494 3673 2822 3728 semitoniis
2849 3676 3243 3728 contexantur
3262 3672 3290 3726 ?

2057 3763 2139 3817 Μ.
2183 3763 2246 3817 Id
2291 3762 2552 3834 apertius
2596 3760 2863 3816 contueri
2908 3760 3149 3832 poteris,
3183 3759 3232 3813 si
3280 3759 3468 3830 prius,
3509 3773 3645 3828 quae

1987 3852 2356 3909 arithmetica
2404 3851 2714 3918 medietas,
2764 3867 2899 3924 qua).
2958 3849 3337 3919 geometrica,
3387 3863 3644 3920 quaeque

1986 3941 2336 3998 harmonica
2363 3944 2451 4006 sit,
2485 3940 2775 4013 pandam.

2058 4034 2126 4086 D.
2171 4031 2372 4086 Pande
2410 4045 2578 4099 rogo.

2055 4125 2134 4178 Μ.
2171 4126 2304 4177 Post
2323 4121 2740 4195 proportiones
2758 4122 3343 4196 proportionalitates
3370 4119 3644 4176 conside-

1983 4218 2208 4268 rantur.
2227 4216 2370 4268 Nam
2399 4213 2708 4284 proportio
2729 4219 2818 4270 est
2845 4213 3106 4268 duorum
3131 4213 3520 4268 terminorum
3544 4211 3647 4264 ha-

1985 4301 2218 4369 bitudo,
2263 4301 2791 4374 proportionalitas
2844 4318 2984 4356 vero
3043 4318 3159 4356 non
3219 4302 3417 4356 minus
3460 4314 3643 4370 quam

1987 4391 2185 4447 trium.
2221 4393 2370 4459 Ergo
2403 4391 2928 4463 proportionalitas
2975 4396 3079 4446 aut
3117 4389 3489 4445 arithmetica
3529 4403 3646 4439 Ine-

1987 4479 2201 4535 dietate
2232 4479 2632 4551 conjungitur,
2667 4485 2770 4534 aut
2799 4478 3177 4547 geometrica,
3212 4481 3314 4532 aut
3346 4473 3645 4530 harmoni-

1987 4585 2075 4623 ca.
2111 4568 2476 4624 Medietatem
2520 4572 2720 4623 autem
2773 4566 3046 4630 dicimus,
3080 4565 3180 4619 ubi
3209 4565 3345 4620 duae
3376 4560 3644 4616 extremi-

1987 4661 2132 4714 tates
2175 4657 2432 4712 (luorum
2480 4656 2569 4711 vel
2607 4656 2806 4710 minus
2861 4654 3059 4709 limitis
3104 4670 3264 4709 nexu
3312 4652 3371 4706 in
3403 4665 3645 4705 concor-

1984 4747 2147 4801 diam
2180 4745 2533 4801 vinciuntur.
2564 4743 2796 4799 Limites
2827 4747 3028 4798 autem
3057 4757 3161 4796 seu
3193 4740 3476 4797 terminos
3504 4737 3645 4792 dici-

1985 4852 2121 4890 mus
2153 4850 2539 4890 numerorum
2579 4847 2868 4887 summas.
2907 4831 3081 4902 [gitur
3125 4829 3499 4887 arithmetica
3524 4843 3644 4882 me-

1984 4925 2172 4981 dietas
2221 4928 2326 4990 est,
2359 4923 2460 4978 ubi
2509 4921 2771 4994 aequales
2815 4927 2988 4977 erunt
3031 4920 3326 4976 distantias
3355 4919 3507 4973 inter
3537 4923 3644 4973 ter-

1985 5015 2203 5081 minos,
2235 5013 2340 5066 sed
2386 5027 2508 5066 non
2559 5016 2698 5065 sunt
2749 5010 3022 5080 ejusdem
3075 5007 3480 5081 proportionis
3529 5007 3643 5079 ipsi

1984 5102 2240 5170 termini,
2277 5101 2427 5156 sicut
2457 5101 2670 5156 cernis.
2701 5098 2739 5154 l.
2769 5098 2828 5166 Il,
2855 5098 2935 5153 Ill.

2059 5195 2125 5247 Ι).
2177 5191 2366 5245 Cerno
2409 5188 2709 5261 equidem,
2752 5187 2788 5241 l.
2823 5186 2900 5242 ad
2943 5185 3002 5252 ll,
3036 5185 3313 5258 duplum,
3345 5185 3404 5241 II.
3440 5185 3518 5240 ad
3557 5185 3638 5239 III.

1984 5278 2459 5352 sesquialterum.

2055 5369 2136 5424 Μ.
2180 5370 2322 5422 Item
2376 5364 2735 5434 geometrica
2788 5364 3071 5419 medietas
3120 5369 3230 5428 est,
3261 5364 3323 5418 in
3368 5380 3492 5436 qua
3519 5379 3642 5418 non

1983 5459 2245 5531 mquales
2275 5454 2750 5522 diti'erentiae,sed
2769 5454 3028 5526 aequales
3058 5454 3476 5526 proportiones
3501 5468 3642 5507 con-

1985 5547 2341 5611 siderantur,
2376 5549 2437 5599 ut
2471 5542 2635 5598 vides
2667 5541 2704 5597 1.
2737 5541 2797 5596 II.
2827 5540 2928 5596 llll.

2055 5639 2128 5692 D.
2173 5635 2351 5691 Video
2377 5633 2580 5705 utique
2613 5632 2767 5687 sicut
2797 5631 2875 5687 ad
2904 5631 2942 5685 l.
2972 5631 3030 5686 Il.
3056 5630 3331 5705 duplum,
3364 5628 3444 5683 sic
3475 5627 3547 5683 ad
3578 5627 3638 5695 ll,

1985 5727 2086 5782 IIlI.
