3998 6198
392 224 532 289 1019

1024 221 1376 278 HUCBALDI
1411 220 1580 276 MON.
1625 219 1680 274 S.
1722 214 1995 279 AMANDI
2034 214 2183 273 ΟΡΡ.
2225 213 2407 277 PARS
2446 215 2514 271 II.
2556 247 2625 257 —
2662 216 3170 273 MISCELLANEA.

3679 217 3823 275 1020

458 350 545 409 Μ.
585 349 659 407 At
684 346 1037 410 harmonica
1064 342 1353 401 medietas
1383 346 1489 412 est,
1522 343 1585 398 in
1622 357 1745 415 qua
1777 356 1888 401 nec
1930 355 2040 394 eae-
2083 356 2130 411 Α
2161 337 2310 393 serie
2367 355 2506 397 cum
2546 340 2700 396 tonis
2758 340 3073 398 semitonia
3122 339 3543 413 disponantur,
3586 340 3824 403 deberet

278 454 287 459 ’
389 439 531 499 dem
558 436 972 511 proportiones
992 436 1363 506 quaeruntur,
1386 448 1497 488 nec
1522 431 1751 487 eaedem
1770 428 2045 510 diti‘erenj

389 528 507 597 tite,
539 527 645 587 sed
669 525 820 582 sicut
846 522 927 580 ab
954 521 1215 583 invicem
1247 526 1390 581 sunt
1417 520 1664 578 extremi
1693 518 1930 584 limites,
1964 518 2046 574 ita

390 614 743 681 earumdem
767 612 1023 675 limitum
1051 611 1419 679 differentiae,
1445 610 1596 667 sicut
1615 610 1805 667 cernis
1831 607 1913 664 111.
1938 606 2039 663 1111.

390 708 477 763 V1.

458 796 530 851 D.
564 793 757 855 Cerno
784 792 1004 851 scilicet
1030 795 1088 850 et
1119 795 1417 849 extremos
1445 790 1680 858 limites,
1711 801 2042 860 eorumque

387 881 754 945 differentias
779 881 969 955 duplo
993 881 1302 940 distantes.

456 973 541 1029 Μ.
583 972 721 1031 Haec
748 971 951 1045 itaque
978 970 1255 1045 praemitti
1292 969 1555 1043 oportuit
1581 968 1660 1027 ad
1686 965 2043 1036 videndum,

391 1061 725 1123 secundum
751 1076 940 1134 quam
986 1059 1368 1121 medietatem
1420 1075 1550 1116 sese
1586 1057 1853 1117 habeant
1880 1059 2046 1112 tono-

389 1167 527 1209 rum
547 1165 844 1209 mensura
873 1168 887 1220 ;
919 1149 1067 1207 dum
1097 1148 1347 1221 singulas
1368 1148 1529 1206 enim
1552 1146 1901 1203 medietates
1931 1143 2049 1199 sin-

391 1238 545 1309 gulis
574 1237 691 1295 sint
710 1237 995 1311 proprias,
1022 1241 1226 1295 tamen
1272 1254 1344 1293 ex
1384 1235 1670 1293 omnibus
1700 1232 1934 1292 musica
1964 1231 2049 1286 vi-

389 1328 563 1385 detur
588 1327 834 1387 intexta.
854 1329 1124 1399 Namque
1140 1325 1501 1395 geometrica
1527 1324 1815 1381 medietas
1836 1336 2048 1383 omnes

389 1416 471 1475 ad
493 1415 745 1475 invicem
776 1415 1102 1489 duplorum
1133 1415 1421 1476 terminos
1461 1414 1662 1479 nectit,
1694 1416 1759 1469 ut
1789 1412 1940 1471 sicut
1969 1409 2050 1467 ad

387 1505 475 1573 Vl.
502 1509 640 1567 sunt
666 1504 783 1562 X11.
818 1505 904 1562 sic
951 1505 1030 1565 ad
1068 1504 1170 1563 X11.
1204 1505 1319 1565 sint
1345 1504 1533 1563 XXIIII.
1569 1506 1636 1560 Et
1664 1518 1870 1560 rursus
1901 1500 2053 1555 sicut

387 1595 468 1657 ad
486 1594 591 1653 X11.
623 1593 811 1659 XXIIII.
849 1593 934 1651 sic
964 1594 1044 1651 ad
1070 1593 1260 1657 XXIIII.
1294 1593 1411 1653 sint
1438 1591 1651 1650 XLVIII.
1678 1594 1811 1649 limo
1832 1587 2049 1646 deinde

2156 430 2407 499 quartus
2448 427 2619 485 limes
2668 430 2913 505 apponi,
2944 429 3050 504 qui
3098 434 3249 489 esset
3291 429 3570 502 epitritus
3601 429 3680 486 ad
3706 431 3823 503 pri-

2152 531 2345 572 mum.
2406 521 2561 575 Inter
2606 535 2790 593 quem
2843 537 2912 578 ac
2978 519 3217 575 tertium
3272 518 3527 577 limitem
3591 520 3824 576 semito-

2152 605 2322 663 nium
2368 607 2778 669 collocaretur.
2809 609 2921 666 Sed
2967 626 3110 666 cum
3148 606 3344 667 LXIIIl.
3378 624 3677 665 numerus
3705 626 3823 666 non

2151 696 2355 767 possit
2409 697 2471 765 in
2545 698 2661 755 tria
2730 716 2905 773 aequa
2974 698 3209 773 partiri,
3267 698 3542 772 epitritus
3599 698 3653 755 ei
3706 714 3825 755 non

2152 784 2518 857 adjungitur.
2582 791 2838 845 Ducatur
2905 805 3047 859 ergo
3106 804 3211 863 per
3264 789 3407 856 tria,
3468 794 3530 845 et
3582 804 3727 845 mox
3773 777 3823 845 εί

2153 874 2420 946 epitritus
2474 878 2720 934 accedit.
2766 882 2871 935 Ter
2916 879 3123 952 itaque
3174 877 3358 935 LXIII].
3402 894 3595 951 quem
3626 894 3828 943 nume-

2153 979 2289 1020 rum
2320 964 2630 1023 reddunt?

2224 1054 2299 1110 Β.
2336 1054 2541 1111 CXCII.

2224 1143 2306 1199 Μ.
2349 1143 2561 1200 Etiam.
2593 1144 2683 1202 Ab
2712 1145 2826 1201 hoc
2855 1161 2999 1217 ergo
3042 1161 3297 1202 numero
3326 1143 3701 1219 principium
3733 1160 3822 1200 su-

2155 1247 2418 1303 mamus,
2449 1233 2529 1290 ad
2570 1249 2662 1304 ea,
2692 1250 2827 1309 quae
2875 1236 3171 1308 cepimus,
3212 1233 3598 1308 explicanda.
3651 1233 3824 1291 Dabis

2156 1319 2355 1393 itaque
2385 1322 2533 1378 mihi
2561 1323 2817 1395 duplum
2846 1324 3141 1397 ejusdem.

2227 1411 2301 1466 D.
2335 1410 2426 1465 Bis
2456 1412 2660 1469 CXCII.
2698 1413 2848 1470 ﬁunt
2879 1412 3318 1471 CCCLXXXIIII.

2228 1500 2308 1555 Μ.
2345 1499 2552 1573 Utique
2577 1518 2589 1556 :
2623 1501 2809 1559 habes
2833 1519 2969 1559 ecce
3000 1502 3155 1561 duos
3183 1502 3298 1557 hos
3319 1517 3612 1558 numeros
3639 1501 3703 1557 in
3727 1500 3830 1557 du-

2156 1585 2291 1658 plici
2323 1586 2633 1645 intervallo
2662 1590 2849 1646 CXCII.
2893 1590 3325 1647 CCCLXXXIIII.
3370 1590 3497 1645 Hoc
3529 1605 3699 1648 nunc
3728 1590 3829 1646 du-

386 1682 714 1756 duplorum
767 1682 1078 1745 intervalla
1135 1682 1375 1740 duobus
1429 1681 1579 1739 dum
1635 1678 2051 1771 compleantur
2090 1707 2131 1771 Β
2159 1674 2329 1747 plum
2349 1676 3000 1771 i‘ntervallumiduobus
3029 1678 3541 1771 oportetepitritis
3584 1677 3826 1751 implea-

389 1771 675 1841 terminis,
706 1771 859 1827 alius
891 1788 964 1827 ex
992 1772 1084 1827 his
1115 1771 1507 1841 arithmetica,
1538 1769 1691 1831 alius
1733 1767 2050 1824 medietate
2100 1766 2109 1771 ⁷
2159 1779 2316 1821 mus.
2346 1767 2432 1820 Da
2460 1780 2602 1837 ergo
2633 1766 2819 1823 CXCII.
2852 1767 3088 1823 numeri
3114 1767 3439 1840 epitritum.

385 1860 743 1923 harmoniae
790 1860 944 1919 duas
1000 1861 1112 1917 sibi
1154 1860 1554 1921 extremitates
1601 1857 1859 1931 copulat.
1919 1857 2047 1922 Quo

389 1950 551 2013 enim
595 1966 849 2011 numero
878 1949 1025 2009 V1111.
1070 1949 1350 2023 praecellit
1380 1949 1462 2017 Vl,
1489 1946 1760 2017 limitem,
1791 1962 1861 2001 eo
1900 1961 2051 2017 pras-

389 2039 618 2095 cellitur
658 2054 696 2095 a
741 2038 845 2108 ΧΠ,
876 2038 1079 2101 limite.
1111 2041 1363 2111 Quoque
1393 2039 1535 2095 item
1581 2052 1832 2094 numero
1875 2033 2045 2101 XVIII,

388 2126 562 2187 limes
591 2126 876 2199 praecellit
896 2126 1012 2187 X11.
1045 2126 1314 2193 limitem,
1330 2141 1402 2182 eo
1425 2124 1782 2201 praecellitur
1802 2140 1837 2179 a
1857 2121 2045 2187 XXIIII,

385 2215 592 2287 limite,
614 2214 987 2277 arithmetica
1006 2215 1297 2277 duntaxat
1318 2213 1650 2271 medietate.
1668 2215 1890 2271 Rursus
1905 2226 2053 2283 quo-

390 2308 453 2365 ta
481 2307 647 2376 parte
679 2302 761 2372 V1,
792 2303 965 2367 limes
994 2302 1121 2363 V111.
1155 2301 1455 2379 praecellit,
1496 2305 1619 2362 tota
1664 2304 1830 2377 parte
1872 2298 1966 2359 sui
2014 2314 2050 2359 θ.

390 2391 494 2460 ΧΠ,
522 2391 894 2464 praeuehitur.
924 2392 1096 2449 Vides
1140 2392 1323 2463 enim,
1354 2391 1500 2466 quia
1548 2390 1715 2451 tertia
1763 2393 1931 2465 parte
1961 2387 2048 2450 Vl,

393 2480 628 2537 numeri
654 2481 851 2552 major
879 2486 969 2541 est
994 2496 1284 2543 numerus
1306 2480 1438 2539 V1111
1463 2484 1521 2541 et
1558 2478 1727 2539 tertia
1753 2481 1923 2552 parte.
1955 2476 2048 2531 sui

392 2569 588 2635 major
627 2573 715 2629 est
743 2569 821 2630 ab
848 2569 975 2641 VIII,
1007 2585 1295 2635 numerus
1325 2568 1441 2630 ΧΗ.
1479 2568 1752 2627 Similiter
1780 2584 1843 2623 se
1867 2564 2048 2629 habet

393 2656 495 2717 X11.
525 2657 605 2715 ad
642 2657 781 2719 XVI.
835 2664 894 2721 et
940 2659 1068 2721 XVI.
1118 2674 1326 2721 rursus
1355 2657 1433 2717 ad
1475 2655 1662 2721 XXIIII.
1696 2654 2049 2719 harmoniae

392 2745 662 2806 videlicet
690 2746 1026 2809 medietate.

463 2836 536 2895 D.
572 2835 760 2897 Etiam
785 2836 981 2908 video,
1002 2836 1149 2909 quia
1178 2840 1306 2901 tum
1334 2837 1521 2911 quota
1548 2837 1716 2911 parte
1732 2832 1817 2903 V1,
1840 2848 2050 2898 nume-

395 2924 445 2983 ri
485 2924 681 2987 differt
728 2925 852 2984 VIII.
883 2930 1006 2993 tota
1043 2929 1213 2999 parte
1251 2924 1345 2985 sui
1381 2924 1501 2999 X11,
1539 2924 1638 2981 ab.
1675 2922 1799 2987 VIII,
1831 2922 2046 2992 differt,

396 3015 611 3086 evenit,
658 3020 723 3077 ut
762 3017 822 3075 in
863 3033 936 3077 ea
973 3017 1358 3091 proportione
1388 3015 1732 3079 differentiis
1764 3014 1897 3077 sint,
1931 3027 2052 3085 qua

394 3105 509 3178 ipsi
537 3105 616 3163 ad
646 3106 901 3167 invicem
929 3107 1175 3169 extremi
1204 3111 1344 3171 sunt
1382 3104 1637 3166 termini.
1672 3107 1742 3161 Ut
1778 3103 1937 3161 enim
1966 3103 2049 3161 V1.

398 3192 477 3253 ad
505 3192 623 3249 ΧΠ.
652 3192 736 3253 ita
761 3194 822 3250 ll.
852 3194 930 3255 ad
957 3194 1058 3253 1111.
1088 3199 1243 3257 Inter
1264 3194 1355 3251 VI.
1375 3194 1535 3251 enim
1556 3197 1613 3253 et
1635 3192 1762 3248 V111.
1785 3190 2053 3249 binarius

396 3278 730 3341 differentia
758 3286 867 3352 est,
897 3282 1048 3343 inter
1076 3283 1201 3341 V111.
1220 3298 1363 3340 vero
1393 3285 1451 3341 et
1478 3281 1580 3349 X11,
1611 3279 2049 3355 quaternarius.

468 3369 549 3423 Μ.
590 3370 764 3431 Recte
807 3385 1064 3442 prorsus
1113 3370 1406 3442 intelligis.
1457 3373 1530 3427 At
1583 3384 1744 3429 nunc
1793 3367 2050 3435 attende,

396 3457 650 3528 qualiter
684 3457 799 3531 ipsi
848 3459 992 3530 toni,
1045 3459 1149 3533 qui
1195 3459 1617 3533 praedictorum
1659 3457 2053 3517 terminorum

395 3544 706 3609 intervalla
749 3547 1071 3620 complent,
1116 3564 1241 3605 non
1296 3546 1668 3607 arithmetica
1714 3545 2050 3609 medietate,

395 3632 556 3690 velut
585 3634 715 3694 dies
744 3635 823 3699 ad
856 3636 984 3695 dies
1012 3637 1201 3710 aequis
1230 3636 1309 3699 ad
1336 3635 1593 3697 invicem
1634 3634 1908 3709 partibus
1941 3633 2051 3692 mi-

392 3727 664 3784 nuuntur
702 3729 760 3785 et
786 3732 1095 3787 crescunt:
1140 3742 1251 3782 nec
1282 3725 1362 3785 ad
1389 3725 1802 3785 harmonicam
1829 3723 2052 3779 medie-

397 3815 581 3871 tatem
609 3812 988 3875 dissimilium
1017 3814 1475 3888 proportiouum
1502 3817 1665 3883 sunt,
1692 3812 1798 3871 sed
1820 3827 2055 3883 geome-

397 3899 543 3955 trica
569 3902 872 3972 permensi
897 3903 1214 3959 medietate
1243 3902 1475 3976 epitrita
1504 3906 1561 3959 et
1590 3902 1739 3975 (698)
1770 3899 2055 3973 sesquial-

396 3991 521 4043 tera
546 3988 854 4047 intervalla
882 3992 1201 4064 complent.
1224 3991 1383 4048 Sicut
1410 3992 1571 4047 enim
1601 3989 1902 4049 secundus
1933 4005 2054 4047 ses-

394 4075 751 4147 quioctavus
779 4084 867 4137 est
895 4080 975 4139 ad
1001 4081 1263 4154 priorem
1294 4096 1377 4152 se,
1411 4080 1496 4141 sic
1524 4083 1715 4141 exstat
1744 4078 1947 4137 tertius
1977 4076 2055 4133 ad

397 4164 752 4227 secundum.
784 4167 944 4227 Sicut
971 4169 1052 4227 ad
1081 4169 1285 4231 LXIIII.
1319 4169 1768 4244 sesquioctavus
1815 4172 1903 4224 est
1940 4183 2053 4227 nu-

397 4267 600 4311 merus
629 4254 828 4313 LXXII.
864 4255 945 4313 sic
988 4257 1067 4315 ad
1116 4257 1302 4317 LXXII.
1330 4257 1780 4334 sesquioctavus
1828 4261 1917 4313 est
1945 4272 2055 4315 nu-

395 4357 599 4403 merus
623 4344 876 4407 LXXXI.

2236 1854 2305 1910 Ι).
2342 1854 2529 1911 CXCII.
2564 1856 2797 1913 numeri
2845 1871 2987 1928 pars
3034 1857 3223 1924 tertia,
3256 1856 3316 1912 id
3366 1862 3475 1923 est,
3530 1855 3829 1913 LX1111.ei-

2161 1941 2300 1999 dem
2350 1942 2554 1999 addita
2604 1945 2823 2005 CCLVI.
2852 1944 3065 2001 reddit.
3098 1944 3210 2010 Qui
3244 1961 3540 2002 numerus
3585 1961 3731 2001 cum
3760 1944 3830 2001 sit

2160 2030 2239 2086 ad
2268 2031 2639 2105 subduplum
2686 2035 3006 2093 terminum
3036 2035 3326 2113 epitritus,
3362 2041 3555 2093 exstat
3603 2034 3684 2092 ad
3728 2034 3829 2091 du-

2158 2120 2328 2192 plum
2355 2122 2721 2194 sesquialter.

2228 2210 2309 2265 Μ.
2352 2214 2437 2267 Da
2466 2212 2737 2283 ejusdem
2770 2214 2958 2271 CXCII.
2987 2229 3314 2271 numerum
3343 2215 3778 2289 sescuplarem.

2226 2300 2300 2354 D.
2334 2300 2538 2357 CXCII.
2573 2318 2711 2377 pars
2740 2303 3009 2371 dimidia,
3042 2303 3103 2359 id
3149 2308 3242 2360 est
3280 2304 3454 2361 XCVI.
3488 2305 3688 2360 eidem
3737 2304 3831 2361 ad-

2155 2386 2277 2443 dita
2329 2389 2769 2463 CCLXXXVIII],
2801 2392 3137 2465 perﬁciunt.
3180 2394 3294 2460 Qui
3344 2409 3638 2450 numerus
3695 2409 3830 2449 cum

2156 2474 2229 2531 sit
2277 2475 2354 2531 ad
2401 2477 2776 2553 subduplum
2824 2480 3148 2537 terminum
3206 2481 3591 2554 sescuplaris,
3640 2486 3831 2543 exstat

2156 2563 2424 2636 epitritus
2451 2566 2531 2623 ad
2559 2567 2834 2642 duplum.

2226 2653 2309 2711 Μ.
2339 2654 2423 2710 Ita
2448 2655 2713 2727 profecto
2737 2662 2844 2713 est.
2879 2657 3003 2714 Sint
3032 2673 3194 2714 nunc
3225 2660 3289 2716 in
3311 2659 3522 2715 ordine
3546 2657 3831 2732 dispositi

2155 2746 2415 2813 quatuor
2469 2745 2531 2800 hi
2595 2745 2830 2805 termini
2881 2746 3071 2803 CXCII.
3131 2747 3352 2805 CCLVI.
3416 2747 3823 2805 CCLXXXVIII.

2157 2832 2562 2893 CCCLXXXIII.
2612 2839 2759 2893 Cum
2809 2836 2885 2892 sit
2911 2836 3090 2906 igitur
3118 2836 3272 2895 inter
3299 2838 3568 2913 primum
3620 2854 3696 2893 ac
3747 2854 3829 2893 se-

2160 2921 2428 2987 cundum
2488 2924 2812 2983 terminum
2853 2925 3234 2983 intervallum
3267 2927 3597 3000 epitritum,
3634 2927 3832 2983 simili-

2160 3014 2247 3070 ter
2284 3010 2435 3075 inter
2487 3014 2720 3075 tertium
2769 3019 3175 3089 quartumque
3218 3016 3603 3079 intervallum
3643 3016 3833 3089 epitri-

2164 3103 2327 3157 tum:
2358 3100 2491 3172 ipsa
2522 3118 2681 3163 nunc
2710 3102 3084 3175 epitritorum
3112 3103 3424 3163 intervalla
3461 3105 3621 3163 tonis
3647 3120 3722 3161 ac
3748 3121 3831 3160 se-

2163 3188 2425 3249 mitoniis
2472 3191 2908 3263 compleamus.
2970 3193 3221 3249 Sumam
3274 3198 3555 3251 octavam
3604 3200 3831 3268 partem

2162 3278 2370 3335 CXCII.
2398 3280 2652 3349 numeri,
2680 3296 2817 3353 quae
2844 3286 2931 3336 est
2957 3281 3144 3338 XXIIII.
3178 3286 3237 3339 et
3277 3281 3345 3338 ﬁt
3381 3298 3493 3356 per
3521 3283 3683 3338 hanc
3719 3286 3831 3340 toni

2162 3367 2527 3427 additionem
2560 3370 2777 3426 CCXVI.
2806 3386 3114 3442 numerus,
3148 3371 3453 3445 secundus
3494 3377 3702 3428 tonus.
3730 3374 3829 3429 Su-

2162 3473 2327 3517 mam
2377 3459 2604 3517 CCXVI.
2657 3459 2892 3517 numeri
2940 3464 3172 3532 partem
3221 3464 3528 3531 octavam,
3558 3478 3701 3534 quae
3752 3466 3831 3516 est

2163 3547 2354 3607 XXVII.
2383 3553 2439 3603 et
2467 3547 2532 3603 ﬁt
2556 3564 2662 3621 per
2688 3549 2846 3605 hanc
2873 3549 2998 3605 teni
3032 3549 3404 3607 additionem
3431 3550 3701 3607 CCXLIII.
3732 3568 3830 3607 nu-

2163 3654 2384 3705 merus,
2406 3654 2592 3694 sonus
2621 3638 2843 3696 tertius.
2862 3640 3107 3699 Sumere
3133 3654 3258 3695 non
3277 3655 3533 3713 possum
3558 3639 3827 3697 CCXLIII.

2161 3725 2396 3787 numeri
2425 3730 2654 3801 partem
2686 3731 2982 3789 octavam.
3014 3727 3160 3799 quia
3188 3728 3340 3785 inter
3369 3728 3535 3784 hunc
3575 3734 3635 3784 et
3654 3744 3826 3802 quar-

2164 3822 2287 3871 tum
2320 3815 2661 3884 terminum,
2688 3815 2793 3888 qui
2815 3820 2903 3872 est
2933 3815 3149 3886 CCLVI,
3182 3816 3409 3889 quique
3442 3821 3535 3872 est
3562 3817 3825 3889 epitritus

2162 3901 2238 3956 ad
2267 3902 2552 3974 primum,
2572 3904 2853 3961 tredecim
2886 3908 3117 3960 tantum
3141 3905 3399 3961 unitates
3417 3906 3822 3974 inveniuntur,

2161 4006 2297 4062 quae
2349 3992 2629 4049 distantia
2674 3997 2764 4051 est
2812 3994 2871 4049 in
2925 3993 3221 4049 semitonii
3266 3994 3521 4050 ratione.
3559 3996 3623 4050 Et
3668 3993 3827 4049 ﬁnita

2163 4084 2248 4135 est
2277 4080 2647 4138 diatessaron
2670 4082 2997 4138 modulatio
3026 4082 3269 4138 duobus
3297 4082 3459 4138 tonis
3489 4099 3563 4138 ac
3597 4083 3828 4138 semito-

2162 4168 2263 4224 nia
2319 4174 2659 4241 supputata.
2736 4173 2956 4226 Rursus
3020 4170 3312 4243 quoniam
3362 4172 3684 4244 sescuplus
3748 4174 3828 4226 est

2163 4259 2442 4332 epogdoa
2467 4258 2693 4315 ratione
2719 4260 2934 4332 major,
2968 4259 3175 4316 tollam
3198 4259 3274 4315 de
3314 4276 3467 4315 sono
3497 4267 3741 4333 quarto,
3770 4260 3826 4315 id

2163 4353 2271 4416 est,
2301 4347 2515 4417 CCLVI,
2538 4364 2791 4404 numero
2822 4353 3092 4406 octavam
3122 4363 3317 4416 suam,
3348 4365 3487 4422 quae
3518 4354 3611 4405 est
3640 4348 3821 4407 XXXII.

466 4435 539 4494 D.
580 4433 890 4505 Cognosco
926 4436 1172 4510 quidem
1209 4452 1390 4506 nunc,
1423 4436 1677 4511 qualiter
1699 4436 1917 4493 horum
1946 4452 2053 4493 nu-
2088 4406 2135 4461 D
2163 4441 2220 4492 et
2247 4406 2313 4493 fit
2339 4452 2446 4510 per
2476 4406 2577 4507 liuj
2590 4454 2656 4491 us
2686 4436 2809 4493 toni
2832 4437 3228 4509 adjectionem
3257 4406 3825 4497 CCLXXXVIIImu-

394 4537 701 4581 mororum
749 4524 936 4583 modo
972 4526 1099 4584 toni
1141 4528 1461 4584 metiantur
1501 4543 1538 4582 a
1585 4526 1760 4583 tonis.
1791 4525 1902 4583 Sed
1933 4525 2048 4594 dic,

395 4628 520 4685 qua
539 4628 724 4673 causa
746 4614 859 4671 hos
889 4630 1174 4673 numeros
1197 4632 1308 4688 pro
1333 4614 1609 4687 exemplo
1637 4614 1868 4683 legeris.

466 4700 551 4758 Μ.
594 4702 890 4767 Quoniam
917 4702 980 4760 id
1009 4703 1227 4761 minori
1273 4718 1527 4763 numero
1569 4700 1891 4761 monstrari
1927 4717 2051 4756 non

394 4790 604 4863 potuit,
636 4806 825 4863 quam
870 4791 1177 4851 octonario
1203 4792 1385 4851 octies
1422 4791 1623 4849 ducto.
1655 4793 1706 4845 Is
1736 4792 1937 4847 autem
1966 4794 2055 4847 est

396 4877 603 4939 LXllll.
630 4878 729 4939 hic
766 4879 928 4943 enim
973 4880 1119 4954 quia
1166 4879 1466 4939 secundus
1491 4881 1579 4932 est
1607 4876 1902 4951 octuplus,
1936 4893 2052 4933 ses-

397 4965 748 5037 quioctavos
801 4967 956 5027 duos
1011 4982 1085 5025 ex
1149 4981 1211 5022 se
1283 4964 1577 5038 producit.
1636 4968 1787 5023 Nam
1838 4969 2053 5025 octava

400 5052 599 5109 LX111].
658 5057 895 5110 numeri
956 5054 1153 5111 eidem
1210 5053 1414 5113 addita
1474 5053 1673 5110 LXXII.
1729 5070 2050 5111 numerum

395 5139 607 5201 reddit.
635 5145 815 5200 Porro
829 5148 1042 5203 octava
1065 5159 1206 5217 pars
1238 5144 1454 5205 LXXII.
1472 5142 1667 5201 eidem
1694 5142 1898 5201 addita
1916 5143 2050 5201 red-

397 5227 485 5285 dit
525 5231 763 5287 LXXXI.
814 5236 881 5289 Et
920 5232 1003 5289 ita
1044 5232 1197 5287 ﬁunt
1243 5232 1639 5306 sesquioctavi
1684 5231 1828 5303 duo,
1862 5232 2048 5289 LXIII].

398 5314 600 5381 LXXII.
650 5320 873 5381 LXXXI.
901 5324 1118 5379 Verum
1161 5323 1451 5398 quoniam
1498 5322 1875 5397 pr0positum
1922 5322 2047 5392 fuit,

394 5407 631 5484 plenius
655 5409 973 5483 explicare,
1005 5410 1258 5483 qualiter
1284 5416 1343 5471 et
1371 5413 1435 5469 in
1463 5412 1696 5486 epitrito
1738 5411 2050 5469 intervallo

396 5499 519 5556 duo
544 5499 669 5557 toni
705 5514 846 5555 cum
875 5500 1210 5574 semitonio,
1238 5517 1350 5558 nec
1377 5518 1502 5560 non
1528 5502 1591 5559 in
1620 5506 1741 5560 tota
1764 5517 2052 5559 sonorum

467 5681 618 5757 (698)
658 5679 917 5739 Salemit.
930 5726 945 5755 ,
973 5683 1266 5753 sescupla.

2161 4542 2384 4595 merus,
2431 4541 2615 4582 sonus
2661 4526 2925 4599 quintus.
2980 4529 3059 4582 De
3099 4542 3249 4582 sono
3293 4526 3510 4600 quinto
3556 4527 3825 4583 auferam

2159 4620 2437 4671 octavam
2480 4632 2675 4685 suam,
2706 4632 2842 4689 quae
2889 4620 2977 4672 est
3011 4616 3250 4683 XXXVI,
3283 4620 3340 4671 et
3390 4616 3459 4672 ﬁt
3487 4632 3601 4689 per
3628 4618 3824 4688 hujus-

2158 4699 2325 4756 modi
2351 4700 2746 4772 adjectionem
2778 4698 3110 4758 CCCXXIIII.
3142 4716 3454 4769 numerus,
3489 4718 3680 4757 sonus
3702 4717 3822 4757 sex-

2159 4792 2272 4844 tus.
2304 4792 2384 4845 De
2415 4805 2563 4845 sono
2611 4794 2777 4845 sexto
2824 4789 3095 4847 auferam
3138 4793 3416 4847 octavam
3457 4807 3663 4861 suam,
3694 4806 3822 4863 qua:

2160 4881 2247 4935 est
2274 4880 2379 4939 XL.
2408 4883 2465 4935 et
2495 4878 2695 4948 semis,
2728 4879 2914 4951 ﬁtque
2942 4894 3048 4951 per
3076 4879 3233 4935 hanc
3263 4879 3388 4936 toni
3418 4879 3822 4951 adjectionem

2162 4966 2483 5025 CCCLXIIII.
2534 4983 2843 5038 numerus,
2876 4982 3060 5023 sonus
3101 4967 3409 5043 septimus.
3446 4970 3497 5023 Α
3551 4984 3710 5024 sono
3735 4981 3826 5023 au-

2162 5061 2280 5112 tem
2330 5058 2583 5129 septimo
2628 5056 2917 5112 adversus
2960 5056 3368 5114 CCCLXXXIIII.
3404 5062 3465 5115 et
3502 5058 3690 5115 semis
3719 5073 3823 5113 nu-

2162 5162 2419 5216 merum,
2450 5147 2556 5221 qui
2596 5150 2840 5203 octavus
2884 5151 2971 5203 est
3000 5163 3204 5215 sonus,
3236 5151 3466 5205 restant
3494 5148 3560 5205 in
3599 5148 3827 5204 semito-

2162 5237 2243 5295 nii
2273 5237 2501 5293 ratione
2544 5235 2713 5305 XVIII,
2747 5236 3024 5306 unitates,
3057 5241 3115 5295 et
3155 5236 3325 5301 ﬁnita
3364 5242 3456 5296 est
3496 5237 3827 5294 modulatio

2161 5326 2441 5400 diapente
2471 5326 2679 5382 tribuis
2708 5326 2863 5382 tonis
2893 5342 2964 5383 ac
2993 5327 3308 5383 semitonio
3340 5332 3696 5401 supputata.

2232 5415 2459 5473 Horum
2487 5413 2822 5488 descriptio.
