4014 6198
918 364 1135 445 fanus.

1254 358 1267 729 Ι

513 668 781 684 ὴ

858 674 1248 686 ——__—_

1275 388 1726 453 Semitonium.|
1837 388 2053 443 Tonus.
2168 388 2180 453 Ι
2290 396 2486 453 Tonus

472 556 674 611 XXIIII.
800 554 812 622 |
932 560 1130 616 XXVII.
1254 554 1265 622 |
1425 563 1558 616 xm.
1712 554 1724 622 Ι
1868 554 2017 609 XXII.
2167 554 2179 622 Ι
2284 563 2511 622 XXXVI.
2621 554 2633 622 Ι
2802 565 2886 620 XL

2204 751 2257 809 Ω
2618 751 2708 809 In

379 831 433 872 α
798 795 887 930 l"
1250 795 1344 930 1°
1708 795 1798 930 l"
2162 795 2256 930 l9
2618 795 2708 930 Ιἒς

374 876 762 930 Μιὲιπυνιὶηιια
830 869 1215 930 avrum-Arum
1286 845 1568 930 gl:mmn
1742 863 2128 930 Ξιῗηησιῖηιια
2197 886 2582 930 κΠηΛηᾹΑ..κ
2652 858 2757 930 2‘21:

376 869 808 1019 :Epogdous.l
830 869 1262 1019 glEpogdous.|
1286 869 1595 999 gLimma.
1708 869 1719 1019 Ι
1742 869 1889 1019 ἓΕρ

2019 869 2173 1019 ous.l
2196 869 2629 1019 EEpogdoual
2651 869 3057 1008 EEpogdous.

833 1028 844 1039 Ι
1288 1027 1339 1047 ι..
1744 1028 1755 1039 l

1288 1055 1300 1067 ι

2196 991 2248 1012 μσς.
2653 991 2705 1008 ι-

2160 991 2172 1087 Ι
2615 991 2627 1087 Ι

2654 1041 2705 1059 ι-η

2200 1061 2254 1085 ³-1
2654 1066 2706 1087 υ

1250 732 1263 1168 ἱ

862 1235 1192 1307 Epitritum.

858 1403 1210 1478 Sescuplare
1708 1379 1721 1518 Ι

1574 200 1831 259 MUSICA
1868 200 2314 262 ENCHIRIADIS

2200 674 2618 693 ~—

2160 1220 2175 1354 Ι
2682 1252 3013 1326 Epitritum.

2161 1388 2174 1531 Ι
2675 1420 3027 1493 Sescuplare

371 1520 3502 1549 "mn—ww

1802 1583 1847 1636 D
1862 1572 2080 1656 upluin

3511 202 3648 272 θὼρ

3098 396 3510 463 Semitonium.

3228 572 3384 631 XVII.

3108 778 3162 863 ἓ
3250 808 3253 813 .

3105 866 3414 997 EUmmm

350 1690 3263 1720 MM

295 1757 419 1814 Atsi
448 1755 832 1813 mensionum
851 1768 1097 1825 quoque
1112 1752 1531 1825 probationem
1550 1755 1880 1829 desideras,
1919 1767 1965 1818 A
1995 1764 2408 1839 disponamus.
2469 1770 2639 1826 Enim
2691 1784 2830 1824 vero
2884 1783 3048 1823 nona
3073 1771 3241 1839 parte
3282 1767 3485 1824 demta
3514 1784 3570 1824 a.
3597 1784 3650 1822 z.

224 1846 405 1903 facies
460 1843 755 1901 chordam
798 1841 878 1899 ad
930 1842 1242 1911 chordam,
1305 1842 1428 1899 sive
1484 1842 1747 1901 ﬁstulam
1804 1847 1884 1903 ad

220 1934 490 1995 ﬁstulam
546 1932 782 2006 epitrito
811 1932 1125 2002 majorem,
1166 1945 1302 2003 quae
1344 1937 1560 2004 quarto
1605 1933 1740 1991 loco
1774 1952 1884 2008 po-

222 2024 429 2080 nenda
453 2023 548 2080 sit.
581 2022 783 2079 Facies
840 2024 898 2079 et
937 2019 1326 2091 sesquialtero
1363 2020 1718 2093 longiorem,
1748 2042 1884 2098 quae

221 2112 359 2169 loco
380 2113 591 2186 quinto
610 2112 858 2168 locetur.
890 2109 1087 2166 Facies
1108 2109 1295 2181 duplo
1314 2109 1671 2184 longiorem,
1699 2130 1884 2186 quam

223 2204 503 2257 octavam
561 2214 770 2272 pones.
825 2202 967 2254 Item
1007 2197 1216 2269 prima:
1264 2197 1503 2257 chordae
1536 2216 1645 2256 seu
1672 2201 1886 2257 ﬁstulae

223 2295 507 2346 octavam
532 2293 765 2359 partem
793 2301 1041 2342 sumens
1070 2300 1341 2357 appones
1378 2288 1679 2344 secundae.
1714 2291 1885 2346 Octa-

222 2394 371 2435 vam
400 2376 678 2434 secundae
712 2389 958 2432 sumens
1015 2389 1286 2445 appones
1329 2375 1551 2442 tertiis;
1610 2381 1886 2437 octavam

224 2466 412 2525 tertia:
438 2480 677 2523 sumere
728 2478 853 2523 non
896 2463 1119 2535 poteris
1149 2462 1226 2519 ad
1256 2464 1657 2522 emetiendam
1709 2483 1887 2539 quar-

224 2559 375 2625 tam,
405 2570 541 2627 qua“:
566 2554 696 2624 jam
728 2567 1086 2611 mansurum
1107 2552 1339 2623 accepit
1362 2568 1399 2609 a
1427 2553 1644 2623 prima,
1678 2560 1888 2613 contra

220 2657 416 2715 quam
440 2641 659 2699 scilicet
686 2641 844 2698 facta
872 2644 964 2699 est
994 2639 1244 2713 epitrita.
1278 2640 1551 2698 Similiter
1578 2657 1702 2698 non
1732 2660 1888 2716 opus

222 2735 336 2798 est,
368 2730 645 2803 quintam
671 2729 880 2786 iterato
900 2728 1094 2785 metiri
1118 2744 1225 2800 per
1243 2736 1544 2801 quartam,
1568 2730 1711 2803 quia
1738 2730 1887 2789 dum

223 2819 303 2875 sit
335 2817 694 2890 sescuplaris
754 2816 986 2889 primis,
1046 2817 1464 2889 sesquioctava
1491 2818 1742 2877 efﬁcitur
1769 2820 1889 2892 epi-

222 2908 395 2966 tritae.
429 2908 660 2972 Quinta
684 2922 896 2965 rursus
924 2910 1199 2963 octavam
1232 2906 1441 2964 tollens
1470 2908 1727 2965 metieris
1754 2925 1885 2965 sex-

222 3001 377 3065 tam,
430 3000 608 3055 sexta
665 2998 939 3054 octavam
993 2994 1206 3051 tollens
1248 2995 1507 3053 metieris
1547 2997 1884 3069 septimam.

223 3089 336 3142 Per
364 3086 684 3159 septimam
729 3089 1007 3144 octavam
1062 3084 1253 3143 metiri
1294 3100 1418 3141 non
1472 3086 1714 3157 poteris,
1747 3087 1890 3159 quia

221 3175 379 3232 dum
407 3180 622 3232 octava
650 3178 858 3233 contra
886 3173 1160 3246 quintam
1189 3173 1348 3232 facta
1375 3174 1448 3232 sit
1475 3175 1727 3247 epitrita,
1763 3191 1892 3247 sep-

223 3264 390 3321 timae
445 3268 503 3321 et
538 3267 765 3320 octavae
802 3261 1084 3321 distantia
1114 3262 1496 3321 semitonium
1529 3262 1653 3322 erit.
1697 3267 1891 3336 Atque

222 3353 345 3409 hoc
366 3352 814 3409 intervallorum
838 3352 1020 3407 modo
1048 3366 1227 3407 voces
1247 3351 1492 3408 diversae
1523 3353 1694 3409 suavi
1720 3354 1891 3423 junc-

236 3445 380 3498 tura
411 3441 790 3497 conveniunt.

303 3532 375 3584 D.
418 3530 623 3587 Mirum
651 3532 827 3600 certe,
854 3544 976 3585 non
1002 3544 1183 3602 posse
1219 3528 1387 3585 aliter
1441 3546 1619 3586 voces
1650 3547 1892 3587 concor-

227 3617 397 3684 dare,
426 3616 539 3672 nisi
567 3632 729 3674 nunc
778 3616 933 3671 intra
972 3615 1299 3688 epitritum,
1357 3631 1519 3671 nunc
1565 3617 1720 3672 intra
1768 3633 1890 3672 ses-

227 3705 595 3778 quialterum
626 3704 887 3777 spatium
920 3704 1376 3782 semitoniorum
1419 3704 1734 3761 intervalla
1757 3721 1891 3761 coa-

224 3797 529 3862 rctentur;
586 3794 667 3849 ita
700 3796 765 3848 ut
792 3808 902 3847 nec
954 3791 1032 3847 ad
1080 3791 1457 3847 medietatem
1502 3793 1892 3864 praecedentis

229 3882 360 3938 toni
391 3881 759 3954 perveniant.

301 3972 389 4027 Μ.
432 3973 572 4028 Vere
613 3970 768 4029 mira
795 3974 851 4028 et
875 3968 1091 4027 deiﬁca
1118 3969 1234 4027 hoc
1265 3969 1461 4027 evenit
1497 3969 1746 4029 ratione.
1777 3971 1892 4028 Sed

228 4064 299 4118 ut
321 4059 403 4117 ad
429 4058 726 4133 liquidum
751 4064 967 4118 cuncta
993 4058 1338 4127 dignoscas,
1364 4062 1658 4117 tentemus
1683 4064 1742 4117 et
1767 4076 1894 4117 mo-

226 4149 526 4207 nochordi
552 4148 907 4206 divisionem
940 4162 1047 4220 per
1092 4147 1338 4205 easdem
1367 4147 1606 4218 regulas
1635 4165 1889 4209 sumere.

230 4240 360 4295 Hoc
389 4252 532 4308 ergo
562 4237 731 4309 prius
780 4236 1040 4307 cognito,
1072 4235 1241 4308 quod
1273 4236 1687 4308 productiores
1727 4239 1895 4297 chor—

228 4327 328 4383 ὼε
360 4342 466 4383 seu
493 4326 708 4385 ﬁstulae
740 4342 924 4385 sonos
955 4325 1257 4395 graviores
1309 4325 1514 4393 edunt,
1569 4329 1627 4383 et
1654 4341 1726 4383 eo
1750 4341 1891 4383 acu-

230 4416 414 4473 tiores
437 4432 561 4489 quo
587 4416 807 4474 fuerint
845 4415 1188 4481 breviores;
1246 4417 1312 4470 ut
1367 4414 1665 4471 contrario
1708 4416 1894 4473 modo

231 4505 524 4562 medietas
552 4504 810 4578 duplum
830 4507 1021 4571 sonet,
1053 4507 1269 4575 quarta
1289 4516 1431 4574 pars
1460 4502 1890 4576 quadruplum.

232 4596 320 4652 Sit
347 4610 491 4665 ergo
520 4593 750 4653 chorda
786 4593 1040 4662 intensa,
1074 4590 1254 4649 veluti
1285 4590 1364 4650 ab
1399 4607 1454 4649 a.
1487 4592 1548 4648 in
1596 4609 1646 4649 z.
1687 4592 1894 4653 tollam

230 4685 416 4754 hujus
436 4683 756 4743 dimidium
782 4680 976 4755 spatii,
1011 4679 1192 4737 veluti
1223 4680 1302 4737 ab
1332 4681 1392 4738 h.
1436 4680 1496 4737 in
1525 4698 1575 4737 z.
1604 4686 1663 4739 et
1716 4681 1896 4752 pulsa

231 4771 524 4829 medietas
552 4773 850 4845 diapason
878 4773 1121 4828 resonat
1150 4769 1226 4828 ad
1258 4774 1469 4826 totum.
1515 4768 1743 4829 Tollam
1770 4787 1896 4831 me-

230 4859 521 4915 dietatem
548 4860 801 4930 dimidii,
832 4858 1012 4914 veluti
1042 4858 1120 4914 ab
1150 4859 1209 4913 h.
1240 4857 1302 4912 in
1332 4873 1391 4929 p.
1417 4862 1475 4913 et
1502 4863 1746 4916 resonat
1773 4859 1894 4915 dis-

229 4949 550 5023 diapason.
581 4954 722 5005 ltem
771 4948 833 5005 in
860 4954 1114 5020 utroque
1144 4946 1441 5019 diapason
1487 4947 1680 5019 spatio
1705 4948 1894 5004 mino-

229 5055 332 5095 res
364 5037 740 5111 symphoniae
765 5037 1186 5110 disponantur,
1234 5036 1295 5090 id
1327 5039 1435 5105 est,
1468 5036 1546 5093 ab
1573 5052 1628 5093 a.
1665 5054 1714 5092 z.
1742 5037 1801 5092 in
1835 5054 1890 5093 a.

231 5129 297 5184 h.
331 5133 387 5185 et
408 5143 615 5199 rursus
644 5126 723 5183 ab
749 5127 809 5183 h.
833 5143 884 5181 z.
908 5126 971 5181 in
999 5125 1058 5182 h.
1088 5141 1148 5198 p.
1183 5124 1416 5181 Tollam
1442 5129 1723 5198 quartam
1753 5142 1893 5199 par-

232 5223 358 5275 tem
398 5233 454 5273 a.
501 5235 549 5273 z.
606 5216 802 5289 spatii,
857 5221 915 5273 et
964 5214 1290 5288 respondet
1316 5213 1375 5269 d.
1410 5213 1891 5272 z..diatessaron.

231 5307 463 5364 Tollam
520 5307 756 5362 tertiam
810 5310 1045 5378 partem
1098 5321 1155 5362 a.
1214 5322 1264 5359 κ.
1320 5308 1378 5360 et
1404 5302 1727 5376 respondet
1757 5320 1812 5360 e.
1842 5321 1891 5362 z.

232 5397 536 5471 diapente.
565 5395 840 5451 Similiter
867 5396 930 5450 in
957 5396 1019 5450 h.
1068 5410 1128 5467 p.
1190 5393 1382 5467 spatio
1413 5392 1653 5449 sublata
1680 5398 1896 5465 quarta

232 5491 405 5561 parte
433 5487 813 5543 diatessaron
844 5489 1020 5543 sonat
1051 5504 1063 5553 ;
1099 5484 1336 5542 sublata
1354 5486 1520 5558 parte
1560 5482 1732 5539 tertia
1768 5482 1895 5539 dia-

234 5578 415 5648 pente
444 5578 571 5631 erit.

312 5666 477 5720 Nunc
525 5663 899 5721 diatessaron
946 5664 1003 5719 et
1029 5661 1308 5736 diapente
1363 5662 1555 5741 spatia
1605 5660 1895 5735 epogdois

1995 1858 2190 1927 spatii,
2221 1860 2330 1916 erit
2358 1860 2417 1916 b.
2470 1875 2517 1917 z.
2561 1863 2757 1916 tonus.
2806 1859 3013 1912 Demta
3058 1871 3224 1912 nona
3264 1861 3432 1929 parte
3486 1856 3547 1914 b.
3595 1873 3647 1913 z.

1994 1947 2187 2017 spatii,
2217 1949 2325 2004 erit
2349 1965 2399 2004 c.
2451 1966 2499 2005 z.
2559 1952 2758 2017 tonus,
2789 1951 2847 2002 et
2874 1946 2933 2002 d.
2967 1963 3014 2001 z.
3059 1946 3464 2002 semitonium.
3499 1949 3648 2003 Cum

1994 2050 2134 2091 vero
2163 2036 2537 2093 diatessaron
2570 2040 2625 2091 et
2667 2036 2946 2106 diapente
2976 2033 3310 2089 diﬂerentia
3345 2034 3420 2089 sit
3449 2038 3647 2105 tonus,

1994 2123 2100 2179 erit
2145 2140 2390 2198 quoque
2439 2125 2498 2180 d.
2554 2141 2602 2178 z.
2664 2123 2744 2179 ad
2799 2138 2851 2178 e.
2902 2138 2951 2176 z.
2997 2126 3194 2187 tonus,
3245 2121 3448 2177 demta
3485 2135 3650 2176 nona

1993 2218 2160 2284 parte
2213 2230 2265 2269 e.
2325 2231 2372 2269 z.
2423 2212 2617 2286 spatii,
2675 2211 2784 2267 erit
2832 2211 2871 2266 ἰ.
2930 2228 2979 2266 z.
3012 2215 3230 2277 tonus;
3287 2210 3491 2266 demta
3538 2225 3649 2265 no-

1995 2316 2075 2357 na
2125 2307 2293 2374 parte
2368 2302 2408 2357 f.
2465 2320 2514 2359 z.
2571 2301 2768 2374 spatii,
2849 2299 2957 2356 erit
3006 2314 3062 2369 g.
3113 2317 3163 2354 z.
3232 2305 3429 2369 tonus,
3489 2300 3645 2355 eth.

1996 2408 2044 2446 z.
2104 2392 2516 2462 semitonium,
2584 2395 2641 2446 et
2688 2389 2925 2445 ﬁnitum
2987 2392 3075 2444 est
3123 2388 3420 2461 diapason
3476 2388 3650 2444 inter-

1993 2480 2240 2535 vallum.
2274 2480 2497 2539 Eodem
2526 2479 2710 2541 modo
2738 2479 2801 2534 in
2826 2478 2942 2534 alia
2970 2477 3286 2549 diapason,
3322 2476 3384 2532 id
3412 2481 3521 2547 est,
3570 2476 3648 2532 ab

1994 2568 2053 2623 h.
2088 2584 2137 2624 z.
2166 2568 2227 2623 in
2255 2569 2318 2624 h.
2353 2586 2413 2643 p.
2447 2570 2707 2644 spatium
2735 2584 2842 2641 per
2883 2567 3256 2623 diatessaron
3286 2570 3341 2622 et
3370 2565 3648 2638 diapente

1994 2657 2305 2714 intervalla
2359 2663 2533 2715 tonos
2580 2675 2719 2715 cum
2750 2656 3079 2713 semitoniis
3108 2654 3415 2711 ordinabis
3445 2654 3648 2711 diaco-

1998 2746 2110 2800 nici
2137 2746 2566 2804 modulaminis
2590 2747 2839 2804 ratione.

2612 2890 3026 2964 Bisdiapason.

2256 3032 2576 3102 Diapason.
2819 3015 2831 3137 I
3062 3029 3386 3100 Diapason.

3018 3137 3450 3183 ΗΙἈΙιΜΝυΡ
3632 3137 3648 3299 Ι

2844 3240 3623 3299 ____r__..—.

2612 2890 3026 2964 Bisdiapason.

2256 3032 2576 3102 Diapason.

2219 3129 2618 3183 ABCDEFG

3062 3029 3386 3100 Diapason.

3018 3126 3450 3183 HIKI.MNOP

2006 3276 2134 3380 ξι.
2194 3302 2233 3354 t.
2292 3317 2340 3354 ε.
2423 3276 2830 3380 It.t.t.s.|
2910 3301 3044 3354 t.t.
3105 3313 3153 3350 ε.
3235 3276 3648 3380 lt.t.t.s.|

2097 3304 2134 3355 t.
2194 3302 2233 3354 t.
2292 3317 2340 3354 s.
2423 3301 2829 3355 lt.t.t.s.|
2910 3302 2950 3354 t.
3005 3301 3044 3352 t.
3105 3313 3153 3350 s.

2007 3372 2401 3431 |_____
2423 3372 3648 3431 I—I_..._____|_____|

2005 3431 2017 3669 1
2114 3471 2328 3526 Diates-
2422 3431 2432 3627 Ι
2498 3466 2748 3537 Diapen-
2817 3431 2828 3637 Ι
2925 3465 3143 3520 Diates-
3232 3431 3246 3637 Ι
3311 3465 3563 3535 Diapen-
3635 3431 3647 3661 Ι

2118 3573 2293 3614 saron
2306 3599 2317 3611 .
2594 3559 2670 3609 te.
2923 3568 3123 3608 saron.
3396 3555 3451 3606 te
3460 3593 3472 3604 .

2114 3471 2328 3526 Diates-

2118 3573 2293 3614 SaI‘OD
2306 3599 2317 3611 .

2498 3466 2748 3537 Diapen-
2818 3465 2828 3537 Ι
2925 3465 3143 3520 Diates-

2594 3559 2670 3609 te.
2817 3559 2827 3609 I
2923 3568 3123 3608 saron.

2006 3572 2016 3634 ι
2118 3573 2317 3614 saron.
2422 3572 2432 3627 |

2074 3714 2143 3765 Ι).
2188 3714 2335 3767 Cum
2364 3709 2481 3763 sint
2507 3711 2722 3779 quator
2756 3704 3267 3765 tetrachordorum
3311 3704 3539 3776 species
3573 3704 3651 3759 si-

1999 3802 2185 3858 bimet
2215 3798 2618 3865 succedentes,
2659 3793 2968 3868 quomodo
2997 3798 3252 3866 possunt
3272 3793 3520 3863 singulae
3555 3809 3651 3850 ea-

1999 3892 2139 3948 dem
2186 3895 2467 3948 tonorum
2525 3902 2595 3944 ac
2642 3884 3094 3943 semitoniorum
3136 3882 3431 3956 positione
3476 3882 3651 3939 cons-4'

2001 3985 2124 4037 tare
2146 3981 2174 4037 ?

2070 4069 2152 4124 Μ.
2194 4066 2426 4124 Minime
2452 4069 2727 4138 possunt.
2781 4066 2929 4119 Nam
2986 4078 3126 4119 cum
3155 4076 3346 4117 unum
3383 4060 3457 4117 sit
3484 4065 3657 4118 tetrar

2001 4156 2318 4220 chordum,
2375 4154 2542 4227 quod
2600 4168 2708 4226 per
2770 4152 2925 4208 duos
2954 4155 3127 4208 tonos
3165 4154 3223 4206 et
3269 4150 3654 4206 semitonium

2002 4248 2255 4306 constat,
2315 4242 2482 4316 quod
2512 4241 2856 4315 proximum
2901 4244 2959 4296 et
3013 4254 3135 4295 uno
3163 4244 3306 4296 tono
3353 4238 3419 4294 ﬁt
3455 4238 3650 4302 altius,

2002 4334 2193 4391 evenit
2220 4338 2490 4390 constare
2519 4336 2684 4401 tono,
2716 4329 3051 4394 semitonio,
3075 4333 3254 4400 atque
3284 4333 3450 4383 tono.
3482 4326 3655 4392 Quod

2001 4425 2140 4480 huic
2170 4423 2339 4479 tertio
2366 4422 2499 4477 loco
2530 4420 2818 4493 sequitur,
2850 4423 2908 4474 et
2951 4416 3266 4473 semitonio
3318 4415 3494 4470 altius
3545 4418 3653 4486 est,

2002 4511 2235 4566 constat
2261 4506 2598 4565 necessario
2651 4503 2965 4561 semitonio
2996 4506 3175 4573 atque
3216 4498 3456 4555 duobus
3477 4497 3652 4553 tonis.

2000 4596 2223 4655 Deinde
2252 4595 2419 4669 quod
2446 4598 2663 4667 quarta
2692 4592 2816 4651 vice
2855 4589 3139 4659 succedit,
3190 4592 3248 4644 et
3275 4602 3397 4643 uno
3448 4591 3593 4642 tono
3619 4600 3657 4641 a

2001 4687 2198 4760 priore
2236 4686 2433 4753 distat,
2462 4682 2752 4752 contingit
2780 4696 2911 4738 esse
2967 4694 3257 4735 sonorum
3284 4677 3483 4733 trium.
3516 4678 3658 4732 Rur-

2004 4794 2107 4834 sus
2133 4775 2301 4848 quod
2321 4774 2531 4847 quinto
2556 4772 2688 4829 loco
2709 4770 2904 4841 fuerit,
2925 4769 3122 4843 primo
3143 4766 3352 4823 ordine
3370 4764 3655 4821 redeunte

2001 4865 2262 4921 duorum
2292 4868 2574 4918 tonorum
2600 4859 2708 4915 erit
2733 4863 2914 4931 atque
2945 4855 3265 4915 semitonii.

2072 4954 2145 5009 D.
2188 4949 2637 5023 Numquidnam
2666 4947 2758 5004 hae
2780 4945 3029 5016 singulae
3057 4943 3383 5018 positiones
3409 4941 3657 5012 singulis

2001 5035 2515 5093 tetrachordorum
2546 5031 2857 5106 speciebus
2897 5033 3038 5086 sunt
3065 5027 3320 5101 propriae
3359 5026 3387 5081 ‘2

2072 5126 2152 5184 Μ.
2196 5127 2343 5182 Sunt
2372 5127 2547 5179 certe.
2573 5121 2793 5177 idcirco
2822 5134 3089 5191 namque
3121 5132 3227 5189 per
3254 5116 3468 5188 quinta
3521 5114 3658 5172 loca

2001 5214 2214 5272 eadem
2264 5212 2417 5269 redit
2466 5210 2757 5268 cantionis
2808 5208 3085 5282 qualitas,
3144 5205 3288 5279 quia
3336 5203 3652 5279 positionis

2002 5304 2274 5377 ejusdem
2298 5301 2447 5358 ordo
2477 5298 2920 5368 circumagitur.

2072 5394 2145 5448 D.
2189 5393 2319 5457 Qua
2350 5405 2493 5460 ergo
2524 5389 2753 5449 ratione
2783 5384 3164 5445 semitonium
3210 5384 3363 5440 inter
3386 5398 3540 5456 quos
3567 5396 3658 5436 so-

2002 5497 2113 5537 nos
2139 5480 2299 5537 cadit
2323 5480 2351 5536 ?

2072 5570 2154 5629 Μ.
2198 5567 2499 5642 Superiori
2528 5568 2787 5625 formam
2829 5564 2909 5622 da
2936 5564 3074 5633 triti,
3105 5560 3366 5620 inferiori
3395 5557 3655 5614 formam

2003 5658 2249 5728 deuteri,
2268 5656 2509 5732 reliquis
2530 5672 2693 5737 vero,
2714 5658 2895 5729 prout
2921 5654 3056 5728 quis
3085 5669 3123 5709 a
3139 5647 3453 5709 semitonio
3478 5649 3657 5703 tonus
