3998 6198
351 220 370 271 l
382 219 486 272 023

942 215 1293 273 HUCBALDI
1346 220 1514 275 MON.
1570 221 1626 274 S.
1677 220 1944 274 AMANDI
2000 220 2152 275 OPP.
2212 225 2388 282 PARS
2450 231 2515 282 ll.
2573 258 2643 267 -
2711 225 3217 282 MISCELLANEA.

3639 221 3781 276 102-5

351 338 626 395 abfuerit.
654 341 804 395 Nam
834 354 870 394 a
890 353 1012 409 quo
1042 353 1190 393 sono
1216 341 1395 395 tonus
1436 356 1592 396 unus
1622 340 1699 395 ad
1743 340 2006 413 superio—
2033 345 2077 396 Α
2115 342 2219 401 dat
2251 348 2647 417 tetrachorda,
2677 346 2892 415 evenit,
2924 347 2990 400 ut
3032 343 3224 416 quarti
3249 341 3622 399 tetrachordi
3651 356 3785 414 spe.

350 441 480 482 rem
520 431 749 499 partem
782 441 972 497 usque
1020 426 1097 480 ad
1122 427 1506 484 semitonium
1535 428 1730 499 fuerit,
1758 428 1837 485 ad
1866 428 2005 484 infe-

351 517 573 573 riorem
602 531 743 571 vero
772 519 1004 586 partem
1027 514 1149 571 duo
1180 517 1325 584 toni,
1371 518 1480 574 erit
1509 519 1556 573 is
1587 535 1793 588 sonus,
1825 534 2005 591 quem

353 623 643 663 vocamus
664 605 955 661 archoum
976 606 1070 662 vel
1094 613 1356 680 protum.
1390 609 1501 673 Qui
1530 625 1672 665 vero
1721 610 1795 666 ad
1831 626 2006 684 supe-

353 696 571 752 riorem
601 698 836 767 partem
869 700 1041 751 tonos
1072 696 1225 752 duos
1247 697 1545 767 habuerit,
1570 700 1649 755 ad
1670 699 2008 757 inferiorem

351 787 584 857 partem
614 788 826 840 tonum
856 800 1070 857 unum,
1097 786 1163 842 ﬁt
1187 786 1303 857 ille,
1335 804 1517 860 quem
1554 788 1883 845 tetrardum
1909 805 2013 846 no-

354 873 680 943 minamus.
710 876 963 946 Jamque
990 874 1159 931 facile
1190 876 1343 932 inter
1368 878 1744 934 tetrachorda
1796 878 2013 935 discer-

354 961 469 1033 nis,
500 961 645 1034 quia
672 962 841 1034 quod
871 963 1111 1019 duobus
1144 956 1404 1022 tonis'ac
1430 967 1743 1023 semitonio
1792 967 1852 1023 in
1885 984 2014 1024 sur-

358 1067 496 1106 sum
520 1050 877 1122 disponitur,
910 1056 1144 1109 constat
1169 1054 1263 1109 his
1289 1055 1473 1122 sonis,
1508 1056 1789 1122 tetrardo,
1816 1062 2012 1129 proto,

358 1139 626 1203 deutero,
676 1140 830 1195 trito.
874 1140 1046 1206 Quod
1095 1141 1431 1214 disponitur
1475 1148 1637 1215 tono,
1701 1147 2015 1205 semitonio

360 1233 540 1300 atque
568 1231 731 1295 tono,
760 1233 992 1285 constat
1023 1246 1173 1287 sono
1205 1237 1400 1304 proto,
1450 1233 1722 1295 deutoro.
1755 1236 1909 1303 trito,
1939 1242 2017 1293 te-

362 1316 584 1371 trardo.
629 1317 798 1381 Quod
849 1316 1186 1389 disponitur
1215 1321 1529 1378 semitonio
1560 1329 1740 1395 atquc
1777 1325 2017 1382 duobus

362 1404 534 1471 tonis,
568 1408 802 1460 constat
829 1406 1095 1476 deutero,
1130 1408 1282 1475 trito,
1316 1412 1595 1481 tetrardo,
1629 1418 1820 1484 proto.
1846 1415 2019 1481 Quod

359 1492 696 1565 disponitur
755 1494 943 1549 tribus
1003 1498 1177 1564 tonis,
1233 1504 1464 1555 constat
1526 1501 1680 1567 trito,
1738 1503 2018 1568 tetrardo,

359 1585 554 1653 proto,
600 1582 866 1637 deutero.
899 1584 1081 1656 quue
1128 1591 1191 1641 ut
1219 1586 1590 1643 manifestius
1640 1589 1762 1660 fiat,
1797 1592 1869 1646 sit
1906 1593 2019 1647 hoc

363 1670 547 1726 modo
573 1671 947 1740 singulorum
978 1673 1317 1747 descriptio.

1379 1878 1504 2000 Α.

1202 2158 1520 2338 :Z

1040 2661 1526 2719 _,___

871 2826 1522 2959 7777

874 2998 1345 3189 ZZT

879 3336 1205 3517 EE

879 3673 1022 3797 ῖ-

456 3903 521 3958 ΙΙΙ
548 3902 662 3958 hac
690 3902 869 3973 igitur
897 3911 1157 3978 quatuor
1187 3909 1729 3965 tetrarchordorum
1777 3909 2038 3981 descrip—

2116 434 2253 500 cies,
2288 436 2535 507 quando
2551 437 2683 508 jam
2710 434 3087 491 diatessaron
3115 431 3370 488 excessit
3398 430 3690 503 spatium,
3717 428 3783 485 id

2117 529 2224 593 est,
2255 524 2408 581 duos
2442 530 2615 582 tonos
2648 541 2787 581 cum
2819 521 3155 588 semitonio,
3187 520 3381 577 tribus
3439 520 3601 576 tonis
3632 519 3782 575 inte-

2118 612 2238 683 gris
2263 613 2653 686 compleatur.
2680 612 2851 679 Quod
2875 610 3059 667 etiam
3080 608 3359 683 presenti
3379 607 3784 680 descriptione

2120 701 2433 758 manifeste
2463 705 2734 775 apparet.

2190 793 2262 846 D.
2306 791 2366 847 Id
2393 791 2523 862 jam
2568 793 2841 863 patenter
2894 787 3161 857 intelligo
3189 792 3249 843 et
3295 784 3703 858 descriptione
3731 790 3790 841 et

2119 878 2368 947 ratione,
2396 884 2472 946 et,
2499 882 2559 935 ut
2588 878 2787 948 video,
2813 874 3271 950 ipsasemitonii
3299 872 3691 946 transpositio
3722 872 3790 928 ﬁt

2121 973 2433 1042 troporum
2459 967 2733 1024 mutatio.

2193 1058 2276 1112 Μ.
2319 1056 2488 1113 Haud
2527 1055 2811 1130 equidem
2840 1053 3046 1110 dubie.
3072 1056 3221 1109 Nam
3247 1052 3390 1108 hinc
3432 1065 3548 1106 sua
3573 1051 3792 1123 cuique

2123 1146 2436 1219 phthongo
2478 1144 2876 1202 discernibilis
2931 1142 3189 1216 qualitas
3217 1146 3275 1198 et
3305 1139 3710 1198 tetrachordis
3738 1143 3795 1195 et

2123 1235 2545 1310 pentachordis
2595 1250 2718 1290 suae
2765 1236 2905 1289 sunt
2960 1231 3207 1304 species,
3265 1235 3344 1298 et,
3380 1234 3448 1285 ut
3482 1228 3791 1293 fatebaris,

2127 1331 2437 1397 troporum
2484 1323 2760 1380 omnium
2803 1322 3035 1388 formae,
3065 1320 3392 1393 ipsumque
3418 1318 3587 1374 idem
3617 1316 3794 1373 semi-

2128 1413 2379 1479 tonium,
2406 1410 2868 1484 quodammodo
2898 1424 3003 1465 cor
3049 1413 3226 1480 atque
3257 1406 3505 1463 animus
3544 1403 3798 1461 efﬁcitur

2128 1501 2459 1557 cantilenae.
2512 1505 2573 1556 ln
2624 1503 2859 1555 tantum
2888 1513 3032 1568 ergo
3070 1495 3367 1552 semitonii
3393 1495 3489 1550 vis
3532 1492 3691 1549 valet
3719 1492 3795 1548 ad

2129 1591 2581 1662 phthongorum
2618 1588 2882 1661 speciem
2911 1584 3399 1649 deformandam,
3432 1588 3521 1651 ut,
3553 1583 3605 1637 si
3645 1581 3798 1638 infra

2058 1694 2098 1744 Β
2131 1679 2286 1733 duos
2332 1677 2580 1733 eosdem
2627 1676 2975 1749 phthongos
3023 1672 3397 1745 sesquitertio
3453 1670 3799 1727 differentes

2126 1767 2433 1822 diversum
2473 1765 2770 1821 semitonii
2800 1764 3074 1820 ordinem
3104 1777 3318 1834 ponas,
3366 1761 3487 1833 ipsi
3528 1758 3714 1814 simul
3740 1758 3800 1813 in

2127 1856 2433 1911 diversam
2462 1858 2770 1911 transeant
2790 1853 3069 1909 formam.
3096 1849 3362 1922 Exempli
3386 1848 3627 1919 gratia:
3657 1846 3802 1903 fece—

2126 1945 2209 2000 ris
2247 1944 2541 2001 chordam
2570 1943 2649 1998 ad
2671 1941 2966 1998 chordam
2995 1939 3326 2009 longiorem
3367 1937 3633 2009 epitrito,
3665 1951 3802 2008 qua:

2130 2034 2350 2090 scilicet
2376 2033 2456 2090 ad
2484 2032 2738 2089 invicem
2767 2030 3144 2086 diatessaron
3170 2032 3478 2084 resonent.
3498 2029 3638 2082 Haec
3658 2041 3801 2081 con-

2130 2123 2406 2179 sonantia
2435 2139 2576 2178 cum
2605 2121 2754 2177 alios
2784 2120 2937 2176 duos
2979 2119 3131 2174 inter
3167 2134 3231 2173 se
3262 2121 3442 2173 tonos
3473 2114 3801 2177 contineat,

2133 2216 2408 2268 sumatur
2427 2227 2464 2267 a
2495 2210 2771 2280 graviore
2800 2211 2987 2282 parte,
3031 2206 3094 2261 id
3123 2210 3230 2273 est,
3266 2221 3304 2261 a
3328 2204 3608 2276 longiore
3637 2204 3805 2259 chor-

2132 2303 2210 2358 da
2241 2303 2363 2357 sive
2397 2300 2617 2365 ﬁstula,
2650 2303 2709 2355 et
2731 2299 2883 2354 inter
2910 2298 3170 2370 primam
3218 2311 3290 2351 ac
3319 2294 3663 2351 secundam
3718 2298 3804 2348 to-

2133 2410 2248 2449 nus
2276 2396 2537 2465 ponatur
2564 2388 2864 2457 ;similiter
2894 2388 3046 2443 inter
3075 2386 3408 2442 secundam
3438 2400 3514 2440 ac
3544 2384 3803 2439 tertiam.

2134 2482 2393 2538 Tertiam
2448 2497 2588 2536 vero
2642 2495 2680 2534 a
2722 2483 2936 2551 quarto
2986 2476 3305 2532 semitonio
3348 2473 3805 2545 disjungamus,

2134 2572 2361 2643 eritque
2385 2567 2865 2625 tetrarchordum
2893 2565 2986 2620 his
3003 2564 3167 2620 sonis
3186 2562 3583 2636 dispositum,
3606 2565 3809 2619 tetrar-

2134 2661 2234 2729 do,
2266 2663 2459 2732 proto,
2491 2656 2759 2723 deutero,
2792 2655 2943 2711 trito.
3000 2655 3266 2709 Rursum
3309 2652 3361 2706 si
3406 2650 3487 2707 ab
3534 2650 3806 2705 acutiora

2134 2753 2301 2821 parte
2327 2746 2662 2818 incipiatur,
2696 2743 3077 2816 primamque
3107 2757 3176 2797 ac
3229 2739 3575 2796 secundam
3628 2742 3808 2794 tonus

2135 2838 2435 2893 discernat
2463 2833 2730 2891 similiter
2753 2831 3086 2889 secundam
3105 2846 3175 2886 ac
3204 2829 3443 2885 tertiam
3468 2847 3483 2895 ;
3516 2828 3676 2884 inter
3701 2833 3807 2883 ter-

2139 2927 2280 2983 tiam
2305 2941 2448 2981 vero
2497 2928 2555 2980 et
2580 2927 2859 2996 quartam
2891 2920 3188 2977 semitonii
3238 2933 3535 2975 mensura
3565 2917 3662 2984 sit,
3694 2915 3809 2971 alia

2060 3044 2101 3098 ρ
2141 3024 2279 3074 tunc
2314 3014 2671 3071 tetrachordi
2701 3011 2927 3084 species
2956 3012 3086 3080 erit,
3118 3010 3270 3066 sicut
3324 3013 3618 3065 tonorum
3646 3006 3807 3079 posi-

2138 3107 2317 3163 tione.
2372 3103 2452 3159 ita
2480 3102 2659 3158 etiam
2714 3114 3006 3156 sonorum
3045 3097 3434 3171 proprietate,
3468 3094 3662 3168 ﬁtque
3686 3094 3807 3167 pri-

2139 3213 2295 3259 mus,
2318 3193 2422 3266 qui
2448 3196 2537 3247 est
2559 3190 2805 3255 acutior,
2836 3185 3302 3261 protus,deinde
3323 3184 3653 3249 tetrardus,
3669 3187 3808 3238 tunc

2140 3287 2328 3352 tritus,
2378 3285 2596 3355 quarto
2644 3278 2779 3334 loco
2808 3277 3128 3344 deuterus;
3197 3280 3263 3331 ut
3313 3276 3446 3331 hec
3487 3272 3809 3344 descriptio

2140 3374 2347 3428 monet
2374 3385 2386 3422 :

2152 3496 2277 3627 ηι
2430 3480 2613 3627 |~=~|
2772 3458 3126 3623 mi?

2827 3619 3806 3795 Ἦ

2774 3653 2787 3810 ι

2218 3908 2501 3959 Praeterea
2532 3898 2846 3955 sciendum
2877 3900 2987 3964 est,
3009 3895 3154 3969 quia
3179 3893 3352 3950 tritus
3375 3906 3571 3947 sonus
3590 3894 3651 3945 et
3674 3887 3811 3942 deu-

382 3992 543 4047 tione
573 4007 711 4046 cum
742 3992 1061 4063 interjectis
1090 3996 1388 4068 paginulis
1423 4001 1703 4054 tonorum
1742 3979 2037 4053 distantias
2148 4000 2306 4051 terus
2327 3990 2772 4048 discernibilem
2800 3989 2949 4044 inter
2988 4002 3051 4042 se
3079 3984 3308 4041 habent
3330 3999 3455 4038 suae
3483 3979 3812 4055 proprieta-

383 4078 791 4148 designentur,
822 4080 1185 4155 interpositus
1218 4101 1360 4141 vero
1392 4087 1556 4142 sonis
1603 4087 1775 4143 lineae
1803 4087 2040 4141 semito-

384 4168 497 4225 niis
521 4184 625 4223 eos
653 4169 890 4225 differre
938 4173 1343 4244 pronuntient,
1392 4176 1453 4231 in
1494 4180 1703 4249 aperto
1758 4180 1851 4232 est
1898 4192 2038 4248 pro-

385 4256 610 4330 prietas
636 4257 1031 4327 singulorum.

2148 4086 2220 4141 tis
2256 4081 2625 4156 qualitatem,
2665 4079 2888 4151 quibus
2938 4075 3079 4132 solis
3109 4073 3381 4130 videlicet
3420 4069 3809 4127 semitonium

2147 4171 2480 4229 differentia
2501 4174 2606 4237 est,
2630 4167 2871 4241 reliquis
2901 4181 3039 4221 vero
3071 4168 3213 4223 tono
3237 4160 3611 4218 distantibus
3652 4156 3810 4212 sonis

2148 4277 2270 4318 non
2294 4260 2447 4317 adeo
2476 4274 2583 4331 per
2610 4273 2671 4312 se
2700 4256 2767 4312 ﬁt
2794 4256 3049 4311 discreta
3088 4251 3446 4326 proprietas,
3474 4248 3588 4304 sed
3618 4245 3809 4315 magis

456 4348 531 4401 D.
574 4346 780 4419 Utique
809 4347 869 4404 in
899 4357 1186 4424 promptu
1206 4357 1436 4425 patens.
1474 4354 1587 4411 Sed
1622 4370 1809 4409 unum
1858 4356 2034 4409 tetra-
2064 4371 2108 4424 D
2148 4348 2446 4418 colligitur
2473 4363 2546 4402 ex
2574 4345 2822 4412 ordine;
2869 4359 2941 4399 ex
2966 4338 3418 4398 circumstantia
3443 4337 3680 4411 quippe
3726 4334 3809 4390 fa-

387 4435 682 4492 chordum
702 4453 889 4509 quare
918 4440 983 4496 ﬁt
1006 4446 1282 4499 tonorum
1314 4444 1489 4499 trium
1513 4446 1541 4500 ?

456 4524 539 4581 Μ.
582 4526 696 4582 Sed
724 4530 781 4583 et
812 4528 926 4585 hoc
957 4547 1029 4586 ex
1059 4532 1355 4603 prtedictis
1389 4533 1567 4588 datur
1594 4532 1857 4602 intelligi.
1888 4532 2036 4587 Cum

386 4614 605 4669 etenim
622 4617 994 4675 tetrachorda
1009 4620 1133 4676 duo
1149 4637 1339 4677 unum
1359 4622 1655 4693 diapason
1672 4621 2035 4693 compleant,

386 4701 623 4772 singula
649 4720 788 4759 vero
819 4708 1193 4764 tetrachorda
1224 4709 1379 4764 binis
1419 4708 1576 4763 tonis
1604 4723 1674 4762 ac
1724 4708 2038 4763 semitonio

387 4791 821 4863 compleantur,
853 4794 1085 4849 medius
1110 4812 1252 4851 vero
1281 4801 1455 4852 tonus
1478 4796 1705 4865 integer
1741 4796 1863 4850 duo
1893 4795 2040 4850 divi-

2144 4438 2251 4494 cile
2277 4436 2509 4492 dinosci
2539 4434 2691 4491 valet
2716 4436 2938 4506 quotus
2979 4430 3074 4486 ille
3104 4429 3200 4486 vel
3238 4427 3336 4485 ille
3365 4428 3458 4483 sit.
3514 4426 3663 4482 Inde
3708 4428 3810 4483 est.

2144 4527 2313 4601 quod
2337 4540 2447 4598 pro
2478 4524 2617 4581 artis
2647 4520 3083 4578 introductione
3111 4519 3248 4592 ipsa
3296 4533 3499 4589 graaca
3560 4516 3813 4589 phthon-

2147 4631 2362 4686 gorum
2393 4611 2686 4669 vocabula
2712 4608 3058 4665 modulatur
3077 4607 3139 4663 in
3158 4622 3358 4679 usque
3378 4605 3591 4661 tertios
3614 4603 3812 4658 levan-

2148 4710 2233 4760 tes
2260 4720 2330 4759 ac
2351 4702 2742 4775 deponentes,
2768 4713 2890 4771 quo
2929 4696 3203 4752 videlicet
3231 4710 3533 4751 sonorum
3548 4691 3812 4767 proprie-

2146 4798 2240 4851 tas
2265 4793 2615 4849 dinoscatur
2643 4805 2714 4845 ex
2744 4786 2952 4843 ordine
2979 4785 3059 4841 ad
3087 4787 3248 4841 hunc
3278 4784 3566 4840 modum.

3019 4991 3257 5063 J/J

3003 5100 3291 5155 Archoos.

2982 5206 3314 5277 PFPF

2991 5316 3291 5369 Deuteros.

3037 5422 3257 5492 ΧΓ]

3045 5528 3250 5585 Tritos.

3019 5637 3345 5705 FJF'

2977 5732 3288 5789 Tetrardos
