4014 6198
244 170 391 225 1025

1246 170 1795 228 COMMEMOBATIO
1836 164 2090 225 BBEVIS
2130 173 2218 227 DE
2256 175 2481 245 TONIS,
2524 180 2669 238 ETC.

3530 205 3664 259 1026

304 292 383 347 D.
425 291 684 349 Ubertim
713 293 920 349 omnia
943 298 1218 351 constant
1243 295 1537 367 exposita;
1553 295 1646 351 vel
1685 291 1904 366 quibus
1935 293 1983 346 A
2015 294 2401 381 undecimum
2425 300 2635 360 dividit
2664 310 2841 379 atque
2868 307 3315 372 duodecimum.
3345 322 3458 376 Sed
3480 324 3667 381 scien-

237 381 437 438 causis
480 380 575 438 vel
605 387 751 455 quot
800 384 1000 440 modis
1031 384 1358 456 positiones
1391 384 1901 440 tetrachordorum

238 470 543 527 varientur
576 488 588 525 :
617 470 707 526 vel
732 472 1044 544 quomodo
1076 472 1324 541 singulis
1372 474 1739 546 positionum
1796 487 1901 526 va-

238 559 550 615 rietatibus
580 560 904 616 modorum
936 561 1059 616 sive
1109 566 1416 633 troporum
1464 562 1692 634 species
1723 577 1900 631 gene-

237 653 467 705 rentur.
529 652 716 705 Loeus
768 656 967 706 tamen
1026 651 1225 707 adhuc
1279 652 1648 724 inquisitioni
1706 657 1897 707 vacat.

240 736 445 793 Dixisti
489 738 809 811 siquidem,
866 739 1087 795 idcirco
1145 756 1250 811 per
1318 741 1559 813 quintas
1630 741 1900 811 regiones

238 826 525 884 eumdem
554 828 709 900 tropi
738 828 991 884 modum
1016 829 1230 898 redire,
1262 830 1549 902 quoniam
1594 830 1754 886 idem
1796 846 1900 901 po-

238 915 469 972 sitionis
499 917 649 972 ordo
678 918 1007 973 revertitur.

308 1005 394 1061 Μ.
437 1004 566 1061 Dixi
594 1006 774 1078 plane
804 1010 861 1062 et
888 1012 1133 1079 propter
1159 1007 1613 1080 sesquialteram
1661 1008 1901 1065 habitu-

239 1093 512 1151 tudinem
540 1110 649 1167 per
676 1094 917 1167 quintas
943 1096 1218 1165 regiones
1252 1112 1582 1153 consonare
1614 1099 1901 1171 sympho-

239 1182 426 1243 niam.
461 1186 518 1239 et
546 1183 818 1254 ejusdem
848 1184 1015 1240 modi
1048 1189 1287 1258 tropum
1318 1187 1398 1241 ob
1437 1187 1713 1257 ejusdem
1744 1188 1901 1242 ordi-

240 1271 338 1327 nis
368 1271 729 1344 positionem
758 1273 989 1329 reverti.
1022 1277 1212 1345 Atque
1239 1274 1462 1330 idcirco
1492 1274 1638 1330 dum
1666 1275 1727 1330 in
1760 1275 1902 1331 alie-

240 1376 324 1416 no
353 1360 487 1415 loco
512 1360 661 1432 quid
677 1361 951 1431 sumitur,
971 1366 1076 1418 aut
1106 1362 1257 1435 tr0pi
1278 1363 1623 1435 qualitatem
1646 1364 1904 1420 retinens

241 1447 548 1520 discrepat
572 1448 650 1503 ab
681 1464 754 1504 eo
786 1448 951 1529 quod
980 1451 1282 1523 praecepit,
1331 1450 1478 1507 dum
1532 1452 1622 1507 sui
1678 1452 1903 1508 ordinis

241 1535 603 1608 positionem
634 1537 1005 1593 non’invenit
1029 1556 1041 1605 ;
1084 1542 1190 1594 aut
1216 1538 1442 1594 alienos
1466 1540 1681 1595 sedens
1710 1529 1904 1596 ordini

2011 380 2195 484 dum;
2225 389 2387 457 quod
2414 389 2475 445 in
2502 391 2614 447 hac
2644 396 2908 452 maxima
2938 402 3302 473 symphonia
3348 424 3481 479 vox,
3531 429 3665 484 quae

2012 471 2091 526 ad
2116 489 2327 531 vocem
2352 480 2624 550 superior
2647 484 3002 557 graviorque
3033 471 3258 547 octavis
3296 494 3440 551 locis
3466 471 3667 555 acces-

2012 560 2167 625 serit,
2198 579 2319 619 non
2351 568 2618 639 sequitur
2642 571 2733 626 sui
2764 572 2878 627 loci
2908 574 3199 644 ordinem,
3236 583 3343 636 sed
3373 585 3522 657 ejus,
3571 589 3671 644 cui

2012 660 2414 710 consonanter
2440 659 2832 729 responderit.
2869 665 2983 718 Nec
3014 666 3174 722 enim
3209 676 3668 732 consonantiam

2010 744 2333 808 praestaret.
2367 744 2415 799 si
2446 744 2537 801 vel
2568 752 2743 803 tonus
2771 749 2831 804 in
2863 753 3265 823 semitonium,
3297 759 3392 814 vel
3429 763 3668 819 semito-

2010 827 2180 883 nium
2210 847 2240 884 e
2272 832 2514 900 regione
2544 836 2872 894 offenderet
2898 839 2959 895 in
2983 846 3212 900 tonum.

2082 919 2152 972 D.
2197 920 2512 984 Quomodo
2538 925 2660 980 toni
2692 925 2751 980 in
2783 929 3097 987 semitonia
3122 933 3493 995 offenderent
3519 943 3547 997 ἱ)

2081 1006 2163 1059 Μ.
2209 1007 2263 1063 Si
2290 1008 2636 1082 phthongos
2665 1020 2874 1072 octava
2902 1019 3143 1087 regione
3174 1021 3484 1093 distantes,
3534 1028 3668 1086 illos
3710 1039 3741 1082 ί

2014 1094 2393 1152 semitonium
2427 1099 2835 1174 distingueret,
2869 1106 2978 1161 hos
3010 1112 3205 1177 tonus,
3248 1115 3503 1188 exempli
3537 1133 3670 1187 gra-

2014 1182 2112 1250 tia,
2148 1183 2196 1238 si
2217 1185 2363 1241 dum
2393 1188 2464 1242 sit
2490 1194 2664 1245 tonus
2689 1192 2841 1249 inter
2884 1196 3149 1267 primum
3207 1216 3276 1256 ac
3334 1182 3668 1263 secundum

2014 1276 2219 1327 contra
2272 1279 2549 1332 octavum
2605 1284 2784 1352 atque
2828 1298 3058 1339 nonum
3114 1304 3353 1360 sonum,
3386 1292 3458 1347 sit
3486 1297 3668 1350 tonus

2012 1359 2162 1414 inter
2190 1364 2522 1419 secundum
2581 1383 2650 1423 ac
2700 1371 2933 1427 tertium
2989 1380 3196 1432 contra
3228 1359 3458 1437 nonum
3490 1388 3669 1456 atque

2013 1448 2337 1519 decimum,
2371 1453 2443 1508 sit
2482 1471 2622 1510 vero
2676 1459 3056 1517 semitonium
3116 1464 3267 1520 inter
3326 1448 3591 1526 tertium-
3616 1476 3672 1527 et

2013 1545 2294 1609 quartum
2326 1558 2568 1611 sonum,
2604 1550 2777 1602 tonus
2798 1564 2829 1603 e
2856 1552 3151 1608 contrario
3178 1553 3330 1611 inter
3367 1557 3670 1616 decimum

240 1624 394 1696 tropi
461 1624 811 1698 qualitatem
872 1626 1335 1698 transpositione
1408 1629 1713 1685 convertit.
1791 1630 1903 1685 Sed
1936 1644 1975 1697 Β
2015 1631 2192 1717 atque
2223 1630 2650 1701 undecimum;
2680 1639 2855 1691 tonus
2902 1639 3041 1694 item
3084 1641 3235 1698 inter
3280 1652 3565 1717 quartum
3617 1654 3674 1705 et

239 1712 409 1785 quod
439 1713 738 1785 inquirere
763 1714 1048 1787 potueris,
1078 1716 1298 1788 pande.
1886 1794 1893 1797 ν

312 1804 385 1857 D.
429 1804 641 1867 Qumro
688 1803 993 1876 equidem,
1049 1820 1189 1860 eum
1240 1822 1363 1862 non
1415 1806 1577 1863 aliud
1634 1808 1906 1864 videatur

241 1891 515 1962 ejusdem
547 1892 701 1959 tropi
729 1893 973 1961 modus,
1008 1910 1193 1966 quam
1226 1894 1287 1950 in
1314 1895 1527 1951 eodem
1556 1897 1715 1953 melo
1742 1903 1905 1954 tono-

238 1994 378 2034 rum
409 1995 547 2035 cum
579 1981 908 2037 semitoniis
932 1981 1093 2037 idem
1125 1983 1275 2038 ordo
1302 2002 1314 2049 ;
1344 2000 1603 2057 cumque
1631 1986 1903 2057 ejusdem

240 2067 468 2123 ordinis
499 2069 715 2140 positio
744 2085 852 2143 per
888 2074 1133 2127 octavas
1184 2087 1306 2127 non
1354 2073 1559 2129 redeat
1607 2076 1901 2146 regiones,

239 2172 427 2229 quare
458 2174 634 2214 voces
662 2164 877 2216 octava
901 2160 1144 2230 regione
1175 2162 1463 2219 distantes
1496 2164 1710 2220 eodem
1730 2170 1903 2238 tropo

240 2247 607 2303 concordent
637 2248 665 2303 ?

312 2335 395 2389 Μ.
437 2335 661 2397 Verum
708 2335 955 2408 quidem
1000 2343 1112 2402 est,
1160 2339 1326 2410 quod
1383 2341 1904 2412 quemadmodum

242 2420 494 2492 quintae,
528 2421 607 2477 ita
631 2438 808 2478 nona-3
839 2423 912 2478 sit
934 2424 1194 2494 regionis
1217 2428 1414 2498 potius
1442 2444 1629 2499 quam
1656 2434 1902 2498 octavae,

242 2509 306 2563 in
336 2509 549 2566 eadem
582 2527 868 2566 sonorum
895 2513 1311 2569 constitutione
1343 2515 1618 2571 eamdem
1658 2518 1903 2589 positio-

240 2612 384 2653 nem
435 2598 651 2655 referre
708 2617 721 2655 :
777 2604 841 2655 ut
885 2601 1035 2657 sicut
1077 2602 1307 2674 primus
1332 2620 1401 2659 ac
1434 2606 1732 2662 secundus
1762 2612 1905 2663 tono

240 2683 630 2757 distinguitur
659 2686 741 2744 ita
768 2691 947 2745 tonus
987 2689 1063 2745 sit
1088 2689 1240 2745 inter
1265 2692 1409 2764 (699)
1443 2709 1672 2749 nonum
1700 2711 1770 2751 ac
1800 2696 1905 2751 de-

241 2774 469 2829 cimum
503 2792 723 2832 sonum
754 2794 767 2831 :
802 2777 954 2834 sicut
976 2779 1130 2834 inter
1154 2782 1489 2836 secundum
1536 2798 1606 2837 ac
1645 2784 1902 2850 tertium,

241 2861 323 2917 ita
353 2862 505 2919 inter
535 2865 683 2935 (700)
717 2864 1021 2922 decimum
1052 2870 1231 2939 atque
1272 2869 1679 2937 undecimum,
1729 2873 1904 2929 semi—

242 2950 481 3007 tonium
508 2957 711 3009 autem
741 2953 894 3010 sicut
916 2954 1152 3011 tertium
1182 2959 1240 3011 et
1266 2962 1572 3031 quartum,
1628 2960 1708 3017 ita
1761 2961 1906 3034 (701)
1938 2993 1979 3049 ρ

318 3120 469 3187 (699)
513 3122 569 3178 8.
603 3128 882 3178 octavum
913 3139 983 3181 ac
1009 3139 1241 3181 nonum
1274 3143 1287 3182 :

314 3192 461 3263 (700)
503 3193 558 3249 8.
592 3209 825 3250 nonum
853 3199 910 3251 et
936 3195 1259 3253 decimum.

2013 1716 2310 1787 quintum,
2326 1735 2356 1774 e
2378 1723 2675 1778 contrario
2705 1726 3085 1803 semitonium
3110 1729 3263 1786 inter
3286 1716 3670 1793 undecimum

2015 1808 2191 1876 atque
2222 1806 2648 1866 duodecimum
2683 1828 2903 1869 sonum
2939 1834 2949 1870 :
2987 1817 3077 1872 Sic
3118 1820 3382 1890 profecto
3432 1825 3672 1881 semito-

2014 1893 2127 1948 niis
2158 1899 2363 1951 contra
2392 1902 2563 1953 tonos
2584 1899 3071 1960 dissentientibus
3086 1922 3195 1977 nec
3216 1908 3369 1966 inter
3387 1916 3671 1984 quartum

2014 1998 2232 2038 sonum
2290 1989 2470 2057 atque
2526 1989 2935 2057 undecimum,
3016 2010 3124 2050 nec
3175 1997 3327 2054 inter
3391 2001 3671 2072 quintum

2014 2075 2193 2143 atque
2222 2072 2652 2131 duodecimum
2681 2079 2772 2133 vel
2799 2080 2967 2152 dupli
2989 2082 3278 2140 habitudo
3295 2103 3423 2144 esse
3448 2094 3668 2160 posset,

2014 2161 2107 2215 vel
2136 2164 2529 2219 consonantia
2558 2170 2661 2220 aut
2692 2172 2897 2239 tropus
2924 2170 3107 2227 idem.
3158 2176 3321 2230 Nunc
3366 2192 3501 2232 vero
3532 2194 3671 2233 cum

2016 2250 2088 2305 sit
2116 2253 2291 2305 tonus
2317 2252 2466 2306 inter
2494 2257 2777 2310 octavum
2826 2262 2884 2312 et
2934 2274 3166 2316 nonum
3207 2279 3424 2320 sonum
3463 2271 3672 2323 contra

2016 2339 2277 2409 primum
2309 2356 2379 2395 ac
2416 2343 2772 2405 secundum.
2806 2349 2984 2402 tonus
3016 2349 3167 2406 inter
3196 2368 3425 2411 nonum
3457 2372 3529 2412 ac
3571 2357 3672 2413 de-

2016 2426 2241 2482 cimum
2272 2433 2479 2485 contra
2509 2432 2843 2489 secundum
2875 2451 2944 2491 ac
2981 2439 3237 2507 tertium,
3288 2443 3672 2502 semitonium

2014 2532 2157 2571 vero
2184 2517 2335 2573 inter
2363 2519 2556 2575 decim
2566 2537 2667 2576 um
2684 2528 2741 2578 et
2756 2524 3162 2595 undecimum,
3186 2533 3497 2602 quomodo
3522 2534 3674 2591 inter

2015 2605 2251 2661 tertium
2306 2612 2363 2662 et
2407 2612 2760 2688 quartum;
2816 2628 2924 2685 per
2978 2614 3329 2687 hujusmodi
3390 2627 3672 2680 tonorum

2015 2698 2072 2748 et
2126 2694 2576 2753 semitoniorum
2633 2715 2664 2755 e
2714 2701 2955 2771 regione
3022 2708 3409 2768 concordiam
3484 2711 3673 2785 dupla

2017 2784 2322 2854 proyortio
2352 2790 2409 2839 et
2436 2788 2864 2860 symphoniam
2896 2799 3106 2861 servat,
3144 2797 3416 2871 tropique
3460 2784 3671 2858 retinet

2017 2872 2288 2928 modum.

2336 2964 2606 3022 Scholica
2636 2968 3008 3027 Enchiriadis
3034 2973 3164 3030 ﬁnit
3187 2976 3357 3045 (702).

2088 3132 2234 3274 (70])
2277 3135 2332 3189 S.
2364 3133 2666 3192 decimum
2690 3136 2908 3221 dividit
2933 3146 3113 3214 atque
3144 3145 3554 3205 undecimum.

2090 3203 2214 3273 (702
2281 3204 2424 3261 Cod.
2453 3209 2588 3274 Teg.
2621 3209 2787 3263 Fzmt
2821 3211 2971 3268 lzber
2994 3230 3233 3272 musaea?
3263 3219 3433 3274 artis.

2090 3203 2234 3274 (702)
2281 3204 2424 3261 Cod.
2453 3209 2588 3276 Teg.
2621 3209 2787 3263 Finit
2821 3211 2971 3268 liber
2994 3203 3233 3272 ﬁmszcae
3263 3219 3433 3274 artis.

260 3430 3651 3467 ————————_—_—______________________

1748 3650 2160 3739 INCIPIT

599 3840 1265 4030 COMMEMMtATlo
1338 3917 1639 4031 rarus
1710 3919 1901 4032 inii

2016 3921 2115 4035 ilS
2177 3921 2281 4035 ET
2350 3924 2704 4040 PSALMIS
2774 3929 3317 4047 M0llULANlllS.

312 4405 590 4463 Debitum
618 4407 914 4464 servitutis
944 4413 1183 4478 nostrae,
1216 4411 1321 4483 qui
1347 4410 1427 4467 ad
1448 4410 1843 4468 ministerium
1871 4412 2236 4469 laudationis
2285 4414 2670 4488 deputamur,
2722 4434 2847 4474 non
2897 4420 3094 4477 solum
3143 4422 3443 4495 integrum
3496 4426 3681 4488 debet

238 4512 372 4552 esse
400 4500 457 4552 et
486 4496 754 4568 plenum,
782 4497 889 4554 sed
917 4497 1151 4555 decenti
1176 4514 1420 4573 quoque
1452 4500 1866 4569 convenientia
1884 4502 2249 4572 jucundum,
2283 4508 2462 4577 atque
2489 4522 2693 4562 suave.
2726 4510 2793 4563 Et
2814 4507 2952 4564 ideo
2983 4510 3203 4581 peritos
3229 4527 3341 4569 nos
3366 4530 3495 4571 esse
3530 4532 3675 4572 eon-

236 4584 404 4641 venit
425 4584 604 4641 ofﬁcii
624 4587 829 4657 nostri,
862 4591 925 4643 ut
952 4587 1204 4644 scienter
1233 4592 1289 4645 et
1317 4593 1524 4645 ornate
1555 4589 1950 4646 conﬁteamur
1981 4592 2219 4647 Nomini
2253 4599 2460 4650 sancto
2506 4595 2655 4667 ejus,
2711 4599 2767 4652 et
2822 4597 3147 4667 gloriemur
3190 4600 3252 4655 in
3307 4604 3676 4661 carminibus

239 4674 368 4730 suis
402 4692 415 4729 :
447 4679 744 4747 quatenus
773 4680 830 4732 et
852 4679 971 4733 Deo
1001 4682 1206 4736 nostra
1228 4677 1502 4749 jucunda
1532 4678 1974 4751 sit'decoraque
2003 4679 2291 4750 laudatio,
2326 4688 2382 4739 et
2413 4684 2725 4740 audientes
2772 4684 2833 4741 in
2879 4702 3132 4760 operum
3189 4690 3289 4746 Dei
3333 4690 3579 4749 laudem
3618 4699 3677 4751 et

235 4764 631 4821 reverentiam
660 4765 1069 4823 exardescant.
1103 4766 1386 4831 Quamvis
1414 4767 1576 4824 enim
1608 4770 1725 4823 Deo
1754 4768 1947 4839 magis
1968 4768 2218 4841 placeat,
2251 4772 2357 4844 qui
2386 4772 2788 4845 corde,quam
2814 4776 2918 4847 qui
2946 4792 3090 4833 voce
3116 4778 3277 4836 canit
3304 4799 3317 4849 ;
3352 4785 3675 4856 utrumque

237 4854 447 4909 tamen
475 4869 546 4908 ex
574 4852 707 4926 ipso
735 4858 845 4923 est,
874 4859 930 4911 et
950 4854 1263 4928 dupliciter
1292 4855 1552 4928 prodest,
1587 4855 1637 4911 si
1667 4860 1987 4929 utrumque
2017 4857 2139 4928 ﬁat,
2173 4860 2221 4913 si
2244 4859 2464 4917 scilicet
2500 4864 2557 4916 et
2585 4861 2789 4918 animo
2819 4865 2983 4937 apud
3014 4869 3203 4925 Deum
3226 4867 3477 4925 dulciter
3507 4852 3673 4927 cani-

237 4945 357 5011 tur,
385 4945 442 4997 et
468 4941 743 4998 homines
769 4943 1004 5000 canoris
1029 4943 1285 5000 dulcedo
1317 4948 1525 5000 sancto
1574 4943 1792 4999 affectu
1842 4951 2197 5001 commovet.
2251 4946 2406 5002 Licet
2449 4964 2694 5021 quoque
2725 4950 3050 5008 multorum
3082 4953 3320 5011 devotio
3352 4959 3470 5013 Deo
3501 4959 3675 5015 valde

237 5029 457 5103 placet,
487 5030 589 5103 qui
616 5030 676 5086 in
708 5031 1047 5103 psalmodia
1074 5047 1183 5088 nec
1209 5033 1343 5105 ipsa
1370 5032 1556 5089 verba
1586 5032 1692 5089 rite
1721 5032 1888 5090 effari
1917 5037 2142 5106 queant
2170 5052 2183 5103 ;
2215 5050 2604 5108 nequaquam
2635 5041 2839 5095 tamen
2878 5038 3123 5111 integrae
3164 5047 3256 5098 est
3282 5043 3378 5100 ille
3409 5046 3674 5104 devotio-

236 5118 354 5185 nis,
386 5118 511 5190 qui,
542 5118 710 5191 quod
737 5119 1017 5176 exhibere
1046 5120 1245 5190 debet,
1271 5137 1459 5194 quam
1490 5120 1713 5194 optime
1753 5126 1809 5178 et
1837 5137 2024 5194 quam
2044 5122 2518 5179 reverentissime
2546 5124 2608 5180 id
2632 5126 2843 5199 possit,
2875 5131 2994 5184 Deo
3019 5145 3143 5185 non
3169 5132 3427 5190 exhibet.

312 5206 666 5264 Citharcedaa
695 5213 753 5264 et
774 5208 1058 5276 tibicines,
1088 5214 1145 5264 et
1171 5209 1383 5281 reliqui
1414 5209 1781 5266 musicorum
1809 5227 1956 5266 vasa
1986 5211 2258 5275 ferentes,
2291 5212 2379 5267 vel
2406 5214 2585 5268 etiam
2617 5220 2887 5272 cantores
2912 5222 2967 5272 et
2982 5219 3331 5277 cantatrices
3362 5225 3675 5282 saeculares

236 5296 408 5351 omni
438 5296 677 5352 student
706 5302 945 5363 conatu,
974 5297 1139 5369 quod
1170 5298 1404 5353 canitur
1426 5297 1548 5353 sive
1578 5298 1974 5366 citharizatur,
2005 5299 2079 5355 ad
2110 5300 2497 5356 delectandos
2531 5302 2841 5358 audientes
2871 5306 3012 5360 artis
3049 5308 3277 5365 ratione
3318 5314 3674 5385 temperare.

237 5386 357 5439 Nos
384 5399 548 5451 vero,
580 5384 685 5457 qui
714 5385 1044 5441 meruimus
1074 5385 1256 5442 verba
1280 5386 1607 5457 majestatis
1631 5386 1693 5441 in
1722 5402 1789 5441 os
1818 5402 2071 5453 sumere,
2101 5403 2287 5443 nosne
2316 5388 2444 5443 sine
2474 5395 2597 5445 arte
2627 5395 2685 5445 et
2732 5392 3099 5463 negligenter
3140 5384 3497 5467 proferimus
3531 5416 3671 5456 can—

239 5470 357 5527 tica
383 5471 735 5541 sanctitatis,
768 5490 837 5528 ac
864 5489 987 5528 non
1016 5474 1211 5545 magis
1238 5474 1380 5531 artis
1410 5473 1687 5529 decorem
1718 5473 1777 5528 in
1806 5475 1987 5530 sacris
2017 5476 2403 5547 assumimus,
2425 5493 2548 5548 quo
2576 5478 2658 5533 illi
2684 5479 3011 5538 abutuntur
3039 5484 3099 5539 in
3130 5487 3305 5555 nugis
3334 5488 3362 5543 Ἰ
3405 5491 3672 5559 Quapro-

241 5564 373 5633 pter
404 5576 655 5635 parvam
685 5561 826 5618 hinc
854 5562 1124 5620 notitiam
1158 5561 1445 5621 exercitiis
1480 5563 1683 5619 vestris
1708 5579 1783 5617 ex
1811 5580 1908 5620 me
1936 5562 2301 5625 destinatam
2328 5564 2632 5639 suscipite,
2664 5572 2729 5625 ut
2757 5584 2829 5625 ex
2858 5587 3183 5643 parvorum
3228 5575 3475 5632 scientia
3518 5575 3675 5633 ﬁatis

245 5649 593 5720 capaciores
622 5651 951 5723 majorum.
