4014 6198
377 210 506 260 1039
1003 199 1357 255 HUCBALDI
1398 198 1562 253 MON.
1609 199 1663 251 S.
1707 194 1970 250 AMANDI
2013 194 2165 248 UPl’.
2211 194 2384 247 PARS
2426 192 2490 245 ll.
2536 223 2600 230 ——
2642 191 3146 246 MISCELIANEA.
3650 192 3786 254 H.151)

439 328 575 382 HtEC
600 328 802 398 itaque
829 329 1071 398 prOpter
1097 321 1385 377 tardiores
1416 321 1624 374 fratres
1644 318 1898 389 exempli
1918 333 2103 372 causa
2135 321 2419 384 congesta
2444 320 2598 383 sunt,
2625 315 3062 370 abundantiore
3094 314 3344 368 fortasse
3373 313 3569 384 copia,
3599 329 3784 384 quam

367 416 648 472 decuerit.
683 420 807 471 Non
841 414 1056 467 frustra
1079 415 1301 478 tamen,
1337 408 1381 462 si
1413 408 1545 479 quis
1576 409 1700 462 luet:
1733 411 1918 470 curat,
1951 423 2058 460 nec
2093 421 2479 476 supervacme
2511 404 2829 467 diligentiae
2886 403 3188 473 objurgat.
3226 403 3346 456 Hoc
3397 418 3541 455 vero
3574 401 3785 455 admo-

366 506 655 573 nendum,
684 502 826 575 quia
847 500 1129 574 quaedam
1163 515 1282 553 non
1315 497 1585 566 ejusdem
1619 495 1740 550 toni
1767 495 2109 566 antiphonie
2137 489 2517 546 indiscretam
2551 492 2852 546 initiorum
2885 490 3336 544 similitudinem
3367 490 3619 554 habent,
3645 491 3788 543 utin

368 592 706 666 sequentiis,
740 589 834 646 cui
856 589 1012 645 melo
1044 603 1300 661 quaeque
1331 585 1597 657 aptanda
1631 585 1721 648 sit,
1750 583 2049 637 videatur:
2081 589 2134 636 et
2165 581 2424 635 maxime
2456 581 2746 650 cujusque
2770 584 2978 633 cantus
3009 579 3540 646 attendaturtinis,
3576 579 3634 631 in
3666 594 3789 648 quo

366 684 656 753 cujusque
683 679 805 735 toni
836 677 1170 752 proprietas
1201 675 1534 730 evidentius
1565 674 1765 741 claret,
1797 673 1956 727 verbi
1987 688 2187 725 causa.

439 773 483 840 Γ
561 771 698 839 [vr
775 771 824 837 i’
943 770 1040 835 [γ’
1155 766 1333 834 /rrr
1449 764 1629 832 r/qr
1710 763 1857 830 iPr
1975 763 2012 829 Ρ

2084 764 2129 827 ρ
2213 758 2741 828 ψῇηῑπτψ
2840 758 3107 826 ἹΓΓΡ
3325 755 3667 824 rrxrr

435 864 480 913 Α
553 858 613 912 bi
646 874 747 912 ma
777 862 838 911 tu
952 861 1004 910 et
1150 854 1208 908 in
1238 854 1324 906 fra
1436 852 1650 905 occidit
1673 851 1892 904 inultos
1933 865 2151 920 pueros
2181 847 2438 902 Herodes
2492 853 2734 917 propter
2814 845 3152 900 Dominum.
3301 848 3410 897 Am
3438 843 3521 896 bu
3551 842 3609 896 la
3641 842 3792 896 bunt

369 950 416 1016 Γ
490 949 541 1016 Γ
652 947 731 1015 P/
815 946 1002 1014 ΡΓΓ
1143 944 1254 1012 [Ὺ
1356 943 1474 1010 ΓΛ
1597 942 1644 1008 Γ
1721 942 1770 1007 Γ
1844 941 1890 1002 ,Ι

1597 942 1644 1008 Γ
1721 942 1770 1007 Γ
1844 941 1890 1002 ,Ι
1969 939 2156 1006 ΗΓ
2229 938 2428 1005 Jl'J.
2513 937 2784 1004 PF/PP
2863 936 3175 1002 P/FI’P

365 1053 602 1091 mecum
665 1035 724 1088 in
800 1034 853 1088 al
887 1033 998 1103 bis,
1027 1031 1317 1103 quoniam
1348 1029 1512 1099 digni
1546 1034 1700 1094 sunt,
1735 1033 1790 1082 et
1818 1044 1940 1081 non
1971 1026 2183 1080 delebo
2211 1025 2458 1079 nomina
2485 1040 2693 1078 eorum
2735 1024 2807 1077 de
2847 1023 2999 1076 libro
3041 1022 3097 1075 vi
3128 1027 3218 1076 tre.

436 1151 535 1203 Hae
567 1148 812 1221 quidem
844 1147 1186 1217 antiphonae
1219 1143 1392 1198 simili
1424 1142 1714 1212 principio
1737 1140 2068 1205 ordiuntur,
2105 1138 2208 1191 sed
2241 1155 2378 1191 mox
2410 1137 2470 1190 in
2505 1153 2788 1208 processu
2844 1136 3204 1207 discrepant,
3241 1140 3296 1189 et.
3338 1151 3459 1188 una
3513 1134 3790 1199 secundi,

364 1238 549 1293 altera
571 1237 765 1309 quarti
800 1235 917 1290 toni
950 1234 1108 1288 malo
1140 1232 1487 1304 deputamla
1519 1235 1784 1302 apparet.
1821 1229 2094 1282 Similiter
2126 1229 2182 1280 in
2208 1226 2424 1280 multis.
2463 1230 2607 1279 Sunt
2637 1226 2838 1292 etiam,
2869 1225 2946 1278 ad
2996 1241 3149 1296 quas
3178 1223 3433 1278 canendi
3463 1228 3608 1277 sunt
3637 1222 3768 1293 psal

363 1327 444 1381 mi
469 1328 640 1397 juxta
671 1323 1013 1398 principalis
1045 1322 1391 1389 melodiam,
1427 1336 1561 1374 cum
1612 1317 1944 1387 subjugalis
1978 1316 2241 1371 habeant
2273 1316 2453 1369 tinem
2493 1320 2631 1368 :aut
2657 1315 2828 1383 juxta
2877 1313 3255 1383 subjugalem
3290 1310 3706 1378 modulentur,
3740 1317 3794 1363 ct

361 1416 418 1470 in
452 1415 842 1487 prindpalem
876 1413 1170 1468 desinant.
1203 1413 1366 1470 Sunt,
1401 1409 1500 1480 qui
1536 1425 1654 1461 non
1688 1409 1744 1460 in
1779 1406 2019 1460 ﬁnalem
2053 1422 2269 1458 sonum
2326 1403 2718 1458 terminantur
2764 1402 2868 1457 sed
2911 1402 2970 1456 in
3028 1402 3384 1471 graviorem,
3417 1400 3522 1471 qui
3581 1399 3698 1452 sub
3735 1416 3790 1452 sc

361 1509 466 1558 est.
502 1504 729 1576 Repetit
759 1507 958 1558 autem
991 1517 1212 1555 neuma
1241 1498 1433 1552 tinalis
1466 1497 1654 1561 illum,
1683 1497 1740 1550 in
1774 1512 1894 1567 quo
1926 1495 2182 1562 legitime
2215 1498 2423 1547 cantus
2451 1492 2732 1557 consistit,
2764 1496 2819 1546 et
2849 1491 2994 1558 tinit,
3027 1496 3088 1544 ut
3118 1509 3128 1544 :

437 1595 506 1662 [εἰ
552 1594 597 1661 =1
782 1594 821 1660 =1!
857 1594 901 1658 ,Ι
939 1591 982 1658 Jf
1136 1590 1181 1656 Γ
1212 1589 1254 1656 P
1351 1586 1453 1655 Γ
1490 1589 1538 1654 ,Γ
1687 1587 1732 1654 Γ
1773 1586 1823 1653 Γ
1919 1585 1942 1650 μί
1982 1585 2022 1652 J

2210 1581 2813 1650 arrrvaiirr
2877 1581 3044 1648 γῆξ
3118 1580 3377 1647 req,
3455 1579 3498 1647 ρ
3565 1585 3671 1641 ,κ
3747 1583 3793 1643 Γ

432 1681 522 1734 Sci
546 1696 680 1733 mus
755 1677 1045 1749 quoniam
1121 1675 1181 1729 di
1212 1675 1246 1729 li
1275 1691 1384 1743 gen
1420 1675 1455 1727 ti
1487 1675 1597 1727 bus
1663 1676 1842 1727 Deum
1903 1670 2123 1726 omnia
2181 1686 2250 1724 co
2282 1673 2662 1740 operantur
2715 1668 2771 1722 in
2827 1668 3054 1722 bonum
3097 1666 3176 1722 hi
3207 1685 3266 1730 s,
3299 1665 3402 1739 qui
3443 1665 3791 1720 secundum

365 1770 389 1835 ,ί
417 1770 452 1836 J
486 1771 506 1830 [ί
585 1768 634 1834 Γ
660 1769 706 1834 Γ
731 1769 779 1834 Γ
844 1770 871 1832 '7
909 1768 947 1834 Γ
1085 1768 1130 1832 [⁸
1202 1766 1286 1832 Ἠ
1354 1765 1387 1831 Ἰ
1507 1764 1551 1829 Γ
1572 1765 1612 1830 Δ
1645 1764 1689 1830 Γ
1716 1767 1735 1822 ί
1765 1764 1813 1829 [⁸
1891 1762 1938 1829 Γ

757 1766 999 1835 σ’θΓί
1085 1768 1130 1832 r
1202 1764 1813 1832 ΨἩἻᾼοΓΔΓίΓ
1891 1761 2078 1829 FJF
2165 1760 2339 1827 PF?

362 1871 553 1927 propo
586 1855 632 1908 si
666 1860 789 1907 tum
821 1852 1011 1906 vocati
1047 1857 1184 1905 sunt
1215 1851 1428 1904 sancti.

435 1975 580 2027 Sunt
608 1969 886 2041 quaedam
932 1972 1104 2031 notie,
1146 1967 1220 2020 ad
1253 1983 1404 2037 quas
1438 1965 1654 2036 psalmi
1691 1965 1929 2035 proprio
1966 1964 2146 2017 modo
2174 1979 2291 2016 non
2326 1968 2625 2033 aptantur.
2655 1977 2790 2031 quae
2820 1959 3181 2015 conferendo
3215 1958 3403 2024 magis
3445 1958 3791 2011 insuiuuari

359 2064 632 2130 possunt.
663 2062 738 2112 De
773 2062 984 2111 CtPlCl‘O
1017 2061 1152 2109 ante
1201 2055 1404 2109 omnia
1459 2054 1738 2107 sollicitus
1785 2052 2257 2132 observandum,
2294 2057 2353 2105 ut
2409 2049 2742 2120 zequalitate
2787 2049 3050 2116 diligenti
3099 2048 3391 2103 cantilena
3424 2053 3788 2118 promatur;

360 2165 481 2219 qua
529 2147 730 2218 utique
771 2146 817 2200 si
865 2148 1080 2211 careat,
1115 2144 1418 2214 praecipuo
1471 2159 1579 2195 suo
1610 2143 1875 2212 privatur
1902 2142 2054 2211 jure,
2085 2147 2139 2194 ct
2169 2140 2428 2204 legitima
2483 2139 2842 2208 perfectione
2876 2137 3201 2192 fraudator.
3238 2136 3369 2193 Sine
3410 2137 3522 2190 hac
3557 2137 3789 2206 quippe

360 2235 576 2289 chorus
604 2237 894 2288 concentu
937 2231 1321 2285 confunditur
1352 2231 1617 2295 dissono,
1647 2245 1755 2282 nec
1809 2246 1943 2282 cum
1991 2228 2119 2282 aliis
2169 2228 2539 2280 conti-(:u-ilitcz'
2589 2226 2834 2297 quilibet
2885 2230 3126 2280 cantare
3178 2229 3388 2296 potem.
3446 2239 3558 2278 nec
3625 2225 3788 2276 solus

359 2325 551 2379 docte.
579 2322 867 2393 Atquitate
898 2320 1073 2391 plane
1105 2319 1610 2390 pulchritudinem
1644 2334 1883 2373 omnem
1920 2334 2028 2371 nec
2057 2317 2256 2371 minus
2288 2332 2423 2386 qum
2452 2314 2682 2381 auditu,
2715 2331 2898 2384 quam
2927 2330 3061 2385 quae
3091 2313 3218 2370 visu
3255 2312 3604 2384 percipitur,
3639 2315 3790 2368 Deus

361 2417 566 2466 auctor
599 2415 872 2465 constare
906 2409 1174 2472 instituit,
1209 2407 1350 2477 quia
1374 2407 1430 2460 in
1465 2422 1747 2460 mensura
1768 2410 1825 2460 et
1856 2406 2140 2476 pondere,
2176 2405 2235 2457 in
2259 2420 2508 2457 numero
2537 2407 2751 2456 cuncta
2780 2402 3096 2472 disposuit.

430 2525 806 2596 Inzequalitas
841 2538 981 2591 ergo
1022 2522 1314 2576 cantionis
1359 2525 1589 2574 cantica
1637 2535 1807 2573 sacra
1862 2535 1980 2572 non
2025 2519 2205 2580 vitiet,
2235 2533 2352 2572 non
2404 2533 2514 2588 per
2558 2522 2863 2570 momenta
2893 2531 3116 2568 neuma
3146 2513 3424 2586 qmellbet
3457 2518 3563 2567 aut
3595 2528 3789 2566 sonus

358 2613 698 2667 indecenter
730 2610 1123 2682 protendatur
1154 2614 1258 2663 aut
1288 2607 1694 2671 contrahatur,
1737 2623 1856 2660 nou
1903 2623 2006 2678 per
2035 2607 2329 2660 incuriam
2357 2605 2414 2659 in
2453 2621 2570 2658 uno
2603 2609 2800 2669 cantu,
2833 2601 2994 2657 verbi
3049 2602 3256 2671 gratia,
3289 2601 3658 2672 responsorii
3703 2601 3786 2654 vel

358 2707 730 2766 caeterorum,
761 2698 1004 2768 segnius
1035 2714 1220 2768 quam
1252 2697 1419 2768 prius
1479 2695 1742 2767 protrahi
1773 2695 2108 2766 ineipiatur.
2164 2695 2304 2748 Item
2351 2693 2556 2748 brevia
2609 2708 2864 2764 qmeque
2908 2690 3376 2762 impeditiOsiora
3436 2696 3588 2744 nont
3642 2691 3786 2752 sint,

357 2806 543 2861 quam
591 2787 908 2843 conveniat
961 2785 1264 2841 brevibus.
1300 2786 1518 2839 Verum
1562 2784 1765 2839 omnia
1822 2784 2000 2852 longa
2053 2783 2356 2854 aequaliter
2405 2783 2604 2850 longa,
2642 2781 2911 2834 brevium
2959 2779 3032 2834 sit
3060 2796 3170 2851 par
3199 2779 3483 2845 brevitas,
3515 2779 3786 2849 exceptis:

357 2876 859 2939 distinctionibus,
905 2891 1037 2947 quae
1084 2874 1257 2928 simili
1313 2873 1540 2928 cautela
1575 2873 1631 2926 in
1666 2878 1842 2927 cantu
1871 2871 2268 2927 observandie
2304 2874 2458 2924 sunt.
2496 2870 2729 2937 Omnia,
2769 2885 2904 2940 quae
2936 2868 3058 2936 diu,
3089 2868 3166 2922 ad
3210 2883 3301 2935 ea,
3332 2883 3470 2938 quae
3501 2883 3628 2921 non
3659 2868 3782 2935 diu.

357 2965 632 3035 legitimis
663 2965 813 3020 inter
841 2981 902 3018 se
933 2963 1181 3018 merulis
1213 2977 1530 3016 numerose
1564 2965 1941 3024 concurrant,
1973 2965 2026 3015 et
2059 2964 2267 3014 cantus
2299 2957 2545 3030 quilibet
2581 2962 2730 3013 lotus
2759 2957 2972 3012 eodem
3027 2955 3336 3011 celeritatis
3367 2962 3571 3010 tenore
3605 2972 3640 3010 a
3669 2955 3781 3009 line

360 3070 547 3125 usque
571 3053 648 3108 ad
677 3052 858 3107 finem
892 3057 1229 3123 peragatur.
1275 3052 1393 3104 Hac
1432 3055 1627 3104 tamen
1661 3050 1888 3104 ratione
1924 3055 2176 3111 servata,
2211 3049 2357 3102 dum
2386 3048 2444 3102 in
2477 3053 2656 3101 cantu
2687 3047 2790 3117 qui
2834 3046 3052 3116 raptim
3083 3045 3330 3113 canitur,
3379 3045 3537 3100 circa
3573 3046 3779 3100 ﬁnem.

357 3148 458 3197 aut
489 3141 815 3213 aliquando
847 3141 1000 3194 circa
1032 3139 1263 3193 initium
1297 3139 1546 3196 luntriori
1603 3155 1772 3193 mora
1805 3138 1992 3191 melos
2025 3137 2503 3207 protendendum
2538 3141 2644 3202 est,
2677 3139 2778 3189 aut
2815 3137 3045 3201 cantus,
3071 3133 3172 3204 qui
3223 3149 3468 3188 morose
3522 3134 3778 3192 canitur,

355 3230 552 3285 modis
583 3228 966 3284 celerioribus
997 3227 1297 3282 ﬁniendus
1327 3246 1337 3292 ;
1373 3234 1433 3280 ut
1465 3244 1573 3298 pro
1607 3227 1787 3280 modo
1811 3226 2110 3280 brevitatis
2143 3224 2446 3295 prolixitas
2470 3224 2876 3296 prolongetur,
2906 3227 2960 3277 et
2988 3223 3321 3277 secundum
3353 3237 3558 3275 moras
3586 3221 3782 3287 longi-

359 3318 577 3374 tudinis
627 3321 932 3372 momcnta
979 3318 1310 3370 t'ormei'itur
1366 3316 1587 3376 brevia,
1622 3321 1686 3369 ut
1725 3331 1834 3368 nec
1895 3315 2145 3383 majore,
2179 3331 2286 3367 nec
2341 3312 2589 3375 minore,
2623 3311 2726 3366 sed
2780 3327 3016 3382 semper
3059 3327 3246 3365 unum
3302 3309 3558 3364 alterum
3593 3311 3781 3382 duplo

356 3414 592 3479 superet
618 3423 628 3459 :
654 3406 801 3461 dum
833 3410 1081 3460 canente
1112 3403 1380 3476 quolibet
1413 3405 1808 3474 respondetur
1835 3403 1911 3457 ab
1934 3403 2048 3456 alio
2081 3417 2266 3456 unum
2303 3402 2620 3469 morosius,
2655 3406 2886 3455 servent
2913 3401 3145 3470 utrique
3178 3399 3450 3462 modum,
3483 3415 3592 3454 nec
3626 3415 3780 3453 unus

355 3494 538 3550 altero
593 3493 1028 3566 impeditiosius
1061 3498 1162 3547 aut
1197 3493 1444 3546 celerius
1501 3497 1694 3546 canat.
1736 3495 1849 3545 ltac
1897 3491 2114 3562 pariter
2145 3489 2451 3555 diligentia
2496 3489 2811 3552 custodita,
2846 3493 2908 3542 ut
2938 3503 3111 3543 voces
3139 3487 3200 3541 in
3233 3503 3420 3542 unum
3450 3487 3780 3542 amborum

353 3588 584 3646 coeant,
632 3599 739 3637 nec
769 3582 872 3654 qui
905 3581 1170 3646 succinit,
1202 3581 1486 3636 humilius
1529 3580 1619 3634 vel
1673 3580 1884 3634 celsius
1915 3579 2294 3650 respondeat,
2329 3594 2512 3649 quam
2546 3577 2640 3631 ille
2691 3577 2792 3647 qui
2847 3575 3133 3647 praecinit,
3176 3575 3266 3630 aed
3319 3581 3626 3646 quantum
3655 3575 3777 3630 ﬁeri

352 3672 528 3735 valet,
557 3672 685 3726 haec
713 3670 1084 3726 dissonantia
1116 3674 1415 3724 caveatur.
1453 3669 1583 3724 Sive
1615 3668 1888 3737 ejusdem
1921 3668 2037 3722 sint
2065 3666 2230 3722 modi
2265 3682 2436 3721 voces
2492 3664 2708 3728 ambee,
2758 3681 2863 3718 seu
2914 3664 3030 3719 alia
3083 3680 3192 3736 pro
3227 3665 3650 3719 convenientia
3679 3668 3782 3718 aut

353 3758 702 3814 necessitate
735 3757 1046 3822 mutanda,
1081 3757 1196 3812 sint
1225 3761 1448 3824 tamen,
1480 3760 1657 3827 prout
1687 3754 1905 3809 servari
1937 3757 2147 3826 potest,
2178 3753 2374 3808 ambae
2405 3752 2728 3823 aequisone.
2763 3751 2999 3806 Modum
3031 3755 3231 3806 autem
3279 3751 3566 3807 eumdem
3613 3753 3774 3806 vocis

355 3846 510 3913 dico,
545 3846 733 3900 donec
765 3845 825 3898 in
857 3844 1106 3898 alteram
1141 3847 1418 3908 transeat,
1450 3847 1506 3896 et
1529 3843 1586 3896 in
1620 3858 1844 3896 novam
1877 3846 2172 3902 mutetur,

424 3963 709 4013 Praeterea
765 3955 1285 4028 quemadmodum
1316 3955 1552 4027 psalmi,
1587 3955 1676 4009 vel
1729 3954 1844 4009 alia
1871 3955 2137 4026 qualibet
2168 3953 2427 4010 melodia
2482 3953 2558 4009 ad
2606 3953 2898 4008 rationem
2946 3969 3141 4008 causze
3185 3951 3280 4008 vel
3327 3952 3640 4024 temporis,
3669 3969 3775 4026 pro

353 4045 646 4115 paucitate
696 4061 836 4099 vero
887 4061 990 4097 seu
1038 4042 1412 4098 multitudine
1471 4039 1784 4098 cantorum
1831 4042 2048 4097 celsius
2098 4043 2187 4096 vel
2239 4041 2522 4097 humilius
2575 4040 2829 4097 canendi
2883 4045 3056 4108 sunt;
3093 4057 3204 4096 nec
3234 4041 3394 4096 enim
3414 4041 3777 4096 indifferenti

355 4132 681 4186 altitudinis
714 4131 897 4186 modo
939 4135 1179 4186 cantum
1213 4132 1504 4201 cujusque
1539 4129 1820 4202 temporis
1851 4128 2147 4184 modulari
2197 4134 2446 4201 oportet,
2495 4129 2658 4184 verbi
2712 4128 2922 4197 gratia.
2957 4128 3248 4184 matutina
3303 4128 3503 4184 laetitia
3530 4129 3775 4184 elatiore

354 4235 571 4273 canore
627 4219 1006 4287 celebranda,
1039 4235 1225 4289 quam
1257 4224 1549 4273 nocturna
1581 4219 1857 4292 synaxis;
1892 4224 1950 4273 at
1981 4223 2272 4274 nocturna
2326 4218 2568 4290 quidem
2623 4217 2934 4287 vigilanter
2988 4217 3087 4271 sed
3149 4223 3492 4290 temperate.
3526 4217 3775 4286 Psalmi,

351 4307 454 4380 qui
486 4306 877 4362 continuatim
911 4324 1047 4360 cum
1079 4307 1202 4361 suis
1228 4307 1572 4379 antiphonis
1595 4307 1873 4362 dicuntur
1903 4307 1981 4362 ad
2016 4323 2326 4378 vesperam
2359 4307 2650 4362 duntaxat
2679 4306 2944 4378 quinque
2976 4310 3076 4361 aut
3117 4311 3392 4378 qustuor,
3425 4305 3505 4362 ad
3529 4313 3775 4362 noctur-

351 4412 463 4451 nas
492 4412 591 4450 sex
649 4394 740 4449 vel
783 4400 916 4459 tres,
948 4395 1024 4448 illi
1059 4395 1237 4450 etiam
1269 4395 1370 4466 qui
1404 4395 1481 4449 ad
1513 4395 1835 4451 matutinas
1865 4395 2133 4467 deputati
2165 4400 2322 4464 sunt,
2356 4401 2459 4450 aut
2502 4393 2717 4466 aequali
2749 4393 3002 4450 elatione
3029 4410 3240 4449 omnes
3269 4393 3646 4466 imponendi,
3678 4403 3776 4450 aut

351 4490 504 4540 certe
535 4501 569 4539 a
599 4483 793 4556 primo
823 4483 898 4538 ad
929 4488 1258 4538 extremum
1293 4483 1549 4538 melodia
1581 4483 1876 4552 gradatim
1907 4484 2084 4539 debet
2114 4490 2170 4538 et
2199 4483 2504 4538 moderate
2535 4482 2594 4537 in
2628 4482 2812 4538 altum
2844 4499 3201 4538 excrescere.
3233 4484 3478 4538 Cantica
3529 4500 3775 4556 quoque

348 4571 649 4641 Evangelii
696 4571 870 4626 altius
903 4576 957 4626 et
1007 4571 1303 4626 morosius
1359 4571 1604 4637 caeteris,
1640 4571 1791 4626 sicut
1819 4571 2068 4643 inquam
2124 4570 2374 4643 psalmis
2423 4570 2690 4625 dicendis
2719 4571 2776 4625 in
2809 4570 3110 4626 efferendo
3163 4575 3218 4626 et
3268 4571 3327 4626 in
3360 4571 3776 4627 submittendo

349 4661 498 4715 ratio
529 4661 710 4714 dictat
745 4659 1015 4725 modum,
1046 4661 1124 4714 ita
1155 4660 1542 4714 nihilominus
1591 4676 1778 4731 quam
1810 4660 2099 4733 producte
2151 4659 2240 4713 vel
2284 4663 2549 4730 correpte
2579 4659 2694 4713 dici
2725 4663 2976 4729 oportet.
3013 4660 3232 4714 Verum
3264 4659 3386 4713 sive
3449 4660 3771 4720 morosius,

353 4749 470 4802 sive
520 4748 766 4801 celerius
814 4746 1107 4812 dicantur,
1158 4747 1270 4801 hoc
1323 4747 1545 4802 attendi
1602 4765 1838 4820 semper
1896 4748 2093 4810 debet,
2139 4751 2198 4801 ut
2247 4745 2510 4801 honestis
2555 4751 2611 4801 et
2651 4746 2841 4818 plenis
2876 4747 3110 4801 neumis
3158 4762 3423 4816 congruo
3463 4746 3776 4802 celeritatis

353 4839 813 4905 pronuntientur
845 4836 1046 4903 modo,
1076 4840 1135 4890 ut
1167 4852 1273 4889 nec
1305 4837 1502 4890 nimiae
1549 4836 1956 4908 productionis
2001 4836 2230 4901 hiulcat,
2256 4852 2364 4888 nec
2422 4852 2523 4888 eOs
2575 4835 2912 4890 irreverenti
2945 4835 3283 4890 festinantia
3335 4851 3403 4890 os
3435 4835 3779 4904 ignobiliter

353 4940 574 4979 canens
608 4924 872 4979 ebulliat.

427 5040 484 5091 ln
554 5039 1038 5110 pronuntiatione
1103 5041 1473 5110 psalmorum
1531 5058 1666 5094 cum
1736 5041 2077 5111 antiphonis
2149 5055 2383 5110 semper
2447 5040 2738 5111 pl'il'lcipia
2819 5056 3096 5094 versuum
3158 5039 3594 5111 protendantur
3659 5057 3776 5096 una

355 5126 570 5179 scilicet
623 5129 802 5195 longa
849 5128 1100 5198 syllaba,
1143 5128 1316 5197 longa
1368 5135 1564 5182 autem
1619 5147 1725 5198 pro
1783 5129 1962 5181 Inodo
2009 5129 2420 5199 correptimiis,
2465 5135 2762 5200 quatenus
2796 5130 3012 5182 chorus
3058 5130 3256 5183 oinnis
3305 5128 3527 5199 pariter
3558 5146 3775 5199 capere

352 5215 518 5270 initia
548 5233 831 5270 versuum
887 5217 1095 5287 possit,
1130 5223 1181 5272 et
1232 5218 1603 5272 concorditer
1634 5217 1976 5288 perducere.
2014 5215 2286 5273 Similiter
2343 5235 2626 5272 versuum
2676 5218 2810 5271 linis
2859 5234 2978 5273 una
3029 5218 3121 5273 vel
3176 5218 3416 5272 duabus
3466 5218 3776 5290 productis

352 5303 565 5360 eadem
621 5304 989 5372 longitudine
1063 5305 1332 5376 syllabis,
1407 5311 1469 5361 ut
1527 5323 1634 5360 nec
1691 5306 2062 5377 praaripiatur
2111 5321 2314 5360 versus
2365 5323 2622 5378 sequens
2675 5307 3042 5377 praecedente
3102 5306 3372 5361 nondum
3432 5307 3772 5362 terminato.

349 5408 460 5449 nec
520 5407 724 5447 rursus
775 5391 1152 5462 intercapedo
1207 5396 1401 5463 major
1450 5395 1521 5448 sit
1572 5395 1721 5448 inter
1785 5410 2020 5448 versum
2072 5401 2127 5448 et
2181 5411 2444 5461 versum,
2497 5411 2684 5466 quam
2744 5394 3013 5448 t'inalium
3075 5394 3444 5464 syllabarum
3508 5393 3775 5463 legitima

347 5479 686 5573 longitudo.

425 5596 708 5669 Repetitio
761 5595 1249 5667 antiphonarum,
1281 5616 1414 5668 quae
1463 5600 1522 5653 in
1554 5599 1668 5652 line
1702 5615 1978 5653 versuum
2014 5598 2164 5653 inter
2195 5597 2568 5652 cantandum
2621 5599 2704 5664 tit,
2733 5597 2947 5653 eadem
2977 5615 3096 5669 qua
3148 5596 3418 5669 psalmus
3475 5598 3769 5653 celeritate
