4014 6198
214 206 233 256 l
248 198 355 258 049

212 328 328 380 Nos
355 329 641 397 reputans
669 324 837 382 illum
863 325 953 382 fas
979 327 1220 384 demere
1246 330 1490 385 nomine
1513 330 1696 395 claro,

284 414 430 470 Cum
460 410 607 470 foret
634 413 883 485 insignis
911 415 1199 489 principis
1228 418 1526 475 Ausonici.

214 502 342 557 Haec
371 500 622 558 dubiam
650 498 884 559 stabilis
910 503 1038 559 ﬁxit
1064 509 1262 561 tamen
1292 507 1558 565 anchora
1578 515 1867 579 mentem,

284 594 363 646 Ne
392 589 556 646 ﬂeret
581 590 817 648 titulum
850 592 1072 665 pagina
1102 600 1271 652 muta
1296 611 1473 651 suum
1504 615 1517 652 :

214 676 369 745 Quin
398 679 523 735 vice
548 679 813 737 defuncti
840 682 1097 755 supplex
1120 697 1229 739 sua
1266 685 1475 741 munia
1532 685 1865 758 complens,

281 766 409 841 Ipse
427 765 638 824 darem
664 768 893 827 faustus
933 770 1179 827 Caesaris
1209 771 1337 828 haec
1367 771 1668 830 manibﬂs.

214 855 296 911 En
327 870 503 929 opus,
531 872 606 913 en
632 860 897 929 coeptum
931 864 1092 916 tanto
1125 859 1237 916 sub
1259 861 1503 917 nomine
1531 878 1794 931 carmen,

284 947 547 1001 Examen
574 945 837 1001 Vestrum
866 951 1091 1018 spectat
1112 948 1325 1005 adesse
1358 949 1546 1021 pium.

209 1032 337 1087 Huc
366 1028 510 1089 ades
540 1032 793 1103 Augusti
823 1034 1159 1129 clementia,
1186 1052 1426 1109 semper
1462 1038 1522 1094 in
1550 1055 1761 1129 omnes

281 1120 420 1183 Quae
450 1119 661 1177 virtute
690 1120 876 1193 vales,
906 1129 961 1179 et
990 1118 1254 1180 bonitate
1286 1123 1472 1196 viges.

210 1206 553 1266 Sobrietatis
580 1208 768 1267 habes
800 1210 1010 1268 laudes
1043 1212 1158 1280 hic,
1188 1212 1366 1282 bella,
1400 1221 1645 1289 tropaea.

1322 207 1726 269 STEPHANUS
1770 206 1945 264 PAPA
1989 204 2107 265 νη.
2138 235 2207 250 -ι
2238 208 2534 267 ΝΟΤΙΤΙΑ.

3499 218 3638 276 1050

1922 343 1942 389 '.
2053 331 2298 402 Ingenio
2320 333 2483 404 vigili
2508 335 2778 391 carmina
2808 336 3026 410 scripta
3045 336 3231 396 brevi.

1979 422 2120 486 Quae
2153 421 2201 478 si
2227 421 2374 478 forte
2407 427 2510 479 tuo
2538 424 2836 481 donentur
2865 439 3085 499 nempe
3123 426 3348 500 favore,

2049 510 2139 565 Ad
2169 511 2354 567 decus
2378 512 2649 577 Ecclesiae
2674 512 2794 569 fers
2822 513 2924 586 pia
2942 513 3107 571 dona
3139 532 3345 573 sacras.

1980 599 2080 654 Hic
2103 600 2223 668 via,
2248 600 2389 670 vita,
2420 600 2604 667 salus,
2635 601 2786 657 divis
2816 602 2911 658 hic
2938 602 3164 676 inclyta
3192 606 3354 674 gazis

2050 691 2216 744 Dona
2246 688 2344 745 Dei
2369 690 2627 755 rutilant,
2661 703 2798 763 quae
2818 704 2998 763 super
3035 695 3198 749 astra
3224 698 3464 752 vocant.

1979 778 2107 843 Quo
2134 783 2186 834 te
2213 778 2535 835 decursum
2563 781 2698 852 post
2724 778 2840 836 hoc
2856 778 3099 838 feliciter
3124 796 3321 840 aevum

2049 870 2251 937 Regna
2281 868 2458 925 beata
2478 872 2685 925 tenens
2714 868 2963 926 collocat
2991 870 3399 944 Omnipotens.

1978 955 2111 1010 Haec
2136 956 2314 1025 igitur
2343 955 2580 1011 salebro
2603 957 2720 1012 sint
2749 958 3030 1029 quamvis
3059 960 3330 1017 carmina
3342 976 3523 1018 versu

2049 1042 2334 1111 Obscuro,
2370 1058 2444 1100 ne
2476 1048 2727 1114 temnes,
2756 1060 2859 1101 rex
2888 1044 3004 1118 pie,
3038 1046 3147 1102 sed
3184 1046 3435 1119 relegas.

1978 1136 2191 1199 Caesar,
2224 1131 2354 1189 vive
2384 1136 2618 1206 potens,
2650 1132 2808 1201 felix,
2836 1134 2961 1190 sine
2990 1133 3110 1191 fine
3140 1134 3354 1207 valeto,
3502 1188 3511 1195 .

2047 1220 2462 1294 Hucbaldique
2489 1237 2723 1278 memor
2748 1220 2855 1293 sis,
2876 1237 3047 1293 rogo,
3067 1240 3281 1297 posco,
3305 1240 3536 1298 precor.

3482 1383 3569 1392 ...ο

1321 1479 2003 1613 EPITAPHIUM
2086 1484 2536 1570 MILONIS

931 1681 1246 1737 MONACHI
1290 1686 1344 1739 S.
1387 1686 1655 1742 AMANDI
1697 1686 2129 1747 ELNONENSIS
2170 1690 2526 1747 HUCBALDI
2565 1688 2919 1759 MAGISTRI,

1500 1862 1549 1918 A
1567 1864 1875 1923 UCTORE
1914 1864 2188 1923 HUCBA
2201 1869 2351 1923 LDO

1178 2041 1374 2112 (Apud
1408 2040 1762 2112 Fabricium,
1798 2042 2065 2100 Biblioth.
2099 2043 2261 2099 med.
2298 2047 2355 2100 et
2382 2044 2485 2100 inf.
2518 2047 2669 2114 Lat.)
2700 2094 2710 2103 .

962 2298 1114 2361 Milo,
1145 2303 1344 2370 poeta,
1379 2300 1610 2370 sophus
1635 2299 1818 2354 cubat
1845 2300 1960 2355 hoc
1991 2299 2105 2354 sub
2133 2310 2438 2355 marmore
2469 2299 2732 2365 clausus,

961 2386 1234 2442 Carmine
1264 2386 1664 2458 dulciloquus,
1698 2388 1801 2459 qui
1825 2387 2047 2443 librum
2070 2387 2415 2444 Sobrietatis

961 2473 1172 2543 Edidit,
1205 2479 1279 2541 et,
1313 2480 1589 2530 sanctum
1619 2475 1869 2547 pulchre
1899 2475 2166 2548 depinxit
2192 2476 2537 2532 Amandum

962 2563 1227 2619 Floribus
1257 2576 1577 2633 exornans,
1609 2570 1803 2620 metro
1827 2576 2133 2638 prosaque
2163 2570 2510 2627 venustatis,

956 2652 1122 2707 Tanti
1143 2652 1444 2721 pontiﬁcis
1466 2653 1959 2726 palmam,caput
1988 2656 2093 2724 (at.
2126 2651 2305 2726 capit]
2346 2658 2526 2727 atque
2567 2667 2878 2711 coronam.

967 2915 1519 3001 HUCBtLlll
1612 2918 2079 3003 EPITAPH
2101 2918 2122 2999 I
2146 2917 2296 3004 ΗΜ
2392 2915 2861 3006 DUPLEX.

1190 3096 1481 3162 (Histoire
1521 3098 1820 3154 littéraire
1855 3098 1929 3153 de
1968 3101 2031 3154 ια
2066 3095 2320 3160 France,
2363 3099 2508 3153 tom.
2536 3098 2647 3169 VI.)

1016 3353 1056 3408 Ι.

278 3439 504 3496 Dormit
530 3438 591 3495 in
602 3439 716 3496 hac
749 3440 957 3497 tumba
986 3440 1238 3513 simplex
1251 3441 1377 3498 sine
1403 3441 1536 3497 felle
1551 3442 1857 3509 columba,

207 3528 441 3597 Doctor,
472 3528 582 3583 ﬂes
593 3533 651 3584 et
674 3529 869 3585 honos
896 3534 1017 3585 tam
1032 3529 1170 3586 cleri
1190 3545 1376 3602 quam
1394 3531 1858 3599 monachorum,

206 3615 572 3686 Hucbaldus,
606 3616 834 3673 famam
859 3618 1032 3689 cujus
1055 3634 1163 3691 per
1193 3619 1433 3675 climata
1470 3619 1683 3675 mundi

205 3706 377 3761 Edita
404 3711 750 3762 sanctorum
782 3706 1201 3763 modulamina
1243 3712 1531 3780 gestaque
1575 3708 1856 3764 clamant.

203 3794 305 3849 Ilio
332 3794 522 3865 Cyrici
552 3796 829 3851 membra
853 3795 1136 3866 pretiosa,
1166 3800 1403 3867 reperta
1427 3796 1716 3865 Nivernis,

199 3882 426 3939 Nostris
457 3883 681 3939 invexit
700 3884 841 3950 oris,
874 3884 1227 3957 scripsitque
1250 3884 1641 3956 triumphum.

274 4059 546 4116 Praecluis
573 4066 792 4125 orator,
821 4061 1052 4117 sudans
1079 4062 1475 4135 opobalsama
1502 4078 1731 4130 cosmo,

196 4149 425 4205 Archas
458 4149 780 4206 mellifluus
808 4152 1007 4206 rhetor
1038 4167 1218 4223 super
1247 4151 1469 4207 aethera
1495 4156 1692 4215 notus,

200 4240 285 4293 En
309 4237 613 4294 Hucbalde
634 4238 824 4306 Pater,
859 4238 1022 4295 salve
1055 4255 1161 4311 per
1187 4239 1363 4295 saecla
1390 4244 1680 4296 verenter.

204 4395 1796 4439 Ἦ

1904 3356 1943 3408 Β
1970 3357 2053 3409 Tu
2073 3353 2308 3427 lampas
2340 3354 2676 3423 monachis,
2708 3359 2772 3411 tu
2794 3354 2909 3411 ﬂos
2939 3359 2996 3412 et
3020 3354 3181 3411 doxa
3203 3354 3441 3428 peritis:

1967 3445 2041 3497 Te
2070 3442 2243 3514 plebs
2272 3447 2562 3499 aeternum
2592 3443 2804 3513 lugens
2846 3443 2957 3499 sibi
3014 3443 3197 3499 deﬂet
3242 3444 3619 3515 ademptum.

1969 3530 2106 3599 Vige
2132 3531 2298 3601 juge,
2321 3531 2609 3603 sophista,
2637 3531 2791 3597 vale,
2820 3530 3143 3603 theophile,
3173 3531 3372 3591 share.

1970 3618 2247 3673 Ediderat
2271 3618 2427 3690 stylo
2452 3618 2821 3673 examussim
2850 3623 3152 3674 certamen
3176 3618 3430 3674 honesto

1968 3707 2163 3763 Matris
2186 3707 2399 3774 Julitae,
2423 3706 2613 3778 Cyrici
2641 3706 2946 3780 prolisque
2973 3710 3262 3779 venustae,

1968 3798 2087 3851 Ceu
2112 3795 2321 3851 doctor
2349 3795 2581 3851 celeber
2609 3811 2839 3863 gnavus
2867 3811 2976 3869 per
2994 3801 3212 3853 cuncta
3234 3796 3537 3868 magister.

1970 3884 2283 3953 Laudatur,
2318 3884 2533 3954 vigeat,
2554 3885 2722 3956 quod
2751 3900 2980 3957 quaeso,
3013 3885 3264 3956 legatur,
3292 3889 3547 3942 ametur.

1968 3976 2101 4027 Haec
2148 3971 2423 4044 quisquis
2450 3970 2618 4042 legis,
2652 3972 2936 4045 Requiem
2965 3972 3062 4029 die
3088 3972 3190 4029 det
3220 3975 3373 4029 Deus
3397 3971 3481 4028 illi

1968 4061 2233 4116 Palmam
2259 4074 2398 4116 cum
2427 4060 2658 4132 superis
2687 4065 2875 4129 gestet
2898 4075 3078 4134 super
3106 4065 3265 4117 astra
3295 4061 3547 4130 choreis,

1967 4149 2161 4206 Gloria
2190 4164 2422 4222 pauper
2442 4149 2566 4204 haec
2596 4150 2821 4221 peregit
2844 4154 3034 4207 metra
3058 4149 3323 4218 clienter,

1808 4394 3122 4438 ,φῇ-...ΞΗ
3143 4395 3164 4438 i
3221 4394 3608 4439 Ξ

1550 4542 1578 4577 Α
1588 4536 1699 4578 ΜιΝο
1740 4535 1927 4578 DOIUNI
1971 4536 2279 4576 DCCCCXXX.

435 4684 1557 4833 STEPHANUS

1673 4681 2167 4823 PAPA
2291 4683 2565 4818 Vl]
2684 4685 2877 4821 al.

1718 4888 2122 4905 *ψ

2992 4682 3384 4819 VIII.

1359 5019 1800 5104 NoTITIA
1872 5016 2455 5132 HISTORICA

970 5198 1160 5270 (Apud
1195 5200 1401 5265 Mansi,
1432 5197 1833 5273 Conciliorum
1864 5196 2116 5261 collect..
2152 5201 2295 5251 tom.
2334 5196 2523 5259 XVIII,
2561 5193 2673 5250 col.
2703 5196 2851 5264 381.)

1688 5324 2114 5340 ῌ

268 5448 624 5529 Stephanus,
652 5450 846 5529 patria
857 5455 1443 5529 _Ge_rmanus_,gopera
1472 5451 1717 5529 0thonis
1760 5469 1846 5509 re-
1887 5455 1927 5509 C
1959 5451 2185 5529 talium.
2209 5449 2308 5504 Hic
2322 5446 2670 5529 atyrannis,
2684 5463 2944 5529 quorum
2960 5446 3165 5529 odium
3175 5451 3426 5529 propter
3442 5462 3615 5529 suam

191 5522 304 5593 gis,
337 5515 677 5596 posthabito
708 5523 1111 5596 cardinaliuln
1136 5515 1441 5591 suffragio,
1491 5525 1710 5579 electus
1760 5530 1845 5579 est
1956 5522 2377 5596 electionemin
2396 5515 2456 5573 se
2470 5515 2803 5596 concitavit,
2827 5517 3048 5596 crebris
3071 5515 3615 5596 ictibus—sacrilegis

192 5609 229 5669 a
255 5595 728 5669 Ro’manisganno
755 5595 967 5669 Christi
999 5595 1410 5669 Redemptoris
1426 5601 1548 5663 939,
1576 5598 1844 5669 tempore

192 5666 565 5721 Constantini
596 5666 717 5722 VIII
748 5670 806 5722 et
835 5668 1103 5737 Homani,
1164 5666 1590 5741 imperatorum
1645 5667 1844 5725 Orien-

1955 5595 2103 5649 facie
2135 5591 2505 5649 deformatus
2536 5590 2662 5645 fuit.
2689 5585 2994 5645 Albericus
3014 5590 3197 5661 enim,
3220 5587 3323 5661 qui
3348 5585 3441 5661 his
3462 5589 3613 5661 tam?

1952 5664 2201 5738 poribus
2226 5662 2631 5734 principatum
2665 5661 2722 5716 in
2749 5660 2900 5717 Urbe
2929 5655 3191 5730 gerebat;
3227 5655 3613 5714 existimabat
