4014 6198
319 169 445 226 1051

1663 159 1999 215 STEPHANI
2040 159 2243 214 ΡΑΡᾸΞ
2283 160 2373 212 VII

3598 153 3737 208 1052

312 309 433 350 non
465 308 642 365 posse
671 308 732 365 se
762 290 1095 365 dominium
1132 287 1302 365 Urbis
1333 300 1620 365 securum
1651 282 1979 356 possidere,
2020 288 2063 338 A
2168 285 2529 365 Francorum
2542 280 2902 365 proceribus
2931 279 3221 360 adversus
3262 277 3639 365 Ludpvicuin
3658 293 3748 365 re-

316 366 365 420 si
393 356 512 421 non
544 364 773 427 gentilis
796 362 1032 432 aliquus
1056 357 1363 434 ipseubene
1391 361 1572 434 notus
1586 356 1869 434 Romanae
1894 370 1985 407 ur-

314 436 407 509 bis
435 426 844 509 pontificatum
873 426 1112 487 teneret.
1176 432 1316 509 Qua.
1381 426 1693 509 occasione
1729 426 1788 480 in
1820 441 1985 479 eum-

315 498 458 562 deni
485 507 852 578 Stephanum
881 518 1098 572 parum
1125 498 1349 578 aequuis
1370 499 1654 578 existens,
1686 511 1984 578 cumnma-

316 578 494 656 nibus
519 567 855 656 impiorum.
872 567 1544 656 t'antopere'laneinari,
1601 574 1657 623 et
1703 568 1771 656 in.
1837 567 1983 656 facie

319 638 623 721 deturpari
669 645 936 721 permisit
994 638 1085 721 ‘Et
1121 657 1489 721 quanquam.
1531 641 1679 721 haec
1691 638 1982 721 stigmata

318 710 556 791 propter
578 710 869 791 justitiam
900 732 936 771 a
988 710 1217 770 Satanae
1243 710 1527 791 ministris
1579 710 1801 790 inﬂicta
1858 724 1981 763 non

318 787 593 844 dedecori
668 787 774 842 sed
813 790 1168 842 ornamento
1234 788 1455 850 essent,
1512 788 1715 838 tamen
1764 787 1891 852 ipse
1946 796 1980 835 a

318 856 561 933 publico
620 860 934 933 hominum
975 871 1319 933 congressu
1369 856 1482 933 hac
1547 853 1863 933 deucausa
1918 856 1983 933 ut

322 925 679 1004 plurimum_
740 929 1046 1004 abstinuit.
1103 925 1245 1004 :_Hoc
1282 925 1450 1004 _facto
1531 925 1820 1004 excitatus
1895 926 1983 977 est

320 995 561 1057 animus
594 1000 949 1074 Othonisad
982 996 1420 1074 vindicandum
1439 995 1632 1074 scelus
1683 997 1980 1074 Romano-

324 1090 485 1142 rum,
516 1079 573 1127 et
601 1072 678 1127 ad
734 1071 1136 1127 cohibendam
1190 1069 1308 1142 vim
1362 1067 1554 1142 illam“
1582 1067 1978 1137 tyrannicam,

322 1136 509 1216 quam
540 1144 826 1216 hactenus
858 1143 917 1197 in
942 1140 1327 1216 promotione
1351 1136 1704 1216 pontificum
1731 1151 1981 1216 usurpa-

320 1206 485 1286 rant;
528 1214 773 1286 quando
804 1206 1005 1269 autem
1022 1211 1169 1267 illud
1191 1206 1523 1282 perfecerit,
1548 1207 1701 1262 infra
1722 1222 1831 1262 suo
1851 1206 1983 1261 loco

322 1285 567 1342 dicetur.

2095 369 2228 423 gem
2251 348 2695 420 rebellantibus,
2753 367 3013 423 eumque
3055 350 3315 423 recipere
3360 348 3748 423 detrectanti-

2092 420 2226 497 bus,
2257 439 2364 497 per
2395 420 3076 497 Damasum‘quem—dam
3124 420 3436 490 legationis
3492 436 3748 497 munere

2092 490 2440 565 fungentem
2470 490 2785 565 nuntiavit,
2816 497 2881 549 ut
2914 508 3119 563 regem
3176 508 3356 565 suum
3402 490 3703 565 recipiant
3730 510 3745 546 :

2096 562 2256 648 quod
2287 566 2333 620 si
2349 566 2553 647 facere
2581 562 2792 634 nolint,
2818 562 3454 648 excommunicationis
3506 562 3750 648 senten-

2094 632 2233 693 tiam
2263 653 2325 693 se
2345 637 2689 692 incursuros
2725 632 3018 692 neverint.
3050 639 3112 691 In
3148 633 3309 690 [talia
3336 632 3564 691 bellum
3593 633 3751 690 inter

2090 712 2399 778 Hugonem
2420 712 2476 763 et
2497 706 2855 778 Alberieum,
2875 704 3445 778 antehacpsemelper
3465 703 3749 761 Odonem

2090 776 2540 835 Cluniacensem
2569 777 2853 834 abbatem
2881 776 3542 849 compositum,_fracta_
3595 790 3752 849 pace

2087 850 2390 906 recruduit
2422 867 2435 903 :
2459 865 2580 922 qua
2604 848 2922 905 occasione
2952 846 3080 922 0_do
3110 864 3147 904 a
3177 847 3478 922 Stephano
3518 846 3753 922 ite—[um

2090 925 2342 1001 Romam
2365 916 2635 1001 vocatus,
2663 920 3109 1001 pace’nondum
3124 916 3494 1001 composita,
3515 916 3752 1001 ibidem

2089 1010 2162 1048 ex
2190 992 2312 1064 hac
2324 991 2442 1064 vita
2467 989 2740 1047 decessit.
2799 990 2980 1047 Paulo
3005 995 3160 1064 post
3191 989 3753 1064 etiarnstephanus

2134 1079 2251 1136 apa
2280 1062 2596 1118 defunctus
2627 1067 2734 1132 est,
2769 1078 2928 1133 cum,
2953 1059 3024 1118 ut
3064 1060 3288 1117 habent
3336 1059 3616 1136 Yaticani
3673 1059 3759 1114 in-

2088 1080 2251 1189 papa
2280 1080 2596 1118 deuinctus
2627 1080 2734 1132 eSt,
2769 1080 2928 1133 cum,
2953 1080 3015 1118 Ill
3064 1080 3288 1117 nanent
3349 1080 3616 1141 veneant
3674 1080 3757 1114 m-

2134 1134 2272 1260 iges,
2300 1149 2494 1260 atnnos
2517 1138 2657 1205 tres,
2690 1149 2930 1189 menses
2945 1138 3225 1206 quatuor,
3246 1135 3302 1187 et
3322 1129 3453 1187 dies
3471 1146 3757 1203 qmnque

2092 1222 2153 1260 se
2200 1221 2317 1260 isse
2351 1247 2363 1259 .

2092 1206 2363 1261 sedisset.

1165 1455 3734 1483 μ

1058 1601 1981 1720 STEPHANI

2105 1600 2622 1717 PAPE
2731 1597 2994 1715 VII

679 1812 1649 1931 iCPlSTOL/E
1805 1810 2007 1927 ET
2147 1805 3384 1926 PRIVILEGIA.

327 2263 474 2333 (705)
508 2278 770 2318 STEPHANI
805 2280 875 2317 v11
908 2280 1079 2318 eum
1108 2279 1216 2317 Ριὶο
1248 2280 1594 2319 MONASTERIO
1626 2279 1675 2318 s.
1701 2278 1978 2317 vmcesru

932 2351 1360 2390 Vl'LTURNENSlS.

961 2443 1157 2512 (Anno
1194 2443 1344 2513 930.)

329 2548 690 2603 Monasterio
721 2551 918 2603 sancti
958 2550 1250 2604 Vincentz‘i
1280 2549 1715 2609 Vulturnensis,
1739 2550 1983 2617 ejusque

392 2619 963 2675 abbatiltaimbaldo
975 2622 1325 2689 omniajura
1339 2626 1394 2675 et
1411 2621 1562 2675 bona
1581 2620 1894 2687 conﬁrmat
1904 2660 1916 2672 .

543 2708 880 2777 [Muratori.,
913 2724 1031 2764 rer.
1059 2710 1190 2764 ital.
1239 2710 1461 2778 Script.
1497 2713 1534 2775 Ι,
1563 2726 1622 2775 11,
1654 2708 1803 2780 422.]

404 2798 728 2852 STEPHANITS
803 2797 1143 2869 episcopus,
1193 2814 1400 2852 servus
1461 2813 1768 2853 servorum
1860 2795 1980 2865 Dei,

331 2888 656 2940 RAIMBALDO
688 2884 814 2940 viro
844 2885 1170 2941 venerabili
1197 2885 1401 2941 abbati
1428 2884 1777 2942 monasterii
1827 2884 1983 2939 Chri-

330 2974 401 3029 sti
422 2975 701 3046 martyris
735 2974 1046 3043 Vincentii,
1079 2975 1245 3046 quod
1275 2975 1453 3030 situm
1480 2980 1565 3031 est
1595 2975 1654 3029 in
1712 2973 1983 3047 partibus

333 3063 588 3119 Samnite
616 3063 906 3119 territorio
942 3065 1356 3118 Beneventano
1384 3079 1565 3136 super
1584 3064 1811 3119 fontem
1858 3062 1986 3116 Vul-

329 3152 485 3206 turni
512 3152 801 3217 ﬂuminis,
833 3158 889 3206 et
909 3169 1016 3223 per
1038 3158 1092 3206 te
1132 3152 1360 3207 cunctis
1391 3152 1841 3208 successoribus
1870 3151 1983 3206 tuis

328 3239 389 3294 in
415 3240 629 3295 eodem
649 3240 975 3295 venerabili
991 3241 1353 3296 monasterio
1378 3241 1726 3309 regulariter
1746 3256 1986 3313 promo-

328 3328 539 3383 vendis
567 3328 628 3383 in
655 3333 1031 3401 perpetuum.

400 3417 506 3472 Pia
534 3416 932 3473 sollicitudine
964 3435 1174 3474 curam
1218 3424 1464 3488 agentes
1524 3434 1836 3474 sacrarum
1885 3419 1986 3475 Dei

1944 2180 1957 2184 -
2026 2156 2063 2209 Β
2094 2171 2177 2209 cae
2201 2154 2356 2209 sedis
2381 2153 2746 2226 protectione
2776 2155 3194 2225 permaneant.
3254 2152 3549 2206 Preterea
3612 2166 3755 2223 quae

2092 2276 2330 2333 cunque
2361 2276 2397 2315 a
2422 2259 2686 2329 regibus,
2717 2258 2997 2327 ducibus,
3018 2256 3418 2331 principibus,
3466 2256 3564 2314 vel
3616 2257 3755 2313 reli-

2090 2349 2227 2421 quis
2275 2348 2576 2415 ﬁdelibus,
2633 2347 2713 2404 ad
2785 2347 2948 2404 idem
3020 2345 3454 2404 monasterium
3532 2346 3755 2403 collata

2092 2442 2250 2503 sunt,
2278 2438 2364 2493 vel
2395 2438 2457 2494 in
2485 2441 2794 2511 posterum
2823 2436 3076 2493 conferri
3110 2435 3443 2506 contigerit,
3497 2439 3561 2491 et
3615 2451 3754 2507 qua:

2089 2527 2605 2600 praedecessorum
2634 2530 2974 2582 nostrorum
3006 2524 3329 2599 privilegiis
3385 2524 3755 2581 conﬁrmata

2089 2617 2298 2674 vestris
2325 2617 2864 2688 prredecessoribus
2887 2619 3139 2683 constat,
3174 2614 3353 2671 ﬁrma
3380 2614 3582 2682 vobis,
3625 2630 3755 2671 ves-

2092 2706 2314 2779 trisque
2345 2706 2814 2773 successoribus,
2848 2710 2905 2761 et
2932 2705 3159 2762 illibata
3178 2708 3600 2778 permaneant.
3651 2706 3755 2760 De-

2092 2796 2411 2862 cernimus,
2465 2811 2732 2868 quoque,
2782 2800 2848 2851 ut
2902 2795 3049 2851 nulli
3131 2792 3381 2850 omnino
3428 2793 3753 2850 hominum

2091 2884 2264 2940 liceat
2283 2883 2638 2956 praedictum
2667 2883 3102 2939 monasterium
3131 2887 3349 2938 temere
3400 2881 3751 2954 pertubare,

2093 2978 2195 3028 aut
2224 2973 2352 3042 ejus
2381 2972 2793 3044 possessiones
2823 2972 3074 3041 auferre,
3098 2971 3193 3027 vel
3212 2970 3469 3039 ablatas,
3494 2972 3754 3027 retinere

2092 3062 2384 3132 minuere,
2411 3061 2502 3116 vel
2532 3061 2844 3118 contrariis
2875 3059 3291 3117 vexationibus
3318 3059 3575 3131 fatigare
3600 3078 3614 3128 ;
3648 3060 3756 3117 sed

2093 3151 2299 3207 omnia
2325 3151 2557 3220 integra
2586 3155 3035 3221 conserventur,
3067 3166 3298 3219 eorum,
3330 3164 3442 3222 pro
3487 3165 3759 3222 quorum

2095 3240 2524 3298 sustentatione
2562 3244 2620 3295 ct
2649 3239 3082 3310 gubernatione
3102 3255 3390 3296 concessa
3422 3244 3588 3307 sunt,
3632 3240 3757 3295 usi-

2092 3331 2208 3386 bus
2239 3328 2587 3385 omnimode
2616 3328 2950 3401 profutura.
2984 3329 3250 3386 Obeunte
3272 3344 3418 3385 vero
3443 3329 3581 3399 ejus
3638 3328 3758 3385 loci

2095 3419 2332 3485 abbate,
2366 3418 2457 3474 vel
2487 3434 2737 3476 suorum
2762 3433 3197 3485 successorum,
3230 3417 3433 3473 nullus
3471 3416 3557 3473 ibi
3610 3434 3758 3490 qua-

328 3506 744 3573 Ecclesiarum,
774 3510 978 3579 utpote
1004 3522 1114 3579 pro
1136 3506 1323 3563 salute
1351 3507 1556 3563 ovium
1586 3523 1622 3562 a
1654 3508 1771 3562 Deo
1810 3507 1985 3563 nobis
2023 3500 2065 3553 C
2094 3507 2237 3563 libet
2255 3507 2470 3563 astutia
2499 3522 2609 3562 seu
2642 3506 2925 3562 violentia
2964 3511 3371 3579 praeponatur,
3397 3505 3513 3562 nisi
3569 3521 3758 3579 quem

330 3595 810 3662 commissarum,
843 3601 899 3652 et
927 3596 1188 3652 maxime
1237 3600 1354 3653 Deo
1405 3596 1826 3652 famulantium
1854 3611 1983 3653 mo-

329 3685 683 3751 nachorum,
718 3685 1048 3756 satagimus
1101 3690 1164 3741 ut
1220 3685 1439 3741 divinae
1498 3685 1985 3759 contemplationi

329 3772 739 3829 insistentibus
769 3790 947 3847 opem
980 3774 1129 3830 ferre
1159 3775 1486 3847 possimus,
1542 3780 1605 3830 ut
1643 3791 1783 3830 cum
1820 3775 1904 3830 eis
1930 3779 1987 3830 et

330 3861 547 3916 divinae
576 3863 1073 3919 remunerationis
1100 3862 1355 3933 gratiam
1383 3879 1850 3935 consequamur.
1882 3867 1985 3919 Pe-

331 3949 590 4004 tentibus
620 3950 797 4018 igitur
833 3950 1027 4011 vobis.
1058 3954 1123 4006 ut
1164 3951 1596 4006 monasterium
1642 3951 1801 4007 beati
1850 3951 1987 4006 Vin-

332 4036 505 4091 centii
533 4038 812 4108 martyris
844 4038 1052 4093 Christi
1078 4054 1214 4094 cum
1241 4038 1524 4095 omnibus
1556 4039 1665 4095 sibi
1694 4039 1988 4112 pertinen-

331 4123 515 4192 tibus,
548 4126 728 4193 cellis,
762 4126 1024 4198 capellis,
1057 4127 1336 4195 castellis,
1370 4133 1425 4183 et
1455 4129 1642 4195 terris,
1671 4129 1784 4183 sub
1842 4129 1987 4199 juri-

332 4210 589 4267 dictione
612 4218 831 4268 sanctae
863 4218 1144 4271 Romanae
1177 4216 1448 4271 Ecclesiae
1478 4218 1664 4272 nostri
1694 4217 1987 4289 privilegii

330 4300 676 4356 auctoritate
702 4302 1091 4370 muniremus,
1146 4304 1534 4359 concedimus
1588 4305 1733 4361 illud
1790 4306 1983 4374 vobis,

293 4414 302 4427 ο
329 4390 659 4462 vestrisque
685 4389 963 4461 legitimis
995 4393 1442 4448 successoribus
1472 4393 1798 4450 abbatibus
1846 4394 1987 4450 deti-

330 4479 708 4544 nendum,ut
752 4481 973 4536 nullius
1030 4481 1271 4537 alterius
1334 4481 1604 4539 Ecclesiae
1659 4483 1986 4540 ditionibus

332 4568 729 4634 submittatur,
763 4571 871 4625 sed
902 4587 1038 4625 cum
1061 4571 1344 4627 omnibus
1388 4571 1500 4628 sibi
1556 4573 1987 4646 pertinentibus

329 4656 511 4727 cellis,
535 4657 656 4713 sive
687 4659 1082 4729 monasteriis,
1117 4660 1551 4717 monasterium
1575 4663 1780 4733 utique
1827 4662 1985 4719 beati

331 4748 475 4803 Petri
502 4746 674 4818 juxta
702 4747 972 4818 ﬂuvium,
1005 4748 1251 4805 Sabbati
1278 4750 1570 4806 territorio
1630 4752 1989 4807 Beneventa-

2093 3596 2304 3653 fratres
2354 3595 2663 3652 communi
2716 3612 3036 3664 consensu,
3079 3595 3174 3651 vel
3219 3595 3441 3651 saniori
3500 3595 3760 3651 concilio

2094 3685 2378 3755 elegerint
2397 3684 2731 3741 secundum
2762 3684 3038 3741 timorem
3093 3684 3215 3752 Dei,
3243 3687 3302 3740 et
3356 3683 3515 3741 beati
3575 3685 3763 3739 Bene-

2094 3773 2233 3829 dicti
2259 3772 2531 3843 regulam
2562 3788 2600 3828 a
2631 3775 2902 3829 Romano
2927 3771 3209 3845 pontiﬁce
3251 3771 3755 3828 consecrandum.

2095 3860 2390 3930 Chrisma,
2435 3860 2636 3917 oleum
2718 3865 3019 3930 sanctum,
3078 3861 3560 3917 consecrationes
3612 3861 3757 3916 alta-

2093 3948 2408 4017 rium,sive
2425 3948 2830 4017 basilicarum,
2855 3948 3266 4005 ordinationes
3289 3948 3757 4017 monachorum,

2096 4037 2218 4092 sive
2250 4036 2599 4093 clericorum
2629 4036 2993 4093 monasterio
3046 4037 3491 4110 pertinentium,
3547 4053 3586 4093 a
3632 4052 3760 4109 quo

2097 4125 2422 4181 malueritis
2452 4125 2752 4198 accipietis
2773 4125 3066 4182 catholico
3097 4126 3406 4199 episcopo.
3459 4125 3763 4182 Interdici-

2097 4233 2232 4272 mus
2261 4217 2440 4272 etiam
2470 4233 2546 4273 ne
2574 4217 2711 4290 quis
2741 4217 3167 4289 episcoporum
3195 4233 3269 4273 ex
3299 4216 3513 4272 eodem
3535 4231 3758 4272 mona-

2096 4306 2271 4362 sterio
2301 4306 2583 4362 abbatem
2614 4305 2706 4362 vel
2734 4306 3104 4362 monachum
3146 4306 3226 4363 ad
3248 4322 3421 4361 suam
3448 4306 3761 4380 synodum

2072 4395 2317 4452 ‘audeat
2343 4411 2673 4468 provocare
2703 4399 2806 4451 aut
2833 4394 3358 4451 excommunicare
3383 4415 3396 4460 ;
3419 4410 3529 4450 nec
3546 4394 3632 4449 ibi
3658 4411 3763 4450 cu-

2090 4484 2339 4556 juslibet
2420 4484 2695 4541 Ecclesiae
2778 4484 3172 4553 sacerdotem,
3256 4488 3471 4557 praeter
3547 4483 3761 4540 sedem

2096 4573 2489 4646 apostolicam
2548 4572 2837 4629 ditionem
2912 4572 3179 4646 aliquam
3230 4570 3453 4628 habere
3507 4571 3763 4644 permit-

2098 4661 2303 4732 timus,
2362 4660 2515 4717 adeo
2557 4665 2624 4717 ut
2672 4660 2791 4717 nisi
2845 4659 2926 4717 ab
2967 4659 3187 4718 abbate
3242 4659 3416 4717 fuerit
3444 4660 3761 4727 invitatus,

2098 4766 2208 4806 nec
2264 4750 2587 4807 missarum
2640 4748 2932 4805 solemnia
2969 4748 3196 4805 ibidem
3252 4747 3552 4805 celebrare
3613 4764 3765 4822 prae-

331 4851 431 4905 no,
464 4837 897 4892 monasterium
938 4837 1171 4893 Domini
1205 4837 1526 4894 Salvatoris
1557 4839 1618 4894 in
1672 4838 1849 4909 Alise,
1878 4840 1989 4896 cel-
2025 4848 2070 4902 Ι)
2101 4844 2319 4896 sumat.
2375 4838 2722 4896 Sacerdotes
2780 4842 2838 4894 et
2892 4836 3089 4894 clerici
3135 4836 3210 4895 de
3265 4853 3633 4911 quacunque
3658 4853 3763 4893 ec-

331 4924 451 4980 lam
481 4928 709 4982 Sanctaa
732 4926 924 4982 Mariae
945 4926 1005 4982 in
1027 4926 1181 4983 duas
1204 4926 1500 4998 basilicas,
1525 4927 1736 4983 cellam
1765 4931 1986 4983 sancta:

331 5014 522 5069 Mariae
547 5018 717 5085 juxta
748 5015 996 5071 ﬂuvium
1026 5015 1311 5086 Trinium,
1360 5015 1572 5071 cellam
1625 5021 1841 5072 sanctae
1871 5019 1987 5073 Ma-

331 5100 433 5155 riae
462 5101 521 5156 in
548 5104 904 5172 Castanieto,
937 5104 1151 5160 cellam
1179 5108 1399 5160 sanctae
1432 5104 1620 5161 Mariae
1652 5104 1714 5159 in
1745 5104 1984 5171 Palene,

332 5188 543 5245 cellam
574 5198 795 5247 sanctae
821 5193 1011 5249 Mariae
1041 5194 1103 5249 in
1123 5192 1476 5265 Apinianici,
1537 5192 1751 5249 cellam
1800 5195 1988 5249 sancti

332 5280 486 5334 Petri
514 5278 575 5332 in
606 5279 834 5351 Vipera,
871 5281 1083 5337 cellam
1111 5281 1301 5338 sancti
1342 5281 1626 5351 Vingentii
1680 5282 1739 5336 in
1797 5285 1989 5339 Taccu

331 5383 471 5423 cum
501 5366 784 5422 omnibus
813 5370 1190 5426 monasteriis
1230 5375 1287 5427 et
1339 5369 1521 5439 cellis,
1546 5371 1663 5426 sub
1701 5371 1988 5444 apostoli-

403 5553 530 5622 (705
544 5552 709 5622 ,Vera
730 5548 1132 5622 suppositane
1156 5550 1231 5622 sit
1250 5551 1416 5622 bulla
1440 5552 1568 5606 haec
1633 5552 1863 5622 mutila,
1923 5554 1985 5609 in

335 5624 498 5677 tanta
517 5619 1071 5692 litterarum—inopia
1099 5620 1334 5677 difﬁcile
1361 5622 1603 5692 cognitu
1628 5628 1716 5678 est
1740 5642 1753 5691 ;
1774 5619 1882 5679 nec
1906 5629 1989 5680 ta-

2099 4929 2301 4997 clesia,
2354 4928 2401 4983 si
2454 4928 2726 4984 venerint
2776 4928 2857 4984 ad
2914 4926 3316 4984 habitandum
3381 4927 3445 4983 in
3502 4942 3764 4999 congre-

2098 5008 2340 5089 gatione
2389 5016 2660 5084 fratrum,
2735 5020 2839 5073 aut
2902 5015 3327 5072 monachicum
3389 5016 3767 5089 suscipiendi

2096 5107 2392 5173 habitum,
2435 5106 2634 5162 statim
2678 5104 3061 5179 recipiantur,
3091 5120 3203 5162 nec
3230 5122 3268 5162 a
3321 5105 3595 5179 quolibet
3626 5122 3769 5179 pro-

2097 5195 2390 5251 hibeatur.
2408 5197 2522 5250 Nec
2538 5198 2865 5267 praesumat
2891 5193 3204 5266 quispiam,
3224 5193 3419 5250 eidem
3452 5200 3769 5251 monaste-

2097 5283 2569 5351 rio,etcellis,vel
2607 5282 3112 5355 possessionibus,
3136 5282 3241 5350 vel,
3262 5282 3441 5339 rebus
3477 5284 3611 5354 ejus
3640 5285 3771 5341 vio-

2097 5373 2283 5430 lenter
2297 5372 2666 5439 incumbere,
2684 5372 2779 5434 vel
2796 5372 3130 5445 quamlibet
3165 5371 3408 5430 malitiae
3455 5373 3770 5444 jacturam

2094 5568 2233 5624 men
2246 5552 2506 5623 effugere
2519 5551 2927 5624 suspicionem
2942 5554 3302 5624 potest,cum
3318 5552 3767 5624 monasterium

2098 5622 2495 5681 Vulturnense
2517 5622 2782 5680 sciamus
2801 5622 3059 5680 falsariis
3084 5637 3212 5680 non
3237 5622 3529 5682 caruisse.
3564 5623 3767 5682 Jun.
