4014 6198
261 173 396 229 1053

1506 183 1857 238 EPISTOLE
1896 180 1983 235 ET
2021 177 2436 234 PRIVILEGIA.

3531 179 3665 235 1054

243 265 499 364 inferre;
532 297 635 353 sed
662 299 828 355 omni
853 304 1120 374 tempore
1151 303 1309 360 idem
1340 304 1510 360 locus
1548 322 1686 361 cum
1726 305 1901 378 perti-
1933 307 1976 358 A
2010 306 2355 374 precaturas
2402 302 2726 371 faciendas,
2784 307 2888 358 aut
2932 302 3115 369 freda,
3144 302 3238 359 vel
3290 303 3528 369 tributa,
3563 308 3667 359 aut

241 385 459 441 nentiis
489 386 671 442 libere
702 393 758 443 et
787 391 983 462 quiete
1028 390 1140 447 sub
1177 394 1515 466 apostolicae
1567 395 1726 450 sedis
1770 410 1902 467 pro-

240 475 497 531 tectione
525 480 810 533 servetur.
837 480 894 535 Si
915 481 1051 553 quis
1076 486 1279 538 autem
1305 484 1485 554 hujus
1517 485 1701 541 nostri
1727 501 1902 556 apos-

244 562 401 619 tolici
426 563 725 636 privilegii
767 569 1249 625 constitutionem
1298 576 1585 628 temerare
1618 589 1903 645 priesum-

239 651 445 725 pserit,
476 652 589 708 nisi
615 653 793 723 digne
836 656 1260 726 emendaverit,
1314 661 1558 717 honoris
1589 662 1679 717 sui
1710 662 1900 728 (ligni-

240 745 425 796 tatcm
453 741 705 807 amittat,
766 748 821 799 et
852 745 1080 801 alienus
1110 763 1145 802 a
1203 764 1450 821 corpore
1497 755 1553 805 et
1609 751 1899 820 sanguine

242 830 479 886 Domini
509 833 693 888 nostri
741 836 877 889 Jesu
910 836 1118 892 Christi
1149 838 1272 907 ﬁat,
1305 841 1361 893 et
1390 855 1529 894 cum
1577 840 1820 896 diabolo
1846 845 1901 896 et

238 920 373 990 ejus
406 921 691 977 ministris
720 928 941 979 aeterno
969 925 1245 983 incendio
1271 927 1610 984 damnetur.
1659 930 1767 995 Qui
1799 947 1901 985 au-

239 1013 362 1065 tem
387 1009 544 1080 juste
575 1014 631 1066 et
675 1011 770 1084 pie
820 1013 945 1069 haec
993 1015 1419 1082 observaverit,
1469 1018 1900 1075 benedictionis

236 1099 497 1169 gratiam
554 1100 904 1172 plenissime
954 1120 991 1159 a
1054 1106 1305 1162 Domino
1362 1113 1786 1180 consequatur,
1844 1114 1900 1165 et

236 1192 475 1244 aeternae
503 1188 637 1245 vitae
668 1191 965 1266 particeps
992 1210 1120 1250 esse
1150 1202 1499 1252 mercatum-

316 1278 610 1350 Scriptum
642 1295 748 1352 per
778 1297 1027 1338 manum
1058 1285 1337 1357 Stephani
1378 1286 1695 1358 primicerii
1738 1303 1899 1343 anno

236 1364 623 1436 pontiﬁcatus
655 1367 863 1424 domni
924 1371 1203 1444 Stephani
1237 1373 1457 1429 summi
1486 1375 1784 1445 pontiﬁcis
1814 1392 1899 1431 se-

236 1454 502 1526 ptimi....

1039 1552 1102 1603 ll.

2007 392 2262 446 obsonia
2320 392 2599 464 quaelibet
2657 391 2970 460 exigenda,
3035 391 3122 445 vel
3181 392 3524 447 mansiones
3565 396 3667 447 aut

1959 477 1968 486 '
2010 479 2192 541 Silvas
2223 480 2316 535 vel
2343 481 2607 553 paradas
2664 480 2971 537 faciendas
3002 484 3106 535 aut
3146 479 3530 550 tidejussores
3562 479 3667 535 tol-

2006 569 2236 639 lendos,
2269 574 2371 624 aut
2399 570 2674 626 homines
2704 569 2976 639 ejusdem
3026 568 3370 625 monasterii
3420 573 3543 625 tam
3574 570 3664 624 in-

2006 672 2237 739 genuos
2259 674 2450 731 quum
2483 675 2685 715 servos
2718 674 2898 730 super
2928 663 3143 714 terram
3175 657 3366 730 ipsius
3397 674 3664 713 comma-

2005 752 2213 803 nentes
2244 748 2461 818 injuste
2493 744 2960 819 distringendos,
2981 765 3087 803 nec
3119 748 3197 804 ad
3226 747 3379 803 ullas
3411 746 3666 801 redhibi-

2006 836 2218 904 tiones,
2252 840 2357 893 aut
2384 837 2614 894 illicitas
2644 838 2990 894 occasiones
3026 837 3416 909 requirendas
3445 836 3662 891 nostris

2005 931 2063 980 et
2090 926 2302 981 futuris
2330 926 2719 999 temporibus.

2080 1014 2191 1071 Sed
2218 1013 2390 1071 liccat
2421 1021 2751 1072 memorato
2782 1016 2882 1071 Dei
2914 1032 3085 1071 servo
3116 1016 3376 1071 Gerardo
3422 1015 3664 1086 suisque

2007 1105 2451 1160 successoribus
2476 1122 2568 1160 res
2599 1106 2863 1178 praedicti
2910 1105 3256 1161 monasterii
3293 1121 3426 1160 cum
3456 1120 3665 1167 mona-

2006 1192 2133 1248 chis
2157 1193 2282 1248 suis
2312 1194 2425 1249 Sub
2445 1194 2836 1251 immunitatis
2856 1198 3073 1250 nostra)
3090 1193 3437 1249 defensione
3459 1192 3661 1265 quieto

2006 1282 2214 1337 ordine
2244 1283 2571 1355 possidere,
2632 1289 2689 1339 et
2739 1283 3036 1349 ordinare,
3071 1283 3300 1356 absque
3346 1281 3665 1353 cujuslibet

2007 1370 2211 1426 arbitri
2242 1372 2691 1439 communione,
2720 1372 2832 1427 nisi
2862 1373 2995 1443 ipso
3040 1371 3258 1427 abbate
3290 1374 3347 1426 et
3378 1370 3501 1425 suis
3532 1386 3662 1425 mo-

2006 1460 2216 1515 nachis
2248 1459 2309 1514 id
2335 1461 2764 1517 rationabiliter
2793 1460 2919 1516 ﬁeri
2945 1460 3301 1533 petentibus.

2080 1548 2200 1604 Hoc
2227 1565 2469 1621 quoque
2497 1550 2725 1605 ﬁrmari
2755 1549 2994 1623 expetiit
3022 1548 3430 1616 nihilominus,
3462 1552 3527 1603 ut
3570 1563 3665 1602 ea-

238 1630 514 1686 STEPHANI
568 1647 648 1687 vn
700 1649 1053 1691 PRIVILEGIUM
1112 1654 1216 1693 Ριιο
1271 1654 1617 1695 διοκΑδτειιιο
1674 1643 1728 1697 S.
1770 1642 1897 1696 MA-
1925 1656 1972 1708 Β
2006 1635 2146 1691 dem
2176 1637 2496 1707 damnetur
2526 1638 2942 1693 maledictione
2971 1637 3318 1710 quicunque
3340 1635 3542 1691 locum
3572 1635 3661 1707 ip-

834 1740 943 1780 ana
983 1727 1296 1784 Baomeasr.

813 1813 1003 1884 (Anno
1043 1816 1328 1886 920-931).

234 1900 672 1957 Fundationem
704 1903 908 1960 abbati
915 1920 962 1960 re
976 1907 1343 1973 Broniensis,
1378 1911 1439 1964 in
1470 1912 1753 1966 comitatu
1772 1913 1899 1967 Na-

310 1992 608 2045 murcensi
624 1992 1165 2060 con/innabRomar
1181 1998 1548 2057 existenteet
1580 2014 1783 2055 coram
1795 2014 1893 2068 pe-

311 2083 466 2134 tente
488 2085 694 2136 sancto
732 2081 998 2138 Gerardo
1027 2084 1240 2141 abbate
1272 2102 1344 2142 ac
1372 2088 1701 2156 fundatore
1743 2090 1892 2144 Bro-

308 2182 516 2222 mensz.

502 2256 699 2327 [Apud
732 2258 939 2327 Mansi,
971 2260 1192 2316 Concil.
1227 2265 1373 2316 tom.
1407 2264 1624 2332 XVIII].

308 2343 366 2397 IN
413 2344 657 2399 nomine
706 2350 927 2401 sanctae
974 2352 1029 2402 et
1084 2347 1407 2404 individua-3
1464 2350 1781 2419 Trinitatis,
1841 2359 1899 2409 et

233 2434 462 2485 sanctae
511 2431 699 2487 Mariae
740 2448 979 2505 semper
1021 2434 1289 2505 virginis,
1345 2438 1685 2505 S'rsrunrs,
1738 2439 1897 2495 sedis

229 2518 580 2589 apostolica;
612 2536 887 2577 summus
935 2523 1277 2597 episcopus,
1327 2541 1534 2581 servus
1586 2543 1895 2583 servorum

233 2606 360 2675 Dei,
416 2606 699 2664 fratribus
728 2625 799 2665 ac
846 2610 984 2666 ﬁliis
1014 2612 1235 2668 nostris
1266 2629 1371 2685 per
1418 2615 1763 2671 universum
1796 2633 1892 2672 or-

228 2695 373 2750 bem
404 2699 694 2753 terrarum
728 2698 788 2753 in
816 2698 935 2755 ﬁde
967 2701 1258 2757 catholica
1286 2702 1659 2774 degentibus.

308 2787 523 2840 Notum
556 2785 835 2858 cupimus
866 2804 997 2844 esse
1029 2790 1311 2846 omnibus
1343 2797 1467 2848 tam
1499 2794 1894 2865 priesentibus

229 2887 421 2944 quam
452 2872 664 2928 futuris
694 2874 949 2947 qualiter
977 2876 1134 2933 ﬁlius
1161 2894 1231 2933 ac
1258 2878 1436 2935 frater
1454 2882 1893 2944 noster.divina

229 2968 535 3019 annuente
557 2963 893 3032 clementia,
914 2968 1209 3024 Gerardus
1230 2968 1423 3025 abbas
1440 2970 1612 3027 nobis
1638 2971 1894 3028 innotuit

229 3049 307 3107 de
338 3053 698 3109 monasterio
731 3056 1053 3124 Broniensi,
1081 3057 1248 3130 quod
1276 3057 1338 3113 in
1369 3058 1580 3115 melius
1610 3060 1891 3117 reforma-

230 3139 315 3196 vit
341 3146 397 3196 et
424 3142 778 3199 restauravit
806 3143 868 3199 in
917 3145 1143 3201 honore
1198 3152 1420 3203 sanctae
1460 3149 1559 3204 Dei
1590 3150 1893 3206 Genitricis

230 3217 470 3302 semper
499 3230 744 3300 virginis
760 3233 971 3299 Mariae,
986 3238 1452 3308 sanctorumque
1481 3239 1892 3310 apostolorum

232 3318 386 3374 Petri
415 3324 472 3374 et
500 3320 681 3387 Pauli,
711 3325 769 3378 et
804 3323 997 3379 sancti
1023 3324 1268 3379 Joannis
1301 3326 1592 3397 Baptistae.

304 3409 444 3465 Post
473 3426 611 3466 vero
632 3412 964 3468 multorum
989 3418 1333 3470 sanctorum
1355 3416 1630 3488 pignora,
1650 3433 1892 3487 congre-

229 3497 395 3566 gavit
418 3497 501 3553 ibi
531 3515 749 3571 corpus
779 3501 958 3556 etiam
981 3503 1171 3557 sancti
1193 3505 1454 3574 Eugem’z’
1481 3506 1778 3576 martyris,
1798 3522 1891 3561 ar-

228 3586 595 3660 chiepiscopi
647 3588 938 3645 Toletanae
993 3590 1171 3656 sedis,
1201 3592 1501 3664 discipuli,
1534 3598 1591 3649 et
1632 3593 1892 3652 ordinati

228 3676 422 3731 sancti
455 3677 719 3749 Dionysii
743 3679 1201 3753 archiepiscoiii,
1227 3686 1284 3736 et
1316 3698 1453 3736 cum
1487 3698 1709 3751 magna
1736 3698 1894 3738 reve-

158 3816 173 3821 -
228 3766 422 3821 rentia
452 3770 508 3822 et
532 3766 759 3823 honore
791 3768 937 3824 inibi
969 3770 1186 3825 attulit:
1212 3771 1621 3826 haereditatem
1649 3788 1892 3844 quoque

223 3854 535 3926 propriam
569 3860 689 3912 tam
720 3857 780 3913 in
834 3858 993 3927 agris
1032 3873 1220 3929 quam
1274 3857 1334 3912 in
1378 3859 1713 3931 mancipiis,
1748 3860 1889 3915 etin

225 3943 515 3999 omnibus
565 3945 697 4016 jure
759 3945 1135 4002 heereditario
1185 3946 1623 4018 adjacentibus,
1681 3947 1893 4005 devote

224 4049 297 4088 ac
330 4019 657 4089 voluntarie
688 4034 766 4089 ad
794 4034 1112 4107 praefatum
1146 4035 1309 4091 dedit
1338 4036 1789 4091 monasterium.

301 4123 628 4194 Postquam
653 4128 854 4180 autem
884 4125 1060 4182 nobis
1086 4125 1391 4197 indicavit,
1418 4126 1767 4197 provolutus
1797 4142 1895 4198 pc-

226 4210 410 4264 ilibus
441 4211 680 4279 nostris,
700 4212 860 4284 petiit
888 4221 1187 4285 quatenus
1214 4214 1559 4269 auctoritate
1591 4214 1892 4285 apostolo-

225 4314 367 4353 rum
398 4299 544 4354 Petri
577 4304 634 4355 et
666 4300 830 4356 Pauli
854 4300 1309 4357 malediceretur
1333 4302 1529 4357 omnis
1559 4302 1661 4374 qui
1691 4302 1765 4357 de
1790 4319 1892 4358 eo-

230 4403 369 4443 rum
400 4389 764 4445 monasterio
822 4390 1048 4462 aliquid
1113 4394 1448 4460 conaretur,
1508 4394 1631 4446 tam
1661 4391 1734 4447 de
1762 4392 1895 4447 reli-

231 4476 389 4550 quiis
420 4483 765 4534 sanctorum
796 4495 984 4552 quam
1012 4479 1087 4534 de
1116 4480 1501 4546 vestimentis,
1533 4483 1588 4535 et
1617 4480 1805 4550 libris,
1839 4486 1895 4537 et

230 4566 309 4621 de
336 4567 637 4623 territoriis
689 4567 942 4636 auferre,
995 4573 1176 4641 atque
1210 4568 1285 4623 de
1317 4568 1654 4641 mancipiis,
1688 4569 1781 4625 vel
1818 4571 1892 4625 dc

230 4657 364 4713 aliis
393 4656 759 4729 quibuslibet
780 4659 962 4715 rebus
987 4674 1139 4731 quas
1156 4674 1316 4713 nunc
1341 4658 1524 4713 habet
1554 4659 1668 4713 sibi
1700 4660 1891 4730 datas,

231 4745 329 4800 vel
357 4744 513 4802 ultra
541 4746 729 4817 possit
755 4747 857 4801 Dei
887 4746 1296 4803 misericordia
1321 4745 1607 4802 obtinere.

310 4837 427 4889 Hoc
456 4850 700 4908 quoque
735 4851 1099 4908 magnopere
1133 4835 1391 4908 expetiit,
1425 4841 1486 4890 ut
1510 4835 1725 4891 eodem
1751 4851 1895 4892 con-

234 4923 602 4993 stringamur
654 4926 1036 4981 anathemate
1095 4924 1442 4997 quicunque
1494 4924 1894 4997 privilegium,

233 5011 401 5084 quod
427 5012 501 5067 de
529 5012 743 5068 eodem
768 5012 902 5068 loco
931 5017 990 5068 et
1031 5012 1394 5069 monasterio
1418 5012 1546 5083 jam
1574 5012 1738 5081 regia
1764 5030 1893 5068 ma-

234 5101 578 5172 gniticentia
614 5107 672 5171 et
706 5101 1030 5175 imperialis
1082 5106 1361 5157 sanxerat
1409 5101 1746 5167 auctoritas,
1789 5102 1895 5157 ali-

233 5194 535 5265 quatenus
563 5195 957 5264 praasumeret
985 5190 1324 5261 infringere.

311 5280 557 5347 Scilicet,
581 5280 857 5336 utnullus
870 5281 1209 5353 episcopus.
1234 5279 1434 5334 nullus
1449 5296 1675 5345 comes,
1696 5279 1895 5334 nullus

236 5370 592 5437 advocatus,
625 5369 825 5425 nullus
851 5370 1038 5439 judex
1078 5369 1379 5442 publicus,
1408 5384 1517 5425 nec
1550 5367 1796 5440 quilibet
1825 5384 1898 5423 ex

231 5458 553 5528 judiciaria
577 5462 868 5531 potestate
898 5458 959 5514 in
982 5458 1379 5526 Ecclesia,aut
1404 5457 1556 5523 loca,
1574 5456 1663 5511 vel
1694 5472 1894 5525 agros,

240 5562 351 5605 seu
403 5546 664 5619 reliquas
710 5547 1122 5620 possessiones
1175 5546 1491 5603 memorati
1550 5545 1898 5601 monasterii

235 5643 562 5709 praesumat
589 5636 843 5706 ingredi,
880 5640 982 5693 aut
1037 5636 1113 5692 ad
1141 5652 1354 5693 causas
1401 5635 1734 5693 audiendas
1794 5639 1897 5689 aut

2006 1741 2144 1780 sum
2175 1731 2232 1781 et
2258 1726 2372 1781 loci
2422 1727 2650 1804 incolas
2679 1726 2834 1782 infra
2861 1743 3003 1781 suos
3034 1725 3319 1781 terminos
3342 1724 3539 1780 hostili
3569 1725 3662 1779 in-

2004 1814 2237 1884 cendio,
2265 1814 2359 1870 vel
2385 1815 2563 1884 caede,
2623 1819 2725 1870 aut
2772 1814 2977 1887 aliqua
3021 1815 3243 1885 injusta
3273 1812 3662 1885 oppressione

2002 1904 2447 1975 praesumpserit
2485 1903 2863 1976 aliquatenus
2912 1902 3266 1976 depopulari
3312 1901 3406 1957 vel
3454 1901 3660 1956 infrin-

2006 2006 2162 2061 gere.

2074 2082 2422 2138 Astantibus
2452 2083 2631 2152 igitur
2659 2082 2954 2155 episcopis
2976 2078 3449 2136 etconfratribus
3480 2080 3661 2150 hujus

2004 2175 2222 2225 sanctas
2253 2174 2533 2226 Romamre
2588 2171 2765 2237 sedis,
2817 2175 2874 2224 et
2919 2167 3448 2235 consentientibus,
3511 2167 3660 2238 peti-

2007 2259 2227 2315 tionem
2252 2260 2460 2315 famuli
2491 2260 2592 2316 Dei
2630 2259 2917 2315 Gerhardi
2956 2258 3285 2331 apostolica
3315 2258 3659 2314 auctoritate

2004 2346 2229 2402 ﬁrmari
2258 2348 2653 2404 decrevimus.

2076 2435 2257 2504 Igitur
2308 2436 2654 2492 auctoritate
2718 2436 2902 2492 Patris
2970 2440 3029 2492 et
3081 2434 3227 2501 Filii,
3285 2438 3342 2490 et
3413 2432 3660 2505 Spiritus

2007 2524 2198 2579 sancti
2227 2528 2282 2580 et
2314 2529 2535 2579 sanctae
2566 2526 2757 2581 Mariae
2802 2540 3040 2598 semper
3070 2524 3336 2593 virginis,
3371 2522 3473 2579 Dei
3502 2522 3661 2591 geni-

2004 2612 2181 2677 tricis,
2215 2618 2271 2668 et
2329 2613 2599 2668 omnium
2649 2613 2977 2670 caelestium
3028 2614 3333 2681 virtutum,
3368 2616 3425 2668 et
3471 2610 3660 2666 sancti

2001 2701 2246 2755 Joannis
2324 2701 2613 2772 Baptistae,
2700 2706 2755 2756 et
2827 2708 3173 2758 sanctorum
3248 2698 3658 2771 apostolorum

2003 2790 2150 2845 Petri
2176 2795 2232 2845 et
2288 2790 2468 2860 Pauli,
2510 2792 2699 2846 sancti
2758 2792 3001 2862 Eugenii
3055 2789 3332 2861 martyris
3385 2787 3658 2859 ejusdem

2002 2879 2116 2934 loci
2147 2880 2381 2951 patroni
2406 2884 2462 2935 et
2492 2879 2837 2951 provisoris,
2871 2887 3212 2936 sanctorum
3245 2893 3508 2950 quorum
3534 2876 3661 2931 reli-

2002 2968 2159 3041 quiae
2214 2968 2359 3023 inibi
2409 2974 2567 3039 sunt,
2624 2969 2923 3042 simulque
2985 2969 3257 3025 omnium
3312 2971 3658 3022 sanctorum

2001 3074 2262 3131 quorum
2288 3059 2535 3115 nomina
2564 3059 2784 3130 scripta
2808 3066 2948 3115 sunt
2974 3059 3037 3114 in
3063 3058 3214 3113 libro
3240 3056 3392 3123 vitae,
3425 3070 3660 3110 excom-

2003 3148 2405 3213 municamus,
2423 3148 3020 3218 anathematizamus,
3051 3147 3419 3202 damnamus
3448 3159 3659 3199 omnes

2001 3238 2103 3309 qui
2134 3238 2352 3292 horum
2407 3237 2742 3309 quidpiam,
2774 3254 2911 3309 quae
2937 3238 3012 3292 de
3073 3235 3450 3292 immunitate
3478 3238 3533 3288 et
3588 3233 3658 3288 li-

2004 3326 2225 3381 bertate
2254 3325 2591 3381 Broniensis
2620 3325 2890 3382 Ecclesiae
2938 3330 2995 3380 et
3017 3325 3131 3381 loci
3158 3325 3467 3398 prrelibata
3497 3328 3657 3393 sunt,

1999 3415 2231 3469 irritum
2312 3413 2572 3479 fecerint,
2664 3414 2756 3469 vel
2851 3413 3211 3482 intr-egerint,
3319 3413 3435 3467 nisi
3512 3411 3657 3467 resi-

2003 3501 2258 3573 puerint,
2287 3506 2343 3555 et
2373 3501 2775 3572 poenituerint,
2828 3506 2885 3557 et
2912 3501 2991 3556 ab
3046 3501 3261 3557 abbate
3291 3505 3347 3556 et
3372 3499 3655 3555 fratribus

2002 3591 2132 3660 ejus
2156 3589 2396 3645 veniam
2428 3590 2882 3662 promeruerint,
2928 3594 2985 3645 et
3014 3590 3088 3645 de
3133 3594 3343 3644 caetero
3368 3588 3653 3644 emenda-

2000 3679 2207 3734 verint.

2074 3772 2143 3821 At
2172 3783 2314 3821 vero
2342 3767 2443 3837 qui
2490 3767 2841 3823 observator
2892 3766 3175 3821 exstiterit
3216 3766 3396 3835 hujus
3440 3769 3655 3820 nostrae

2002 3855 2416 3927 praeceptionis
2454 3860 2509 3909 et
2532 3854 2703 3922 regiae
2730 3854 3073 3923 sanationis,
3104 3853 3376 3923 gratiam,
3407 3857 3462 3908 et
3489 3852 3660 3906 mise-

2000 3943 2341 4013 ricordiam,
2371 3943 2674 4015 vitamque
2728 3949 3013 3999 aeternam
3040 3959 3076 3998 a
3103 3940 3658 3997 misericordissimo

2006 4033 2254 4087 Domino
2290 4035 2406 4087 Deo
2435 4038 2637 4088 nostro
2666 4033 2953 4105 consequi
2981 4036 3296 4089 mereatur.

2075 4123 2195 4191 Ego
2214 4122 2513 4179 Castorhs
2528 4122 2799 4177 notarius
2828 4123 3217 4191 regionarius,
3238 4127 3293 4177 et
3319 4120 3657 4177 scriniarius

2002 4215 2221 4265 sanctae
2254 4213 2537 4265 Romanae
2572 4212 2852 4277 ecclesiae,
2878 4214 3300 4267 corroborante
3330 4209 3658 4282 apostolica

2002 4300 2367 4366 auctoritate,
2402 4305 2455 4354 et
2500 4306 2704 4357 sancto
2731 4318 2891 4375 papa
2931 4303 3231 4373 Stephano
3280 4304 3657 4368 suggerente,

2002 4392 2343 4459 recognovi.

2075 4480 2324 4547 Signum
2350 4480 2581 4535 Domini
2615 4479 2896 4550 Stephani
2926 4493 3100 4550 papae
3132 4476 3394 4545 gloriosi.

2077 4570 2223 4623 Data
2272 4571 2313 4622 V
2347 4569 2469 4623 Kal.
2530 4568 2688 4636 Maii,
2738 4582 2899 4622 anno
2948 4566 3025 4622 ab
3082 4566 3494 4621 Incarnationc
3550 4564 3658 4619 Do-

2004 4657 2215 4713 mini...

2076 4749 2291 4801 Actum
2322 4748 2521 4800 Romae
2552 4743 2811 4809 feliciter,
2840 4759 3039 4798 amen.

2078 4838 2199 4903 Ego
2234 4836 2345 4888 Leo
2385 4836 2605 4888 sanctae
2631 4834 2913 4888 Romana
2945 4830 3219 4886 Ecclesiae
3250 4828 3664 4900 archipresby-

2004 4928 2109 4990 ter,
2141 4926 2390 4992 rogante
2446 4920 2693 4975 domino
2724 4926 2926 4975 nostro
2952 4919 3272 4991 Stephano,
3306 4917 3659 4988 subscripsi,

2004 5028 2183 5067 amen
2192 5054 2203 5065 .

2078 5103 2197 5169 Ego
2228 5098 2605 5155 Valentianus
2630 5098 2946 5169 cpiscopus
2976 5094 3322 5166 subscripsi,
3353 5109 3549 5151 amen.

2078 5193 2196 5256 Ego
2231 5188 2518 5261 Agapitus
2538 5188 2858 5259 episcopus
2886 5185 3018 5257 ipso
3035 5185 3282 5255 jubente
3308 5183 3657 5257 subscripsi,

2004 5294 2203 5333 amen.

2079 5370 2199 5437 Ego
2230 5365 2680 5421 Emerentianus
2726 5362 3045 5433 episcopus
3076 5362 3422 5434 subscripsi,
3458 5377 3654 5417 amen.

2075 5458 2197 5523 Ego
2221 5453 2672 5525 Simphorianus
2698 5450 3015 5523 episcopus
3074 5450 3420 5522 subscripsi,
3456 5463 3652 5503 amen.

2074 5547 2196 5614 Ego
2224 5542 2487 5599 Liberius
2514 5540 2833 5613 episcopus
2863 5539 3212 5613 subscripsi,
3245 5553 3441 5593 amen.

2086 5636 2206 5702 Ego
2236 5631 2584 5688 Laurentius
2614 5631 2933 5703 episcopus
2963 5626 3288 5700 subscripsi
3318 5640 3513 5681 amen.
