3998 6198
355 180 493 234 1055

428 305 551 373 Ego
582 300 911 359 Florentius
938 302 1258 374 episcopus
1284 302 1632 375 subscripsi,
1665 318 1862 358 amen.

431 395 551 461 Ego
583 391 897 461 Gregorius
929 390 1281 462 subscripsi,
1317 407 1514 448 amen.

432 482 552 549 Ego
583 478 947 535 Gaudentius
975 477 1297 550 episcopus
1327 479 1681 552 subscripsi,
1712 493 1910 535 amen.

430 571 550 637 Ego
578 566 1015 623 Clementianus
1040 567 1387 640 subscripsi,
1430 585 1627 624 amen.

430 658 549 724 Ego
577 653 850 710 Urbanus
877 656 1199 727 episcopus
1246 658 1422 726 jussu
1461 656 1690 712 domini
1732 653 2015 727 Stephani

356 758 552 816 papas,
580 743 927 817 subscripsi,
955 759 1153 801 amen.

429 831 721 886 Hiduinus
766 832 1276 891 Meliolanensium
1322 835 1811 907 archiepiscopus
1841 833 2013 888 subs-

358 919 583 993 cripsit,
615 937 815 978 amen.

427 1008 597 1065 Wido
668 1009 1126 1066 Placentinensis
1213 1012 1553 1084 episcopus,
1636 1010 2014 1083 subscripsit,

250 1152 260 1161 .
361 1115 560 1156 amen.

433 1189 642 1244 Petrus
660 1189 972 1245 Cumensis
1020 1191 1341 1263 episcopus
1389 1192 1765 1264 subscripsit,
1816 1206 2012 1247 amen.

1722 174 2016 235 JOANNIS
2056 170 2270 229 PAPIE
2313 172 2396 227 Xl.

2046 303 2091 353 A
2193 295 2515 351 Richuinus
2541 291 3017 361 Stratburgensis
3045 287 3790 363 episcopus,subscripsit.

3651 168 3794 219 1056

2122 399 2321 442 amen.

2194 475 2484 529 Rotherus
2538 470 2805 527 Treveris
2862 468 3351 541 archiepiscopus
3407 465 3788 538 subscripsit,

2122 578 2320 620 amen.

2195 652 2549 709 Benedictus
2640 649 2909 706 Metensis
2998 648 3320 721 episcopus
3409 644 3789 717 subscripsit,

2121 758 2299 799 amen
2307 785 2319 797 .

2112 855 2122 864 -
2195 830 2503 888 Bicharius
2574 827 2948 884 Leodicensis
3023 827 3346 899 episcopus
3416 823 3789 895 subscripsit,

2124 937 2322 978 amen.
2412 962 2415 963 ν

2197 1011 2535 1083 Stephanus
2583 1007 3033 1063 Cameracensis
3066 1006 3387 1079 episcopus
3418 1003 3787 1075 subscripsit,

2124 1115 2302 1157 amen
2312 1145 2323 1155 .

370 1333 3789 1369 mm

879 1361 1724 1369 -__—————_——————-—-.~-

1621 1498 1791 1541 ANNO
1840 1496 2064 1542 DOMINI
2113 1497 2509 1542 DCCCCXXXVI
2523 1527 2534 1539 .

1169 1670 2031 1814 JOANNES

2166 1666 2656 1836 ΡΑΡΑ
2738 1669 2997 1809 ΧΙ.

1876 1920 2262 1937 “.—

1524 2041 1917 2129 ΝΟΤΤΙΑ

2014 2046 2643 2134 HISTORICA.

993 2245 1187 2317 (Apud
1213 2247 1588 2320 Coquelines,
1621 2250 1947 2320 Bullarum,
1974 2254 2245 2326 privileg.
2283 2257 2451 2312 Rom.
2477 2260 2652 2328 pont.
2684 2251 2879 2325 Amp].
2914 2249 3164 2322 collect.)

1864 2372 2284 2390 ῳ

439 2445 697 2524 toannes
755 2444 1111 2524 undecimus
1142 2446 1342 2524 Sergii
1400 2448 1469 2505 Ill
1523 2465 1863 2524 successor,
1912 2466 1989 2524 ex,
2042 2448 2288 2524 Marotia
2340 2448 2761 2524 scort_o.__(706)
2816 2444 3093 2502 Widonis
3138 2444 3368 2501 Tusciae
3425 2444 3773 2524 marchio‘ni;

1526 2526 1665 2594 post
1713 2517 1996 2594 Stephani
2039 2522 2159 2594 VIIVI
2191 2517 2659 2594 obitumLSedit-
2692 2517 2887 2575 annos
2920 2533 2992 2594 iv,
3025 2530 3306 2594 _menses_
3354 2532 3409 2594 x‘
3445 2517 3626 2594 (797).
3683 2517 3800 2594 Fuit

371 2515 636 2586 potentia
663 2515 929 2586 pontifex
984 2515 1345 2575 constitutus
1390 2525 1478 2575 est

2615 2448 2761 2519 (706)
2816 2444 3093 2502 Widonis
3138 2444 3368 2501 Tusciae
3425 2444 3795 2519 marchionis

371 2589 582 2664 autem
592 2654 603 2664 .
628 2587 1009 2664 temporibus
1049 2591 1418 2664 Constantini
1457 2586 1945 2664 Porphyrogéniti
2001 2593 2062 2648 in
2117 2592 2370 2661 Oriente,
2431 2590 2661 2664 Henrici
2718 2590 2981 2664 Aucupis
3020 2589 3083 2644 in
3127 2586 3459 2664 Occidente
3512 2586 3709 2659 impp.
3742 2589 3798 2641 In

372 2654 648 2713 custodia
817 2657 1087 2730 Alberico
1132 2659 1308 2718 fratre
1337 2654 1613 2720 detentus
1652 2654 1799 2720 obiit
1844 2665 2085 2720 ineunte
2125 2678 2332 2718 mense
2358 2654 2652 2719 'Januario
2700 2662 2843 2718 anni
2873 2654 3020 2728 §36;
3067 2674 3311 2716 menses
3363 2658 3534 2715 enim
3563 2654 3799 2730 {supra

373 2739 568 2782 annos
598 2743 658 2782 IV
686 2725 767 2783 illi
789 2726 990 2785 tributi
1021 2746 1273 2789 numero
1302 2733 1563 2789 rotundo
1588 2735 1916 2808 computati
1943 2734 2311 2805 intelligendi
2344 2738 2501 2789 sunt.

444 2903 590 2984 (3'99
621 2905 678 2984 Si
704 2905 1382 2984 ti_des___Luitprapdo_lib.
1418 2927 1480 2984 ιι,
1516 2926 1649 2984 cap.
1686 2916 1769 2968 t3.

442 2977 597 3056 (70:7)
623 2979 812 3056 Juxta
842 2977 1090 3056 Yignolii
1116 2979 1421 3056 Catalogo,
1448 2981 1510 3037 in
1540 2977 1800 3055 quorum
1828 2984 2025 3056 primo

373 3047 663 3103 mendOse
714 3047 955 3106 notatur
983 3066 1064 3106 m.
1120 3067 1195 3120 IV,
1222 3051 1283 3107 d.
1327 3047 1415 3119 'xj
1472 3047 1848 3126 septemque.
1873 3055 2022 3111 alios

2063 2914 2101 2968 Β
2131 2911 2267 2984 Crit.
2303 2914 2514 2967 Baron.
2559 2909 2859 2984 praeﬁxos.
2908 2908 3214 2975 chronica,
3270 2906 3797 2979 chronologosque

2136 2982 2254 3039 fere
2275 2997 2505 3038 omnes.

1337 3400 1418 3496 J
1423 3399 1729 3497 ΟΑΝ
1746 3403 1854 3496 Ν
1861 3401 2038 3498 ES
2104 3401 2558 3496 PAPJE
2622 3399 2830 3495 XI.

1077 3538 1818 3724 Erlsrom
1930 3603 2110 3722 ET
2225 3603 3122 3724 PRIVILEGIA.

1867 3822 2298 3836 -—————

1187 3912 1229 3967 Ι.

375 4013 601 4051 JOANNIS
638 4014 695 4052 XI
744 4014 1093 4055 PRIVILEGIUM
1125 4016 1232 4057 PRO
1269 4016 1621 4059 MONASTEBIO
1658 4016 2031 4057 (ILUNIACENSI.

1017 4089 1215 4160 (Anno
1245 4090 1389 4163 931).

381 4174 713 4242 Conﬁrmat
743 4178 1306 4251 sanctumOdonem
1332 4178 1604 4235 abbatem
1652 4181 1715 4235 in
1747 4179 2035 4251 regimine

448 4247 800 4320 monasterii
854 4247 1261 4320 Cluniacenszs
1312 4265 1540 4306 necnon
1605 4247 2032 4320 exemptionem

451 4315 636 4392 ipsius
658 4317 1011 4392 monasterii
1036 4320 1110 4376 ab
1141 4321 1304 4392 omni
1325 4321 1655 4377 dominatu.
1690 4315 2035 4392 Statuitque

449 4388 789 4463 electionem
804 4389 1035 4463 abbatis
1060 4397 1193 4460 post
1211 4391 1432 4447 obitum
1448 4394 1614 4448 illius
1623 4395 1758 4463 fore
1785 4388 2033 4449 liberam

450 4464 504 4514 et
534 4460 756 4533 absque
780 4462 1099 4533 cuiuslibet
1119 4465 1397 4520 consultu
1425 4460 1789 4533 faciendam.
1808 4464 2036 4533 Conﬁr-

448 4536 572 4587 mat
612 4532 787 4588 etiam
847 4532 1171 4590 ROmanum
1214 4532 1639 4591 monasterium
1696 4532 2033 4592 concessum

453 4600 843 4675 Cluniacensi
860 4618 974 4671 per
998 4604 1382 4673 Rodulphum
1410 4606 1785 4675 Burgundiee
1815 4622 2029 4675 regem.

455 4674 566 4727 Dat
586 4673 834 4741 insuper
855 4676 1212 4743 facultatem
1269 4673 1634 4744 suscipiendi
1669 4673 2035 4732 monasteria

450 4758 579 4813 quas
607 4746 936 4815 afferentur
991 4746 1402 4815 reformando.
1471 4747 1746 4800 Restituit
1776 4747 2036 4801 decimas

450 4814 826 4883 capellarum
861 4814 1350 4873 Cluniacensium
1373 4816 1449 4873 ab
1478 4817 1768 4884 episcopis
1798 4816 2035 4872 subtra-

450 4891 596 4956 ctas.
615 4885 945 4953 Conﬁrmat
968 4888 1206 4956 pariter
1229 4892 1525 4942 monetam
1544 4888 1852 4956 propriam
1884 4890 2037 4944 sicut

450 4955 806 5031 Rodulphus
838 4971 948 5031 rex
971 4955 1359 5031 Francorum
1384 4955 1768 5031 concesserat.
1804 4960 2038 5031 Datque

454 5025 755 5101 licentiam
792 5028 1122 5101 recipiendi
1140 5028 1242 5101 ad
1267 5032 1495 5101 tempus
1516 5029 1761 5101 fratres,
1795 5031 1901 5101 qui
1924 5025 2037 5100 pro

454 5098 1030 5177 meliorationevitm
1054 5099 1459 5177 voluerintea:
1501 5100 1731 5177 alienis
1741 5098 2035 5177 monaste-

454 5167 560 5240 γῇς
584 5168 666 5240 ad
691 5169 1087 5229 Cluniacense
1118 5171 1575 5240 transmigrare.
1608 5172 1823 5240 Deﬁnit
1849 5188 2037 5240 porro

457 5235 852 5312 Cluniacense
865 5240 1301 5312 monasterium,
1314 5235 1535 5297 sanctae
1546 5243 1671 5297 sedi
1689 5235 2038 5312 apostolica

455 5307 537 5390 ad
565 5309 847 5390 tuendum
871 5315 1050 5390 atque
1080 5307 1772 5390 fovendumpertinere';
1795 5315 2039 5390 vultque

455 5380 518 5434 in
548 5380 781 5457 signum
806 5380 1547 5457 huiusmodiprotectionis
1570 5386 1710 5441 dari
1733 5401 1842 5455 per
1861 5380 2034 5457 quin-

454 5452 779 5522 quennium
811 5452 1008 5508 decem
1035 5454 1253 5510 solidos
1282 5457 1499 5513 Romae.

810 5542 1076 5614 [Bullar.
1108 5543 1407 5613 Clumac.,
1440 5561 1500 5618 p.
1539 5546 1610 5618 1.]

452 5622 696 5690 Joannis
722 5631 1063 5706 episcopus,
1099 5650 1305 5692 servus
1335 5650 1647 5692 servorum
1694 5634 1815 5702 Dei,
1864 5636 2041 5691 Onom

2078 3917 2117 3971 C
2145 3914 2469 3972 venerabili
2501 3913 2708 3970 abbati
2728 3890 3072 3970 monasterii
3091 3910 3516 3966 Cluniacensis
3538 3909 3801 3966 aedificati

2145 4004 2205 4059 in
2230 4005 2523 4060 honorem
2552 4001 2873 4059 beatorum
2898 3999 3315 4075 apostolorum
3348 4000 3513 4055 Petri
3545 4005 3603 4057 et
3628 3999 3800 4065 Pauli,

2145 4093 2238 4150 siti
2262 4094 2322 4149 in
2378 4109 2539 4166 pago
2566 4092 2997 4162 Matisconensi,
3044 4095 3103 4146 et
3142 4106 3251 4162 per
3275 4094 3333 4146 te
3362 4089 3571 4147 eidem
3601 4105 3803 4146 mona-

2145 4182 2322 4239 sterio
2353 4183 2588 4255 tuisque
2619 4180 3066 4238 successoribus
3094 4179 3157 4235 in
3186 4184 3581 4253 perpetuum.

2219 4298 2509 4354 Convenit
2536 4296 2865 4370 apostolico
2892 4292 3294 4352 moderamini
3322 4294 3631 4352 benevola
3657 4312 3783 4351 com

2147 4387 2427 4459 passione
2458 4386 2557 4458 pia
2576 4386 2951 4457 poscentium
2982 4383 3130 4440 votis
3152 4399 3530 4455 succurrere,
3548 4390 3607 4440 et
3636 4384 3807 4440 alacri

2148 4476 2463 4532 devotione
2488 4476 2579 4531 his
2628 4475 2893 4547 praebere
2949 4489 3307 4542 assensum;
3363 4490 3440 4530 ex
3478 4475 3597 4530 hoc
3655 4474 3805 4530 enim

2145 4564 2524 4636 potissimum
2576 4564 2876 4635 premium
2916 4578 2950 4617 a
3007 4561 3314 4618 conditore
3368 4563 3656 4619 omnium
3701 4565 3807 4619 Deo

2146 4652 2644 4723 promerebimur.
2678 4651 2859 4721 Igitur
2886 4652 3029 4723 quia
3058 4650 3285 4722 petistis
3340 4665 3376 4706 a
3431 4650 3616 4708 nobis
3674 4668 3806 4725 qua.

2146 4745 2317 4795 tenus
2343 4740 2697 4811 prtedictum
2728 4738 3158 4796 monasterium
3207 4739 3271 4794 in
3308 4738 3412 4795 illo
3452 4744 3639 4798 statu.
3696 4756 3805 4814 quo

2146 4846 2180 4884 a
2210 4828 2521 4885 Guillelmo
2550 4829 2704 4885 duce
2732 4844 2839 4901 per
2870 4832 3299 4884 testamentum
3330 4844 3585 4886 manere
3611 4831 3804 4886 decre-

2148 4924 2274 4975 tum
2299 4925 2409 4979 est.
2463 4923 2667 4977 nostra
2712 4918 3041 4991 apostolica
3084 4919 3439 4975 auctoritate
3495 4919 3561 4975 in
3599 4936 3805 4994 perpe-

2148 5013 2317 5063 tuum
2348 5012 2625 5064 constare
2645 5005 3363 5074 decerneremus,sanctae
3396 5008 3807 5078 Romanae,cui

2151 5100 2267 5154 Deo
2293 5103 2534 5153 auctore
2580 5096 2952 5153 deservimus
2987 5096 3280 5167 Ecclesiae,
3333 5098 3685 5168 subjectum
3712 5102 3805 5155 est

2148 5186 2411 5241 Inclinati
2444 5182 2723 5259 precibus
2753 5185 2869 5241 tuis
2896 5184 2997 5240 tibi
3029 5185 3107 5241 ad
3140 5184 3475 5257 regendum
3538 5186 3807 5243 concedi-

2075 5265 2114 5317 ί)
2148 5292 2304 5330 mus.
2340 5277 2544 5347 Itaque
2590 5276 2666 5331 sit
2709 5275 2855 5331 illud
2885 5274 3317 5331 monasterium
3350 5290 3491 5330 cum
3527 5275 3809 5332 omnibus

2145 5365 2347 5432 rebus,
2400 5364 2494 5420 vel
2521 5380 2675 5436 quas
2718 5380 2880 5419 nunc
2936 5363 3137 5429 habet,
3180 5363 3271 5420 vel
3314 5380 3451 5437 quae
3524 5364 3807 5438 deinceps

2147 5454 2227 5509 ibi
2280 5453 2508 5509 traditae
2561 5453 2796 5523 fuerint,
2853 5453 3109 5509 liberum
3160 5453 3237 5509 ab
3269 5454 3439 5509 omni
3489 5453 3807 5512 dominatu

2150 5544 2565 5615 cujuscunque
2617 5543 2791 5613 regis,
2851 5546 2955 5598 aut
3015 5542 3305 5615 episcopi,
3363 5543 3490 5598 sive
3548 5544 3805 5605 comitis,

2158 5637 2262 5689 aut
2292 5631 2614 5704 cujuslibet
2627 5649 2700 5689 ex
2725 5632 3080 5705 propinquis
3106 5631 3305 5704 ipsius
3335 5632 3809 5690 Willelmi.Nullu
