3998 6198
228 31 270 58 ‘

150 132 270 187 {057

1391 96 1754 165 EPISTOLIE
1792 97 1877 155 ET
1914 96 2339 155 PRIVILEGIA.

3476 117 3612 179 1088

148 252 362 311 ibidem
412 254 627 307 contra
676 246 1042 305 voluntatem
1104 238 1554 301 monachorum
1603 226 1813 304 Prw”
1845 219 1897 277 Α
1930 220 2165 311 nam?“
2213 206 2335 311 nisi
2382 221 2720 294 resip'm’it'
2780 225 3166 291 inmd‘mm‘
3228 236 3289 293 et
3337 251 3377 295 ⁸
3426 252 3613 310 “89°

150 348 270 401 tum
298 339 385 396 eis
412 343 551 411 post
571 342 740 397 tuum
766 335 1085 393 decessum
1112 331 1401 388 ordinare
1440 321 1770 396 praesumat
1800 332 1812 371 :

154 431 251 491 sed
276 407 547 487 habeant
601 426 854 484 liberam
894 421 1261 487 facultatem,
1311 415 1447 471 sine
1498 407 1822 483 cujuslibet

154 516 432 594 principis
489 515 790 583 consultu,
849 524 1275 585 quemcunque
1335 502 1675 559 secundum
1728 511 1818 551 re—

158 591 355 680 gulam
403 605 595 663 sancti
624 602 922 661 Benedicti
965 599 1264 656 voluerint
1320 593 1438 649 sibi
1491 591 1772 646 ordinare
1806 602 1819 651 ;

158 698 268 757 nisi
294 697 444 753 forte
465 692 657 766 (quod
683 692 857 758 absit)
879 704 1203 764 personam
1232 685 1372 742 suis
1394 681 1546 738 vitiis
1577 693 1823 737 consen-

158 788 396 843 tientem
448 782 665 852 eligere
723 777 1037 839 maluerint
1080 776 1241 832 :hoc
1297 770 1678 845 quicumque
1716 781 1822 821 vo-

159 875 328 933 luerit
382 887 523 927 cum
577 868 702 927 zelo
734 867 833 924 Dei
879 865 1212 939 prohibeat.
1241 857 1611 918 Coenobium
1658 854 1826 928 quod

162 967 497 1019 Romanum
567 957 800 1022 dicitur,
884 959 939 1012 et
987 953 1154 1026 quod
1208 955 1405 1009 mater
1472 945 1578 1001 tilii
1638 944 1826 1002 nostri

164 1047 455 1121 Rodulphi
485 1046 642 1115 regis
672 1042 1032 1101 condonavit
1080 1042 1159 1099 ad
1203 1038 1567 1114 praedictum
1591 1033 1826 1091 Clunia-

163 1156 320 1205 cum,
344 1137 424 1194 ita
449 1135 503 1191 ei
535 1150 673 1191 cum
706 1132 974 1198 Vaningo
1002 1131 1141 1188 vilia
1168 1130 1513 1199 subjectum
1549 1124 1646 1191 sit,
1680 1123 1831 1178 sicut

164 1228 260 1287 illa
299 1241 407 1298 per
447 1224 873 1279 testamentum
898 1218 1237 1275 donationis
1268 1210 1558 1271 decrevit.
1617 1212 1673 1269 Si
1731 1226 1833 1267 au-

166 1324 277 1373 tem
313 1312 664 1371 casnobium
722 1307 969 1381 aliquod
999 1324 1072 1363 ex
1102 1307 1410 1362 voluntate
1455 1298 1720 1367 illorum,
1753 1298 1831 1355 ad

164 1419 423 1479 quorum
474 1398 937 1472 dispositionem
990 1396 1280 1468 pertinere
1337 1389 1593 1453 videtur,
1626 1389 1685 1446 in
1720 1404 1833 1444 sua

165 1476 385 1553 ditione
417 1490 497 1547 ad
528 1487 972 1545 meliorandum
1030 1484 1328 1555 suscipere
1383 1476 1828 1540 consenseritis.

1930 310 2030 367 Dei
2054 309 2475 377 alienandum,
2533 318 2592 369 et
2638 330 2779 375 cum
2834 314 3087 375 diabolo
3149 317 3280 379 sine
3334 323 3456 387 ﬁne
3480 309 3615 389 cru.

1928 398 2104 454 ciand
2116 414 2240 457 um.
2270 397 2382 463 Qui
2412 415 2560 457 vero
2584 402 2767 474 hujus
2792 408 3015 461 nostrae
3043 405 3461 473 saluberrima;
3482 432 3617 479 ειη.

1930 487 2143 544 ctionis
2173 488 2378 543 custos
2435 492 2495 545 et
2536 491 2890 551 observator
2934 491 3241 565 exstiterit,
3297 516 3335 557 a
3387 503 3616 569 Chi-into

1932 576 2189 635 Domino
2260 574 2769 650 benedictionem,
2830 584 2890 637 et
2958 596 2997 637 a
3052 585 3273 643 sanctis
3325 594 3616 662 apostolis

1931 666 2146 723 mundi
2202 663 2517 735 judicibus
2583 668 3031 728 ab~olutionem
3076 671 3171 730 hic
3212 680 3272 733 et
3316 677 3378 737 in
3416 680 3616 745 futuro

1931 753 2229 826 consequi
2256 760 2580 814 mereatur.

2009 844 2314 917 Scriptum
2344 858 2452 914 per
2472 862 2726 904 manum
2755 847 3014 907 Andreae
3047 850 3336 915 scriniarii
3358 856 3420 918 in
3446 875 3613 922 men.

1937 952 1997 990 se
2024 933 2255 999 Martio,
2287 929 2611 993 indictione
2638 940 2884 1009 quarta.

2760 1044 2807 1098 Il

2006 1143 2238 1185 JOANNIS
2277 1141 2334 1182 XI
2374 1143 2730 1186 PRIVILBGIUM
2781 1146 2889 1185 PRO
2942 1145 3119 1187 EODEM
3163 1150 3535 1197 IONABTERlO.

2599 1224 2798 1287 (Anno
2837 1220 2985 1292 932).
3646 1258 3654 1269 .

1939 1309 2037 1362 Ad
2058 1307 2409 1377 petitionem
2440 1309 2504 1363 S.
2542 1309 2762 1365 Odom's
2796 1315 2855 1364 et
2891 1310 3381 1371 interventionem
3410 1317 3611 1387 Euge-

2011 1398 2106 1452 m's
2143 1396 2338 1451 Italia?
2367 1398 2525 1465 regis
2554 1399 2877 1467 conﬁrmat
2896 1402 3327 1457 monasterium
3353 1403 3607 1461 Clunia-

2014 1500 2187 1541 cense
2209 1500 2343 1540 cum
2374 1486 2643 1542 omnibus
2672 1486 2849 1542 rebus
2878 1492 2935 1543 et
2952 1490 3436 1561 possessionibus,
3459 1508 3608 1564 quas

164 1586 435 1643 nostram
512 1577 814 1633 licentiam
867 1592 940 1631 ex
1010 1575 1126 1630 hoc
1207 1569 1496 1628 habeatis.
1560 1566 1831 1623 Decimae
1869 1569 1915 1627 Β
2017 1576 2195 1631 habet
2226 1581 2282 1630 et
2314 1576 2375 1630 in
2405 1582 2706 1643 posterum
2758 1578 3050 1647 nequiret.
3094 1579 3175 1632 Et
3202 1579 3362 1634 eum
3395 1587 3608 1637 certem

166 1688 327 1736 vero,
358 1683 500 1741 quas
543 1666 684 1721 olim
718 1664 797 1719 ad
828 1668 1051 1718 vestras
1082 1660 1344 1733 capellas
1398 1654 1829 1730 pertinuerunt,

166 1766 222 1816 et
274 1774 382 1831 per
448 1754 809 1811 modernam
866 1751 1045 1823 quasi
1096 1748 1509 1807 auctoritatem
1580 1747 1701 1801 sive
1770 1741 1836 1798 li-

168 1847 429 1905 centiam
505 1860 543 1899 a
598 1841 869 1915 quolibet
943 1840 1231 1914 episcopo
1300 1837 1616 1893 subtractae
1672 1839 1831 1892 sunt.

166 1936 339 1992 vobis
390 1951 464 1988 ex
520 1932 753 2001 integro
814 1916 1195 1985 restituimus.
1250 1925 1521 1998 Capellae
1608 1928 1830 1983 autem,

171 2028 217 2082 si
273 2024 495 2096 aliqum
548 2022 679 2091 jam
737 2020 906 2075 factae
967 2021 1105 2096 sunt
1179 2016 1269 2071 vel
1342 2013 1630 2070 facienda
1687 2010 1834 2067 inibi

170 2119 334 2178 sunt,
417 2113 500 2167 ita
559 2124 803 2165 manere
871 2088 1260 2162 concedimus
1326 2108 1392 2159 ut
1463 2101 1672 2157 vestris
1737 2115 1833 2155 ec-

169 2203 367 2260 clesiis
429 2199 578 2257 nihil
653 2215 723 2253 ex
795 2196 1044 2252 decimis
1115 2195 1436 2250 minuatur.
1515 2192 1635 2245 Hoc
1696 2204 1835 2243 vero

166 2291 340 2364 quod
392 2288 645 2345 dilectus
695 2285 851 2341 ﬁlius
908 2287 1107 2339 noster
1160 2284 1351 2337 Berno
1397 2279 1715 2351 episcopus
1759 2275 1835 2330 de

167 2379 476 2456 praedictis
533 2374 775 2447 capellis
827 2373 994 2429 vobis
1065 2370 1374 2436 concessit,
1435 2373 1630 2427 ratum
1708 2382 1836 2421 esse

168 2455 557 2527 decernimus
588 2464 648 2520 in
677 2467 1055 2536 perpetuum.
1109 2460 1395 2515 Praeterea
1438 2455 1734 2529 quidqurd
1763 2471 1838 2510 ex

169 2557 364 2615 vineis
390 2555 486 2611 vel
515 2551 761 2613 culturis
792 2550 871 2606 ad
900 2555 1162 2606 vestram
1210 2547 1463 2620 pertinet
1490 2544 1837 2614 religionem

171 2652 413 2720 partem
467 2656 713 2716 quoque
764 2639 1137 2696 decimarum
1212 2637 1290 2693 ad
1362 2633 1655 2707 hospitale
1714 2648 1841 2687 ves~

170 2743 338 2793 trum
386 2732 682 2806 pertinere
752 2729 1057 2785 sancimus
1116 2745 1129 2782 :
1187 2726 1452 2782 similiter
1509 2729 1564 2780 et
1618 2724 1692 2779 de
1746 2723 1840 2779 his

174 2826 364 2885 rebus
413 2838 567 2895 quas
626 2818 962 2892 percepturi
1015 2817 1172 2872 estis.
1256 2816 1375 2873 Hoc
1437 2814 1615 2871 etiam
1673 2812 1842 2885 quod

2016 1665 2466 1731 monasterium,
2499 1665 2660 1734 quod
2687 1665 2915 1719 dicitur
2946 1665 3140 1720 Carus
3174 1667 3366 1721 Locus
3399 1669 3460 1722 in
3491 1675 3609 1730 ter-

2015 1754 2228 1808 ritcrio
2247 1752 2689 1817 Matisconensi,
2724 1754 2857 1807 vult
2883 1759 3172 1821 perpetuo
3201 1768 3446 1813 manere
3473 1756 3610 1812 sub-

2005 1844 2249 1910 juctum
2283 1840 2671 1897 Cluniacensi
2697 1841 2980 1897 ambio.

1945 1929 2142 2001 [Apud
2206 1929 2614 2000 Cocquelines,
2688 1930 3037 1994 Bullarum,
3441 1935 3606 1989 Rom.

2425 2025 2594 2088 pont.
2649 2020 2837 2087 ampl.
2889 2019 3145 2089 collect]

2017 2113 2262 2165 Joannes
2290 2108 2632 2180 episcopus,
2663 2122 2869 2163 servus
2921 2122 3229 2164 servorum
3282 2109 3398 2175 Dei,
3435 2113 3608 2167 Onom
3702 2162 3713 2175 ,

1944 2198 2228 2269 religioso
2251 2197 2455 2253 abbati
2481 2196 2835 2253 venerabilis
2858 2196 3204 2252 monasterii
3228 2212 3606 2257 summorum

1947 2286 2358 2360 apostolorum
2414 2286 2557 2341 Petri
2619 2290 2676 2341 et
2728 2285 2891 2341 Pauli
2920 2285 3086 2358 quod
3118 2286 3333 2343 dicitur
3372 2288 3608 2345 Clunia-

1948 2393 2111 2441 cum,
2139 2380 2195 2430 et
2224 2390 2328 2447 per
2359 2378 2411 2429 te
2439 2374 2555 2429 tuis
2589 2374 3042 2430 successoribus
3065 2374 3165 2446 qui
3190 2375 3252 2433 in
3269 2375 3485 2432 eodem
3514 2392 3612 2433 ve-

1949 2464 2200 2522 nerabili
2226 2463 2594 2519 monasterio
2634 2463 2976 2525 deservient
3005 2464 3065 2519 in
3097 2470 3472 2537 perpetuum.

2020 2554 2308 2609 Convenit
2356 2552 2690 2624 apostolico
2737 2551 3136 2608 moderamini
3190 2555 3289 2625 pia
3330 2554 3633 2625 religione,

1950 2641 2313 2715 pollentibus
2363 2639 2665 2695 benevola
2703 2641 3123 2712 compessione
3173 2658 3515 2699 succurrere
3559 2649 3615 2700 et

1950 2731 2330 2805 poscentium
2358 2728 2579 2784 animis
2610 2728 2793 2787 alacri
2818 2728 3136 2786 devotione
3192 2730 3493 2804 impertire
3519 2750 3613 2789 as-

1952 2836 2200 2876 sensum
2238 2825 2417 2873 :tunc
2466 2817 2631 2872 enim
2662 2817 2807 2875 lucri
2864 2818 3244 2890 potissimum
3298 2825 3614 2894 praemium

179 2911 522 2973 Leobaldus
580 2910 657 2967 ad
705 2907 1055 2981 prmdictum
1097 2904 1529 2961 monasterium
1577 2902 1841 2957 moriens
1879 2912 1925 2972 ο
1956 2909 2121 2982 apud
2153 2907 2532 2962 Conditorem
2555 2907 2833 2962 omnium
2863 2908 3169 2979 reponitur
3192 2913 3398 2980 Deum,
3428 2926 3617 2983 quan-

179 3002 447 3065 reddidit
492 3004 549 3056 et
600 2998 932 3070 dereliquit.
988 2996 1261 3054 Similiter
1308 2998 1364 3050 et
1394 2993 1537 3049 illud
1588 2992 1754 3064 quod
1785 2992 1845 3046 in

178 3095 440 3165 Agiona,
499 3088 591 3144 vel
643 3087 864 3145 alicubi
904 3087 1104 3155 rebus
1173 3101 1309 3157 quin
1360 3083 1439 3139 ad
1492 3083 1552 3138 id
1605 3097 1848 3136 monas-

182 3183 406 3239 terium
478 3177 773 3251 pertinere
839 3175 1079 3244 debent,
1157 3178 1215 3229 et
1293 3171 1587 3244 capellam
1664 3169 1851 3225 sancti

181 3267 442 3333 Martini,
489 3282 629 3338 quae
688 3270 780 3320 est
833 3264 895 3319 in
949 3263 1083 3318 villa
1138 3262 1375 3326 Maecio,
1423 3265 1630 3316 nostra
1682 3273 1856 3329 apos-

180 3354 371 3411 tolica
427 3351 777 3409 auctoritate
848 3350 1017 3406 vobis
1091 3349 1525 3405 conﬁrmamus
1578 3352 1634 3402 et
1697 3344 1836 3400 resti

184 3445 443 3501 tuimus.
518 3444 815 3498 Monetam
885 3455 1129 3512 quoque
1199 3438 1531 3512 propriam,
1591 3436 1742 3492 sicut
1796 3435 1858 3492 ﬁ-

184 3532 309 3593 lius
367 3533 568 3587 noster
620 3527 979 3600 Rodulphus
1031 3543 1134 3583 rex
1190 3530 1556 3583 Francorum
1616 3540 1860 3580 conces-

189 3623 289 3689 sit,
350 3621 434 3677 ita
481 3618 773 3677 habeatis.
830 3620 897 3674 Et
950 3617 1115 3690 quia,
1169 3616 1321 3672 sicut
1362 3615 1543 3672 nimis
1591 3628 1863 3686 comper-

188 3714 330 3769 tum
380 3711 489 3771 est,
549 3708 676 3778 jam
724 3720 878 3778 pene
944 3709 1159 3761 cuncta
1234 3702 1603 3760 monasterio
1663 3719 1699 3759 a
1752 3717 1863 3757 suo

189 3796 510 3873 proposito
559 3794 1050 3869 praevaricantur,
1081 3791 1471 3850 concedimus
1521 3795 1586 3847 ut
1634 3790 1682 3847 si
1728 3790 1866 3862 quis

192 3885 544 3946 monachus
599 3902 672 3941 ex
718 3884 992 3957 quolibet
1044 3881 1413 3941 monasterio
1467 3880 1548 3936 ad
1602 3884 1864 3936 vestram

196 3974 722 4035 conversationem
768 3973 896 4029 solo
961 3972 1254 4029 duntaxat
1298 3969 1682 4029 meliorandaa
1732 3970 1867 4026 vita:

197 4066 406 4123 studio
453 4063 875 4131 transmigrare
923 4061 1195 4127 voluerit,
1254 4059 1349 4117 cui
1396 4059 1666 4116 videlicet
1721 4076 1869 4116 suus

198 4156 401 4215 abbas
411 4152 749 4224 regularem
760 4154 1071 4222 sumptum
1083 4149 1162 4207 ad
1172 4148 1593 4221 depellendam
1608 4149 1873 4221 propria

200 4250 391 4303 tatem
406 4241 673 4300 habendi
688 4236 1023 4301 ministrare
1039 4238 1689 4308 neglexerit,suscipere
1700 4238 1872 4295 vobis

201 4336 385 4392 liceat
404 4350 418 4403 ;
435 4346 756 4405 quousque
779 4328 1125 4389 monasterii
1145 4328 1238 4386 sui
1266 4328 1641 4385 conversatio
1666 4343 1870 4385 emen-

202 4425 404 4482 detur.
440 4419 884 4477 Immunitatem
904 4435 1043 4476 vero
1072 4419 1153 4474 ita
1172 4417 1346 4474 vobis
1370 4417 1778 4489 concedimus,
1804 4417 1876 4472 si-

200 4518 312 4571 cut
360 4511 513 4567 locis
563 4509 784 4567 sanctis
842 4506 1065 4579 ubique
1121 4506 1451 4563 reverentia
1505 4506 1777 4578 debetur,
1812 4511 1877 4562 ut

197 4599 417 4661 nullus
442 4603 641 4655 vestra
668 4595 973 4668 mancipia
1000 4599 1103 4651 aut
1147 4612 1241 4650 res
1267 4595 1566 4668 quaslibet
1591 4595 1717 4652 sine
1741 4612 1873 4650 ves-

199 4698 301 4750 tro
353 4688 639 4745 consultu
690 4686 1042 4756 distringere
1073 4690 1176 4741 aut
1222 4685 1505 4741 invadere
1544 4686 1661 4742 ullo
1692 4686 1876 4741 modo

202 4782 568 4855 prmsumat.
591 4779 743 4834 Sane
764 4776 843 4835 ad
873 4774 1427 4844 recognoseendum
1445 4776 1614 4847 quod
1630 4775 1876 4847 ρωάίοο

203 4875 343 4928 tum
394 4867 740 4924 coenobium
790 4871 1010 4927 sancite
1053 4865 1394 4937 apostolicae
1425 4865 1552 4920 sedi
1579 4866 1659 4922 ad
1710 4870 1878 4921 tuen-

203 4960 363 5017 dum
396 4957 599 5030 adque
625 4956 948 5015 fovendum
980 4954 1289 5028 pertineat,
1321 4954 1537 5011 dentur
1568 4971 1674 5028 per
1700 4955 1878 5028 quin-

204 5046 553 5125 quennium
577 5045 783 5103 decem
808 5044 1001 5100 solidi.
1029 5042 1083 5099 Si
1105 5043 1240 5115 quis
1270 5047 1471 5099 autem
1498 5048 1705 5100 contra
1724 5045 1880 5100 hanc

208 5135 685 5195 saluberrimam
716 5139 983 5191 nostram
1037 5131 1523 5189 constitutionem
1552 5132 1881 5189 resistendo

204 5225 425 5283 venire
455 5224 784 5288 tentaverit,
820 5226 923 5278 aut
947 5220 1175 5293 aliquid
1222 5221 1439 5279 horum
1497 5237 1882 5292 corrumpere

210 5317 480 5371 conatus
535 5311 740 5378 fuerit;
795 5314 853 5367 et
878 5310 1087 5367 omnia
1114 5326 1250 5381 quae
1304 5308 1366 5365 in
1421 5309 1535 5364 hoc
1576 5308 1883 5381 privilegio

215 5402 538 5459 sancimus
595 5416 718 5456 non
783 5398 1209 5467 observaverit,
1272 5397 1421 5452 sciat
1477 5414 1540 5452 se
1617 5397 1733 5452 sub
1800 5397 1886 5451 di-

210 5492 349 5551 vini
374 5488 589 5563 judicii
617 5489 1008 5547 obtestatione
1038 5488 1436 5546 anathematis
1456 5487 1691 5544 vinculo
1716 5491 1882 5544 aeter-
1923 5512 1927 5518 -

1956 2998 2036 3052 do
2064 2994 2428 3050 venerabilia
2457 2993 2593 3049 loca
2623 3000 2961 3066 opportune
2992 2994 3268 3053 ordinata
3313 2998 3391 3054 ad
3422 3000 3625 3056 melio-

1958 3102 2087 3140 rem
2110 3084 2323 3139 fuerint
2344 3083 2469 3137 sine
2494 3082 2684 3137 dubio
2713 3088 2933 3139 statum
2956 3084 3262 3156 perducta.
3291 3089 3471 3157 Igitur
3483 3088 3626 3161 quia

1962 3172 2322 3245 supplicavit
2350 3176 2449 3225 tua
2477 3170 2686 3239 religio
2716 3175 2776 3226 et
2802 3171 3156 3227 interventio
3187 3173 3457 3243 Hugonie
3503 3176 3630 3246 glo-

1964 3262 2271 3318 riosissimi
2304 3260 2460 3329 regis
2490 3260 2686 3316 dilecti
2719 3261 2821 3315 tilii
2863 3262 3049 3317 nostri
3099 3263 3458 3334 apostolatui
3495 3280 3632 3321 nos-

1965 3357 2076 3417 tro,
2129 3356 2430 3424 quatenus
2485 3348 2986 3405 conﬁrmaremus
3041 3356 3249 3407 nostra
3304 3354 3631 3425 apostolica

1969 3439 2317 3496 auctoritate
2361 3436 2719 3508 prmdictum
2767 3440 3205 3495 monasterium
3266 3441 3453 3496 sancti
3484 3443 3632 3498 Petri

1971 3545 2110 3584 cum
2140 3525 2425 3582 omnibus
2450 3525 2633 3581 rebus
2666 3529 2723 3581 et
2778 3526 3261 3597 possessionibus
3300 3528 3445 3599 suis,
3474 3540 3631 3602 quas

1970 3633 2133 3674 nunc
2184 3614 2407 3672 habere
2454 3613 2709 3679 videtur,
2776 3618 2836 3670 et
2861 3615 3027 3687 quod
3058 3615 3343 3690 deinceps
3381 3618 3443 3674 in
3471 3618 3633 3675 idem

1972 3704 2405 3763 monasterium
2479 3702 2760 3759 offeretur
2819 3703 3213 3778 oblatumque
3263 3706 3455 3763 fuerit.
3508 3711 3635 3764 imo

1974 3801 2051 3863 et
2075 3794 2507 3851 conﬁrmamus
2564 3791 2759 3848 eidem
2791 3797 3000 3850 sancto
3037 3794 3172 3851 loco
3203 3794 3369 3852 aliud
3396 3808 3639 3852 mones-

1975 3884 2188 3940 terium
2214 3882 2366 3953 juris
2397 3880 2668 3936 Ecclesiae
2722 3884 3027 3949 Romanae,
3058 3882 3230 3956 quod
3286 3883 3503 3941 dicitur
3530 3887 3640 3943 Ca-

1975 3991 2078 4031 rus
2110 3977 2298 4029 Locus
2356 3970 2417 4026 in
2464 3969 2756 4027 territorio
2812 3971 3245 4045 Matieeonensi,
3300 3979 3365 4031 ut
3399 3974 3481 4030 ibi
3510 3990 3644 4048 ρομ

1978 4067 2241 4131 maneat,
2299 4060 2361 4116 in
2418 4063 2799 4132 perpetuum,
2853 4076 2926 4116 eo
2972 4061 3248 4120 videlicet
3284 4064 3516 4135 ordine,
3575 4068 3642 4123 ut

1977 4152 2181 4209 nullus
2232 4148 2618 4207 ecclesiastici
2646 4149 2893 4217 ordinis,
2928 4155 3031 4207 aut
3076 4151 3212 4209 laici
3240 4154 3303 4209 in
3340 4154 3475 4228 ipso
3514 4168 3644 4211 mo-

1979 4241 2259 4308 nasterio,
2287 4244 2391 4296 aut
2447 4239 2509 4295 in
2558 4238 2738 4295 rebus
2795 4239 3020 4297 ibidem
3068 4243 3503 4314 pertinentibus
3541 4244 3645 4302 alio

1980 4346 2169 4404 quam
2196 4328 2538 4385 molestiam
2582 4328 2817 4385 inferat.
2876 4330 2933 4386 Si
2971 4344 3111 4386 vero
3141 4331 3345 4403 aliqua
3376 4344 3643 4404 persona

1942 4474 1947 4475 ,
1982 4425 2105 4476 tam
2134 4420 2195 4475 in
2221 4417 2477 4505 clericali
2507 4417 2736 4485 ordine,
2776 4432 2963 4490 quam
2994 4418 3054 4473 in
3095 4418 3291 4476 laicali
3320 4420 3644 4481 constituta

1983 4509 2249 4582 aliquam
2278 4508 2403 4563 vim
2425 4508 2486 4563 in
2505 4508 2653 4580 ipsis
2683 4507 2863 4562 rebus
2891 4507 3169 4575 intulerit,
3196 4524 3331 4581 quae
3364 4509 3446 4565 ibi
3470 4508 3642 4566 dein-

1983 4615 2127 4672 ceps
2153 4599 2307 4654 datae
2339 4597 2458 4653 sive
2488 4596 2703 4652 oblatae
2732 4595 2970 4666 fuerint,
3002 4601 3105 4652 aut
3142 4596 3221 4652 ab
3248 4598 3381 4669 ejus
3418 4597 3644 4655 ditione

1985 4690 2335 4745 subtrahere
2366 4687 2637 4753 voluerit,
2662 4686 2806 4759 ipsae
2842 4703 2940 4742 res
2964 4691 3338 4743 revertantur
3388 4689 3465 4744 ad
3500 4703 3644 4745 suos

1985 4779 2306 4835 donatores
2332 4791 2596 4848 suosque
2624 4775 2911 4832 haeredes.
2948 4778 3224 4832 Attamen
3251 4776 3300 4831 si
3328 4792 3470 4833 eum
3498 4777 3646 4851 ipsis

1984 4869 2165 4924 rebus
2217 4867 2278 4922 in
2322 4865 2532 4923 ordine
2561 4865 2818 4922 crenobii
2843 4865 3204 4938 perstiterint
3223 4864 3346 4922 sive
3376 4871 3646 4941 tempore

1987 4957 2157 5013 istius
2187 4955 2444 5021 abbatis,
2478 4955 2602 5010 sive
2632 4970 2880 5011 suorum
2912 4969 3351 5026 successorum,
3385 4956 3501 5013 hoc
3530 4958 3649 5031 pri-

1989 5044 2271 5115 vilegium
2298 5042 2720 5098 inconvulsum
2753 5047 3124 5115 permaneat,
3157 5043 3325 5099 salva
3376 5045 3649 5104 videlicet

1992 5134 2276 5208 pensione
2294 5137 2515 5189 sanctis
2531 5135 2812 5189 Romanae
2833 5131 3472 5190 Ecclesim.Stetuentes
3489 5135 3650 5193 beati

1994 5223 2138 5278 Petri
2168 5220 2453 5294 principis
2483 5221 2894 5292 apostolorum
2921 5221 3290 5287 auctoritate,
3334 5223 3509 5294 cujus
3536 5240 3648 5280 nos

1991 5312 2251 5383 impares
2274 5311 2515 5375 meritis,
2569 5310 2777 5367 divina
2807 5309 2997 5381 gratia
3053 5310 3443 5381 suffragante,
3484 5315 3646 5370 vices

1993 5398 2279 5467 gerimus,
2314 5398 2426 5453 sub
2453 5399 2853 5455 anathematis
2905 5399 3318 5457 interdictione
3372 5404 3430 5455 et
3463 5396 3646 5454 divini

1990 5486 2198 5559 judicii
2228 5487 2644 5558 obtestatione,
2661 5488 2787 5544 haec
2813 5503 2949 5561 quae
2980 5504 3017 5545 a
3035 5489 3213 5546 nobis
3242 5489 3477 5546 decreta
3507 5489 3649 5542 sunt
