4014 6198
420 197 551 253 1059

1792 182 2079 241 JOANNIS
2116 176 2313 238 PAPA£
2354 178 2431 237 Xl

3721 193 3847 247 1000

412 317 779 376 non‘debere
831 312 1181 387 quempiam
1235 310 1565 367 convellere
1590 309 1675 373 ,in
1733 322 2066 380 quoquam,
2108 308 2155 359 A
2185 306 2543 378 conditione,
2564 311 2628 362 ut
2656 308 2856 364 nullus
2886 324 3301 367 successorum
3328 316 3681 368 nostrorum
3702 329 3843 386 pon-

414 410 519 465 sed
543 410 742 482 potius
769 406 942 460 firma
999 402 1316 458 stabilitate
1365 400 1715 457 inconvulsa
1770 394 2071 470 perpetuis

413 512 766 572 permanere
797 492 1171 564 temporibus
1202 490 1547 546 definimus.
1584 488 1640 544 Si
1689 487 1825 559 quis
1867 489 2071 541 autem

417 586 725 642 temerario
754 597 907 637 ausu
949 585 1159 635 contra
1189 579 1369 649 hujus
1399 578 1585 633 nostri
1617 574 1923 648 apostolici
1957 572 2070 645 pri-

413 675 609 745 vilegii
639 674 849 729 seriem
884 671 977 742 pie
1005 688 1041 724 a
1072 669 1246 725 nobis
1278 668 1727 742 promulgatam
1759 665 1957 720 venire
1982 661 2072 717 vel

413 780 587 835 agere
617 760 948 828 tentaverit,
976 761 1120 815 sciat
1161 776 1222 814 se
1271 757 1503 813 domini
1550 757 1735 811 nostri
1777 753 2074 826 apostolo-

412 872 546 910 rum
574 852 862 926 principis
896 850 1049 906 Petri
1080 848 1480 904 auathematis
1534 845 1771 900 vinculo
1815 842 2069 898 innoda-

414 948 561 1009 tum,
604 947 662 997 et
688 957 827 996 cum
853 937 1095 995 diabolo
1126 942 1182 992 et
1211 937 1340 1006 ejus
1395 933 1778 991 atrocissimis
1808 932 2066 1003 pompis,

415 1038 594 1105 atque
621 1046 761 1086 cum
785 1029 941 1083 Juda
972 1026 1251 1083 traditore
1282 1025 1517 1080 Domini
1544 1023 1642 1079 Dei
1663 1026 1719 1077 et
1750 1021 2070 1079 Salvatoms

413 1119 604 1176 nostri
643 1122 780 1174 Jesu
807 1116 1021 1172 Christi
1048 1114 1109 1169 in
1150 1118 1436 1169 aeternum
1462 1112 1663 1182 ignem
1685 1125 2067 1165 concreman-

413 1209 581 1264 dum.
630 1206 935 1277 Simulque
1004 1210 1062 1259 et
1108 1204 1168 1257 in
1222 1204 1575 1272 voraginem
1624 1203 2067 1268 tartareumque

413 1298 597 1353 chaos
627 1296 937 1350 demersus
968 1308 1105 1348 cum
1132 1291 1331 1363 impiis
1360 1289 1613 1345 deficiat.
1651 1287 1760 1353 Qui
1803 1302 1941 1342 vero
1968 1286 2067 1358 pio

411 1386 624 1442 intuitu
654 1383 933 1439 custodes
979 1385 1035 1437 et
1062 1380 1409 1436 obedientes
1438 1382 1618 1450 atque
1650 1376 2066 1432 observatores

408 1476 592 1546 hujus
638 1476 856 1529 nostras
913 1469 1228 1526 salutiferae
1260 1466 1675 1541 praeceptionis
1721 1464 2063 1532 exstiterint,

408 1562 842 1620 benedictionis
916 1559 1169 1629 gratiam
1247 1566 1303 1613 et
1358 1556 1609 1612 ccelestis
1663 1553 2065 1610 retributionis

2184 395 2410 452 tificum
2449 398 2507 452 in
2539 398 2652 453 hac
2684 402 2892 455 sancta
2922 399 3083 466 sede,
3117 399 3214 455 cui
3242 394 3483 457 aucture
3506 404 3633 458 Deo
3665 404 3841 458 servi-

2182 500 2338 553 mus,
2372 501 2643 558 unquam
2696 487 2789 543 vel
2835 504 3096 560 usquam
3150 489 3443 561 quid:lam
3490 507 3568 545 ex
3621 491 3848 547 eisdem

2180 573 2359 629 rebus
2415 576 2699 649 cuiquam
2756 577 3131 645 beneficiare,
3165 585 3571 645 commutare,
3605 586 3718 636 aut
3742 581 3850 636 sub

2180 679 2363 719 censu
2400 665 2667 736 quolibet
2696 667 3023 723 concedere
3048 684 3155 740 per
3185 668 3384 724 futura
3415 674 3705 742 tempora
3749 687 3850 743 pa-

2180 751 2376 822 tiatur,
2403 755 2505 809 sed
2537 771 2785 810 censum
2810 757 3228 812 tantummodo
3260 757 3321 812 in
3352 761 3721 815 testamento
3744 764 3849 815 tra-

2179 840 2416 897 ditionis
2447 860 2483 898 a
2521 844 2940 901 fundatoribus
2969 846 3073 918 qui
3103 862 3177 902 ex
3230 847 3443 903 eodem
3472 849 3848 905 monasterio

2178 930 2333 985 hanc
2362 937 2634 988 sanctam
2664 934 2965 990 hreredem
2995 937 3329 992 Romanam
3350 935 3630 992 fecerunt
3657 938 3850 994 Eccle-

2178 1019 2350 1089 siam,
2383 1023 2560 1076 etiam
2592 1022 2953 1094 delegatum,
2987 1041 3172 1081 unam
3206 1025 3480 1081 videlicet
3504 1025 3737 1083 libram
3766 1044 3850 1083 ar-

2178 1108 2335 1176 genti
2361 1111 2536 1165 annis
2571 1111 2818 1180 singulis
2840 1129 3216 1169 successores
3235 1113 3423 1169 nostri
3452 1114 3846 1186 accipientes,

2175 1214 2283 1271 per
2307 1199 2679 1271 paternitatis
2708 1201 3062 1271 suffragium
3093 1202 3285 1258 eidem
3330 1205 3712 1260 monasterio
3741 1204 3851 1260 sol-

2176 1288 2476 1345 licitudine
2506 1290 2794 1362 pastorali
2824 1292 3139 1361 vigilanter
3179 1296 3386 1348 contra
3415 1309 3641 1349 omnes
3670 1294 3850 1349 infes-

2178 1382 2365 1433 tantes
2395 1378 2741 1451 impendere
2774 1380 3070 1438 studeant.
3114 1385 3254 1437 ltem
3303 1382 3763 1449 constituimus,
3795 1390 3855 1438 ut

2175 1464 2434 1521 obeuntc
2492 1468 2710 1523 abbate
2769 1468 3039 1540 praedicti
3094 1471 3464 1539 monasterii,
3512 1486 3646 1526 non
3700 1470 3853 1525 alius

2174 1552 2254 1608 ibi
2287 1569 2671 1628 quacumque
2719 1556 3089 1629 obreptionis
3122 1558 3339 1614 astutia
3361 1558 3714 1627 ordinetur,
3743 1559 3853 1614 nisi

410 1658 634 1708 aeterna
657 1650 881 1720 gaudia
906 1664 942 1703 a
967 1649 1132 1718 justo
1154 1647 1355 1717 judiee
1388 1645 1639 1701 Domino
1683 1648 1890 1699 nostro
1919 1658 2062 1697 con-
2104 1652 2148 1708 Β
2174 1657 2356 1713 quem
2383 1659 2710 1700 consensus
2735 1647 3174 1702 monachorum
3201 1646 3541 1702 secundum
3562 1647 3851 1702 timorem

411 1740 576 1813 sequi
601 1743 960 1794 mereantur.

485 1826 779 1897 Scriptum
808 1840 913 1896 per
936 1839 1189 1878 manum
1217 1822 1507 1879 Theodori
1535 1820 1823 1877 scriniarii
1844 1824 2062 1875 sanctae

411 1916 695 1970 Romanae
726 1911 991 1967 Ecclesiae
1020 1911 1082 1965 in
1104 1926 1308 1966 mense
1327 1910 1521 1979 Junio,
1543 1908 1864 1963 indictione
1893 1907 2063 1979 quin-

408 2008 488 2059 ta.
522 2005 674 2057 Bene
699 2001 907 2056 valete.
946 2003 1090 2054 Data
1132 2016 1209 2054 vn
1244 1999 1539 2055 Kalendas
1589 1996 1903 2053 ianuarias
1958 2012 2064 2067 per

409 2106 662 2147 manum
694 2088 822 2151 Ursi
878 2087 1195 2159 primicerii
1235 2092 1454 2143 sancite
1488 2086 1645 2141 sedis
1697 2084 2059 2157 apostolicae,

408 2196 571 2237 anno
632 2182 750 2234 Deo
818 2177 1075 2250 propitio
1130 2175 1532 2249 pontiﬁcatus.
1568 2175 1777 2230 domui
1818 2174 2062 2230 Joannis

328 2250 335 2257 ’
409 2267 628 2325 summi
657 2265 954 2340 pontiﬁcis
989 2271 1045 2319 et
1076 2265 1422 2321 universalis
1456 2263 1759 2319 undecimi
1801 2278 1971 2335 papae
2000 2263 2060 2317 in

409 2356 814 2413 sacratissima
845 2355 1002 2410 beati
1034 2354 1180 2410 Petri
1210 2353 1500 2421 secundo,
1528 2353 1590 2408 in
1620 2367 1830 2408 mense
1860 2351 2057 2416 Junio,

407 2446 730 2501 indictione
763 2459 946 2516 supra
978 2443 1200 2515 scripta
1228 2445 1456 2515 quinta.

1187 2533 1257 2588 ΙΙΙ
1264 2574 1279 2586 .
1878 2582 1889 2589 ,

480 2640 824 2680 PRIVILEGIUM
879 2639 1105 2678 JOANNIS
1162 2638 1315 2678 PAPA!
1372 2638 1424 2675 XI
1477 2637 1580 2676 PRO
1641 2635 1989 2676 MONASTEIHO

1028 2727 1421 2767 VIZELIACENSI.

1041 2802 1234 2871 (Anno
1269 2800 1417 2867 933).

617 2893 816 2964 [Apud
846 2894 1053 2947 Acher.
1089 2890 1395 2960 szcilegii
1425 2893 1566 2944 tom.
1600 2892 1660 2954 Il,
1694 2888 1843 2957 504.]

2172 1730 2293 1798 Dei,
2346 1738 2402 1788 et
2430 1732 2860 1790 institutionem
2888 1735 3110 1805 regulae
3166 1740 3356 1791 sancti
3389 1735 3705 1791 Benedicti
3736 1736 3850 1791 ele-

2173 1819 2340 1889 gerit,
2382 1826 2438 1876 et
2461 1821 2642 1893 hujus
2680 1823 3024 1895 apostolicae
3055 1823 3212 1880 sedis
3242 1823 3509 1896 pontifex
3544 1825 3850 1896 praevide-

2170 1907 2246 1963 rit
2296 1908 2722 1977 ordinandum,
2801 1917 2904 1967 aut
2956 1911 3337 1982 suggestione
3386 1913 3847 1968 monachorum

2172 1999 2536 2055 consenserit
2565 1999 2935 2056 ordinatum.

2245 2087 2364 2142 Hoc
2393 2105 2637 2161 quoque
2668 2090 2930 2162 capitulo
2959 2090 3235 2162 praesenti
3286 2090 3753 2161 subjungimus,
3785 2099 3847 2147 ut

2168 2175 2369 2232 locum
2418 2180 2679 2235 avaritiae
2710 2180 3115 2247 secludamus,
3162 2179 3395 2235 nullum
3446 2180 3525 2236 de
3571 2182 3846 2250 regibus.

2170 2265 2398 2321 nullum
2430 2266 2504 2322 de
2525 2268 2841 2341 episcopis,
2868 2268 2961 2323 vel
2992 2268 3423 2336 sacerdotibus,
3458 2270 3557 2325 vel
3590 2270 3673 2325 de
3705 2274 3837 2343 qui-

2171 2353 2524 2427 buscunque
2555 2356 2854 2426 fidelibus,
2884 2372 2989 2429 per
3019 2373 3100 2424 se,
3138 2357 3596 2430 suppositamve
3639 2375 3845 2431 pem

2170 2457 2335 2508 nam,
2380 2442 2455 2498 de
2484 2443 2859 2500 ordinatione
2891 2444 3169 2516 ejusdem
3223 2444 3480 2514 abbatis,
3530 2446 3629 2501 vel
3682 2446 3842 2502 cleri.

2169 2547 2399 2599 corum,
2486 2537 2589 2589 aut
2639 2534 3151 2607 presbyterorum,
3247 2534 3337 2590 vel
3386 2535 3462 2589 de
3522 2535 3842 2606 largitione

2170 2621 2529 2691 chrismatis,
2605 2628 2709 2678 aut
2761 2624 3208 2680 consecratione
3269 2623 3555 2690 basilicae,
3613 2624 3711 2681 vel
3770 2625 3841 2681 de

2168 2710 2633 2785 quibuscunque
2664 2713 2861 2769 causis
2890 2713 2969 2769 ad
2996 2712 3161 2769 idem
3213 2713 3659 2770 monasterium
3712 2730 3842 2786 per-

2170 2799 2514 2867 tinentibus,
2546 2801 2767 2859 audere
2806 2803 2867 2858 in
2914 2802 3184 2875 qualibet
3232 2802 3427 2880 specie
3471 2803 3678 2859 exenii
3707 2803 3839 2859 loco

2168 2888 2507 2969 quidquam
2535 2890 2828 2963 accipere,
2860 2907 3056 2964 neque
3086 2891 3367 2947 eumdem
3397 2891 3698 2947 abbatem
3730 2908 3836 2964 pro

473 2986 722 3039 lumnas
749 2981 1087 3053 episcopus,
1116 2996 1317 3035 servus
1348 2993 1657 3033 servorum
1688 2977 1805 3041 Dei,
1836 2982 2057 3032 Amom
2099 2988 2141 3054 (ᾖ
2168 2976 2544 3034 ordinatione
2584 2994 2698 3036 sua
2743 2980 2971 3053 aliquid
3019 2980 3163 3037 dare
3190 2996 3581 3054 praesumere,
3614 2997 3697 3036 ne
3727 2981 3837 3036 hac

405 3070 733 3128 venerabili
763 3070 966 3127 abbati
1017 3068 1424 3124 Vizeliacensis
1455 3067 1731 3135 coenobii,
1772 3066 2058 3138 omnique

406 3158 850 3229 congregationi
907 3158 1179 3227 ejusdem
1209 3156 1555 3211 monasterii
1586 3155 1645 3210 in
1677 3160 2054 3227 perpetuum.

478 3247 715 3312 Quoties
745 3246 845 3302 illa
875 3246 1051 3301 tribui
1077 3263 1112 3301 a
1142 3245 1316 3300 nobis
1349 3248 1649 3316 optantur,
1684 3260 1817 3316 quae
1845 3243 2055 3299 rationi

403 3337 815 3393 incunctanter
858 3333 1239 3399 conveniunt,
1274 3332 1477 3388 animo
1506 3348 1619 3388 nos
1650 3332 1827 3388 debet
1854 3331 2059 3387 libenti

404 3424 748 3489 concedere,
798 3410 855 3480 et
882 3423 1207 3496 petentium
1251 3420 1557 3476 desideriis
1588 3436 1924 3491 congruum
1954 3421 2060 3476 im-

400 3514 599 3589 pertiri
631 3513 1007 3584 suffragium.
1044 3515 1234 3584 Atque
1289 3510 1424 3566 ideo
1480 3511 1624 3583 quia
1675 3510 1990 3583 postulasti
2022 3527 2059 3566 a

402 3604 578 3660 nobis
610 3605 908 3676 quatenus
939 3599 1312 3672 privilegium
1353 3598 1512 3653 sedis
1555 3599 1897 3671 apostolicae
1927 3615 2056 3655 mo-

400 3692 661 3749 nasterio
686 3691 999 3759 Vizeliaco,
1032 3689 1126 3744 cui
1170 3703 1428 3761 praeesse
1473 3688 1859 3757 dignosceris,
1891 3688 2057 3761 quod

402 3785 636 3837 constat
664 3779 807 3835 olim
854 3795 890 3833 a
921 3776 1182 3834 Gerardo
1210 3775 1585 3832 nobilissimo
1615 3780 1671 3832 et
1699 3776 2058 3832 christianis-

401 3870 554 3925 simo
582 3868 729 3937 viro,
772 3882 1008 3922 necnon
1038 3870 1095 3921 et
1124 3868 1292 3921 Berta
1336 3881 1519 3920 uxore
1550 3866 1700 3934 ejus,
1737 3865 1797 3920 in
1827 3865 2055 3921 honore

402 3958 637 4015 Domini
663 3961 719 4013 et
747 3956 1066 4014 Salvatoris
1097 3954 1281 4011 nostri
1310 3956 1449 4009 Jesu
1481 3954 1690 4010 Christi
1722 3959 1778 4010 et
1810 3970 2052 4011 venera-

401 4047 558 4103 tione
587 4045 948 4102 beatissimze
979 4059 1215 4116 semper
1244 4043 1483 4112 virginis
1515 4043 1708 4101 Mariae
1757 4043 2054 4114 genitricis

400 4134 670 4206 ejusdem
706 4133 941 4189 Domini
969 4133 1156 4188 nostri
1191 4135 1328 4187 Jesu
1357 4131 1568 4187 Christi
1606 4135 2050 4201 constructum;

397 4224 461 4280 in
514 4237 697 4293 regno
746 4222 967 4277 scilicet
998 4220 1374 4291 Burgundios,
1428 4221 1489 4275 in
1536 4237 1696 4293 pago
1752 4222 2049 4294 Avalensi,

2168 3067 2501 3134 occasione,
2534 3083 2606 3124 ea
2633 3084 2770 3141 quas
2795 3085 2834 3125 a
2860 3067 3141 3126 ﬁdelibus
3184 3069 3285 3142 pio
3323 3068 3458 3125 loco
3493 3070 3839 3126 oﬁ‘eruntur

2168 3160 2621 3212 consumantur.
2659 3160 2859 3230 Neque
2876 3158 3199 3235 episcopus
3221 3157 3479 3215 civitatis
3503 3158 3707 3233 ipsius
3738 3174 3834 3232 pa-

2168 3245 2383 3300 rochire
2411 3245 2526 3300 nisi
2555 3246 2634 3302 ab
2666 3246 2885 3302 abbate
2914 3246 3105 3319 ipsius
3130 3247 3480 3304 monasterii
3522 3248 3836 3315 invitatus,

2166 3333 2390 3389 ibidem
2429 3335 2702 3407 publicas
2743 3336 2959 3392 missas
2990 3340 3151 3406 agat,
3183 3353 3380 3411 neque
3433 3337 3730 3394 stationes
3777 3339 3838 3394 in

2166 3424 2381 3480 eodem
2411 3425 2685 3481 coenobio
2713 3425 2953 3494 indicat,
2994 3442 3069 3482 ne
3129 3442 3443 3483 servorum
3501 3428 3607 3484 Dei
3663 3428 3843 3501 quies

2165 3513 2600 3585 quoquomodo
2629 3514 2907 3586 populari
2928 3520 3225 3572 conventu
3245 3514 3588 3588 perturbari
3612 3517 3839 3589 valeat,

2166 3616 2361 3673 neque
2386 3608 2646 3674 paratas,
2700 3609 2803 3660 aut
2832 3605 3300 3660 mansionaticos
3348 3605 3568 3661 exinde
3606 3621 3842 3679 pransu-

2167 3693 2293 3744 mat
2321 3690 2576 3759 exigere.
2634 3692 3084 3764 Susceptionem
3115 3698 3317 3748 autem
3349 3692 3626 3749 fidelium
3656 3699 3721 3750 et
3748 3711 3841 3751 re-

2164 3776 2520 3845 ligiosorum
2575 3779 2840 3835 virorum
2895 3783 3075 3851 atque
3117 3780 3833 3855 beneﬁcentiam,’quam

2159 3866 2331 3938 jubet
2351 3867 2657 3939 apostolus
2686 3869 2915 3925 cunctis
2939 3869 3344 3926 exhibendam
3387 3885 3499 3942 pro
3530 3872 3835 3944 possibili.

2165 3960 2280 4011 tate
2300 3956 2412 4012 loci
2439 3962 2496 4013 et
2515 3956 2886 4026 facultatum,
2902 3974 3026 4014 non
3042 3959 3226 4015 modo
3242 3959 3469 4016 ibidem
3492 3959 3626 4017 ﬁeri
3659 3961 3829 4033 [non]

2162 4044 2553 4115 denegamus,
2585 4063 2797 4103 verum
2828 4049 3008 4104 etiam
3039 4048 3405 4104 suademus:
3439 4050 3551 4106 sed
3607 4055 3669 4106 et
3696 4067 3827 4108 mo-

2162 4133 2276 4189 dus
2317 4134 2385 4191 in
2417 4151 2669 4191 numero
2700 4137 3177 4206 congregationis
3223 4136 3361 4194 ideo
3414 4145 3826 4203 conservetur,

2167 4226 2227 4276 ut
2256 4237 2366 4277 nec
2401 4222 2710 4304 pluralitas
2739 4225 3077 4296 penuriam,
3116 4240 3228 4281 nec
3278 4226 3553 4298 pausitas
3592 4225 3829 4284 inlabi.

397 4312 685 4386 quodque
739 4328 776 4368 a
831 4310 1091 4383 praefatis
1142 4309 1561 4365 fundatoribus
1640 4311 1817 4367 beato
1884 4315 2052 4368 Petro
2088 4356 2132 4410 Β
2164 4314 2416 4367 fantium
2443 4306 2887 4369 destitutionem
2914 4313 3025 4369 loci
3073 4314 3355 4371 inducere
3384 4314 3606 4373 valeat.
3639 4318 3827 4374 Privi-

395 4402 806 4476 apostolorum
837 4399 1090 4473 principi
1140 4398 1240 4471 pia
1283 4397 1600 4454 devotione
1634 4404 1689 4455 et
1715 4402 2055 4458 testamenti

395 4495 620 4568 pagina
676 4492 958 4548 collatum
989 4494 1096 4558 est,
1139 4490 1331 4546 facere
1363 4489 1759 4546 deberemus:
1787 4491 2069 4549 inclinati.

393 4582 674 4656 precibus
703 4580 818 4636 tuis
866 4579 1117 4635 libenter
1144 4578 1269 4635 ﬁeri
1322 4579 1717 4647 decrevimus,
1751 4595 1858 4652 per
1884 4580 2050 4653 quo‘d

394 4672 680 4729 nimirum
722 4668 1063 4742 apostolicae
1103 4668 1259 4724 sedis
1299 4668 1675 4740 privilegium
1728 4669 2048 4727 conﬁrma-

393 4781 549 4832 mus,
578 4766 757 4835 atque
789 4760 1125 4829 statuimus,
1156 4763 1217 4814 ut
1245 4759 1392 4814 nulli
1419 4774 1650 4829 regum,
1698 4758 1845 4814 nulli
1873 4761 2050 4817 antis-

395 4854 587 4922 titum,
619 4850 769 4908 nulli
793 4852 1102 4916 comitum,
1136 4848 1281 4904 nulli
1312 4848 1597 4921 cuiquam
1623 4848 1724 4905 alii
1760 4848 1934 4906 liceat
1961 4852 2049 4922 ip-

394 4958 530 4998 sum
558 4939 989 4997 monasterium
1017 4937 1385 5010 perturbare,
1438 4936 1531 4993 vel
1570 4954 1642 4993 ea
1694 4954 1829 5010 quae
1886 4938 1971 4995 ibi
2011 4956 2048 4996 a

387 5030 517 5100 jam
533 5029 704 5086 dictis
724 5025 1161 5088 fundatoribus,
1182 5026 1274 5081 vel
1296 5026 1374 5082 ab
1393 5025 1522 5081 aliis
1546 5025 1823 5082 fidelibus
1845 5028 2048 5085 oblata

396 5121 555 5181 sunt,
582 5116 673 5172 vel
701 5117 763 5172 in
789 5116 1054 5171 futurum
1084 5113 1281 5169 offerri
1329 5112 1659 5181 contigerit,
1688 5113 1807 5168 sub
1849 5114 2045 5184 cujus-

394 5202 537 5258 libet
565 5220 781 5271 causae,
811 5203 1215 5261 occasionisve
1242 5202 1458 5275 specie,
1492 5202 1784 5265 minuere,
1820 5202 1914 5257 vel
1944 5218 2045 5258 au-

394 5292 566 5359 ferre,
623 5291 745 5346 sive
810 5293 932 5347 suis
978 5292 1187 5348 usibus
1244 5291 1565 5365 applicare,
1627 5290 1732 5346 sed
1779 5290 1904 5347 sine
1960 5290 2044 5346 in-

393 5380 739 5456 quietudine
772 5381 834 5435 in
888 5383 1312 5438 sustentatione
1360 5381 1629 5452 ejusdem
1678 5380 2040 5448 monasterii,

394 5478 450 5530 et
494 5469 705 5529 usibus
753 5469 1044 5525 abbatum
1096 5475 1153 5525 et
1205 5471 1642 5526 monachorum
1692 5470 1804 5525 sub
1836 5470 2043 5540 regula

394 5562 581 5619 sancti
639 5559 827 5617 Patris
887 5559 1179 5614 Benedicti
1232 5558 1313 5614 ibi
1358 5561 1475 5615 Deo
1529 5559 1908 5615 militantium
1944 5574 2044 5616 vo-

392 5652 595 5711 lumus
623 5666 694 5706 ea
731 5654 788 5705 et
833 5646 1217 5722 praecipimus
1271 5647 1569 5719 possideri
1601 5665 1613 5702 :
1647 5664 1717 5704 ea
1773 5649 2043 5704 videlicet

2160 4400 2384 4471 legium
2413 4418 2656 4474 quoque
2684 4419 2721 4459 a
2750 4403 3184 4475 praedecessore
3210 4408 3420 4461 nostro
3449 4405 3565 4478 piae
3592 4423 3827 4464 memo-

2158 4490 2259 4546 riae
2288 4507 2451 4564 papa
2477 4492 2717 4549 Nicolao
2746 4492 2940 4549 eidem
2974 4494 3338 4550 monasterio
3369 4494 3667 4553 collatum
3694 4512 3829 4553 nos-

2160 4582 2248 4635 tra
2265 4580 2610 4636 auctoritate
2626 4569 3333 4656 conﬁrmamus,excepto
3347 4583 3825 4660 duntaxatquod

2158 4668 2288 4742 ipse
2324 4669 2436 4724 sub
2464 4670 2709 4726 nomine
2755 4670 3112 4728 ancillarum
3163 4672 3262 4729 Dei
3286 4689 3426 4746 qua
3454 4673 3689 4731 ibidem
3715 4692 3824 4749 pro

2159 4756 2381 4813 crebris
2429 4757 2907 4815 infestationibus
2958 4760 3162 4815 saeculi
3188 4776 3352 4818 nunc
3401 4762 3827 4820 ordinabiliter

2158 4861 2402 4903 manere
2421 4851 2748 4919 nequeunt,
2779 4848 2925 4904 illud
2950 4848 3253 4920 delegavit
3279 4865 3426 4905 :nos
3453 4866 3604 4906 vero
3632 4850 3825 4924 aptio—

2159 4937 2233 4990 ris
2256 4935 2517 4992 utilitatis
2531 4937 2720 5005 gratia
2731 4936 2845 4993 sub
2859 4937 3072 4994 habitu
3083 4939 3523 4996 monachorum
3534 4956 3671 4997 esse
3687 4956 3826 4998 con—

2155 5028 2434 5094 gruenter
2458 5024 2854 5082 decernimus.
2894 5026 2948 5083 Si
2990 5026 3126 5098 quis
3156 5042 3298 5083 vero
3325 5042 3565 5099 regum,
3592 5029 3826 5102 episco-

2153 5128 2392 5184 porum,
2412 5114 2814 5179 sacerdotum,
2838 5115 3151 5184 abbatum,
3180 5116 3477 5187 judicum,
3501 5119 3824 5189 comitum,

2153 5206 2259 5256 aut
2272 5201 2649 5258 saecularium
2676 5219 3093 5276 personarum,
3147 5210 3353 5262 contra
3382 5206 3542 5263 hanc
3600 5214 3825 5264 nostra

2151 5290 2536 5347 institutionis
2567 5292 2859 5364 paginam
2890 5294 3092 5350 venire
3122 5297 3452 5364 tentaverit,
3484 5311 3826 5368 percussus

2152 5380 2483 5453 apostolico
2531 5383 2934 5446 anathemate,
2988 5384 3302 5456 potestatis
3355 5384 3688 5442 honorisve
3732 5385 3825 5441 sui

2150 5469 2437 5540 dignitate
2468 5475 2684 5539 careat,
2717 5488 3007 5546 reumque
3030 5488 3103 5529 se‘
3125 5490 3330 5531 coram
3356 5471 3564 5531 divino
3589 5475 3821 5547 judicio

2154 5565 2499 5630 cognoscat,
2533 5566 2591 5617 et
2614 5561 2729 5617 nisi
2759 5578 2830 5617 ea
2873 5579 3009 5635 quae
3036 5580 3071 5619 a
3103 5581 3166 5619 se
3197 5563 3355 5620 male
3380 5569 3515 5621 acta
3548 5572 3697 5623 sunt
3725 5565 3824 5623 de—

2152 5648 2396 5718 ﬂeverit,
2420 5666 2457 5706 a
2484 5650 2886 5708 sacratissimo
2908 5668 3157 5725 corpore
3181 5653 3415 5710 Domini
3440 5655 3633 5711 nostri
3657 5658 3822 5713 Jesu-
