3998 6198
197 171 335 224 ioci
1472 164 1821 226 EPISTOIJE
1861 171 1946 225 ET
1984 161 2407 225 PRIVILEGIA.
2688 130 2703 139 ’
3517 160 3653 223 1062

196 292 419 351 Christi
450 292 684 348 alienus
711 292 837 361 ﬁat,
869 292 1049 360 atque
1098 295 1321 346 aeterno
1371 292 1635 347 examini
1691 293 1883 348 distri-
1990 291 2192 364 aliquo
2224 307 2464 361 surgere
2492 296 2879 364 nostramque
2909 291 3309 365 apostolicam
3341 291 3656 346 auctorita-

194 386 313 441 σιω
349 381 595 438 ultionis
627 380 957 451 subjaceat.
994 379 1234 434 Cunctis
1265 386 1467 436 autem
1509 381 1701 436 eidem
1752 382 1885 436 loco
1991 384 2108 437 teni
2142 381 2361 437 violare
2393 381 2487 436 vel
2514 381 2821 435 inﬁrmare
2870 378 3345 452 praesumpserit,
3409 379 3556 435 sciat
3597 396 3659 435 se

189 473 366 544 justa
394 469 778 527 servantibus
801 468 875 523 sit
904 483 1024 540 pax
1056 468 1286 523 Domini
1319 470 1506 524 nostri
1550 471 1687 524 Jcsu
1731 470 1885 525 Cliri-
1995 470 2391 525 anathematis
2425 468 2658 525 vinculo
2687 474 2909 524 sancta:
2938 467 3240 524 Trinitatis
3279 466 3663 524 invocatione

198 561 301 629 sti,
336 565 641 633 quatenus
672 562 730 613 et
753 557 848 613 hic
902 555 1163 611 fructum
1209 556 1383 611 bonae
1442 558 1694 613 actionis
1738 559 1885 613 reci-
1991 562 2049 614 et
2075 558 2229 614 beati
2267 561 2407 615 Petri
2441 558 2698 630 apostoli
2730 564 3015 629 potestate
3046 574 3121 613 ac
3154 561 3361 611 nostra
3411 558 3667 614 auctori-

196 649 397 723 piant,
425 654 484 703 et
512 647 678 719 apud
710 645 1045 701 districtum
1072 644 1339 714 judicem
1372 646 1623 717 pl‘iBlDla
1650 653 1884 702 FBlBl‘lltB
1994 652 2109 703 tate
2156 649 2507 705 reternaliter
2562 663 2699 702 cum
2751 647 3000 703 inimicis
3050 646 3157 702 Dei
3185 651 3243 701 et
3271 646 3402 715 ejus
3434 652 3668 703 contra-

197 738 378 813 pacis
398 736 727 793 inveniant.
1993 734 2318 791 dictoribus
2345 751 2537 808 usque
2569 735 2645 789 ad
2677 735 3151 790 satisfactionem
3177 733 3567 806 proﬂigatum
3597 752 3669 792 ac

282 828 584 899 Scriptum
614 840 720 897 per
749 838 1003 879 manum
1050 821 1301 877 Andreie
1346 821 1637 876 scriniarii
1671 829 1884 878 sanctae
1992 823 2054 877 in
2111 829 2465 896 perpetuum
2518 823 2896 878 damnatum.
2953 824 3422 878 Conservatores
3468 829 3670 881 autem

202 921 497 973 Romanae
529 912 801 969 Ecclesiis
830 912 891 966 in
925 925 1131 965 mense
1157 911 1465 978 Januario,
1489 910 1814 967 indictione
1832 918 1882 966 6.
1992 911 2173 982 hujus
2204 913 2389 967 nostri
2420 911 2642 967 decreti
2671 928 2787 983 pax
2820 918 2875 967 et
2902 911 3207 981 gaudium
3251 915 3305 965 et
3336 910 3671 969 benedictio

282 1007 503 1060 Datum
533 1016 677 1056 vero
705 1016 764 1055 vr
787 999 925 1054 Idus
952 998 1222 1053 Januarii
1252 1014 1358 1070 per
1384 1014 1644 1053 manum
1668 1002 1884 1067 Grego-
1994 1015 2031 1054 a
2056 1000 2333 1069 largitore
2364 1002 2635 1057 omnium
2684 1001 2978 1056 bonorum
3036 1004 3164 1055 Deo
3219 1007 3674 1073 consequantur

199 1093 277 1150 rii
314 1095 432 1148 Deo
463 1088 739 1147 amabilis
770 1086 1057 1144 sacellarii
1086 1094 1302 1142 sanctae
1326 1087 1487 1141 sedis
1516 1088 1881 1157 apostolicae,
1994 1094 2051 1144 et
2074 1089 2257 1145 vitam
2289 1095 2575 1147 aeternam
2600 1090 2821 1145 habere
2850 1094 3225 1146 mereantur.

200 1195 373 1238 anno
400 1184 451 1246 3,
488 1181 606 1233 Deo
636 1176 917 1249 propitio,
957 1175 1341 1248 pontiﬁcatus
1402 1173 1637 1229 domini
1695 1175 1884 1230 nostri
2068 1178 2360 1250 Scriptum
2389 1194 2495 1250 per
2525 1194 2741 1233 manus
2772 1177 3068 1233 Theodori
3100 1176 3399 1232 scriniarii
3450 1183 3674 1235 sanctae

199 1268 456 1326 Joannis
483 1265 706 1323 summi
738 1264 1034 1338 pontiﬁcis
1073 1269 1128 1318 et
1160 1262 1514 1318 universalis
1564 1278 1740 1337 papae
1799 1265 1881 1331 XI,
1994 1268 2275 1322 Romanae
2310 1268 2583 1324 ECCIBSltE
2638 1268 2696 1323 in
2750 1284 2958 1324 mense
3014 1267 3209 1324 Martii
3258 1273 3312 1322 et
3353 1269 3674 1324 indictione

200 1359 268 1415 in
298 1353 702 1413 sacratissima
728 1352 868 1410 sede
898 1350 1215 1407 beatorum
1248 1350 1684 1423 apostolorum.
1997 1359 2187 1409 sexta.
2220 1358 2453 1411 Datum.
2499 1399 2510 1410 .
2558 1399 2571 1409 .
2618 1398 2631 1411 .
2677 1399 2688 1410 .
2733 1358 2883 1411 Bene
2923 1356 3145 1412 valete.

1002 1443 1092 1496 ιν.

2802 1464 2869 1519 V.

201 1550 434 1592 ’0”le
471 1548 532 1588 λι
578 1546 1223 1635 ’νῐδτθιζηζῖξέέξέᾚλζ
1268 1545 1331 1583 ΕΤ
1394 1544 1647 1584 POPU‘W
1714 1545 1886 1583 Mm"
2001 1567 2146 1635 (708)
2184 1585 2402 1623 JOANNIS
2444 1585 2497 1623 ιι
2540 1585 2895 1623 Ριιινιιειςιυλι
2938 1585 3052 1624 Ριο
3098 1585 3458 1623 Μοκλςτεῐιιο
3492 1587 3539 1624 s.
3577 1586 3678 1623 MA-

837 1616 1246 1656 sronuxexseu.
2184 1616 2401 1623 """""
2448 1616 2497 1623 '"
2938 1616 3047 1624 ’··ν

1922 1642 1963 1692 Β
2328 1655 2436 1693 au:
2476 1657 2538 1694 er
2581 1658 2629 1695 s.
2674 1656 2908 1695 suum
2950 1656 3336 1694 rmuvnmsr.

844 1692 1039 1761 (Anno
1068 1692 1216 1755 933).
2606 1752 2613 1761 1
2642 1751 2653 1761 Δ
2829 1750 2921 1761 Μ,
2962 1749 3046 1761 Μ.

206 1782 492 1840 Ecclesiae
551 1749 1085 1850 Augustodunensi
1138 1749 1349 1833 asserit
1393 1779 1499 1845 jus
1546 1776 1895 1844 episcopum
2601 1751 2798 1815 (ΑΠΠΟ
2828 1749 3079 1809 931-36)-

808 1866 988 1922 (ibere
1021 1866 1300 1936 eligendi,
2141 1852 2336 1924 [Apud
2365 1854 2428 1906 D.
2464 1853 2751 1924 Bouquet,
2781 1852 3026 1907 Recueil
3058 1852 3165 1906 des
3194 1851 3552 1921 historians].

382 1958 578 2033 [Apud
600 1957 821 2024 Baluz.,
853 1957 1120 2025 Capitul.
1145 1960 1292 2011 tom.
1324 1955 1390 2023 Il,
1424 1970 1484 2027 p.
1524 1956 1711 2023 H95].
2080 1960 2143 2012 In
2174 1958 2417 2014 nomine
2453 1958 2549 2013 Dei
2575 1957 2776 2023 Patris,
2800 1972 2915 2025 ego
2943 1958 3207 2013 Joannes
3229 1972 3393 2029 papa
3418 1956 3683 2013 notiﬁca-

278 2054 523 2107 Joannes
553 2047 896 2121 episcopus,
929 2062 1137 2101 servus
1170 2060 1486 2100 servorum
1517 2043 1638 2108 Dei,
1694 2043 1865 2099 omni
2006 2063 2145 2103 mus
2171 2048 2453 2103 omnibus
2485 2052 2710 2102 sancta:
2744 2046 2841 2100 Dei
2874 2045 3153 2100 Ecclesiae
3182 2044 3481 2111 ﬁdelibus,
3512 2047 3681 2117 quod

202 2141 324 2198 bus
354 2138 489 2195 ﬁliis
520 2140 746 2193 sanctae
774 2134 1086 2190 Eduensis
1118 2133 1390 2189 Ecclesiae
1419 2137 1476 2187 et
1502 2148 1609 2204 per
1632 2148 1746 2187 vos
1768 2149 1901 2191 suc-
2005 2135 2197 2192 frater,
2212 2141 2412 2192 noster
2435 2139 2780 2190 Faornsaius
2808 2134 3165 2205 episcopus,
3216 2133 3411 2188 missis
3459 2133 3682 2202 legato-

204 2228 550 2286 cessoribus
581 2223 795 2281 vestris
821 2223 880 2278 in
906 2227 1292 2295 perpetuum.
2004 2223 2173 2280 ribus
2201 2224 2323 2279 suis
2353 2223 2428 2278 ad
2461 2240 2593 2285 nos,
2627 2223 2931 2294 [precatus
2958 2221 3074 2290 est]
3129 2226 3192 2276 ut
3241 2220 3529 2293 scriptum
3555 2223 3676 2294 pri-

280 2317 564 2373 Auditum
585 2318 676 2371 est
699 2312 918 2369 nostris
941 2310 1285 2384 apostolicis
1314 2310 1565 2365 auribus
1595 2315 1652 2364 et
1681 2308 1895 2365 crebro
2004 2310 2289 2379 vilegium
2321 2310 2665 2366 monasterii
2696 2309 2809 2376 sui,
2842 2307 3013 2378 quod
3047 2303 3141 2363 est
3160 2313 3564 2365 constructum
3593 2311 3678 2366 fo-

206 2406 553 2463 intimatum
593 2404 938 2474 frequenter
981 2400 1255 2455 Ecclesiis
1313 2398 1637 2455 Galliarum
1686 2402 1896 2452 contra
2002 2400 2084 2455 ris
2116 2416 2319 2455 muros
2352 2400 2598 2455 Pictavis
2624 2396 2862 2452 civitate
2896 2412 3083 2469 super
3114 2398 3361 2454 fluvium
3385 2400 3551 2465 Clini,
3582 2400 3680 2457 ﬁr-

207 2495 451 2553 decreta
478 2507 786 2549 canonum
839 2489 899 2545 in
955 2488 1245 2545 electione
1295 2505 1540 2543 suorum
1584 2485 1896 2560 episcopo—
2004 2505 2170 2544 mare
2196 2504 2266 2544 ac
2298 2488 2582 2544 roborare
2613 2486 3033 2551 dignaremur.
3070 2487 3242 2552 Quod
3279 2504 3410 2556 nos,
3438 2489 3680 2562 permit-

207 2599 351 2639 rum
378 2579 724 2638 violentiam
748 2574 984 2633 inferre.
1016 2576 1189 2642 Quod
1216 2592 1348 2638 nos,
1369 2576 1463 2631 cui
1487 2574 1892 2631 Ecclesiarum
2002 2582 2159 2633 tente
2176 2575 2756 2644 Deo,benevolentiue
2774 2574 2908 2642 ejus
2924 2573 3178 2635 libenter
3197 2577 3674 2651 adimplevimus.

210 2671 497 2730 omnium.
515 2685 662 2726 cura
687 2666 1015 2724 commissa
1045 2673 1133 2722 est
1159 2665 1446 2739 quamvis
1477 2664 1764 2733 indignis,
1814 2664 1895 2719 vi-
2001 2670 2101 2722 Est
2125 2672 2327 2722 autem
2359 2666 2521 2722 istud
2568 2662 2921 2718 coenobium
2971 2664 3315 2723 dedicatum
3355 2668 3417 2723 in
3448 2670 3677 2725 honore

213 2759 516 2819 sceraliter
544 2756 952 2827 condolentes,
981 2756 1061 2811 ab
1084 2755 1376 2811 universrs
1409 2753 1682 2809 Ecclesiis
1731 2754 1890 2809 hanc
2000 2761 2223 2812 sanctae
2250 2755 2349 2809 Dei
2386 2751 2692 2826 genitric's
2722 2750 2972 2819 virginis
3006 2755 3216 2827 Mariae,
3250 2772 3485 2814 necnon
3517 2764 3573 2815 et
3617 2762 3672 2814 S.

213 2850 500 2907 insertam
528 2846 875 2903 violentiam
906 2844 1255 2901 auctoritate
1290 2843 1389 2898 Dei
1438 2848 1493 2897 et
1540 2842 1698 2897 beati
1738 2842 1888 2897 Petri
2000 2842 2245 2900 Martini.
2281 2842 2587 2897 Volumus
2620 2842 2821 2893 autem
2856 2844 2919 2894 ut
2949 2840 3027 2896 ab
3056 2842 3344 2901 hodierna
3375 2845 3470 2901 die
3501 2847 3671 2903 locus

210 2938 477 2997 recidere
509 2936 833 3009 cupientes,
866 2933 1183 3007 principum
1210 2932 1405 3002 vobis,
1452 2935 1673 2987 sanctae
1725 2930 1886 2986 vide-
1921 2994 1959 3009 ﬂ
1997 2933 2124 3005 ipse
2149 2931 2223 2985 sit
2255 2935 2427 2986 tutus
2458 2928 2542 2985 ab
2564 2925 2730 2980 omni
2761 2926 3137 2992 adversitate.
3160 2936 3217 2988 et
3246 2935 3546 3004 monachi,
3570 2936 3675 3009 qui

213 3028 353 3093 licet
378 2994 658 3083 rEduensi
686 2994 979 3093 Ecclesiae,
1011 2994 1191 3092 hujus
1222 3020 1409 3077 nostri
1454 3019 1677 3075 decreti
1700 3019 1885 3092 privi-
1918 2994 1959 3046 Ο
1995 2994 2058 3075 in
2086 3018 2304 3075 eodem
2336 3018 2480 3074 loco
2503 3015 2965 3088 permanserint,
2998 3019 3267 3076 alacriter
3288 3026 3345 3077 et
3370 3022 3493 3079 sine
3521 2994 3678 3081 ultra

217 3118 443 3188 legium
465 3115 721 3172 scribere
749 3113 1135 3181 sancivimus,
1167 3127 1337 3180 reges
1365 3112 1730 3181 Francorum
1762 3109 1885 3180 pri-
1997 3107 2483 3165 contradictione
2513 3103 2819 3161 servitium
2858 3108 2956 3163 Dei
3004 3109 3373 3183 adimpleant
3433 3128 3444 3165 :
3505 3117 3564 3169 et
3615 3117 3679 3169 ut

218 3224 391 3264 mum
420 3205 832 3262 observatores
862 3205 1100 3257 orantes
1131 3216 1145 3264 ;
1176 3199 1237 3254 in
1262 3214 1386 3271 quo
1415 3197 1797 3252 decernimus
1829 3203 1886 3253 et
1997 3197 2198 3252 nullus
2229 3196 2429 3253 homo
2462 3197 2541 3252 sit
2563 3194 2662 3268 qui
2690 3194 2880 3251 ullum
2926 3197 3195 3254 debitum
3244 3200 3321 3256 ad
3364 3199 3568 3274 ipsum
3596 3202 3683 3258 lo-

217 3295 567 3368 regulariter
622 3292 973 3349 ordinamus
1025 3293 1086 3344 ut
1136 3287 1421 3359 deinceps
1463 3301 1643 3342 nemo
1673 3302 1887 3356 regum
2001 3302 2142 3342 cum
2166 3285 2469 3357 requirat,
2504 3302 2610 3342 nec
2640 3285 2927 3359 placitum
2978 3287 3036 3342 in
3078 3288 3211 3361 ipso
3235 3288 3368 3346 loco
3397 3290 3593 3356 faciat,
3624 3297 3682 3348 et

220 3387 318 3443 vel
338 3384 680 3459 principum
710 3382 803 3438 vel
834 3380 1037 3453 aliqua
1065 3393 1331 3452 persona
1376 3376 1551 3431 vobis
1602 3392 1889 3449 supcrpo-
2003 3373 2235 3430 nullam
2266 3375 2716 3447 subjectioncm
2745 3376 3026 3448 requirat,
3059 3377 3167 3432 nisi
3209 3383 3441 3435 tantum
3487 3381 3680 3453 priva-

224 3492 366 3534 nere
396 3474 489 3531 vel
512 3473 789 3531 ordinare
820 3476 923 3527 aut
953 3466 1407 3525 successoribus
1436 3465 1649 3521 vestris
1670 3481 1894 3538 praesu-
2006 3464 2080 3519 tis
2128 3461 2349 3517 diebus
2404 3481 2593 3519 unam
2646 3464 2895 3520 missam
2948 3464 3322 3533 familiarem,
3379 3472 3435 3523 et
3485 3483 3677 3525 unum

224 3570 358 3623 mat
383 3564 498 3621 nisi
526 3580 597 3620 ex
623 3562 759 3618 ﬁliis
787 3560 974 3634 ipsius
1000 3556 1272 3614 Ecclesiis
1303 3553 1640 3611 secundum
1673 3552 1900 3626 scripta
2009 3550 2319 3624 psalmum
2360 3568 2472 3623 per
2501 3568 2713 3607 omnes
2752 3551 2933 3608 horas
2979 3558 3222 3625 propter
3269 3558 3677 3627 congregatio-

226 3670 558 3723 canonum,
587 3668 770 3725 quem
800 3649 992 3706 clerus
1021 3645 1262 3717 elegerit
1290 3649 1347 3700 et
1375 3641 1641 3715 populus
1669 3641 1903 3714 procla—
2012 3656 2154 3696 nem
2215 3641 2270 3695 S.
2337 3641 2486 3695 Petri
2545 3640 2768 3696 dicant.
2832 3642 3431 3699 Excommunicamus
3476 3650 3677 3702 autem

230 3743 504 3810 maverit,
533 3742 583 3797 si
609 3742 668 3797 in
698 3756 770 3797 ea
796 3739 1017 3809 dignus
1046 3735 1290 3809 reperiri
1322 3732 1599 3806 potuerit.
1652 3732 1821 3795 Quod
1854 3730 1906 3786 si
2015 3743 2227 3784 omnes
2258 3743 2331 3781 ex
2362 3732 2530 3799 parte
2564 3727 2661 3781 Dei
2713 3728 3136 3800 omnipotentis
3182 3734 3239 3785 et
3287 3732 3475 3787 sancti
3528 3734 3679 3789 Petri

230 3835 295 3891 in
324 3850 417 3901 ea,
447 3830 613 3906 quod
637 3830 784 3886 forte
808 3827 1077 3885 accidere
1116 3841 1240 3880 non
1269 3822 1593 3897 credimus,
1625 3822 1906 3878 inventus
2018 3815 2304 3906 principis
2325 3815 2763 3906 apostolorum,
2784 3822 2840 3872 et
2869 3818 3139 3873 omnium
3171 3824 3515 3877 sanctorum
3552 3822 3677 3889 Dei,

232 3939 361 3982 non
417 3903 611 3990 fuerit,
636 3986 639 3989 _
665 3918 937 3975 unanimi
995 3931 1205 3972 eorum
1258 3910 1508 3968 consilio
1574 3916 1701 3967 tam
1769 3911 1907 3967 cleri
2018 3911 2077 3963 et
2102 3904 2377 3962 omnium
2398 3903 2843 3976 episcoporum,
2875 3911 2931 3962 et
2954 3906 3226 3964 omnium
3264 3925 3679 3966 successorum

234 4027 428 4087 quam
456 4008 667 4084 populi
694 4007 768 4063 de
799 4006 928 4064 aliis
975 4001 1365 4074 dignissimus
1414 4003 1749 4087 expetatur.
1802 4002 1907 4055 Ve-
2019 3999 2383 4087 nostrorum,
2428 3992 2866 4087 utgquicunque
2910 3996 3071 4051 hunc
3119 3996 3405 4070 scriptum
3454 3998 3682 4072 privile-

239 4080 432 4159 strum
459 4080 479 4084 _
512 4080 773 4170 denique
848 4096 1164 4160 honorem,
1246 4104 1430 4162 quem
1517 4086 1593 4144 de
1678 4087 1910 4143 seniore
2020 4085 2188 4156 gium
2218 4080 2538 4151 infregerit,
2584 4081 2659 4138 de
2686 4099 2937 4158 corpore
2989 4090 3046 4170 et
3104 4087 3396 4157 sanguine
3447 4088 3681 4145 Domini

238 4189 444 4264 adepti
497 4166 743 4253 fueritis,
796 4184 870 4241 de
921 4182 1131 4239 vestris
1168 4178 1455 4237 domibus
1494 4182 1551 4234 et
1593 4178 1670 4234 de
1698 4176 1910 4233 vestris
2021 4175 2127 4245 [αι.
2179 4170 2410 4264 Christi]
2462 4171 2535 4225 sit
2579 4170 2935 4264 maledictus
2986 4166 3047 4230 in
3093 4180 3470 4249 perpetuum,
3522 4176 3571 4231 si
3603 4176 3684 4232 ad

239 4259 514 4340 canoniis
568 4283 625 4335 et
674 4277 748 4333 de
795 4271 1106 4331 communi
1159 4284 1349 4327 causa
1405 4268 1657 4324 fratrum
1714 4271 1772 4324 et
1835 4266 1911 4322 de
2022 4259 2509 4319 emendationem
2534 4264 2592 4315 et
2631 4260 2711 4317 ad
2761 4262 3226 4320 satisfactionem
3271 4281 3395 4321 non
3434 4265 3678 4320 venerit.

240 4370 414 4428 omni
462 4367 821 4441 proprietate
876 4367 1072 4420 vestra
1122 4362 1185 4417 in
1233 4357 1577 4415 haeredibls
1632 4355 1912 4427 legitimis
1940 4346 1982 4399 Ι)
2024 4355 2092 4441 Et
2116 4356 2178 4441 ut
2207 4350 2321 4406 hoc
2346 4349 2726 4441 privilegium
2755 4351 3143 4409 libentissime
3172 4369 3209 4408 a
3235 4354 3411 4409 nobis
3455 4354 3682 4441 factum

245 4438 595 4516 statuendis
611 4459 669 4512 et
694 4452 983 4524 eligendis
1011 4467 1083 4508 ex
1113 4451 1246 4523 ipsa
1275 4448 1461 4503 domo
1510 4451 1716 4502 nostra
1769 4461 1914 4518 apo-
2023 4440 2352 4497 ﬁrmiorem
2377 4438 2643 4495 obtineat
2669 4440 2956 4510 vigorem,
2984 4440 3267 4496 manibus
3298 4440 3556 4514 propriis
3584 4440 3681 4495 ﬁr-

245 4546 460 4604 stolica
487 4542 837 4602 auctoritate
865 4540 1167 4597 licentiam
1195 4535 1369 4593 vobis
1400 4534 1786 4590 concedimus
1816 4549 1911 4589 or-
2024 4528 2343 4597 mavimus,
2374 4531 2431 4584 et
2449 4528 2511 4591 in
2540 4528 2726 4584 verbo
2758 4528 2856 4584 Dei
2883 4529 3019 4585 viris
3047 4529 3339 4599 religiosis
3371 4534 3428 4586 et
3468 4545 3682 4609 consu-

244 4634 504 4695 dinandi
529 4634 762 4706 absque
778 4631 1032 4702 alicujus
1056 4624 1461 4685 controversia
1478 4622 1912 4697 impedimenti.
2023 4620 2182 4676 libus
2214 4622 2412 4675 Romae
2440 4617 2710 4673 roborari
2731 4618 3001 4674 fecimus.

249 4727 314 4786 Si
344 4725 481 4799 quis
510 4741 651 4782 vero
679 4737 942 4793 magnus
979 4719 1073 4776 vel
1118 4732 1345 4792 parvus
1394 4717 1603 4771 contra
1654 4713 1769 4768 hoc
1816 4728 1921 4768 no-
2099 4709 2347 4799 Signurn
2374 4708 2415 4778 -ιο
2442 4707 2686 4763 Joannis
2713 4723 2911 4780 papae,
2958 4708 3063 4780 qui
3094 4709 3254 4764 hunc
3302 4708 3681 4781 privilegium

247 4797 446 4873 stram
497 4814 804 4871 decretum
860 4814 919 4867 et
972 4805 1385 4865 concessivam
1432 4802 1813 4871 largitionem
1855 4802 1918 4858 in
2026 4798 2154 4856 ﬁeri
2174 4797 2369 4869 jussit.

330 5065 481 5137 (708)
522 5066 652 5120 Haec
678 5061 844 5119 bulla
868 5076 991 5117 non
1023 5062 1114 5115 est
1142 5074 1178 5114 a
1207 5054 1549 5130 suspicione
1578 5056 1831 5110 remota.
1864 5052 2052 5106 ἄπιτε.
