4014 6198
466 164 598 219 1067

1852 154 2101 212 LEONIS
2137 154 2338 210 ΡΑΡᾸΞ
2376 157 2488 211 Vll.

3758 161 3881 214 1068

458 284 791 343 monastica
819 282 1077 353 regulari
1116 281 1324 338 habitu
1353 281 1643 353 dirigatur
1671 279 2111 351 concordiaque
2140 277 2190 332 A
2223 278 2523 349 magniﬁci
2545 256 2674 347 viri,
2695 296 2767 336 ac
2791 279 3158 336 dilectissimi
3191 281 3377 337 nostri
3402 280 3603 337 ﬁdelis
3634 279 3883 338 Alberici

457 372 833 432 convenienti
854 370 1252 427 ecclesiastico
1274 371 1389 427 ritu
1420 370 1814 444 mancipetur,
1843 385 1919 425 ne
1939 367 2106 434 forte,
2152 421 2161 431 ,

455 463 619 536 quod
674 460 848 530 absit,
880 458 992 514 sub
1022 459 1205 529 hujus
1259 459 1553 532 privilegii
1582 458 1829 515 obtentu
1871 456 2108 514 animus

456 564 815 622 gressusque
861 548 1228 604 rectitudinis
1282 552 1491 605 vestras
1545 565 1581 603 a
1628 563 1843 604 norma
1869 545 2107 617 justitize

453 640 655 712 aliquo
687 637 871 694 modo
916 641 1350 709 retorqueatur.
1402 641 1466 692 Et
1516 653 1711 710 neque
1742 637 1865 706 regi
1912 650 2107 707 neque

450 727 737 800 episeopo
780 726 1019 782 cuilibet
1075 725 1170 781 vel
1198 725 1401 782 comiti
1432 726 1519 781 vel
1550 725 1649 781 alii
1679 740 1915 795 magnae
1967 739 2106 796 par-

449 833 661 889 vaeque
692 831 964 889 personae
995 815 1221 870 licitum
1270 815 1343 871 sit
1374 815 1707 888 quamlibet
1736 814 1855 869 vim
1893 812 2106 868 inferre

454 907 578 961 sive
620 905 897 977 aliquam
951 902 1418 960 controversiam
1449 904 1641 959 facere
1694 903 1755 959 in
1806 902 1986 958 rebus
2020 901 2107 957 vel

447 993 687 1050 familiis
719 992 989 1064 ejusdem
1020 991 1319 1076 saepedicti
1344 991 1704 1048 venerabilis
1733 989 2100 1046 monasterii.

446 1084 515 1138 Et
545 1082 894 1138 auctoritate
933 1085 1139 1136 nostra
1172 1079 1579 1135 interdicimus
1602 1083 1665 1135 ut
1692 1077 1857 1134 nulla
1882 1078 2105 1133 femina

444 1171 593 1227 inibi
632 1169 863 1240 ingredi
893 1185 1165 1241 unquam
1195 1172 1540 1241 praesumat.
1570 1170 1753 1223 Nemo
1797 1167 1860 1221 in
1889 1165 2102 1222 eodem

444 1259 809 1315 monasterio
865 1257 1193 1313 venerabili
1249 1256 1340 1312 vel
1396 1256 1456 1311 in
1517 1255 1739 1311 caeteris
1788 1254 1917 1325 ejus
1954 1252 2100 1310 locis

442 1347 731 1420 placitum
761 1346 1002 1402 habeat.
1037 1349 1220 1401 Nemo
1247 1360 1452 1401 servos
1482 1344 1577 1399 vel
1600 1344 1845 1400 colonos
1872 1342 1951 1398 ad
2002 1340 2103 1398 ali-

443 1437 609 1510 quod
653 1437 958 1493 servitium
1006 1435 1374 1506 constringat
1426 1435 1536 1491 illis
1580 1438 1812 1491 tantum
1840 1431 2100 1504 exceptis

441 1526 717 1598 personis
743 1526 965 1599 quibus
991 1524 1184 1580 abbas
1217 1523 1293 1579 ad
1345 1514 1654 1579 utilitatem
1686 1538 1809 1578 suae
1838 1520 2096 1576 necessi-

2222 367 2523 424 charitatis
2578 368 2791 425 ardore
2846 370 3079 440 ﬂagrat,
3130 376 3256 426 tam
3308 370 3439 441 ejus
3484 370 3884 445 suggestioni,

2219 471 2525 530 quamque
2545 462 2603 513 et
2627 461 2843 514 nostra;
2870 457 3198 514 clementiae
3252 458 3522 528 vigilanti
3570 459 3786 515 animo
3814 460 3881 515 ad

2218 544 2533 615 pristinum
2583 550 2805 602 statum
2851 546 3103 602 Domino
3153 551 3498 619 protegente
3546 552 3882 603 restaurare

2217 639 2275 689 et
2327 633 2388 689 in
2443 639 2760 708 perpetum
2814 652 3169 708 permanere
3220 637 3589 692 curavimus.
3636 636 3735 691 Ad
3779 637 3881 693 hoc

2215 721 2377 777 enim
2407 738 2563 794 opus
2615 725 2768 779 Deus
2822 723 3020 796 priore
3064 740 3177 778 nos
3208 724 3373 779 omni
3422 741 3554 781 esse
3592 726 3878 797 permisit,

2217 815 2281 866 ut
2306 810 2409 884 qui
2441 816 2647 867 nostro
2671 811 2955 884 pastorali
2981 812 3258 884 exemplo
3280 818 3459 886 atque
3481 812 3879 870 sollicitudine

2215 898 2461 954 subesse
2486 904 2838 967 noscuntur,
2867 899 3220 955 condiscant
3248 906 3303 956 et
3342 900 3771 957 incunctanter
3796 902 3877 956 in-

2213 986 2479 1058 telligant
2516 988 2681 1061 quod
2710 989 2770 1044 in
2802 989 2999 1045 causis
3027 990 3471 1058 emergentibus
3518 990 3643 1046 sint
3675 991 3876 1046 acturi.

2214 1078 2589 1150 Quapropter
2642 1079 2901 1150 peccatis
2958 1083 3015 1134 et
3053 1078 3466 1151 iniquitatibus
3509 1079 3879 1135 imminenti-

2211 1165 2346 1236 bus,
2369 1166 2473 1238 qui
2493 1166 2556 1221 in
2585 1167 2699 1222 hoc
2725 1166 2957 1222 mundo
2985 1173 3352 1235 accrescunt,
3387 1173 3571 1241 atque
3606 1169 3693 1224 ab
3734 1170 3877 1223 anti-

2211 1255 2316 1328 qui
2340 1255 2527 1310 hostis
2576 1261 2932 1325 argumento
2965 1257 3244 1328 pestifero
3287 1257 3499 1313 volunt
3529 1257 3783 1313 diversa
3817 1275 3878 1313 ac

2211 1343 2560 1416 multiplicia
2609 1343 2835 1401 damna
2883 1344 3135 1400 auferre.
3174 1347 3239 1399 Et
3265 1346 3371 1419 qui
3421 1345 3575 1401 dum
3607 1346 3877 1419 quodam

2212 1436 2477 1504 tempore
2530 1432 2945 1505 supradictum
2997 1435 3430 1489 monasterium
3498 1435 3782 1490 doctoris
3830 1442 3880 1490 et

2211 1520 2566 1576 confessoris
2619 1521 2837 1577 Christi
2886 1520 3043 1577 beati
3100 1523 3395 1578 Benedicti
3454 1523 3517 1578 in
3575 1523 3743 1593 loco,
3786 1525 3878 1596 qui

442 1616 575 1671 tatis
606 1631 925 1671 assensum
980 1611 1317 1685 praebuerit.
1352 1611 1620 1682 Eligendi
1674 1610 1785 1666 sibi
1815 1610 2097 1666 abbatem
2135 1629 2180 1682 Β
2212 1609 2502 1666 Sublacus
2528 1610 2762 1681 dicitur,
2790 1611 2928 1680 igne
2977 1618 3428 1685 consumptum,
3457 1619 3514 1669 et
3547 1612 3632 1669 ab
3667 1616 3881 1684 Agare-

441 1702 688 1774 quando
718 1719 872 1774 opus
897 1701 1073 1757 fuerit
1098 1701 1307 1756 fratres
1328 1701 1479 1756 inter
1504 1716 1565 1756 se
1594 1703 1948 1773 potestatem
1974 1713 2099 1752 om-

442 1789 702 1846 nimodis
731 1790 998 1847 habeant
1027 1788 1362 1844 secundum
1385 1789 1657 1857 regulam
1696 1788 1885 1843 sancti
1917 1789 2095 1841 Bene—

439 1877 581 1933 dicti
612 1877 737 1933 sine
764 1877 941 1932 ullius
970 1892 1245 1949 personze
1292 1876 1778 1932 contradictione.
1829 1874 2093 1946 Tibique,

436 1966 521 2022 ﬁli
552 1966 761 2023 dilecte
791 1966 1152 2034 Hadamare,
1201 1965 1347 2036 quia
1404 1969 1459 2020 te
1512 1965 1665 2020 bene
1713 1963 2012 2020 eruditum
2041 1967 2099 2018 et

438 2056 818 2128 eloquentem
874 2055 1071 2110 virum
1124 2070 1260 2110 esse
1321 2054 1622 2124 novimus,
1679 2053 1933 2109 verbum
1995 2052 2096 2108 Dei

433 2145 762 2218 praedicare
792 2142 1138 2201 auctoritate
1171 2142 1361 2198 sancti
1403 2143 1552 2199 Petri
1605 2149 1662 2198 et
1708 2141 2095 2198 concedimus

435 2237 493 2290 et
522 2228 924 2306 praecipimus.
955 2230 1137 2301 Igitur
1193 2235 1521 2286 statuentes
1572 2229 1902 2302 apostolica
1948 2244 2094 2285 cura

437 2321 816 2377 decernimus
863 2335 970 2392 per
997 2319 1180 2390 hujus
1209 2317 1426 2374 decreti
1477 2317 1663 2373 nostri
1710 2317 1997 2391 paginam
2030 2321 2094 2372 ut

434 2409 781 2483 quicunque
838 2406 1155 2479 cujuslibet
1208 2406 1469 2463 ecclesiae
1519 2406 1762 2463 antistes
1808 2407 1899 2462 vel
1940 2422 2090 2479 qua-

437 2515 676 2572 cunque
707 2496 992 2569 dignitate
1018 2496 1272 2568 praedita
1322 2511 1586 2569 persona
1614 2496 1774 2551 hanc
1802 2494 2092 2568 privilegii

435 2588 629 2645 nostri
668 2586 1080 2643 auctoritatem
1119 2601 1308 2658 quam
1359 2584 1757 2657 praerogativa
1807 2583 2090 2657 principis

436 2676 850 2751 apostolorum
904 2674 1219 2731 ﬁrmamus
1266 2678 1555 2741 temerare
1626 2674 2085 2747 praesumpserit,

434 2766 548 2822 nisi
575 2766 690 2823 cito
718 2764 1046 2838 resipiscat,
1071 2764 1394 2820 anathema
1415 2763 1487 2819 sit
1510 2768 1568 2818 et
1592 2762 1744 2819 iram
1766 2762 1868 2819 Dei
1889 2762 2087 2818 incur-

432 2871 570 2912 rens
625 2871 663 2911 a
690 2859 847 2911 coetu
891 2856 1240 2909 sanctorum
1270 2851 1542 2909 omnium
1572 2851 1821 2907 extorris
1853 2852 2087 2922 existat,

433 2949 491 3001 et
518 2943 909 3000 nihilominus
938 2940 1168 3014 praefati
1197 2940 1547 2997 monasterii
1568 2939 1828 3011 dignitas
1857 2955 1895 2995 a
1914 2939 2087 2995 nobis

429 3032 663 3088 indulta
691 3029 1112 3104 perpetualiter
1138 3027 1424 3085 inviolata
1472 3032 1822 3100 permaneat
1850 3032 2086 3101 aposto—

429 3121 546 3177 lica
599 3119 945 3177 auctoritate
1000 3117 1302 3174 roborata.
1363 3116 1474 3182 Qui
1530 3120 1731 3173 autem
1789 3122 1988 3172 custos
2032 3122 2088 3172 et

434 3209 786 3267 observator
812 3207 995 3278 hujus
1026 3205 1213 3262 nostri
1241 3203 1531 3277 privilegii
1557 3204 1859 3272 exstiterit,
1891 3204 2080 3260 bene-

430 3296 750 3353 dictionem
784 3299 841 3352 et
870 3294 1125 3366 gratiam
1155 3310 1191 3349 a
1218 3292 1473 3349 Domino
1503 3298 1925 3366 consequatur.

502 3385 797 3458 Scriptum
825 3400 934 3459 per
948 3399 1169 3440 manus
1191 3381 1401 3439 Leonis
1432 3381 1720 3450 scriniarii
1740 3380 1965 3439 sanctae
1976 3385 2084 3439 Ro-

424 3491 625 3533 mana
658 3474 930 3531 Ecclesiae
978 3472 1041 3529 in
1087 3487 1296 3528 mense
1337 3470 1507 3542 Maio,
1546 3471 1869 3528 indictione
1896 3487 2079 3528 nona.

423 3568 642 3622 Datum
672 3580 730 3618 ιιι
758 3562 901 3631 ldus,
925 3560 1053 3619 Maii
1085 3576 1192 3634 per
1220 3576 1473 3616 manum
1501 3558 1727 3616 ‘Nicolai
1763 3559 2082 3633 primicerii

423 3668 679 3709 summie
709 3648 1051 3724 apostolicae
1079 3647 1256 3715 sedis,
1290 3663 1451 3703 anno
1481 3649 1599 3703 Deo
1629 3647 1887 3720 propitio
1928 3663 2081 3720 pon-

420 3742 681 3800 tiﬁcatus
713 3738 927 3797 domni
952 3737 1166 3794 Leonis
1199 3735 1420 3792 summi
1438 3736 1740 3809 pontificis
1772 3740 1828 3793 et
1848 3737 2079 3792 univer-

421 3831 559 3888 salis
591 3829 736 3887 sexti
765 3844 940 3903 papte
988 3827 1050 3884 in
1082 3824 1488 3883 sacratissima
1541 3825 1681 3882 sede
1727 3825 1888 3882 beati
1926 3826 2080 3882 Petri

419 3917 673 3990 apostoli
697 3916 895 3990 primo
919 3915 981 3972 in
1013 3930 1221 3972 mense
1250 3913 1442 3986 [Maio]
1471 3918 1529 3969 et
1548 3913 1870 3970 indictione
1890 3930 2073 3971 nona.

1216 4007 1281 4059 ll.

728 4111 902 4150 BULLA
942 4110 1046 4150 PRO
1086 4108 1347 4150 COENOBIO
1388 4108 1745 4149 SUBLACENSI.

1058 4169 1251 4231 (Anno
1279 4164 1430 4236 936.)

414 4254 777 4310 Monasterio
792 4252 1165 4322 Sublacensi,
1179 4267 1216 4308 a
1231 4252 1550 4308 Saracenis
1568 4258 1820 4316 vastato,
1841 4253 1995 4309 bona
2016 4258 2072 4309 et

478 4324 804 4408 privilegia
816 4325 1150 4408 conﬁrmat,
1175 4328 1410 4405 petepte
1423 4344 1451 4371 «
1468 4324 1518 4408 '4
1531 4323 1750 4381 lberico
1765 4325 2069 4395 gloriosis-
2105 4325 2150 4380 D

484 4397 629 4452 sima
655 4397 930 4466 principe
955 4400 1134 4467 atque
1157 4395 1419 4449 omnium
1453 4396 1856 4452 Romanorum
1872 4418 1878 4425 ν
1897 4410 2066 4452 sena-

485 4474 630 4523 me'
662 4485 692 4520 ›
719 4537 1034 4610 [Muratori,
1066 4537 1272 4607 Ληίίίίο
1299 4537 1442 4593 [ML
1476 4536 1570 4604 Vl’
1598 4536 1752 4607 201³]

483 4630 612 4695 Leo,
629 4627 969 4700 episcopus,
990 4640 1197 4681 servus
1213 4640 1524 4681 servorum
1548 4624 1668 4692 Dei,
1682 4624 2065 4681 dilectissimo

406 4717 530 4773 ﬁlio
561 4719 727 4773 Leom
757 4714 1106 4787 presbytero
1137 4718 1195 4770 et
1215 4714 1516 4770 monacho
1539 4718 1718 4786 atque
1745 4713 1948 4770 abbati
1970 4731 2066 4770 ve-

405 4804 653 4863 nerabili
663 4822 690 4859 s
702 4802 1051 4859 monasterii
1065 4802 1257 4858 sancti
1275 4801 1591 4872 Benedicti,
1606 4801 1773 4874 quod
1785 4801 1965 4857 situm
1977 4807 2065 4858 est

398 4896 463 4954 in
482 4893 997 4965 Sublaco,tuisque
1018 4890 1465 4948 successoribus
1488 4890 1549 4946 in
1564 4895 2057 4964 perpetuum,etc.

476 4985 571 5040 His
600 4983 705 5057 qui
734 4985 853 5039 Deo
883 4981 1092 5038 devote
1122 4998 1191 5036 ac
1219 4979 1463 5036 sollicite
1486 4979 1581 5036 die
1606 4985 1907 5054 noctuque
1932 4981 2059 5039 sine

402 5072 836 5128 intermissione
859 5070 1098 5127 laudem
1118 5068 1485 5142 persolvunt,
1513 5069 2057 5126 renumerationem

403 5160 497 5217 vel
518 5162 831 5232 praemium
855 5177 890 5216 ιι
917 5163 1033 5215 Deo
1052 5174 1366 5233 speramus
1387 5157 1630 5227 habere,
1644 5158 1788 5230 quia
1805 5175 1914 5230 pro
1936 5159 2059 5214 illo-

401 5265 536 5304 rum
567 5250 677 5320 piis
708 5250 851 5305 locis
894 5251 1321 5305 restauratione
1366 5291 1373 5299 .
1423 5291 1433 5303 .
1483 5289 1494 5300 .
1542 5291 1553 5303 .
1601 5290 1612 5302 .
1659 5287 1671 5300 .
1718 5291 1729 5303 .
1772 5249 2055 5320 maxime,

401 5337 504 5412 qui
532 5336 656 5391 sive
687 5336 983 5407 incendio,
1009 5338 1128 5395 sive
1157 5338 1231 5393 de
1259 5336 1376 5393 alia
1402 5336 1810 5393 devastatione
1829 5336 1919 5392 vel
1942 5338 2056 5393 rui-

400 5444 493 5484 nae
537 5470 547 5481 .
595 5468 607 5480 .
654 5470 665 5480 .
712 5468 723 5478 .
771 5467 782 5478 .
831 5467 843 5478 .
883 5442 993 5497 pro
1024 5443 1147 5498 qua
1173 5425 1504 5482 beatissimi
1531 5425 1682 5480 Patri
1733 5426 1919 5481 nostri
1948 5427 2052 5481 Be-

398 5515 615 5575 nedicti
665 5512 944 5579 coenobii,
990 5513 1091 5570 ubi
1124 5514 1480 5573 venerabilis
1512 5530 1583 5571 ac
1636 5513 2054 5571 dilectissimus

397 5609 554 5664 filius
580 5611 779 5664 noster
809 5605 924 5659 Leo
954 5620 1213 5675 pmeesse
1243 5605 1495 5672 videtur,
1524 5603 1628 5661 ubi
1661 5604 1840 5660 etiam
1880 5621 2052 5662 amor

2207 1699 2299 1753 nis
2330 1698 2607 1768 gentibus
2636 1698 3051 1755 dissolidatum
3101 1699 3229 1761 fuit.
3258 1700 3361 1755 ubi
3388 1717 3511 1757 non
3565 1701 3777 1757 solum
3817 1719 3882 1757 ea

2206 1804 2343 1859 quae
2380 1804 2498 1843 usu
2526 1788 2649 1843 sive
2682 1787 2926 1844 utilitate
2957 1788 3403 1861 supertulimus,
3439 1805 3880 1846 concremave-

2206 1882 2363 1944 runt,
2394 1892 2604 1932 verum
2635 1876 2811 1933 etiam
2845 1881 2901 1932 et
2939 1877 3215 1933 universa
3261 1877 3671 1935 instrumenta
3704 1879 3882 1935 charo

2205 1969 2422 2033 tarum,
2453 1981 2590 2038 quae
2617 1965 2677 2021 in
2709 1965 2839 2039 ipso
2885 1965 3210 2022 venerabili
3259 1968 3635 2024 monasterio
3698 1974 3827 2024 tam
3850 1986 3885 2024 a

2205 2053 2487 2110 Romanis
2545 2054 2950 2127 pontiﬁcibus,
3003 2071 3188 2128 quam
3241 2055 3418 2111 etiam
3477 2072 3517 2112 a
3566 2057 3881 2113 nonnullis

2203 2143 2554 2199 Christianis
2634 2143 2982 2199 hominibus
3056 2143 3136 2199 ob
3203 2144 3563 2201 delictorum
3634 2148 3881 2202 veniam

2204 2236 2415 2304 sponte
2459 2231 2698 2289 fuerunt
2740 2232 2962 2300 oblata,
2993 2233 3199 2289 omnia
3236 2234 3452 2306 periter
3502 2251 3657 2291 cum
3692 2236 3884 2292 subsi-

2201 2319 2315 2375 diis
2341 2320 2779 2376 monachorum
2813 2326 3024 2377 exusta
3075 2327 3215 2377 sunt
3246 2339 3258 2376 :
3290 2322 3455 2394 quod
3502 2340 3627 2379 nos
3685 2310 3879 2397 inopi-

2200 2413 2411 2465 natum
2462 2424 2616 2482 opus
2646 2409 3037 2487 audivimus,
3090 2411 3232 2466 satis
3276 2412 3620 2484 perterruit,
3676 2418 3876 2470 tamen

2200 2513 2310 2570 pro
2344 2498 2617 2554 mercede
2647 2503 2704 2554 et
2734 2497 2998 2555 remedio
3033 2499 3249 2555 animae
3274 2505 3518 2570 nostrae,
3551 2503 3874 2576 nostrique

2199 2585 2566 2642 dilectissimi
2618 2585 2743 2653 ﬁlii,
2801 2586 3076 2645 videlicet
3127 2588 3376 2644 Alberici
3445 2589 3873 2658 gloriosissimi

2200 2673 2507 2746 principis,
2540 2677 2719 2747 atque
2747 2674 3021 2730 omnium
3074 2678 3483 2732 Romanorum
3548 2680 3869 2741 senatoris,

2199 2768 2257 2819 et
2300 2768 2511 2818 vestrae
2557 2762 3006 2824 restaurationis
3051 2770 3189 2838 post
3233 2764 3461 2821 damna
3511 2783 3691 2839 saepe
3737 2767 3872 2824 dicti

2197 2851 2546 2907 monasterii
2597 2852 3035 2924 possessiones,
3089 2852 3519 2927 chartulasque
3578 2871 3869 2912 consum-

2127 2978 2168 3031 Ο
2198 2944 2623 3011 ptas,etc.,per
2646 2941 2759 2995 hoc
2782 2940 3605 3031 apostolicumprivilegium,
3647 2944 3807 2999 sicut
3836 2961 3871 2999 a

2196 3028 2736 3101 praedecessoribus
2768 3028 2984 3085 nostris
3040 3029 3278 3085 Nicolao
3306 3036 3362 3086 et
3407 3034 3646 3088 Joanne
3680 3049 3871 3104 quon-

2195 3117 2340 3173 dam
2370 3116 2775 3190 pontiticibus,
2808 3117 2901 3173 vel
2930 3117 3078 3187 aliis,
3112 3123 3222 3175 etc.

2269 3207 2565 3279 Scriptum
2620 3223 2728 3280 per
2779 3223 2995 3263 manus
3051 3207 3262 3264 Leonis
3294 3209 3595 3266 scriniarii
3641 3217 3869 3267 sancte

2195 3297 2478 3350 Romanae
2498 3295 2771 3351 Ecclesiae
2799 3310 3008 3351 mense
3036 3295 3209 3363 Julio,
3242 3296 3568 3354 indictione
3593 3316 3676 3355 ix.
3714 3302 3866 3356 Bene

2194 3382 2408 3439 Valete.

2266 3474 2478 3528 Datum
2509 3489 2549 3527 v
2579 3472 2716 3528 Idus
2746 3471 2930 3528 Julias
2957 3489 3065 3546 per
3094 3489 3344 3529 manum
3375 3474 3605 3531 Nicolai
3650 3477 3877 3549 primi:

2191 3559 2331 3615 cerii
2356 3560 2580 3615 summi
2611 3560 2953 3632 apostolicae
2984 3561 3163 3630 sedis,
3197 3578 3360 3618 anno
3412 3564 3620 3635 primo
3649 3565 3863 3622 domui

2192 3649 2401 3704 Leonis
2433 3650 2580 3706 sexti
2606 3665 2802 3722 papae.

2975 3740 3065 3795 Ill.

2448 3844 2624 3884 BULLA
2664 3844 2770 3884 PRO
2810 3844 3161 3886 MONASTERIO
3202 3848 3594 3889 CLl‘NlACEXSl.

2829 3917 3027 3989 (Anno
3052 3922 3206 3989 937.)

2184 4006 2249 4062 S.
2285 4006 2481 4062 Odoni
2498 4006 2706 4063 abbati
2734 4007 3124 4066 Cluniacensi
3166 4014 3222 4066 et
3254 4012 3380 4080 ejus
3418 4013 3858 4068 successoribus

2386 4096 2709 4153 Escutiolz
2738 4097 2927 4153 curtis
2954 4100 3377 4167 possessionem
3407 4101 3645 4157 asserit.

2661 4185 2927 4256 [Βαιιαν.
2965 4186 3267 4257 Cluniac.,
3296 4188 3373 4259 3.]

2255 4275 2366 4329 Leo
2423 4272 2768 4347 episcopus,
2827 4290 3039 4330 servus
3096 4292 3408 4333 servorum
3480 4279 3607 4348 Dei,
3669 4280 3853 4335 Onoxi

2180 4360 2505 4418 venerabili
2535 4361 2743 4419 abbati
2766 4361 3176 4420 Cluniacensis
3198 4366 3567 4435 monasterii,
3600 4367 3853 4439 suisque

2179 4450 2627 4508 successoribus
2655 4451 2716 4508 in
2742 4457 3121 4526 perpetuum.

2249 4539 2622 4598 Desiderium
2652 4541 2817 4614 quod
2844 4542 3121 4614 religioso
3154 4543 3464 4617 proposito
3511 4551 3573 4601 et
3603 4552 3848 4602 sancto-

2173 4643 2310 4684 rum
2366 4627 2638 4685 locorum
2694 4629 3003 4688 stabilitati
3075 4632 3370 4705 pertinere
3446 4640 3846 4705 monstratur,

2176 4716 2304 4773 sine
2356 4716 2560 4791 aliqua
2585 4723 2692 4788 est,
2728 4720 2845 4776 Deo
2900 4725 3164 4791 auctore,
3196 4721 3479 4780 dilatione
3529 4723 3850 4796 perﬁcien-

2172 4805 2341 4862 dum.
2377 4810 2444 4863 Et
2487 4807 2721 4880 quoties
2771 4807 2832 4864 in
2886 4809 3255 4882 quibusdam
3298 4812 3428 4884 ejus
3484 4812 3850 4869 utilitatibus

2171 4896 2583 4952 commodisve
2613 4901 2814 4954 noster
2843 4914 3155 4969 ascensus,
3195 4905 3252 4957 et
3306 4900 3547 4958 solitum
3598 4908 3850 4975 aposto-

2168 4983 2295 5040 licae
2370 4984 2734 5042 auctoritatis
2812 4986 3151 5059 exposcitur
3223 4988 3600 5061 praesidium,
3685 4990 3848 5047 ultro

2168 5071 2549 5143 benignitatis
2604 5072 2820 5130 intuitu
2872 5092 2984 5131 nos
3046 5077 3327 5134 convenit
3383 5076 3733 5147 subvenire,
3787 5088 3850 5137 et

2166 5166 2361 5217 ratum
2394 5178 2503 5234 pro
2532 5162 2765 5233 integra
2810 5165 3127 5222 securitate
3181 5183 3254 5222 ex
3294 5168 3521 5223 ratione
3550 5166 3845 5235 solidam,

2167 5255 2232 5305 ut
2294 5266 2366 5305 ex
2434 5251 2548 5306 hoc
2602 5257 2658 5308 et
2708 5252 2898 5324 ipsius
2975 5254 3334 5310 venerabilis
3381 5255 3494 5311 loci
3565 5256 3739 5312 salus
3786 5266 3847 5313 et

2164 5338 2526 5397 indemnitas
2578 5347 2949 5413 procuretur,
3009 5348 3064 5398 et
3124 5343 3303 5400 nobis
3364 5361 3613 5418 quoque
3686 5345 3845 5402 lucri

2162 5428 2545 5502 potissimum
2596 5430 2914 5502 praemium
2952 5448 2989 5488 a
3019 5432 3327 5489 conditore
3380 5434 3662 5490 omnium
3718 5437 3842 5491 Deo

2161 5517 2222 5574 in
2287 5516 2530 5575 sidereis
2600 5519 2840 5585 arcibus
2910 5520 3352 5592 praescribatur.
3432 5523 3617 5594 Igitur
3692 5524 3840 5597 quia

2161 5605 2486 5678 postulavit
2524 5622 2561 5663 a
2589 5607 2764 5663 nobis
2794 5612 2895 5666 tua
2924 5610 3256 5668 reverentia
3284 5618 3586 5687 quatenus
3613 5613 3839 5670 conﬁr-
