4014 6198
143 257 277 313 1069

1394 237 1756 303 EPISTOL/E
1792 237 1878 291 ET
1914 235 2333 293 PRIVILEGIA.

3432 242 3565 298 1070

106 386 445 443 .maremns
496 368 594 423 tibi
648 372 871 439 tuoque
902 364 1265 421 monasterio
1296 368 1520 437 curtem
1549 356 1793 415 nomine
1838 352 1882 404 Α
1984 350 2351 407 Desiderium
2381 350 2547 423 quod
2586 350 2860 421 religioso
2890 353 3199 425 proposito
3239 358 3296 409 et
3334 362 3565 413 sancto-

140 457 498 516 Esculiolam
552 473 686 511 cum
745 455 1027 513 ecclesiis.
1085 453 1258 517 casis,
1308 451 1495 513 terris,
1545 448 1794 522 eampis,

139 547 343 621 pratis,
373 544 632 618 pascuis,
667 544 854 611 silvis,
884 542 1127 603 salictis,
1174 540 1493 597 arboribus
1557 536 1801 609 pomife—

138 636 244 701 ris,
286 634 594 689 fructit'cris
630 633 717 688 vel
748 630 1124 688 infruetiferis
1158 629 1373 685 diversi
1407 626 1659 698 generis,
1692 640 1797 697 pu-

140 724 270 790 teis,
292 724 577 785 fontibus,
611 722 752 777 rivis
780 738 951 794 aquae
981 719 1282 792 perennis,
1312 735 1382 773 ac
1432 716 1660 772 cunctis
1692 713 1798 770 ad-

133 813 476 885 jacentibns
509 812 634 866 suis
666 811 837 866 cultis
871 810 963 865 vel
992 809 1228 866 incultis
1285 824 1405 864 una
1437 824 1577 863 cum
1608 806 1801 861 famu-

138 902 214 958 lis
236 901 519 958 masculis
552 906 609 956 et
638 900 873 955 feminis
900 898 1125 955 ibidem
1159 897 1251 953 vel
1281 894 1799 969 ubiqueresiden-

142 991 325 1055 tibus,
356 1007 494 1047 cum
524 990 808 1046 omnibus
840 988 918 1044 ad
962 990 1158 1061 ipsam
1193 992 1418 1043 curtem
1451 984 1803 1055 generaliter

142 1087 201 1138 et
224 1081 286 1137 in
323 1080 552 1150 integro
585 1078 1013 1151 pertinentibus
1050 1077 1224 1133 sitam
1263 1078 1324 1132 in
1352 1075 1636 1131 comitatu
1685 1076 1801 1130 Ma-

143 1167 463 1223 tisconensi
494 1168 586 1223 vel
619 1167 892 1233 Educnsi,
920 1183 1106 1240 quam
1139 1167 1225 1222 vir
1242 1166 1442 1222 bonus
1473 1162 1803 1219 Gaufredus

141 1271 351 1310 comes
385 1260 506 1311 tam
561 1272 670 1329 pro
706 1255 1116 1327 redemptione
1146 1253 1363 1309 animas
1417 1269 1561 1321 suae,
1615 1265 1803 1322 quam

143 1350 465 1416 parentum
497 1361 770 1410 suorum,
825 1360 932 1416 per
979 1343 1262 1399 chartulas
1318 1342 1530 1398 seriem
1562 1339 1805 1396 donavit

142 1433 430 1506 praedicto
460 1434 824 1489 monasterio
854 1450 866 1488 :
895 1449 1007 1488 nos
1040 1448 1180 1488 vero
1227 1431 1492 1488 inclinati
1534 1428 1645 1485 tuis
1676 1444 1805 1500 pre-

141 1522 336 1587 cibus,
367 1522 470 1594 qui
502 1522 689 1577 vicem
719 1522 1111 1595 apostolicam
1142 1521 1487 1589 retinemus,
1509 1518 1803 1591 etquibus

143 1627 293 1667 cura
316 1616 408 1666 est
436 1611 709 1666 omnium
738 1612 1136 1668 Ecclesiarum
1168 1610 1513 1677 commissa,
1542 1607 1803 1664 maxime

141 1699 318 1755 istius
373 1699 737 1762 monasterii,
795 1699 962 1772 quod
1005 1699 1125 1769 juri
1178 1698 1517 1769 subjectum
1572 1701 1678 1764 est,
1722 1696 1878 1752 itaB

142 1790 581 1845 conﬁrmamus
632 1790 783 1846 sicut
810 1789 1189 1862 supradictus
1238 1788 1569 1845 tiaufredus
1599 1804 1803 1843 comes

141 1894 256 1951 per
282 1877 566 1933 chartulas
596 1878 807 1934 seriem
848 1878 1191 1951 supradicto
1221 1877 1583 1934 monasterio
1621 1876 1806 1932 dona-

145 1966 272 2021 vit:
306 1970 370 2021 ut
396 1965 598 2022 nullus
626 1966 811 2022 homo
844 1982 1067 2038 parvus
1098 1981 1459 2036 magnusve,
1492 1964 1586 2021 vel
1610 1965 1807 2036 cujus-

145 2071 387 2126 cunque
410 2054 713 2124 dignitatis
744 2055 966 2111 audeat
991 2055 1079 2111 vel
1106 2060 1433 2128 przesumat
1459 2060 1665 2110 contra
1691 2055 1805 2110 hcc

143 2148 423 2199 nostrum
455 2144 831 2217 privilegium
887 2146 949 2201 in
1002 2145 1345 2217 supradicta
1392 2149 1575 2209 eurte,
1623 2144 1715 2199 vel
1745 2144 1805 2199 in

143 2231 282 2287 aliis
306 2232 487 2288 rebus
514 2232 592 2288 ad
640 2233 838 2306 ipsam
869 2239 1097 2289 curtem
1154 2230 1608 2306 pertinentibus,
1641 2230 1805 2283 inva-

143 2318 406 2389 sionem,
430 2320 523 2375 vel
549 2320 906 2386 molestiam,
935 2325 1037 2375 aut
1066 2318 1543 2390 inquietudinem
1574 2316 1764 2371 facere
1790 2330 1804 2379 ;

140 2406 255 2462 sed
286 2406 365 2462 ab
395 2407 509 2462 ista
536 2407 814 2479 praesenti
857 2406 1088 2462 decima
1118 2405 1458 2472 indictione,
1517 2403 1661 2475 ipsae
1713 2418 1806 2457 res
1832 2410 1841 2417 ‘

144 2511 263 2567 per
315 2500 582 2551 nostram
642 2495 1040 2568 apostolicam
1074 2494 1486 2549 auctoritatem
1520 2507 1726 2547 secure
1751 2495 1807 2545 et

139 2583 348 2657 quiete
376 2586 799 2657 perpetualiter
825 2586 887 2640 in
927 2584 1140 2640 eodem
1180 2582 1543 2640 monasterio
1574 2597 1797 2654 perma-

141 2672 474 2728 neant.Pro
492 2690 616 2747 quo
642 2674 821 2730 etiam
843 2674 956 2729 sub
982 2672 1166 2729 divini
1182 2672 1392 2744 judicii
1412 2671 1808 2728 obtestatione

142 2760 603 2834 promulgantes
659 2761 1060 2825 decernimus,
1114 2767 1179 2817 ut
1228 2760 1395 2817 nullo
1434 2760 1676 2831 ingenio
1707 2763 1811 2815 aut

143 2855 508 2920 argumento
553 2850 784 2907 auferre
840 2850 1135 2916 audeant;
1187 2850 1386 2924 potius
1437 2855 1636 2907 autem
1675 2850 1810 2920 jure

143 2943 442 3010 perpetuo
468 2938 532 2993 in
560 2938 774 2995 eodem
806 2937 1133 2996 venerabili
1189 2938 1572 3004 monasterio,
1601 2942 1665 2993 ut
1715 2953 1810 2993 su-

149 3025 355 3099 perius
385 3026 635 3082 atﬁxum
664 3032 772 3098 est,
790 3027 1127 3100 proﬁciant,
1156 3033 1213 3083 et
1234 3027 1296 3083 in
1318 3033 1610 3101 potestate
1630 3032 1809 3100 atque
1839 3050 1880 3104 (ι

145 3114 376 3171 ditione
403 3115 626 3172 Odonis
656 3116 917 3184 abbatis,
944 3116 1038 3172 vel
1063 3117 1338 3173 omnium
1393 3132 1807 3173 successorum

146 3219 401 3260 suorum
448 3204 741 3261 abbatum
789 3220 895 3262 seu
941 3206 1382 3262 monachorum
1434 3204 1659 3261 ibidem
1687 3209 1808 3261 Deo

146 3293 542 3350 servientium
572 3299 967 3366 permaneant
1004 3294 1385 3367 disponenda
1413 3299 1593 3367 atque
1618 3294 1807 3367 possi-

147 3381 375 3439 denda.
413 3383 471 3441 Si
494 3383 631 3456 quis
662 3388 863 3440 autem
894 3384 1212 3441 temerario
1252 3401 1409 3441 ausu
1439 3389 1647 3441 contra
1699 3385 1807 3441 hu-

139 3472 247 3543 jus
276 3476 496 3529 nostrte
523 3473 865 3546 apostolicae
889 3473 1306 3547 prmceptionis
1327 3474 1541 3531 seriem
1567 3490 1604 3531 a
1630 3473 1808 3530 nobis

144 3559 599 3634 promulgatam
627 3561 830 3618 venire
851 3561 945 3618 vel
971 3578 1149 3634 agere
1206 3562 1533 3632 tentaverit,
1566 3563 1714 3619 sciat
1742 3577 1808 3617 se

145 3648 385 3705 domini
425 3651 614 3706 nostri
669 3650 1084 3724 apostolorum
1135 3650 1423 3723 principis
1474 3650 1629 3706 Petri
1659 3665 1807 3707 ana-

147 3738 431 3795 thematis
487 3738 724 3796 vinculo
778 3739 1158 3809 innodatum,
1216 3744 1274 3796 et
1315 3755 1454 3796 cum
1483 3738 1726 3795 diabolo
1754 3743 1812 3795 et

147 3826 286 3897 ejus
330 3826 713 3884 atrocissimis
740 3827 1003 3901 pompis,
1053 3831 1232 3900 atque
1259 3843 1397 3883 cum
1444 3825 1604 3883 Juda
1626 3825 1808 3883 tradi-

146 3920 282 3972 tore
310 3916 545 3974 Domini
566 3916 671 3973 Dei
697 3922 754 3973 et
775 3916 1095 3974 Salvatoris
1118 3916 1310 3973 nostri
1333 3917 1477 3971 Jesu
1508 3915 1719 3973 Christi
1747 3915 1809 3972 in

145 4009 446 4063 mternum
474 4005 679 4078 ignem
725 4005 1260 4076 concremandum,
1315 4005 1615 4078 simulque
1662 4009 1721 4061 et
1746 4005 1809 4061 in

145 4095 507 4169 voraginem
562 4099 1009 4170 tartareumque
1055 4096 1241 4153 chaos
1296 4095 1611 4152 demersus
1668 4111 1809 4151 cum

144 4183 355 4257 impiis
408 4183 664 4242 deﬁciat.
721 4185 831 4253 Qui
890 4200 1030 4242 vero
1083 4184 1185 4259 pio
1239 4183 1456 4241 intuitu
1508 4184 1806 4255 custodes,

145 4277 212 4330 et
260 4272 625 4344 obedientes,
686 4279 867 4349 atque
921 4274 1313 4332 observantes
1369 4273 1552 4345 hujus
1589 4277 1805 4330 nostras

147 4360 472 4418 salutiferae
543 4363 962 4437 praeceptionis
1031 4362 1375 4431 exstiterint,
1448 4360 1807 4419 benedictio-

144 4449 247 4507 nis
304 4448 560 4521 gratiam
639 4456 697 4508 et
775 4452 1030 4510 ccelestis
1108 4450 1513 4508 retributionis
1585 4456 1809 4508 aeterna

147 4537 379 4611 gaudia
425 4555 467 4597 a
511 4540 673 4612 justo
704 4540 907 4612 judice
963 4539 1218 4597 Domino
1274 4540 1395 4596 Deo
1424 4543 1633 4599 nostro
1671 4554 1811 4596 con-

149 4626 326 4701 sequi
362 4633 723 4686 mereantur.

943 4751 1031 4805 IV.

394 4891 750 4931 Ρηινιυεοιυω
811 4890 914 4931 PRO
971 4891 1150 4931 EODEM
1210 4889 1583 4930 HONASTERIO.

798 4984 989 5053 (Anno
1026 4986 1173 5050 937).

153 5112 215 5169 S.
263 5111 457 5167 Odonz‘
482 5112 689 5169 abbati
717 5111 1107 5169 Cluniacensi
1132 5115 1186 5166 et
1227 5108 1658 5165 successoribus
1687 5109 1815 5178 ejus

556 5202 835 5258 Saviuias
889 5205 1117 5256 curtem
1175 5199 1405 5255 asserit.

624 5321 889 5395 [Battara
934 5323 1234 5390 Cluniae,
1275 5320 1351 5391 3].

233 5471 346 5525 Leo
374 5467 717 5541 episcopus,
768 5482 977 5523 servus
1006 5480 1317 5523 servorum
1348 5464 1470 5531 Dei,
1520 5466 1697 5520 Onom
1728 5478 1821 5519 ve-

158 5565 414 5624 nerabili
445 5565 652 5624 abbati
688 5564 1092 5623 Cluniacensis
1146 5563 1519 5633 monasterii,
1576 5562 1818 5635 suisque

162 5664 614 5722 successoribus
645 5664 705 5720 in
734 5668 1112 5737 perpetuum.

1907 463 2043 503 rum
2072 448 2345 504 locorum
2371 447 2673 505 stabilitati
2711 450 3002 520 pertinere
3027 456 3411 521 monstratur,
3440 454 3564 509 sine

1907 544 2110 617 aliqua
2138 552 2244 612 est,
2290 548 2407 602 Deo
2438 550 2700 612 auctore,
2754 546 3036 603 dilatione
3088 549 3561 622 perliciendum;

1907 648 1963 698 et
1982 643 2215 715 quoties
2243 643 2304 699 in
2338 643 2708 716 quibusdam
2759 644 2809 714 ej
2822 661 2889 699 us
2919 644 3270 701 utilitatibus
3297 663 3566 707 commo-

1906 740 2074 796 disve
2097 746 2300 797 noster
2327 756 2629 811 assensus,
2661 745 2719 797 et
2763 741 3005 798 solitum
3048 743 3390 815 apostolica:
3432 761 3569 802 auc-

1908 838 2155 894 toritatis
2184 838 2525 911 exposeitur
2553 839 2926 911 praasidium,
2981 840 3135 897 ultro
3179 840 3565 911 benignitatis

1907 935 2123 992 intuitu
2154 952 2264 992 nos
2293 936 2571 992 convenit
2602 936 2940 1005 subvenire,
2972 943 3028 994 et
3053 943 3251 995 ratum
3290 956 3401 1012 pro
3425 940 3571 997 inte;

1910 1048 2016 1101 gra
2037 1033 2349 1089 securitate
2380 1050 2452 1089 ex
2482 1036 2709 1090 ratione
2741 1034 3017 1103 solidare,
3052 1042 3114 1093 ut
3142 1055 3216 1092 ex
3240 1037 3366 1117 hoc,
3384 1041 3440 1093 et
3477 1040 3567 1112 ip-

1910 1135 2032 1191 sius
2057 1135 2408 1192 venerabilis
2428 1135 2542 1192 loci
2571 1136 2734 1193 salus
2773 1141 2830 1193 et
2860 1137 3219 1195 indemnitas
3252 1154 3572 1212 procuren-

1911 1236 2024 1303 tur,
2050 1238 2108 1289 et
2135 1232 2312 1289 nobis
2343 1250 2587 1307 quoque
2634 1234 2781 1290 lucri
2832 1234 3212 1307 potissimum
3254 1237 3570 1309 praemium

1911 1349 1948 1389 a
1978 1333 2285 1390 conditore
2311 1336 2586 1390 omnium
2620 1338 2738 1391 Deo
2763 1335 2822 1390 in
2856 1335 3098 1392 sidereis
3129 1336 3369 1392 arcibus
3393 1354 3572 1410 pries-

1911 1430 2193 1489 cribatur.
2228 1435 2408 1503 Igitur
2455 1435 2599 1507 quia
2627 1436 2951 1508 postulavit
2987 1453 3023 1492 a
3065 1437 3241 1493 nobis
3272 1442 3376 1494 tua
3407 1454 3570 1495 reve-

1910 1525 2103 1582 rentia
2149 1533 2446 1599 quatenus
2477 1530 2996 1599 contirmaremus,
3031 1530 3133 1586 tibi
3164 1535 3390 1604 tuoque
3444 1548 3571 1588 mo-

1911 1623 2173 1679 nasterio
2216 1628 2444 1680 curtem
2483 1641 2619 1698 qute
2652 1631 2899 1683 vocatur
2929 1628 3186 1684 Caviniae
3241 1645 3379 1684 cum
3419 1629 3573 1685 casis

1912 1722 1969 1772 et
1996 1716 2205 1784 vineis,
2242 1733 2349 1772 seu
2392 1718 2561 1774 terris
2610 1723 2667 1774 et
2711 1719 2891 1788 silvis,
2923 1720 3175 1792 campis.
3202 1721 3407 1793 pratis,
3435 1738 3573 1794 pas-

1912 1809 2063 1876 cuis,
2099 1809 2341 1880 salictis,
2392 1810 2708 1867 arboribus
2766 1812 3094 1885 pomiferis,
3126 1813 3439 1870 fructiferis
3480 1813 3574 1869 vel

1911 1906 2290 1963 infructiferis
2319 1907 2541 1964 diversi
2571 1908 2826 1980 generis,
2859 1909 3072 1983 puteis,
3107 1909 3392 1978 fontibus,
3432 1910 3575 1966 rivis

1911 2021 2083 2078 aquae
2108 2006 2409 2079 perennis,
2438 2023 2508 2063 ac
2536 2007 2762 2063 cunctis
2787 2008 3201 2079 adjacentibus
3252 2010 3373 2063 suis
3404 2004 3575 2064 cultis

1912 2102 2006 2159 vel
2036 2103 2291 2171 incultis,
2323 2119 2445 2159 una
2475 2120 2610 2159 cum
2645 2104 2889 2160 famulis
2922 2105 3202 2160 masculis
3242 2110 3299 2160 et
3337 2104 3574 2160 feminis

1911 2201 2159 2267 ibidem,
2194 2200 2283 2256 vel
2313 2200 2537 2273 ubique
2562 2200 2983 2268 residentibus,
3016 2206 3071 2257 et
3100 2218 3239 2257 cum
3289 2201 3573 2257 omnibus

1912 2289 1990 2345 ad
2044 2288 2518 2361 suprascriptam
2569 2293 2818 2357 curtem,
2866 2290 3217 2358 generaliter
3246 2295 3302 2347 et
3344 2290 3575 2361 integro

1912 2373 2364 2446 pertinentibus,
2432 2375 2606 2430 sitam
2666 2376 2726 2431 in
2792 2377 3082 2434 comitatu
3138 2378 3572 2441 Matisconensi,

1911 2478 2098 2534 quam
2128 2463 2241 2537 piae
2270 2463 2575 2520 memorias
2633 2463 2984 2537 Rodulphus
3017 2481 3127 2537 pro
3165 2465 3573 2538 redemptione

1914 2552 2131 2609 animae
2165 2570 2309 2621 suae,
2339 2558 2519 2626 atque
2551 2558 2893 2626 parentum,
2916 2554 3233 2629 fratrisque
3255 2556 3346 2611 sui
3376 2558 3574 2628 Hugo-

1913 2640 2030 2710 nis,
2061 2657 2165 2714 per
2200 2642 2483 2714 praecepti
2512 2641 2799 2714 paginam
2828 2642 3077 2700 donavit
3113 2643 3399 2717 praedicto
3450 2661 3575 2701 mo-

1913 2728 2173 2785 nasterio
2203 2747 2216 2784 :
2244 2745 2356 2786 nos
2390 2746 2532 2786 vero
2571 2729 2834 2788 inclinati
2865 2732 3144 2804 precibus
3174 2731 3310 2801 tuis,
3361 2733 3465 2806 qui
3495 2733 3580 2789 vi-

1914 2835 2046 2874 cem
2076 2818 2466 2892 apostolicam
2496 2819 2842 2888 retinemus,
2900 2825 2957 2876 et
2992 2820 3214 2893 quibus
3244 2836 3390 2877 cura
3446 2837 3576 2879 om—

1915 2908 2084 2963 nium
2105 2907 2490 2965 ecclesiarum
2510 2907 2837 2964 commissa
2862 2912 2949 2965 est
2977 2909 3237 2966 maxime
3263 2909 3429 2967 istius
3452 2927 3576 2967 mo-

1915 2995 2157 3051 nasterii
2185 2996 2350 3069 quod
2375 2997 2495 3068 juri
2521 3001 2743 3053 sanctae
2792 3000 3076 3054 Romanae
3105 3003 3284 3072 atque
3334 3003 3576 3072 aposto-

1916 3082 2046 3139 licae
2075 3083 2339 3140 ecclesize
2378 3084 2677 3159 nobisque
2710 3085 3049 3157 subjectum
3095 3092 3201 3155 est,
3235 3087 3319 3143 ita
3367 3088 3581 3144 conﬁr-

1915 3189 2177 3243 mamus,
2208 3172 2360 3229 sicut
2413 3189 2520 3246 per
2569 3179 2939 3249 praeceptum
2981 3176 3302 3249 praedictus
3357 3176 3578 3233 Rodul-

1914 3261 2071 3334 phus
2120 3260 2369 3317 donavit
2427 3263 2774 3335 supradicto
2830 3265 3217 3335 monasterio,
3259 3270 3324 3321 ut
3374 3265 3576 3321 nullus

1914 3350 2099 3406 homo
2126 3365 2350 3423 parvus
2372 3366 2725 3422 magnusve,
2759 3352 2848 3408 vel
2878 3354 3293 3426 cujuscunque
3324 3353 3579 3424 dignita-
3642 3374 3661 3389 ι

1914 3438 2011 3509 tis,
2064 3438 2286 3496 audeat
2332 3438 2427 3495 vel
2477 3444 2805 3512 praesumat
2869 3445 3077 3498 contra
3130 3442 3247 3497 hoc
3303 3448 3575 3498 nostrum

1914 3526 2316 3601 apostolicum
2344 3526 2726 3599 privilegium
2755 3528 2817 3583 in
2860 3528 3205 3601 supradicta
3246 3534 3429 3598 eurte,
3483 3530 3579 3586 vel

1914 3612 1972 3668 in
1997 3613 2127 3670 aliis
2150 3614 2330 3670 rebus
2367 3614 2445 3670 ad
2474 3615 2671 3688 ipsam
2702 3621 2930 3673 curtem
2968 3617 3422 3689 pertinentibus,
3474 3618 3577 3674 ali-

1916 3719 2105 3776 quam
2133 3702 2530 3775 invasionem,
2558 3703 2649 3761 vel
2676 3704 3030 3774 molestiam,
3065 3712 3169 3763 aut
3214 3706 3576 3780 inquietudi-

1919 3807 2059 3848 nem
2088 3790 2282 3848 facere
2331 3810 2345 3847 :
2388 3792 2493 3847 sed
2523 3791 2601 3849 ab
2644 3792 2757 3849 ista
2785 3793 3021 3850 decima
3057 3794 3402 3865 indictione,
3448 3797 3576 3852 istae.

1917 3896 2012 3937 res
2040 3897 2149 3955 per
2185 3884 2453 3938 nostram
2483 3882 2877 3954 apostolicam
2913 3884 3327 3941 auctoritatem
3371 3900 3577 3941 secure

1918 3975 1976 4026 et
2002 3971 2198 4043 quiete
2226 3969 2645 4043 perpetualiter
2672 3970 2734 4027 in
2769 3971 2983 4029 eodem
3037 3973 3399 4031 monasterio
3449 3990 3580 4048 per-

1918 4062 2207 4115 maneant
2238 4076 2250 4113 :
2279 4073 2392 4131 pro
2421 4073 2544 4131 quo
2568 4058 2747 4115 etiam
2780 4059 2892 4115 sub
2923 4059 3110 4117 divini
3132 4060 3343 4133 judicii
3384 4061 3578 4119 obtes-

1920 4146 2141 4203 tatione
2197 4145 2649 4219 promulgantes
2702 4146 3101 4216 decernimus,
3135 4153 3198 4205 ut
3223 4148 3389 4205 nullo
3419 4149 3581 4221 inge-

1916 4234 2018 4291 nio
2048 4239 2154 4291 aut
2182 4239 2537 4305 argumento
2566 4235 2796 4292 auferre
2824 4235 3124 4305 audeant;
3155 4237 3355 4311 potius
3376 4244 3578 4297 autem

1914 4324 2050 4397 jure
2069 4328 2359 4397 perpetuo
2382 4323 2447 4379 in
2471 4324 2687 4380 eodem
2727 4326 3053 4382 venerabili
3096 4329 3483 4396 monasterio,
3515 4333 3581 4384 ut

1923 4412 2198 4485 superius
2217 4410 2467 4469 aﬁxum
2487 4416 2594 4483 est,
2612 4413 2929 4486 proﬁciant
2942 4417 3000 4470 et
3012 4414 3074 4469 in
3099 4419 3389 4487 potestate
3401 4420 3579 4488 atque

1921 4499 2144 4556 ditione
2166 4500 2390 4558 Odonis
2425 4500 2686 4571 abbatis,
2719 4501 2813 4557 vel
2840 4502 3115 4558 omnium
3164 4519 3579 4559 successorum

1921 4605 2171 4646 suorum
2222 4588 2535 4657 abbatum,
2591 4605 2699 4645 seu
2731 4591 3169 4646 monachorum
3206 4590 3433 4647 ibidem
3462 4593 3579 4647 Deo

1922 4678 2310 4735 servientium
2338 4682 2736 4751 permaneant
2758 4678 3140 4751 disponenda
3174 4684 3354 4752 atque
3388 4680 3577 4753 possi-

1921 4767 2140 4825 denda.
2194 4768 2251 4825 Si
2298 4766 2435 4840 quis
2481 4771 2683 4823 autem
2755 4766 3072 4824 temerario
3149 4784 3301 4824 ausu
3373 4774 3581 4826 contra

1921 4858 2026 4931 huj
2035 4874 2103 4913 us
2116 4861 2332 4913 nostra;
2344 4855 2685 4929 apostolicus
2696 4856 3113 4929 praeceptionis
3127 4856 3342 4913 seriem
3359 4874 3395 4913 a
3406 4858 3581 4914 nobis

1923 4944 2369 5021 promulgatam
2388 4945 2591 5001 venire
2615 4944 2710 5001 vel
2748 4961 2924 5016 agere
2968 4945 3293 5013 tentaverit,
3344 4947 3491 5003 sciat
3520 4964 3581 5004 se

1925 5035 2161 5093 Domini
2183 5034 2372 5092 nostri
2400 5033 2811 5108 apostolorum
2840 5034 3126 5107 principis
3154 5035 3305 5091 Petri
3335 5038 3581 5094 anathe-

1925 5124 2102 5183 matis
2129 5123 2365 5181 vinculo
2404 5122 2784 5195 innodatum,
2815 5126 2873 5179 et
2909 5140 3048 5179 cum
3077 5124 3320 5181 diabolo
3367 5130 3424 5182 et
3451 5128 3581 5199 ejus

1926 5212 2310 5273 atrocissimis
2324 5212 2586 5285 pompis.
2610 5216 2790 5284 atque
2812 5228 2951 5267 cum
2979 5213 3131 5268 Juda
3160 5213 3438 5271 traditore
3468 5220 3583 5272 Do-

1927 5302 2074 5359 mini
2099 5306 2199 5359 Dei
2227 5306 2284 5357 et
2327 5300 2649 5358 Salvatoris
2675 5299 2866 5355 nostri
2911 5301 3055 5355 Jesu
3094 5301 3302 5357 Christi
3329 5302 3390 5358 in
3419 5309 3583 5361 reter-

1925 5408 2075 5448 num
2098 5392 2299 5462 ignem
2321 5394 2762 5461 tartareumque
2779 5390 2963 5445 chaos
2978 5389 3452 5458 demersus,cum
3474 5393 3583 5447 im-

1926 5480 2040 5553 piis
2068 5479 2284 5536 deﬁcit.
2315 5479 2427 5545 Qui
2474 5493 2615 5534 vero
2644 5477 2745 5551 pio
2775 5477 2991 5535 intuitu
3034 5480 3314 5536 custodes
3359 5485 3415 5535 et
3445 5480 3582 5534 obe-

1926 5567 2153 5626 dientes
2183 5571 2362 5642 atque
2388 5565 2799 5623 observatores
2820 5566 3000 5640 hujus
3019 5573 3237 5625 nostrae
3269 5567 3582 5624 salutiferae

1930 5657 2342 5732 praeceptionis
2370 5655 2715 5725 exstiterint,
2746 5656 3175 5714 benedictionis
3226 5656 3500 5726 gratiam,
3530 5660 3586 5710 et
