3998 6198
400 204 547 293 iam

1849 214 2097 272 LEONIS
2135 214 2335 273 PAPAI.‘
2375 220 2463 276 Vil

3740 220 3878 275 Im

419 356 674 417 caelestis
703 316 1103 410 retributionis
1134 350 1357 404 aeterna
1387 346 1609 418 gaudia
1635 361 1670 401 a
1695 345 1859 416 justo
1875 340 2074 413 judice
2113 343 2159 394 A
2191 360 2427 417 semper
2503 343 2946 401 considerando
2997 342 3328 415 proﬁciam,
3389 347 3459 398 ιιι
3518 346 3698 397 mum
3747 346 3881 413 post

422 446 674 505 Domino
704 446 825 498 Deo
852 443 1058 496 uestro
1082 437 1370 510 consequi
1397 439 1757 493 mereantur.
1791 435 2002 488 Amen.

1219 582 1280 636 V.

424 727 615 770 LEONlS
667 725 744 764 Vll
802 721 1067 765 EPISTULA
1118 720 1189 759 AD
1247 719 1584 763 GERBARDUM
1648 714 2081 761 LAUREACENSEM

1003 809 1496 851 ARCHIEPISCOPUM.

1068 918 1257 987 (Anno
1295 917 1441 987 937).

852 1061 1121 1117 Pallium
1164 1061 1244 1116 ad
1283 1076 1413 1116 eum
1452 1059 1655 1114 mittit.

659 1169 855 1242 [Apud
902 1166 1109 1237 Mansi,
1163 1167 1343 1223 Cone.
1392 1171 1429 1222 t.
1484 1164 1676 1233 XVII],
1709 1162 1854 1231 376].

505 1320 613 1373 Leo
662 1313 982 1387 episcopus
1022 1327 1231 1367 servus
1290 1324 1605 1368 servorum
1653 1307 1777 1373 Dei,
1816 1320 2089 1363 reveren-

429 1405 681 1466 dissimo
713 1407 773 1463 et
809 1401 1189 1459 sanctissimo
1225 1398 1507 1457 confratri
1550 1402 1753 1455 nostro
1788 1398 2087 1453 Gssuanno

430 1499 649 1553 sanctae
684 1490 1111 1551 Laureacensis
1157 1488 1426 1546 Ecclesia:
1477 1484 1929 1558 archiepiscopo
1958 1498 2088 1541 om-

430 1584 607 1641 nibus
638 1581 851 1639 diebus
875 1580 1013 1636 vitae
1041 1583 1276 1636 tantum
1306 1583 1420 1635 tuae
1449 1576 1663 1635 exhinc
1685 1572 1929 1633 amodo.

2195 436 2383 490 Deum
2412 433 2688 489 videatur
2715 449 2848 488 esse
2875 431 3233 488 beneﬁcium
3255 431 3429 504 quod
3460 430 3747 486 vixerint.
3770 431 3877 485 Cor

2192 538 2335 593 ergo
2366 539 2563 595 neque
2589 537 2901 594 prospera,
2937 538 3071 593 quas
3109 519 3523 593 temporaliter
3554 518 3879 575 blandiun-

2193 617 2306 681 tur,
2341 612 2645 679 extollant,
2688 609 2891 684 neque
2915 611 3167 667 adversa
3194 610 3486 681 dejiciant
3514 628 3527 676 ;
3567 607 3679 664 sed
3710 608 3878 680 quid-

2192 701 2339 774 quid
2392 700 2539 756 illud
2593 700 2785 765 fuerit,
2850 699 3063 757 virtute
3125 699 3431 772 patientia)
3493 698 3871 753 devincatur.

2194 789 2431 846 Nullum
2463 789 2628 861 apud
2658 793 2713 844 te
2762 788 2963 843 locum
2998 787 3158 857 odia,
3201 786 3443 842 nullum
3478 786 3661 841 favor
3691 785 3871 840 indis-

2196 884 2390 935 cretus
2444 877 2727 935 inveniat.
2791 878 3121 948 Benignum
3168 882 3223 932 te
3253 876 3522 932 sentiant
3552 875 3727 940 boni,
3755 875 3869 930 dis-

2196 970 2431 1025 trictum
2454 968 2595 1024 mali
2621 972 2993 1038 cognoscant
3017 985 3030 1033 ;
3062 966 3365 1022 insontem
3392 966 3569 1038 apud
3592 971 3650 1021 te
3675 964 3871 1037 culpa-
3971 1028 3981 1035 _

2197 1058 2380 1113 bilem
2406 1057 2709 1127 suggestio
2739 1056 2904 1113 mala
2928 1072 3052 1111 non
3082 1054 3259 1111 faciat
3283 1073 3295 1122 ;
3331 1059 3665 1110 nocentem
3692 1055 3872 1123 gratia

2198 1161 2321 1201 non
2351 1150 2608 1200 excuset.
2636 1144 2977 1200 ltemissum
3010 1149 3060 1207 te
3101 1142 3608 1214 delinquentibus
3636 1157 3763 1197 non
3786 1158 3871 1197 os-

2199 1235 2434 1302 tendas,
2460 1250 2537 1289 ne
2564 1233 2729 1306 quod
2761 1233 2918 1289 ultus
2961 1248 3085 1288 non
3114 1232 3315 1301 meris,
3378 1231 3725 1304 perpetrari
3754 1247 3873 1303 per-

2199 1324 2418 1379 mittas.
2453 1324 2536 1379 Sit
2564 1323 2623 1378 in
2654 1328 2708 1378 te
2737 1328 2794 1378 et
2818 1321 2963 1378 boni
2992 1320 3249 1394 pastoris
3279 1320 3573 1390 dulcedo,
3606 1320 3682 1375 sit
3712 1327 3765 1375 et
3789 1321 3871 1390 ju-

2199 1412 2339 1467 dicii
2368 1427 2575 1467 severa
2605 1411 2915 1479 districtio,
2974 1424 3166 1465 unum
3211 1409 3434 1465 scilicet
3493 1408 3672 1480 quod
3711 1409 3870 1463 inno-

2201 1505 2401 1557 center
2447 1501 2710 1557 viventes
2759 1500 2972 1561 foveat,
3031 1499 3193 1555 aliud
3223 1497 3396 1571 quod
3452 1498 3767 1571 inquietos
3805 1499 3872 1553 ie-

2198 1589 2415 1645 riendo
2441 1606 2478 1646 a
2506 1590 2796 1661 pravitate
2825 1593 3186 1661 compescat.
3223 1588 3339 1645 Sed
3387 1588 3561 1660 quod
3598 1603 3866 1643 nonnun-

502 1672 651 1744 (710)
685 1671 742 1727 Si
768 1673 1037 1742 pastores
1068 1667 1275 1724 ovium
1312 1666 1499 1727 solem
1530 1664 1786 1737 geluque
1816 1678 1927 1752 pro
1957 1676 2084 1729 gre-

2259 1695 2390 1735 uam
2427 1678 2875 1752 propositorum
2908 1676 3123 1743 scelus,
3149 1676 3297 1733 dum
3347 1675 3666 1730 districtus
3699 1676 3871 1730 malo-

433 1760 521 1831 gis
580 1759 672 1813 sui
698 1755 971 1813 custodia
1001 1754 1097 1811 die
1128 1770 1197 1810 ac
1226 1759 1399 1809 nocte
1437 1754 1585 1810 ferre
1637 1749 2088 1815 contenti-sunt,

433 1852 489 1907 et
521 1865 596 1904 ne
644 1863 768 1920 qua
808 1862 882 1907 ex
921 1844 1004 1901 eis
1054 1848 1157 1899 aut
1199 1844 1456 1900 errando
1486 1845 1711 1919 pereat,
1754 1846 1858 1897 aut
1885 1838 2088 1901 ferinis

428 1936 652 1994 laniata
705 1932 1005 1991 morsibus
1061 1931 1348 2004 rapiatur,
1407 1929 1595 1987 oculis
1647 1944 1883 2000 semper
1940 1924 2090 1996 vigi-

433 2024 695 2082 lantibus
738 2022 1275 2094 circumspectant;
1329 2023 1557 2091 quanto
1614 2016 1852 2081 sudore,
1906 2029 2096 2089 quan-

434 2118 613 2186 taque
667 2126 813 2167 cura
868 2110 1203 2166 debeamus
1257 2123 1386 2163 esse
1440 2106 1756 2179 pervigiles
1808 2120 1939 2171 nos,
1990 2102 2095 2175 qui

433 2207 707 2275 pastores
786 2198 1128 2254 animarum
1210 2195 1484 2261 dicimur,
1564 2194 1970 2263 attendamus,
2041 2196 2097 2247 et

434 2294 781 2362 susceptum
851 2286 1116 2343 officium
1192 2285 1473 2341 exhibere
1538 2298 1682 2353 erga
1759 2282 2094 2339 custodiam

437 2361 879 2434 dominioarum
907 2375 1111 2431 ovium
1158 2389 1283 2429 non
1327 2389 1651 2442 cessemus,
1684 2372 1759 2427 ne
1788 2372 1847 2426 in
1879 2374 1975 2425 die
2006 2361 2093 2425 di-

436 2467 558 2523 vini
588 2464 883 2525 examinis
921 2480 1035 2537 pro
1083 2467 1289 2520 nostra
1333 2461 1563 2518 desidia
1592 2466 1729 2517 ante
1787 2475 2095 2517 summum

436 2560 740 2629 pastorem
767 2552 1145 2623 negligentia)
1189 2556 1389 2607 reatus
1416 2550 1732 2608 excruciet.
1768 2549 1936 2604 Unde
1966 2563 2095 2603 mo-

436 2646 519 2701 do
564 2633 810 2700 honoris
838 2641 1168 2698 reverentia
1225 2639 1589 2698 sublimioris
1641 2639 1790 2696 inter
1854 2642 2098 2694 caeteros

434 2733 779 2806 judioamus
855 2730 1236 2802 [judicamur,
1306 2729 1537 2801 Hann].
1604 2727 1847 2783 Pallium
1897 2731 2098 2782 autem

440 2820 799 2879 fraternitati
818 2824 936 2876 tum
978 2818 1058 2875 ad
1112 2818 1433 2875 missarum
1468 2816 1759 2872 solemnia
1801 2814 2102 2872 celebran-

438 2913 519 2968 da
577 2910 990 2971 concedimus,
1046 2925 1174 2982 quo
1224 2907 1353 2969 tibi.
1412 2920 1535 2962 non
1598 2906 1765 2960 aliter
1830 2903 2100 2960 Ecclesiae

414 3007 555 3058 tuas
633 2998 956 3073 privilegiis
1029 2998 1089 3053 in
1164 3011 1275 3052 suo
1333 3000 1487 3051 statu
1546 2995 1948 3061 manentibus,
2017 2992 2101 3047 uti

410 3090 753 3159 'largimur,
805 3103 929 3143 non
958 3086 1155 3142 solum
1181 3084 1241 3141 in
1281 3085 1377 3140 die
1426 3083 1892 3139 consecrationis
1921 3081 2103 3138 chris-

441 3178 639 3245 matis,
707 3192 776 3231 ac
831 3179 1053 3233 sanctas
1108 3179 1166 3229 et
1226 3172 1581 3228 venerandae
1639 3169 2100 3226 Resurreotionis

446 3264 681 3320 Domini
709 3262 894 3319 nostri
933 3264 1070 3317 Jesu
1098 3260 1328 3327 Christi,
1362 3274 1468 3315 seu
1493 3260 1553 3314 in
1600 3258 1898 3313 natalibus
1928 3273 2101 3313 sanc-

446 3357 638 3409 torum
671 3349 1082 3425 apostolorum
1112 3354 1293 3421 atque
1326 3346 1487 3403 beati
1514 3346 1758 3402 Joannis
1803 3346 2098 3418 Baptism,

443 3456 679 3498 necnon
699 3440 761 3495 in
782 3437 1200 3496 festivitatibus
1219 3440 1436 3492 sanctas
1456 3436 1558 3492 Dei
1580 3434 1876 3506 genitricis
1890 3434 2099 3504 Mariae,

443 3529 744 3603 simulque
772 3531 832 3584 in
859 3526 1096 3587 Domini
1125 3525 1316 3585 nostri
1349 3524 1673 3582 Nativitatis
1701 3524 1818 3593 die,
1861 3524 2103 3596 pariter-

442 3636 563 3693 que
588 3619 650 3676 in
682 3615 1074 3675 solemnitatis
1127 3614 1398 3672 Ecclesiae
1425 3619 1537 3671 tuas
1583 3614 1699 3682 die,
1731 3617 1790 3669 et
1834 3613 2102 3668 natelitio

442 3715 546 3768 tuo
565 3709 700 3777 die;
731 3723 941 3764 verum
972 3705 1152 3763 etiam
1203 3705 1266 3761 in
1291 3703 1744 3761 consecratione
1795 3702 2102 3775 episcopo-

440 3814 577 3857 rum
626 3803 684 3855 et
739 3795 1252 3870 presbyterorum,
1311 3798 1370 3849 et
1398 3792 1711 3866 quandoa
1744 3795 1801 3848 te
1831 3791 2103 3864 synodus

440 3887 798 3953 celebratur,
843 3885 894 3940 si
920 3883 1067 3941 forte
1093 3881 1581 3939 conventiculum
1615 3880 1733 3936 illic
1765 3879 1943 3937 fixerit
1966 3895 2105 3936 neo-

442 3981 792 4051 pnytorum,
847 3973 952 4046 qui
996 3973 1073 4030 ad
1121 3971 1305 4027 fidem
1357 3975 1463 4027 tua
1516 3968 1925 4027 exhortatione
1964 3972 2104 4025 sunt

442 4063 834 4139 perducendi,
860 4077 1097 4119 necnon
1127 4061 1188 4117 in
1248 4059 1559 4116 festivitate
1600 4057 1791 4114 sancti
1818 4054 2103 4130 Stephani

444 4152 920 4228 protomartyris,
980 4150 1290 4222 sanctique
1350 4147 1664 4218 Laurentii,
1736 4151 1796 4205 et
1863 4146 2104 4202 illorum

443 4246 789 4299 sanctorum
817 4238 925 4313 qui
951 4238 1338 4312 corporaliter
1365 4237 1428 4293 in
1457 4240 1562 4293 tua
1589 4236 1975 4309 requiescunt
2001 4250 2105 4308 pa-

442 4331 665 4399 rochia,
698 4330 783 4386 uti
811 4328 1197 4386 concedimus
1248 4326 1366 4396 die,
1398 4326 1553 4383 sicut
1595 4341 1631 4382 a
1658 4325 2102 4398 praedecessore

441 4391 664 4478 nostro
680 4418 929 4477 domino
958 4415 1239 4487 Gregorio
1267 4391 1448 4487 huius
1477 4391 1841 4471 alma-sedis
1870 4427 2101 4487 prmsu-
2141 4391 2184 4443 ί)

440 4508 496 4565 le
525 4508 822 4564 sancitum
851 4511 958 4562 est.
994 4506 1055 4560 in
1084 4502 1400 4560 secretario
1437 4518 1574 4557 vero
1618 4507 1720 4558 tua
1770 4499 2103 4558 fraternitas

443 4597 695 4672 pallium
724 4596 973 4652 induere
996 4594 1193 4661 debet,
1225 4597 1283 4649 et
1312 4593 1394 4649 ita
1423 4592 1502 4649 ad
1530 4590 1851 4647 missarum
1883 4590 2102 4646 solem-

439 4688 542 4744 nia
573 4684 891 4760 proficisci,
922 4688 979 4741 et
1031 4682 1177 4739 nihil
1224 4681 1328 4737 tibi
1357 4696 1534 4751 ausu,
1593 4679 1923 4736 temeritate
1952 4695 2104 4751 prae-

443 4772 804 4847 sumptionis
835 4785 1117 4841 arrogare
1143 4788 1156 4837 ;
1197 4784 1292 4835 ne,
1325 4767 1474 4823 dum
1500 4767 1562 4822 in
1590 4765 1864 4822 exteriori
1894 4766 2106 4823 habitu

440 4862 825 4920 inordinante
854 4859 1078 4933 aliquid
1108 4856 1407 4928 arripitur,
1450 4853 1723 4911 ordinate
1762 4854 1943 4911 etiam
1969 4870 2104 4927 quae

440 4951 616 5008 licere
641 4952 920 5023 poterant
956 4945 1322 5003 amittantur.
1385 4941 1566 5012 Cujus
1615 4942 1903 5015 quoniam
1933 4942 2106 5001 indu-

442 5039 625 5095 menti
638 5039 837 5099 honor
859 5035 1136 5093 modesta
1157 5036 1401 5087 actuum
1430 5030 1744 5090 vivacitate
1770 5032 2103 5089 servandus

439 5132 545 5193 est,
562 5128 875 5182 hortamur
890 5130 954 5180 ut
977 5127 1035 5179 et
1064 5135 1303 5176 morum
1327 5124 1567 5176 tuorum
1587 5125 1945 5177 ornamenta
1966 5136 2104 5177 con-

441 5216 703 5283 veniant,
719 5220 1019 5287 quatenus
1036 5214 1278 5267 auctore
1300 5214 1419 5266 Deo
1440 5214 1594 5268 recte
1623 5211 1944 5283 utrobique
1963 5227 2103 5284 pos-

441 5305 521 5360 sis
551 5319 680 5360 esse
708 5304 1092 5376 conspicuus.
1128 5304 1332 5373 itaque
1347 5301 1467 5357 vita
1499 5305 1598 5358 tua
1623 5300 1758 5357 filiis
1785 5301 1899 5357 tuis
1924 5301 1997 5357 sit
2019 5316 2106 5356 re-

439 5393 582 5465 gula
611 5410 622 5448 :
657 5392 716 5447 in
739 5391 889 5464 ipsa,
920 5391 971 5446 si
998 5404 1123 5463 qua
1146 5388 1431 5447 fortitudo
1458 5388 1570 5445 illis
1596 5391 1829 5461 ingesta
1845 5389 2094 5460 est,diri-

439 5489 583 5556 gent
611 5483 673 5539 in
711 5494 782 5536 ea
814 5480 980 5554 quod
1031 5479 1335 5537 imitentur
1364 5479 1691 5554 aspiciant;
1759 5480 1820 5535 in
1876 5480 2009 5552 ipsa
2039 5495 2104 5534 se

2203 1785 2341 1825 rum
2368 1768 2498 1824 vult
2536 1768 2758 1823 vindex
2788 1767 3059 1831 existere,
3100 1766 3311 1821 transit
3335 1766 3396 1820 in
3462 1764 3869 1820 crudelitatem

2204 1858 2511 1927 correctio,
2543 1858 2695 1912 iram
2732 1855 2961 1928 judicio
3014 1855 3266 1923 refrena,
3300 1860 3358 1909 et
3415 1870 3683 1910 censura
3713 1854 3873 1911 disci-

2204 1947 2384 2020 plinas
2416 1949 2500 2002 sic
2531 1951 2711 2011 utere,
2746 1950 2809 2000 ut
2835 1950 2894 2000 et
2921 1943 3131 2016 culpas
3160 1944 3361 2010 ferias,
3390 1949 3449 1998 et
3489 1960 3527 1998 a
3567 1942 3875 1999 dilectione

2204 2051 2626 2110 personarum,
2658 2051 2810 2107 quas
2839 2033 3124 2103 corrigas,
3163 2047 3287 2087 non
3323 2031 3603 2087 recedas.
3670 2032 3874 2093 uisci-i-

2206 2124 2451 2181 cordem
2472 2130 2546 2189 te,
2563 2129 2743 2196 prout
2767 2124 2949 2179 virtus
2967 2121 3205 2194 patitur,
3229 2120 3619 2194 pauperibus
3646 2121 3871 2176 exhibe.

2208 2214 2522 2285 Oppressis
2550 2212 2821 2267 defensio
2857 2216 2959 2266 tua
2990 2210 3328 2279 subveniat,
3386 2211 3875 2281 opprimentibns

2210 2304 2481 2360 modesta
2511 2301 2790 2358 correctio
2820 2300 3205 2357 contradicat.
3233 2299 3462 2354 Nullius
3495 2300 3721 2355 faciem
3749 2315 3877 2354 ωηο

2208 2397 2298 2447 tra
2316 2390 2609 2463 justitiam
2663 2388 2941 2461 accipias,
2999 2387 3232 2442 nullum
3288 2392 3679 2459 quaerentem
3716 2387 3875 2457 justi-

2208 2483 2353 2538 tiam
2382 2480 2701 2553 despicias,
2755 2478 3028 2535 custodia
3074 2477 3134 2532 in
3166 2480 3223 2532 te
3274 2476 3583 2548 aequitatis
3613 2474 3875 2533 excellat.

2209 2577 2411 2626 utnec
2460 2570 2706 2625 divitem
2758 2568 3024 2640 potentia
3073 2579 3183 2620 sua
3218 2564 3448 2637 aliquid
3518 2570 3699 2625 extra
3727 2564 3877 2621 viam

2210 2660 2374 2732 apud
2395 2674 2502 2715 vos
2530 2658 2781 2713 suadeat
2809 2655 3055 2711 rationis
3109 2654 3356 2720 audere,
3408 2668 3525 2715 nec
3585 2667 3877 2726 pauperes

2209 2749 2285 2804 de
2338 2764 2453 2803 sua
2519 2746 2699 2802 faciat
2756 2743 3062 2800 humilitas
3113 2743 3439 2814 desperare
3490 2759 3506 2795 :
3576 2746 3876 2813 quatenus

2211 2839 2331 2895 Deo
2364 2837 2681 2892 miserante
2711 2834 2839 2893 talis
2868 2832 3063 2905 possis
3101 2830 3353 2886 existere
3400 2828 3662 2902 qualem
3716 2844 3876 2887 sacra

2210 2925 2382 2982 lectio
2437 2924 2723 2997 prmeipit,
2780 2921 3033 2977 dicens:
3069 2919 3312 2989 Oportet
3354 2920 3713 2988 episcopum
3744 2920 3883 2976 ἱπτ-

2140 3038 2183 3092 c
2209 3014 2668 3084 pauhensibilem
2696 3011 2908 3076 meti.
2948 3010 3092 3064 Ten.
3120 3010 3226 3079 in).
3281 3007 3395 3062 Sed
3446 3007 3547 3062 his
3597 3006 3881 3062 omnibus

2211 3103 2528 3160 salubriter
2591 3103 2676 3157 uti
2726 3098 2966 3172 poteris,
3020 3097 3071 3152 si
3120 3096 3475 3163 magistram
3530 3097 3880 3151 charitatem

2210 3192 2714 3264 habueris,quam
2742 3188 2845 3261 qui
2871 3191 3111 3243 secutus
3138 3185 3331 3255 fuerit,
3359 3200 3395 3239 a
3414 3191 3582 3239 recto
3610 3184 3881 3257 aliqua-

2210 3282 2292 3339 do
2322 3280 2555 3346 tramite
2584 3295 2707 3335 non
2751 3276 2989 3332 recedit.
3044 3278 3210 3339 Ecce,
3266 3274 3448 3337 frater
3505 3272 3878 3331 charissima.

2212 3369 2362 3425 inter
2410 3369 2599 3424 multa
2640 3367 2774 3435 alia,
2820 3366 2934 3420 ista
2963 3368 3101 3419 sunt
3131 3361 3473 3429 sacerdotii,
3524 3362 3647 3417 ista
3674 3361 3876 3433 pallii:

2211 3476 2347 3533 quas
2433 3458 2483 3513 si
2541 3456 2809 3513 studiose
2862 3452 3207 3519 servaveris,
3273 3450 3447 3523 quod
3510 3451 3665 3506 foris
3720 3466 3877 3507 acoe-

2210 3549 2347 3622 pisti
2393 3549 2553 3604 intus
2606 3545 2812 3602 habes.
2875 3542 3076 3605 Fidem
3144 3546 3347 3598 autem
3403 3556 3603 3622 quam
3655 3540 3721 3594 in
3774 3537 3878 3594 tuis

2212 3620 2479 3712 epistolis
2538 3635 2796 3692 breviter
2840 3631 3184 3703 assignasti,
3251 3630 3389 3686 licet
3444 3620 3636 3685 latius
3681 3627 3876 3701 expla-

2212 3745 2357 3786 nare
2402 3726 2724 3791 debueras,
2794 3720 3172 3794 Redemptori
3226 3724 3433 3776 tamen
3490 3723 3711 3774 nostro
3758 3732 3878 3787 gra—

2213 3820 2324 3877 tias
2375 3816 2635 3887 agimus,
2693 3811 2860 3887 quod
2909 3826 3047 3869 eam
3075 3810 3137 3873 in
3182 3809 3318 3882 ipsa
3364 3807 3669 3865 brevitate
3694 3812 3874 3869 ratam

2211 3920 2343 3961 esse
2392 3901 2812 3973 cognovimus.
2874 3901 3090 3957 Sancta
3141 3896 3397 3954 Trinitas
3445 3896 3875 3953 fraternitatem

2211 3999 2473 4055 vestram
2527 3992 2733 4064 gratiae
2782 4005 2908 4046 sua;
2962 3986 3333 4061 protectione
3380 3985 3745 4042 circumdet.
3790 3988 3874 4040 at-

2210 4102 2330 4159 que
2403 4085 2466 4141 in
2548 4082 2780 4140 timoris
2861 4080 2957 4137 sui
3018 4079 3117 4143 via
3165 4093 3281 4134 nos
3327 4076 3578 4147 dirigat,
3641 4081 3710 4133 ut
3752 4078 3879 4148 post

2211 4176 2394 4247 hujus
2447 4171 2879 4231 amaritudines
2947 4168 3026 4225 ad
3090 4171 3381 4225 aeternam
3436 4164 3626 4221 simul
3684 4177 3878 4238 pene-

2211 4268 2339 4325 nire
2394 4262 2774 4321 dulcedinem
2824 4272 3183 4316 mereamur.
3239 4261 3454 4313 Amen.

2998 4401 3092 4457 VI.

2214 4545 2479 4587 EPISTOLA
2538 4541 2731 4584 LEONIS
2781 4539 2859 4580 Vl!
2914 4539 2986 4578 Αι)
3022 4536 3286 4585 Ηυθοηειι
3324 4533 3669 4579 ηλκςοιυι
3705 4531 3875 4579 Il“.

2305 4637 2369 4676 ET
2410 4631 2740 4675 MONASTERII
2780 4631 2829 4671 S.
2862 4628 3090 4668 MARTINI
3129 4624 3477 4673 TUROleS
3517 4624 3801 4669 suum.

2846 4721 3038 4792 (Anno
3086 4718 3231 4790 938).

2228 4857 2393 4911 Vetat
2420 4867 2493 4909 ne
2523 4852 2584 4909 in
2616 4851 2686 4906 Β.
2713 4846 2969 4907 Martini
2996 4843 3429 4901 nacuasterium
3472 4841 3685 4902 aditus
3712 4838 3884 4893 detur

2856 4932 3231 4993 mulieribus.

2397 5047 2592 5121 [Apud
2635 5042 2836 5111 Mansi,
2872 5042 3278 5099 Conciliorum
3302 5043 3447 5097 tom.
3480 5037 3717 5115 XVIIII}

2291 5212 2399 5265 Leo
2458 5208 2796 5280 episcopus,
2843 5218 3052 5257 servus
3110 5214 3424 5256 servorum
3469 5196 3596 5262 Dei,
3628 5195 3884 5265 glorioso

2217 5299 2474 5373 principi
2507 5301 2888 5363 Francorum,
2935 5290 3060 5349 ﬁlio
3089 5294 3296 5351 nostro
3353 5288 3573 5342 HL'GONI
3618 5284 3887 5341 videlicet

2218 5388 2425 5445 abbati
2452 5384 2783 5443 beatissimi
2824 5380 3073 5445 Martini,
3130 5383 3187 5434 et
3214 5375 3523 5450 perpetuis
3580 5388 3886 5430 successo-

2215 5477 2383 5532 ribus
2407 5476 2469 5531 in
2510 5477 2886 5548 perpetuum.

507 5719 651 5790 (710)
696 5716 907 5774 Confer
930 5713 1247 5787 epistolam
1274 5711 1524 5770 Joannis
1554 5712 1658 5767 XII
1681 5712 1758 5768 ad
1787 5714 2161 5769 Dunstanum
2193 5712 2473 5775 Cantuar,
2509 5704 2856 5778 archiepisc.
2891 5700 3045 5757 infra
3072 5713 3182 5754 suo
3208 5696 3362 5752 loco.
3402 5698 3583 5752 Hann.
