3998 6198
148 78 289 134 1073
1170 134 1193 145 _
1440 80 1791 140 EPISTOLE
1830 76 1913 131 ΕΤ
1952 71 2191 129 PRIVIL
2201 77 2383 135 EGIA.
3487 87 3624 145 {07.5

214 200 517 259 Conditor
552 200 972 257 univcrsitatis
1018 207 1203 276 atque
1234 207 1555 282 dispositor
1580 206 1850 265 Christus
1885 204 1930 254 Α
1962 213 2076 252 nus
2116 213 2223 269 per
2270 207 2462 262 totum
2506 207 2716 262 veteris
2768 207 2924 262 muri
2962 207 3282 281 ambitum,
3314 224 3509 284 usque
3547 213 3621 269 ad

141 294 475 359 Dominus,
538 307 655 364 per
712 296 1188 351 sacrosanctum
1236 315 1368 353 sum
1412 294 1851 356 incarnationis
1964 286 2123 342 Viam
2153 303 2288 358 quae
2314 291 2491 362 juxta
2538 294 2693 350 latus
2730 294 2991 350 basilicae
3037 295 3388 368 aquilonare
3413 300 3620 370 vergit,

136 384 526 460 mysterium,
559 380 980 437 universalem
1030 382 1364 450 Ecclesium
1415 388 1524 443 sibi
1568 384 1849 459 copulare
1959 373 2144 439 nulla,
2170 384 2499 452 postquam
2543 383 2701 439 lianc
2730 383 3044 455 epistolam
3089 385 3367 455 videritis,
3401 387 3624 447 femina

134 476 427 546 dignatus
460 476 573 541 est,
610 471 896 526 diversos
928 484 1077 524 vero
1110 478 1355 527 sanctos
1385 473 1449 528 in
1480 474 1692 529 eadem
1742 476 1847 527 Ec-
1958 463 2259 520 licentiam
2306 467 2534 528 habent
2577 472 3014 539 commorandi.
3049 473 3155 529 88d
3202 490 3313 531 D06
3360 476 3623 533 iuuandi

132 564 326 621 clesia
372 561 551 636 quasi
604 560 857 616 diversa
888 548 955 613 in
987 573 1116 614 uno
1146 576 1400 633 corpore
1431 563 1706 620 membra
1733 562 1850 616 dis~
1957 552 2225 626 quidem,
2258 556 2372 611 nisi
2422 560 2611 615 solius
2650 574 2835 617 causa
2877 561 3183 618 orationis.
3209 563 3272 619 Si
3322 564 3459 636 quis
3484 578 3623 622 vero

130 653 379 726 posuit:
411 656 468 706 et
500 661 1045 721 unumquemque,
1072 655 1257 720 prout
1286 651 1522 707 interno
1548 652 1679 723 ejus
1700 666 1845 706 oon-
1957 643 2033 700 de
2063 643 2349 702 ministris
2378 649 2496 706 hoc
2522 649 2922 722 apostolicum
2945 651 3325 709 interdictum
3348 654 3623 723 neglexe-

130 741 272 798 silio
302 739 552 814 placuit,
586 738 649 793 in
680 737 877 810 ipsius
913 735 1194 792 Ecclesiae
1220 754 1500 811 corpore,
1518 741 1697 810 cujus
1718 739 1845 811 ipse
1955 732 2049 804 rit,
2077 738 2181 788 aut
2204 732 2411 806 aliqua
2434 737 2659 795 femina
2677 739 2896 795 intrare
2924 742 3393 813 prtesumpserit,
3411 742 3620 798 tandiu

132 836 325 905 caput
382 828 508 885 ﬁeri
556 828 847 897 dignatus
910 827 1024 891 est,
1084 827 1445 885 mirabiliter
1503 829 1840 886 ordinavit:
1957 823 2520 882 excommunicatus
2572 826 2664 898 sit,
2706 842 3029 900 quousque
3071 829 3373 901 promissa
3418 845 3621 887 emen-

130 921 443 995 quosdam
485 917 878 974 excellentius
927 913 1255 984 decorans,
1292 926 1354 975 ut
1384 920 1538 975 sicut
1572 920 1845 976 membra
1955 909 2198 965 (latione
2229 910 2465 969 absOlVi
2496 920 2816 972 mereatur.
2850 915 2950 972 Sin
2974 920 3201 984 autem,
3222 918 3368 989 quia
3388 934 3496 990 per
3516 934 3620 974 au-

127 1011 199 1067 in
233 1024 480 1083 corpore
533 1006 822 1079 quaedam
867 1004 1228 1063 honestiora
1276 1013 1526 1076 sunt,et
1560 1009 1687 1065 suis
1718 1008 1844 1065 om-
1953 999 2190 1055 daciam
2237 1004 2294 1055 et
2336 1004 2845 1077 contemptionem
2893 1005 2969 1061 ad
3021 1006 3135 1061 hoc
3177 1007 3618 1078 transgredien-

130 1102 246 1158 ciis
276 1105 437 1173 apta,
468 1099 552 1154 ita
579 1102 641 1152 et
670 1097 730 1151 in
764 1093 1037 1151 Ecclesia
1059 1096 1156 1151 vel
1180 1098 1592 1165 excellentior,
1626 1100 1722 1155 vel
1751 1100 1841 1154 in—
1953 1088 2100 1145 dum
2136 1088 2410 1162 pertinax
2451 1092 2754 1161 exstiterit»
2783 1092 2955 1149 illum
3003 1108 3273 1167 prorsus.
3306 1095 3401 1150 vel
3426 1095 3619 1165 illam,

131 1190 321 1246 ferior
344 1188 607 1261 quisque
641 1186 798 1241 vices
845 1198 993 1237 suos
1026 1185 1168 1257 ipso
1198 1192 1443 1243 auctore
1466 1186 1842 1259 disponente
1954 1177 2578 1236 excommunicamus.
2622 1180 3091 1238 Observantibus
3136 1184 3268 1238 haec
3322 1182 3513 1253 gratia
3558 1187 3619 1240 et

134 1278 568 1336 convenienter
596 1275 854 1349 expleat,
891 1277 956 1326 ut
986 1274 1232 1344 scilicet,
1255 1276 1428 1347 juxta
1460 1279 1841 1347 apostolum,
1953 1283 2076 1339 pax
2102 1266 2313 1323 Christi
2341 1284 2448 1340 P8P
2468 1286 2612 1326 suos
2645 1269 2949 1343 apostolos
2976 1274 3036 1328 et
3056 1271 3216 1329 beati
3244 1273 3466 1330 Martini
3488 1289 3621 1346 pre-

134 1372 322 1427 stella
351 1368 587 1424 differat
615 1382 653 1423 a
695 1365 879 1422 stella
920 1363 983 1417 in
1031 1365 1315 1421 ctan‘late
1348 1367 1411 1435 (Ι
1436 1366 1581 1419 Cor.
1616 1368 1740 1438 xv).
1772 1372 1847 1423 At
1955 1373 2052 1412 Ges
2080 1354 2523 1428 multiplicetur.

140 1477 291 1516 vero
336 1459 489 1515 inter
532 1472 635 1511 eos
661 1471 817 1527 quos
860 1450 1076 1507 divina
1102 1452 1483 1525 dispensatio
1515 1453 1819 1511 sublimia:

2027 1445 2322 1517 Scriptum
2358 1461 2467 1518 per
2507 1464 2760 1504 manum
2807 1448 3097 1505 Theodori
3145 1450 3362 1507 notarii
3391 1456 3449 1508 et
3474 1450 3620 1509 seri-

138 1550 357 1615 evexit,
388 1546 707 1621 praedictus
748 1540 1145 1601 beatissimus
1193 1542 1484 1598 Martinus
1527 1543 1843 1601 Turonicaa
1876 1550 1917 1604 Β
1954 1534 2123 1590 Πίᾶΐίί
2153 1539 2378 1590 sanetae
2408 1538 2691 1593 Romana?
2732 1537 3003 1594 Εοθιθθὶιθ
3050 1538 3112 1595 in
3143 1555 3353 1597 mense
3393 1543 3617 1597 Janua-

141 1640 312 1694 sedis
340 1635 828 1708 archiepiscopus
862 1645 986 1685 non
1014 1630 1394 1687 mediocriter
1420 1628 1705 1701 effulget,
1738 1650 1842 1690 cu-
1952 1623 2063 1694 rio,
2093 1627 2158 1680 et
2178 1622 2499 1681 indictione
2538 1625 2879 1694 undecima,
2912 1627 3215 1684 Ludovico
3250 1631 3619 1684 Francorum

139 1731 245 1800 jus
272 1725 545 1783 videlicet
574 1723 829 1794 gloriam
881 1718 1235 1775 universalis
1270 1717 1708 1778 Christianitas
1751 1727 1843 1777 at-
1952 1727 2091 1781 rege
2124 1711 2288 1782 (711)-

143 1821 419 1885 testatur,
451 1831 590 1889 quae
621 1813 810 1879 illum,
835 1810 1049 1866 divino
1074 1809 1352 1865 instinctu
1371 1807 1686 1882 quodam,
1710 1828 1843 1885 spe-
2730 1805 2840 1858 VII.

146 1905 291 1961 ciali
338 1904 557 1961 affectu
606 1899 1009 1959 communiter
1058 1903 1242 1965 amat,
1273 1898 1352 1953 ita
1398 1901 1472 1952 ut
1532 1914 1842 1973 nusquam

150 1996 275 2050 alio
303 1999 438 2066 post
469 1996 820 2048 sanctorum
868 1988 1282 2061 apostolorum
1328 1986 1545 2042 limina
1590 1989 1667 2045 de
1717 1995 1841 2046 tam

150 2083 508 2155 longinquis
537 2087 592 2137 et
625 2080 876 2135 diversis
920 2076 1267 2132 nationibus
1297 2075 1614 2134 conﬂuant
1638 2084 1840 2135 orato-

153 2190 275 2237 res,
309 2172 463 2225 sicut
486 2171 723 2226 faciunt
753 2168 830 2222 ad
860 2166 1054 2238 ipsius
1092 2164 1434 2221 venerabile
1467 2167 1836 2237 sepulcrum.

157 2264 314 2315 Nam
366 2266 423 2315 et
468 2259 596 2330 ipse
648 2273 820 2312 sacer
864 2256 1035 2310 lacus
1088 2254 1193 2309 ubi
1220 2253 1492 2326 quiescit,
1525 2255 1587 2310 in
1614 2272 1842 2327 magna

155 2348 497 2405 reverentia
566 2348 749 2402 etiam
826 2345 904 2400 ab
970 2344 1233 2417 antiquis
1290 2343 1506 2398 diebus
1562 2361 1688 2400 non
1741 2363 1838 2401 so-

156 2438 292 2492 lum
324 2436 491 2508 apud
521 2435 822 2504 vulgares,
858 2433 964 2489 sed
1004 2436 1065 2488 et
1108 2432 1277 2504 apud
1305 2431 1838 2490 excellentissimos

155 2544 337 2598 reges
391 2542 462 2581 ac
508 2524 814 2598 principes
872 2523 1002 2593 fuit,
1038 2524 1209 2579 sicut
1254 2522 1528 2578 nonnulli
1572 2528 1835 2581 vestrum

155 2614 429 2670 videndo
479 2613 693 2669 sciunt.
752 2612 826 2667 Ut
882 2612 1044 2667 enim
1098 2610 1468 2676 audivimus,
1522 2611 1667 2666 nulli
1722 2628 1837 2669 un-

156 2720 353 2775 quam
404 2702 640 2758 feminae
696 2700 852 2756 intra
897 2700 1195 2756 ambitum
1248 2699 1613 2766 monasterii,
1656 2701 1837 2758 etiam

158 2792 282 2846 sub
362 2795 630 2862 tempore
706 2804 1120 2862 paganorum,
1200 2787 1654 2860 permittebatur
1730 2806 1835 2847 ae-

1954 1923 2141 1961 LEONIS
2170 1920 2252 1962 VII
2290 1923 2643 1963 Ρηιγιιεοιωι
2690 1923 2802 1964 PRO
2842 1922 3193 1965 IONASTERIO
3236 1916 3614 1967 ῠιυκιλεεκει.

1955 2016 2198 2069 Pelente
2219 2014 2421 2069 Orione
2438 2014 2652 2070 abbate
2670 2014 2987 2082 conﬁrmat
3011 2012 3410 2072 Cluniacense
3429 2030 3618 2073 caeno-

2025 2085 2185 2140 be'um
2217 2100 2351 2141 cum
2364 2086 2642 2140 carnibus
2658 2085 2834 2141 mbas
2846 2086 2933 2141 ad
2951 2086 3149 2154 ipsum
3178 2088 3617 2154 pertinentibus

2026 2156 2278 2226 liberum
2321 2156 2396 2212 ab
2434 2157 2597 2210 omni
2632 2156 2947 2212 demetata
2976 2157 3299 2224 cujuslibet
3318 2172 3611 2226 personae,

2021 2225 2413 2298 prohibetque
2441 2241 2515 2282 ne
2545 2242 2811 2298 unquam
2856 2227 2994 2295 ulli,
3025 2232 3133 2298 aut
3165 2225 3471 2291 canonico,
3505 2235 3615 2285 aut

2026 2292 2198 2362 laico,
2233 2292 2336 2352 aut
2375 2298 2552 2352 etiam
2591 2292 2798 2369 abbati
2826 2292 3141 2369 monacho,
3170 2300 3288 2354 nisi
3311 2299 3613 2369 regulari-

2023 2373 2114 2442 ter
2163 2368 2389 2442 viventi
2441 2366 2905 2442 commendetur.
2967 2366 3327 2442 Libertatem
3378 2366 3614 2442 'quoque

2019 2439 2323 2494 electionis
2346 2439 2532 2507 ipsius
2560 2438 2790 2494 abbatis
2814 2440 3048 2495 asserit.
3276 2478 3279 2481 ‹

2022 2529 2131 2582 LEO
2160 2527 2503 2600 episcopus,
2536 2542 2745 2582 servus
2773 2532 3091 2584 servierunt
3122 2529 3242 2597 Dei,
3276 2532 3453 2586 Opem
3479 2530 3615 2587 reli-

1949 2616 2119 2686 gioso
2148 2614 2357 2671 abbati
2383 2614 2792 2672 Cluniacensis
2818 2616 3080 2673 ccenobii
3103 2617 3167 2674 in
3194 2619 3422 2675 honore
3451 2632 3614 2675 sums

1948 2716 2190 2758 morum
2248 2702 2660 2775 apostolorum
2718 2704 2869 2760 Petri
2924 2708 2983 2760 et
3038 2704 3201 2762 Pauli
3259 2707 3609 2777 consecrati,

1949 2790 2113 2862 quod
2140 2807 2179 2847 a
2204 2789 2517 2846 Guillelmo
2544 2790 2984 2863 Aquitanorum
3012 2792 3167 2849 duce
3205 2800 3615 2852 constructum

159 2897 391 2936 cessus.
425 2880 573 2935 Cum
609 2894 746 2933 vero
799 2893 1041 2933 necesse
1084 2878 1193 2933 fuit
1222 2882 1283 2933 ut
1326 2883 1568 2948 propter
1592 2877 1834 2935 illorum
1866 2895 1906 2949 ρ
1948 2883 2054 2949 est,
2086 2883 2143 2935 et
2171 2894 2277 2950 per
2306 2882 2361 2935 te
2392 2878 2508 2934 tuis
2538 2880 2991 2943 successoribus
3019 2881 3080 2937 in
3109 2886 3490 2956 perpetuum.

156 2970 569 3025 incursionem
621 2967 681 3023 in
726 2968 960 3023 civitate
1005 2967 1415 3029 collocaretur,
1462 2966 1836 3037 plangebant

157 3057 257 3113 sui
288 3056 564 3123 cultores,
599 3057 742 3128 quia
776 3071 896 3112 non
930 3056 1213 3111 valebant
1240 3072 1380 3110 eum
1433 3054 1515 3109 sic
1558 3054 1619 3110 in
1668 3061 1834 3114 tanta

157 3145 517 3215 reverentia,
542 3149 606 3200 ut
633 3144 799 3208 olim,
826 3144 1117 3211 venerari,
1148 3159 1256 3199 nec
1288 3142 1608 3197 mulierum
1630 3144 1831 3214 prohi-

155 3235 305 3290 bere
337 3249 724 3290 concursum.
755 3232 843 3290 Ob
872 3233 1039 3305 quod
1061 3232 1242 3288 etiam
1265 3232 1437 3302 juxta
1469 3231 1599 3301 ejus
1626 3230 1830 3289 basili-

156 3340 302 3380 cam
347 3323 585 3379 fundari
632 3339 872 3379 murum
923 3321 1250 3391 studuistis,
1281 3325 1346 3376 ut
1389 3320 1470 3375 ita
1499 3319 1591 3375 vel
1628 3320 1708 3377 ab
1736 3322 1828 3377 in-

155 3412 379 3468 cendio
425 3410 684 3482 defendi,
727 3410 816 3466 vel
862 3410 925 3466 in
968 3409 1219 3482 pristina
1262 3411 1575 3465 honestate
1622 3417 1831 3480 posset

154 3503 292 3576 ipse
322 3500 490 3557 locus
520 3500 747 3557 haberi.
776 3500 889 3557 Sed
920 3515 1016 3555 res
1048 3500 1108 3554 in
1140 3496 1504 3556 contrarium
1525 3513 1695 3554 versa
1716 3505 1823 3566 est,

155 3590 309 3663 quia
352 3604 458 3660 per
486 3588 867 3645 occasionem
897 3587 1120 3644 castelli
1160 3586 1511 3643 mulieribus
1539 3590 1596 3641 et
1622 3586 1824 3658 impu-

153 3679 315 3734 dens
345 3683 401 3733 et
420 3677 610 3734 libera
640 3677 1015 3733 conversatio
1043 3680 1154 3744 est,
1186 3692 1327 3731 cum
1372 3680 1572 3731 tamen
1596 3674 1711 3731 hoc
1742 3676 1825 3732 nil

154 3768 316 3824 alius
345 3768 504 3836 facit,
538 3766 647 3823 nisi
698 3766 826 3822 sola
874 3765 1238 3835 negligentia
1276 3770 1332 3821 et
1380 3768 1547 3837 tepor
1582 3765 1825 3822 servito-

153 3874 298 3913 rum
348 3857 500 3929 ejus.
537 3855 842 3928 Siquidem
889 3859 1063 3911 venet
1109 3855 1237 3910 dies
1277 3853 1506 3926 judicii,
1540 3858 1598 3909 et
1640 3870 1823 3910 unus-

142 3946 419 4019 quisque
447 3945 509 4000 in
540 3961 650 4000 suo
680 3943 889 3999 ordine
919 3944 1205 4013 insurget,
1227 3948 1281 3999 et
1306 3941 1689 4019 manifestum
1715 3943 1851 4007 erit

154 4016 269 4107 per
293 4016 448 4107 quos
460 4033 680 4104 religio
710 4032 786 4088 sit
825 4036 1041 4098 erecta,
1074 4030 1167 4087 vel
1213 4046 1321 4104 per
1342 4016 1497 4103 quos
1528 4029 1819 4099 neglecta.

158 4122 498 4179 Dolendum
548 4120 725 4177 nobis
766 4124 854 4176 est
884 4125 1157 4191 tempora
1192 4119 1321 4190 jam
1367 4117 1702 4192 periculosa
1729 4137 1821 4177 ve-

154 4213 342 4284 nisse,
373 4218 431 4269 et
460 4211 543 4285 sic
574 4215 825 4284 apparet
866 4210 1218 4266 charitatem
1265 4208 1429 4281 apud
1480 4206 1700 4262 multos
1732 4223 1819 4263 re-
1850 4240 1895 4294 Β

153 4303 415 4367 frixisse,
445 4301 824 4373 iniquitatem
853 4315 993 4356 vero
1037 4299 1293 4355 nimium
1336 4296 1823 4371 superabundas-

156 4410 248 4449 se.
282 4394 505 4448 Verum
536 4389 679 4463 quia
705 4392 913 4447 sancta
955 4388 1213 4445 Ecclesia
1256 4388 1431 4444 beato
1479 4388 1647 4443 Petro
1677 4402 1822 4460 apo-

157 4480 455 4537 stolorum
485 4477 739 4551 principi
766 4476 1100 4549 specialiter
1130 4476 1457 4533 commissa
1493 4479 1603 4540 est,
1637 4479 1693 4530 et
1716 4490 1822 4547 per

156 4586 302 4627 eum
343 4565 792 4624 successoribus
839 4566 990 4637 ejus,
1019 4580 1268 4622 necesse
1314 4569 1402 4620 est
1454 4568 1518 4620 ut
1562 4563 1820 4637 quisque

154 4663 457 4725 nostrum,
508 4660 686 4729 prout
726 4658 845 4712 Deo
896 4654 1182 4725 largiente
1225 4653 1500 4727 potuerit,
1546 4653 1819 4724 ejusdem

158 4747 469 4818 Ecclesiae,
528 4761 849 4819 quousque
902 4744 1147 4814 indiget,
1207 4743 1517 4800 utilitatem
1566 4758 1674 4815 per
1718 4742 1820 4799 ali-

155 4854 352 4913 quam
400 4835 812 4895 auctoritatem
861 4837 1164 4890 sustentet.
1214 4835 1279 4887 Et
1324 4832 1545 4888 idcirco
1589 4831 1820 4888 videtur

157 4926 339 4987 nobis
369 4929 435 4982 ut
460 4928 722 4981 vestram
768 4922 1193 4994 negligentiam
1241 4938 1376 4994 quae
1416 4924 1503 4977 est
1528 4936 1670 4992 erga
1701 4921 1820 4977 cul-

155 5023 293 5075 tum
344 5015 500 5073 illius
542 5014 656 5071 loci
698 5012 1076 5079 sanctissimi,
1109 5027 1217 5084 per
1257 5016 1529 5068 nostrum
1574 5011 1817 5068 interdi-

157 5112 328 5163 ctum
359 5120 874 5162 commoneamus.

233 5196 443 5267 Itaque
489 5193 551 5250 in
597 5192 804 5265 primis
845 5190 1238 5246 observamus
1267 5189 1328 5245 in
1359 5187 1631 5256 Domino,
1665 5193 1731 5245 ut
1756 5192 1819 5246 tu

158 5284 358 5342 abbas
406 5280 937 5339 excellentissimus
988 5281 1177 5349 Hugo,
1220 5283 1285 5353 .et
1326 5276 1515 5350 ipsius
1561 5277 1821 5333 cosnobii

157 5373 487 5448 praepositi,
538 5386 747 5428 curam
800 5384 1184 5442 summopere
1224 5364 1578 5437 adhibeatis,
1617 5371 1819 5440 quate-

2018 2967 2179 3024 Sicut
2206 2967 2409 3039 pietati
2435 2967 2706 3025 ﬁdelium
2735 2974 2922 3041 patet,
2950 2971 3307 3029 universalis
3338 2973 3611 3030 Ecclesiae

1946 3073 2090 3113 cura
2117 3057 2294 3113 beato
2339 3059 2506 3112 Petro
2545 3058 2882 3129 specialiter
2909 3061 3240 3119 commissa
3265 3066 3372 3131 est,
3402 3066 3463 3119 et
3505 3077 3612 3136 per

1946 3144 2145 3217 ipsum
2176 3146 2626 3202 successoribus
2659 3148 2810 3219 ejus.
2838 3151 3214 3224 Quapropter
3240 3156 3447 3208 nostro
3480 3160 3611 3208 mov-

1943 3233 2238 3290 deramini
2287 3236 2584 3302 convenit,
2617 3241 2683 3293 ut
2729 3254 2872 3307 nos,
2897 3241 3002 3312 qui
3034 3243 3153 3297 Deo
3196 3246 3438 3298 auctore
3470 3259 3610 3298 san-

1942 3327 2048 3377 ctae
2081 3323 2205 3378 sedi
2254 3326 2538 3379 Romanae
2576 3326 2994 3398 praesidemus,
3026 3328 3391 3402 quibuslibet
3418 3329 3609 3387 ﬁdeli-

1940 3410 2055 3465 bus
2085 3411 2420 3466 secundum
2465 3411 2817 3482 religionem
2867 3416 3203 3472 viventibus
3234 3417 3329 3472 vel
3356 3433 3607 3474 conver-

1940 3498 2214 3554 santibus
2271 3498 2373 3569 pia
2419 3499 2839 3559 benevolentia
2892 3502 3257 3573 subveniret,
3302 3502 3407 3559 ubi
3455 3504 3604 3561 forte

1936 3589 2211 3641 nostrum
2268 3584 2621 3656 suffragium
2679 3586 2949 3660 indigent
3001 3591 3096 3646 vel
3143 3594 3448 3664 expetunt,
3482 3608 3607 3648 cer-

1938 3671 2106 3727 tatim
2155 3676 2529 3741 satagamus.
2565 3676 2629 3730 Et
2674 3675 2899 3733 idcirco
2950 3678 3304 3751 praedictum
3359 3677 3598 3738 Clunia-

1935 3777 2114 3817 cense
2143 3761 2509 3832 coenobium,
2537 3763 2734 3835 primo
2771 3765 3020 3838 quidem
3055 3780 3168 3840 pro
3216 3780 3423 3824 amore
3451 3767 3598 3826 bea-

1936 3854 2133 3906 torum
2181 3850 2595 3922 apostolorum
2642 3853 2863 3925 quibus
2911 3860 3328 3915 consecratum
3384 3861 3492 3924 est,
3526 3864 3598 3915 ac

1933 3954 2043 4014 pro
2078 3939 2365 4010 religione
2405 3958 2540 4015 quae
2587 3941 2814 4000 ibidem
2866 3949 3114 4017 tenetur,
3154 3945 3370 4003 deinde
3414 3947 3596 4004 etiam

1931 4046 2043 4103 pro
2072 4029 2386 4086 dilectione
2410 4031 2673 4088 ﬁliorum
2697 4037 3061 4103 nostrorum,
3084 4028 3360 4093 videlicet
3382 4045 3595 4107 regum

1935 4119 2200 4189 Hugonis
2259 4122 2438 4191 atque
2490 4119 2596 4177 filii
2650 4121 2840 4195 ipsius
2899 4124 3177 4192 Lotharii,
3230 4125 3337 4198 qui
3391 4126 3593 4183 locum

1933 4209 2161 4281 ipsum,
2207 4212 2275 4264 ut
2327 4208 2690 4278 audivimus,
2722 4211 2982 4269 multum
3030 4214 3251 4280 fovent,
3303 4214 3592 4273 sublime-

1932 4315 1996 4355 re
2043 4303 2223 4372 atque
2272 4298 2528 4356 solidare
2575 4315 2683 4373 per
2734 4306 3003 4360 nostram
3050 4304 3443 4377 apostolicam
3491 4308 3594 4362 ati-

1931 4389 2262 4445 ctoritatem
2319 4388 2713 4446 decrevimus.
2774 4395 2978 4464 Itaque
2998 4434 3012 4459 ,
3068 4392 3221 4449 sicut
3266 4393 3327 4448 in
3359 4392 3591 4465 privile-

1931 4476 2042 4546 giis
2070 4477 2525 4550 przedecessoris
2552 4478 2744 4535 nostri
2767 4480 3019 4536 Joannis
3049 4488 3226 4553 papas
3255 4471 3591 4538 continetur

1926 4565 2283 4638 praedictum
2314 4565 2659 4622 coenobium
2689 4565 2768 4623 ab
2806 4567 2973 4623 omni
2997 4567 3313 4625 dominatu
3340 4568 3586 4640 cujusll;

1927 4652 2032 4711 bet
2057 4670 2350 4727 personae,
2381 4668 2712 4728 omnesque
2741 4671 2836 4712 res
2859 4656 2939 4713 ad
2965 4657 3170 4730 ipdum
3197 4658 3584 4731 pertinentes),

1927 4758 2081 4815 quas
2105 4758 2267 4799 nunc
2291 4742 2383 4799 vel
2403 4744 2684 4800 monachi
2713 4748 2931 4812 tenent,
2950 4744 3041 4801 vel
3059 4744 3220 4816 justo
3238 4746 3585 4819 acquisituri

1930 4836 2089 4899 sunt,
2120 4831 2376 4889 liberum
2401 4836 2458 4888 et
2487 4831 2837 4891 absolutum
2864 4849 2995 4891 esse
3014 4835 3434 4908 principimus;
3467 4839 3582 4893 nos

1928 4936 2124 4978 mante
2154 4925 2391 4978 tantum
2417 4921 2562 4989 sedi,
2596 4921 2748 4979 sicut
2774 4922 2836 4979 in
2872 4926 3230 4981 testamento
3256 4922 3434 4983 bona;
3462 4930 3585 4983 me

1926 5009 2134 5066 moria:
2179 5009 2472 5065 Guillelmi
2499 5011 2854 5079 continetur;
2885 5012 2970 5069 ita
3014 5014 3089 5070 sit
3133 5014 3491 5087 subjectum,
3518 5020 3585 5074 ut

1927 5114 2244 5173 nunquam
2270 5103 2373 5156 aut
2400 5101 2833 5171 canonico,aut
2854 5101 3147 5174 laico,aut
3169 5103 3351 5161 etiam
3376 5100 3584 5164 abbati

1927 5189 2228 5247 monacho
2274 5189 2387 5249 nisi
2433 5190 2782 5259 regulariter
2828 5192 3050 5249 viventi
3103 5194 3578 5253 commendetur.

1927 5277 2111 5334 Villas
2134 5294 2276 5335 vero
2305 5295 2458 5351 quas
2484 5279 2709 5336 ibidem
2750 5280 2866 5354 pile
2894 5282 3202 5339 memorias
3228 5284 3583 5357 Rodulphtis

1927 5382 2032 5425 rex
2065 5366 2311 5424 contulit
2351 5367 2431 5423 ob
2473 5368 2588 5425 hoc
2632 5368 2712 5426 ad
2754 5370 3111 5442 praedictum
3138 5373 3484 5430 omnobium
3509 5384 3583 5429 ex

237 5554 387 5627 (711)
427 5551 625 5611 Verba
653 5549 948 5608 Ludovico
968 5549 1348 5608 Francorum
1374 5562 1521 5622 rege
1538 5546 1709 5606 haud
1737 5545 1921 5605 dubie
1949 5546 2145 5605 aliena
2180 5549 2336 5604 sunt.
