3998 6198
341 105 477 157 1075

1732 96 1982 158 LEONIS
2019 94 2218 149 ΡΑΡᾸΞ
2256 92 2369 147 VII.
2770 123 2801 149 .

3642 88 3773 139 1076

336 228 460 279 toto
486 222 902 280 conﬁrmanus
928 242 940 280 :
974 224 1118 296 quia
1147 224 1301 297 licet,
1334 229 1396 281 ut
1427 225 1631 297 fertur,
1658 225 1737 281 ad
1769 220 2000 293 Lugdul
2027 221 2075 272 Α
2106 214 2581 313 sit‘itnminutus,
2601 228 2747 313 spes
2775 213 2950 313 nobis
2980 215 3148 313 inest,
3168 212 3404 311 quissi.
3425 211 3491 267 in
3522 209 3630 313 illo
3661 222 3773 264 caa-

336 329 589 369 nensem
646 312 741 368 vel
788 313 1280 370 Matisconensem
1334 314 1649 385 ecclesiam
1706 313 1999 389 pertinue-

336 401 473 472 rint,
504 417 628 457 non
656 405 747 457 est
795 406 995 458 tamen
1044 401 1261 475 aliquis
1312 408 1431 459 tam
1475 404 1757 479 longaevae
1790 399 1993 469 aetatis,

336 494 442 565 qui
470 507 743 565 unquam
790 494 851 547 in
903 492 1200 564 praedictis
1234 494 1499 550 ecclesiis
1542 495 1887 551 vestituram
1921 490 1995 545 de

338 580 449 635 illis
472 579 625 635 villis
654 579 841 636 ullam
870 579 1092 636 habere
1120 581 1389 638 vidisset.
1423 585 1489 639 Et
1528 583 1672 657 quia
1698 580 1994 655 pl'zestitu-

340 674 465 723 tum
522 668 713 737 legale
753 672 991 741 tempus
1040 670 1119 725 ad
1161 672 1607 744 recuperandas
1646 668 1997 742 hujusmodi

338 752 612 824 querelas
657 753 1018 825 pertransiit,
1052 754 1249 809 omnis
1290 756 1559 827 repetitio
1590 755 1994 828 conquiescat.

341 844 631 895 Caeterum
662 839 737 896 de
789 842 1127 899 ordinando
1156 842 1375 899 abbate
1405 849 1462 900 ct
1502 844 1577 901 de
1624 844 1997 900 immunitate

338 944 538 984 rerum
590 928 779 1001 ipsius
809 931 1086 1001 ctenobii,
1120 931 1273 987 sicut
1300 933 1361 988 in
1391 933 1521 1004 jam
1559 934 1731 990 dictis
1761 931 1997 1006 privile-

343 1018 452 1085 giis
495 1018 848 1087 continetur,
898 1020 971 1075 sit
1019 1023 1438 1093 perpetualiter
1487 1024 1891 1081 observatum.
1944 1018 2001 1078 Si

342 1122 480 1161 vero
504 1106 604 1162 illa
631 1108 879 1180 praedia,
911 1123 1047 1182 quae
1078 1111 1343 1182 praedicti
1372 1128 1541 1182 reges
1570 1112 1673 1169 filii
1700 1112 1886 1168 nostri
1917 1110 1999 1167 ei-

342 1196 482 1250 dem
510 1195 644 1252 loco
674 1197 1070 1265 contulerunt,
1101 1199 1196 1255 vel
1226 1200 1453 1273 aliquid
1496 1201 1658 1258 aliud
1689 1202 1762 1257 de
1791 1201 1997 1270 rebus,

344 1288 447 1339 aut
472 1284 546 1339 de
577 1284 855 1342 coenobio
885 1287 1050 1358 quod
1078 1294 1328 1345 vocatur
1357 1286 1876 1363 Carilocus,'quod
1899 1306 2002 1345 no-

343 1378 461 1430 ster
471 1379 811 1431 antecessor
832 1391 938 1448 per
948 1377 1361 1435 auctoritatem
1386 1380 1679 1453 privilegii
1698 1381 1777 1437 ad
1797 1381 2000 1453 ipsum

345 1461 695 1519 Cluniacum
743 1464 925 1535 dedit,
972 1464 1201 1538 aliquid
1258 1484 1550 1542 usurpare
1603 1476 1707 1526 aut
1752 1470 2001 1525 retinere

2105 302 2306 369 nobio,
2333 299 2500 374 quod
2529 301 3023 375 est-quasimtit
3051 318 3121 357 ac
3146 300 3546 375 principium,
3573 296 3773 352 obser-

2106 390 2308 447 vantia
2341 389 2620 460 religiosa
2646 390 2993 454 refloruerit,
3027 394 3238 447 caetera
3291 389 3776 459 circumquaque

2105 481 2320 553 posita,
2351 479 2524 552 quasi
2577 479 2851 535 membra
2897 478 3344 536 convalescant.
3383 477 3455 533 Ut
3507 475 3674 531 enim
3705 475 3777 530 ait

2105 569 2451 644 Apostolus,
2482 571 2781 641 gaudente
2798 584 2917 627 uno
2945 570 3206 645 membro
3236 570 3483 641 reliqua
3514 564 3776 623 membra

2107 659 2527 731 congaudent;
2575 658 2658 713 sic
2689 664 2931 716 econtra
2968 675 3147 715 omne
3174 663 3361 734 caput
3388 654 3775 727 languidum,

2106 752 2164 805 et
2205 763 2387 804 omne
2431 763 2533 803 cor
2576 762 2902 804 mmrens...
2934 750 2985 805 A
3017 750 3234 819 planta
3270 748 3450 818 pedis
3485 759 3675 816 usque
3702 744 3777 799 ad

2110 839 2383 893 verticem
2414 853 2533 893 non
2560 842 2643 893 est
2674 838 2738 893 in
2764 853 2827 893 eo
2856 840 3152 895 sanitas...
3188 840 3255 894 Ut
3283 852 3506 907 ergo...
3532 850 3776 890 conver-

2110 927 2422 983 sationis...
2455 927 2605 982 sicut
2635 930 2794 982 certa
2823 923 3249 1002 verissimaque
3301 919 3602 982 relatione
3629 938 3778 980 com-

2110 1016 2396 1088 perimus,
2427 1014 2591 1088 quod
2624 1014 2783 1070 ﬁlius
2811 1020 3014 1072 noster
3033 1016 3160 1073 Odo
3185 1014 3563 1072 venerabilis
3594 1012 3777 1068 abbas

2108 1105 2166 1160 in
2196 1106 2311 1160 hoc
2337 1103 2722 1176 monasterio,
2748 1108 2807 1161 et
2832 1105 3193 1161 venerabilis
3221 1106 3314 1161 vir
3346 1108 3550 1174 Hugo,
3583 1102 3779 1157 videli-

2110 1199 2201 1251 cet
2223 1195 2347 1250 dux
2371 1194 2998 1263 Francorum,ibidem
3020 1211 3210 1269 nuper
3231 1194 3645 1259 stabilieruut,
3667 1191 3781 1247 ala-

2109 1284 2267 1340 crius
2291 1287 2348 1339 et
2377 1282 2644 1339 securius
2680 1282 2741 1339 in
2790 1283 3051 1355 regulari
3096 1283 3421 1357 disciplina
3465 1280 3779 1358 proﬁciat;

2111 1372 2479 1429 omnimodis
2503 1371 2636 1428 loco
2654 1372 2735 1427 illi
2756 1372 2956 1429 favere
2983 1389 3053 1428 ac
3071 1372 3393 1443 suffragari
3414 1378 3630 1428 nostra
3651 1387 3783 1443 apo-

2114 1462 2321 1518 stolica
2350 1461 2779 1518 ammonitione
2829 1475 2900 1517 ac
2939 1465 3287 1518 auctoritate
3318 1459 3649 1535 providere
3690 1460 3784 1515 de-

343 1551 814 1625 praesumpserit,
847 1552 1008 1610 hunc
1049 1558 1667 1614 excommunicamus.
1711 1561 1922 1616 Caetera

2203 1552 2427 1607 :vimus.
2449 1555 2649 1624 Itaque
2673 1566 2781 1624 per
2808 1551 2973 1607 illam
3006 1553 3424 1608 auctoritatem
3446 1557 3507 1608 et
3535 1554 3782 1624 potesta-

345 1644 590 1696 cunctos
620 1639 724 1712 qui
748 1641 1055 1711 adjutores
1085 1644 1272 1716 ipsius
1302 1646 1561 1703 coenobii
1601 1647 1692 1703 vel
1730 1646 1999 1703 fraterni-

345 1726 480 1782 tatis
508 1727 570 1781 in
599 1727 764 1783 bono
799 1728 1032 1797 fuerint,
1064 1732 1177 1787 hos
1206 1738 1504 1805 quantum
1535 1740 1799 1808 potestas
1827 1735 2003 1791 nobis

348 1832 386 1871 a
411 1818 527 1870 Deo
549 1830 656 1887 per
681 1815 925 1873 beatum
957 1820 1198 1877 Petrum
1228 1821 1442 1879 collata
1468 1829 1574 1886 est,
1608 1824 1757 1880 sicut
1780 1828 2002 1881 sancite

348 1904 619 1960 Ecclesiae
671 1904 877 1962 ﬁdeles
925 1924 962 1963 a
1019 1909 1145 1964 suis
1194 1912 1453 1982 peccatis
1500 1914 1830 1985 praeteritis,
1863 1914 2005 1970 sise

348 1992 672 2048 emendare
702 1992 1016 2063 voluerint,
1047 1996 1438 2063 absolvimus,
1472 2006 1529 2057 et
1563 2001 1696 2059 illos
1725 2004 1830 2075 qui
1860 2019 2004 2059 con-

348 2079 509 2136 trarii
537 2080 808 2152 quolibet
854 2083 1039 2139 modo
1076 2085 1420 2154 exstiterint,
1454 2090 1566 2145 sub
1606 2091 2007 2148 anathematis

347 2168 608 2239 vinculo,
641 2173 707 2225 ut
727 2170 857 2241 jam
888 2172 1114 2229 dictum
1141 2180 1247 2241 est,
1270 2176 1384 2232 nisi
1412 2178 1786 2252 resipuerint,
1813 2197 2006 2254 usque

349 2256 407 2312 in
438 2256 597 2313 diem
652 2259 885 2316 Domini
927 2260 1290 2334 obligamus.
1326 2267 1444 2321 Pax
1474 2272 1529 2323 et
1573 2268 1762 2337 gratia
1792 2258 2009 2327 Christi

349 2344 805 2403 observantibus
828 2350 1273 2423 multiplicetur.

423 2435 718 2508 Scriptum
745 2452 852 2508 per
876 2455 1095 2496 manus
1127 2440 1340 2498 Leonis
1368 2445 1584 2501 notarii
1624 2451 1682 2502 et
1719 2448 2006 2506 scriniarii

350 2529 571 2580 sanctae
602 2527 884 2581 Romanae
932 2528 1210 2586 Ecclesiae
1238 2531 1300 2586 in
1346 2548 1551 2589 mense
1579 2537 1882 2605 Januario,
1914 2537 2005 2593 in-

349 2612 608 2669 dictione
634 2630 706 2669 χι.
730 2614 1034 2687 Capellam
1056 2622 1257 2674 autem
1285 2622 1682 2695 Petronnano,
1711 2642 1847 2697 quae
1869 2642 2010 2683 con-

352 2700 534 2757 traria
582 2706 669 2757 est
716 2702 978 2759 ecclesiae
1035 2705 1196 2762 beati
1244 2708 1393 2764 Petri
1448 2710 1523 2766 de
1579 2714 1802 2783 Laugo,
1858 2714 2010 2771 sicut

352 2792 554 2844 actum
585 2793 674 2845 est
719 2790 781 2845 in
811 2792 1061 2848 concilio
1091 2794 1518 2868 episcoporum
1565 2800 1730 2872 apud
1774 2801 2006 2857 Cabilo-

348 2892 510 2946 nem,
541 2876 810 2935 funditus
857 2883 1477 2955 excommunicamus,
1509 2892 1567 2944 et
1604 2889 1887 2945 omnibus
1919 2907 2008 2947 sa-
2038 2915 2080 2966 ο

349 2965 690 3021 cerdotibus
720 2968 1103 3041 praecipimus
1148 2988 1220 3027 ex
1254 2973 1352 3028 Dei
1382 2979 1437 3030 et
1484 2978 1539 3032 S.
1574 2978 1719 3033 Petri
1750 2981 2007 3035 auctori—

350 3059 487 3124 tate,
518 3054 614 3110 vel
652 3061 881 3127 nostra,
912 3064 977 3115 ut
1004 3059 1205 3115 nullus
1235 3060 1293 3116 in
1342 3078 1414 3119 ea
1442 3064 1709 3121 divinum
1741 3067 2007 3125 ofﬁcium

350 3157 527 3211 agere
556 3148 906 3214 praesumat.

1114 3256 1250 3311 VIII.

422 3371 611 3411 LEONIS
644 3373 715 3411 γη
743 3373 1097 3417 PRIVILEGIUM
1129 3380 1234 3419 PRO
1260 3381 1605 3425 MONASTERIO
1636 3388 1683 3427 S.
1717 3388 1935 3428 BENEDI-

931 3464 1017 3503 CT!
1058 3468 1435 3511 FLORIACENSI.

995 3538 1190 3610 (Anno
1219 3544 1371 3616 938.)

350 3621 807 3714 Monasteri'i
826 3627 1131 3714 βεῃειζὶςίι
1170 3632 1570 3714 Floriacensis
1600 3634 1983 3714 (lisezplinam

420 3695 720 3784 ag‘anne
743 3697 957 3784 abbate
978 3707 1032 3757 et
1050 3703 1326 3784 Ezcgone,
1345 3693 1687 3784 duc-eilia};
1686 3693 2011 3784 5.33313213363

420 3765 712 3856 stitutam,
725 3774 791 3856 rel
812 3765 1207 3838 possessiones
1243 3783 1297 3831 et
1316 3765 1648 3853 privilegia
1662 3765 2005 3856 legitima}.

409 3855 607 3952 [-Apud
629 3855 840 3952 nubili.
868 3859 1025 3917 Acta
1053 3863 1161 3918 SS.
1196 3868 1327 3922 ord.
1356 3870 1418 3925 δ.
1440 3871 1683 3941 Bened.,
1712 3855 1785 3928 v.
1804 3881 1953 3952 907.]

424 3945 535 3998 Leo
564 3943 908 4018 episcopus,
942 3965 1149 4006 servus
1180 3966 1487 4014 servorum
1525 3961 1642 4027 Dei,
1676 3965 1851 4020 ODONI
1883 3943 2014 4023 rcliv-

352 4031 520 4102 gioso
548 4031 756 4089 abbati
782 4038 1138 4096 venerabilis
1171 4048 1519 4105 monasterii
1553 4053 1742 4108 sancti
1775 4057 2011 4113 Benedi-

353 4120 448 4188 cti,
479 4120 584 4192 qui
631 4126 689 4177 et
726 4123 1133 4216 Floriacensis,
1164 4130 1225 4187 in
1273 4151 1396 4207 quo
1441 4137 1564 4211 ipse
1608 4143 1925 4216 requiescit
1951 4147 2009 4203 in

353 4222 621 4279 corpore,
653 4225 724 4265 ac
752 4226 860 4283 per
885 4216 940 4268 te
968 4214 1030 4271 in
1057 4218 1271 4276 eodem
1313 4229 1678 4285 monasterio
1695 4214 2014 4291 venerabi-

350 4294 412 4368 li,
445 4296 681 4370 tuisque
712 4305 1161 4362 successoribus
1192 4307 1252 4365 in
1282 4318 1660 4387 perpetuum.

424 4386 709 4483 Eonvenit
736 4391 1086 4483 apostolico
1135 4386 1532 4462 moderamini
1581 4408 1680 4479 pia
1728 4411 2011 4483 religione

350 4473 714 4575 pollentibus
734 4478 1001 4575 benigna
1020 4490 1451 4561 compassione
1470 4473 1811 4555 succurrere
1821 4473 1895 4565 ,ξι
1909 4517 2014 4575 po-

352 4564 883 4663 scentiumanimis
904 4572 1089 4631 alacri
1111 4576 1427 4638 devotione
1444 4599 1760 4642 assensum
1788 4564 2009 4663 imper-

351 4651 464 4708 tiri.
605 4655 721 4712 hoc
745 4658 907 4716 enim
924 4660 1077 4751 lucri
1097 4667 1481 4738 potissimum
1500 4674 1816 4743 praemium
1844 4651 2010 4751 apud

352 4741 723 4837 conditorem
768 4750 1044 4807 omnium
1087 4756 1274 4811 Deum
1318 4741 1585 4815 obtinere
1626 4741 2008 4837 confidimus,

352 4828 499 4887 dum
526 4835 890 4895 venerabilia
913 4839 1048 4898 loca
1078 4847 1283 4899 nostro
1299 4845 1515 4903 fuerint
1540 4850 1907 4912 adminiculo
1923 4828 2010 4914 re:

350 4925 582 4988 parata.
616 4924 685 4980 Et
713 4926 775 4981 in
803 4926 920 4983 hoc
943 4929 1236 4985 debemus
1265 4945 1444 4991 omne
1468 4939 1731 4998 studium
1753 4942 2006 5004 habere:

353 5009 431 5100 ut.
445 5009 590 5077 quia
617 5014 834 5070 nostris
861 5016 1118 5087 peccatis
1136 5018 1510 5089 exigentibus
1530 5044 1729 5088 rerum
1753 5035 1901 5092 ordo
1925 5038 2008 5093 ni-

352 5098 468 5196 mis
517 5098 788 5158 turbatus
817 5109 923 5172 est,
954 5103 1147 5176 illum,
1175 5105 1534 5181 inquantum
1580 5121 1699 5177 Deo
1724 5122 2008 5196 largiente

349 5194 695 5282 possumus,
727 5196 1055 5284 sustentare
1099 5211 1395 5259 curemus.
1450 5207 1590 5265 Inde
1642 5227 1785 5284 ergo
1822 5194 2005 5275 valde

352 5280 540 5372 gavisi
569 5289 799 5372 su‘mu-s,
821 5280 967 5351 quia
996 5284 1347 5357 praedictum
1377 5280 2009 5362 cmnobiumvbeatissi-

348 5362 449 5465 min
462 5362 773 5432 Benedicti,
797 5370 910 5465 qui
951 5377 1041 5430 est
1089 5377 1256 5433 Pater
1302 5387 1356 5437 et
1386 5385 1509 5442 dux
1543 5393 2001 5465 monachorum,

346 5448 722 5546 reflorescere
739 5455 819 5512 ad
840 5473 1118 5519 normam
1134 5472 1481 5529 monasticae
1510 5448 2006 5546 religionisauili:

346 5550 501 5595 mus.
522 5542 668 5601 Nam
687 5560 823 5615 cum
846 5547 940 5617 ille
960 5555 1327 5613 monasticae
1343 5564 1491 5619 ordo
1509 5542 1761 5625 nimium
1780 5570 2004 5645 ubique

2114 1647 2255 1708 tem,
2280 1657 2468 1715 quam
2499 1641 2761 1698 Christus
2787 1642 3073 1697 Dominus
3095 1646 3295 1698 noster
3316 1643 3377 1697 in
3404 1642 3594 1697 beato
3626 1643 3783 1696 Petro

2114 1730 2524 1804 apostolorum
2573 1729 2841 1803 principe
2879 1730 3208 1786 rectoribus
3252 1735 3468 1787 sancta
3514 1728 3782 1785 Ecclesia:

2114 1818 2425 1888 concessit,
2439 1834 2545 1891 per
2559 1818 2611 1890 ej
2622 1836 2688 1873 us
2707 1833 2954 1892 quoque
2976 1818 3318 1892 apostolicae
3333 1824 3568 1876 nostrae
3589 1822 3785 1875 aucto-

2112 1908 2300 1965 ritatis
2330 1904 2677 1981 [decretum]
2707 1906 3123 1963 constituimus
3169 1915 3354 1982 atque
3400 1905 3781 1973 ordinamus,

2118 2003 2183 2054 ut
2204 2013 2517 2069 nunquam
2549 1995 2716 2052 locus
2743 1992 2861 2067 ille,
2895 2002 3000 2054 aut
3026 2009 3120 2054 res
3148 1988 3439 2071 quaelibet
3473 1989 3559 2054 ad
3587 1990 3783 2071 ipsum

2114 2087 2498 2160 pertinentes,
2549 2083 2662 2142 sub
2714 2085 2968 2157 alicujus
3017 2090 3330 2160 potestate,
3372 2087 3492 2143 nisi
3552 2092 3783 2143 tantum

2114 2177 2243 2248 regi
2271 2175 2684 2242 submittatur;
2716 2191 2910 2249 neque
2941 2176 3072 2249 ipse
3100 2192 3222 2239 rex,
3254 2176 3349 2233 vel
3373 2176 3601 2251 aliquis
3630 2178 3786 2251 prino

2116 2282 2278 2339 ceps,
2306 2280 2576 2338 unquam
2608 2265 2806 2337 ipsum
2848 2264 3053 2322 locum
3082 2266 3279 2323 tr-dat
3320 2271 3431 2323 aut
3475 2266 3784 2340 episcopo,

2120 2360 2223 2413 aut
2246 2354 2558 2419 canonico,
2591 2353 2683 2409 vel
2713 2352 2888 2410 alicui
2921 2354 3147 2425 abbati,
3181 2357 3302 2410 sive
3340 2354 3503 2411 laico
3535 2356 3784 2419 homini,

2118 2448 2222 2501 aut
2256 2443 2498 2500 cuilibet
2525 2458 2797 2515 personis
2842 2442 2919 2499 ad
2951 2443 3397 2501 dominandum
3425 2459 3438 2500 :
3497 2442 3610 2501 sed
3642 2445 3789 2500 sicut

2116 2534 2437 2607 prmdictus
2485 2534 2652 2588 Pater
2700 2532 3048 2589 Benedictus
3078 2528 3404 2605 constituit,
3439 2525 3626 2590 talem
3658 2537 3789 2607 past

2117 2623 2449 2679 discessum
2481 2620 2805 2695 supradicti
2834 2621 3074 2679 abbatis
3105 2623 3329 2680 Odonis
3360 2624 3657 2680 monachi
3682 2624 3787 2679 ha-

2116 2711 2317 2777 beant,
2376 2710 2620 2783 qualem
2668 2710 2863 2767 omnis
2920 2712 3331 2783 congregatio,
3397 2713 3492 2769 vel
3539 2714 3788 2769 minima

2118 2817 2260 2874 pars
2299 2799 2520 2856 saniori
2560 2799 2809 2856 consilio
2859 2801 3197 2857 secundum
3256 2804 3447 2858 Deum
3480 2801 3787 2873 elegerint.

2119 2890 2242 2945 sive
2270 2889 2345 2944 de
2374 2889 2506 2962 ipsa
2548 2888 3029 2961 congregatione,
3063 2890 3187 2945 sive
3233 2890 3311 2947 de
3357 2890 3480 2947 alia
3519 2890 3783 2964 qualibet

2120 2979 2450 3035 monastica
2477 2976 2834 3035 fraternitate
2866 2976 3058 3049 fuerit.
3087 2967 3141 3038 Si
3160 2986 3363 3037 autem
3387 2980 3582 3055 (quod
3612 2977 3786 3038 absit)

2121 3068 2297 3127 talem
2352 3086 2674 3143 personam
2723 3070 2937 3141 eligere
2986 3070 3326 3141 maluerint,
3375 3071 3486 3145 qui
3544 3071 3643 3129 vel
3686 3088 3787 3145 per

2122 3177 2362 3227 munus,
2395 3160 2488 3215 vel
2518 3176 2622 3233 per
2651 3160 3036 3233 cupiditatem
3085 3161 3282 3217 inanis
3326 3160 3539 3232 glorise
3580 3176 3785 3235 praees-

2119 3266 2181 3306 se
2211 3249 2460 3306 voluerit
2486 3267 2498 3315 ;
2549 3248 2663 3304 hoc
2693 3263 2798 3321 per
2825 3264 3047 3305 nomen
3082 3250 3317 3305 Domini
3346 3255 3408 3305 et
3438 3255 3668 3306 sanctae
3698 3260 3787 3319 ge-

2117 3338 2339 3397 nitricis
2368 3338 2515 3410 ejus,
2550 3338 2608 3393 in
2640 3333 2810 3410 cujus
2838 3334 3065 3395 honore
3096 3329 3263 3395 locus
3311 3332 3445 3413 ipse
3476 3332 3785 3395 dedicatus

2118 3432 2227 3498 est,
2259 3434 2493 3484 necnon
2536 3432 2593 3483 et
2638 3427 2792 3483 beati
2839 3427 2988 3483 Petri
3044 3428 3316 3484 omnium
3382 3420 3779 3485 Ecclesiarum

2118 3512 2423 3593 principis,
2469 3516 2832 3573 omnimodis
2871 3517 3283 3589 prohibemus.
3327 3521 3396 3574 Et
3439 3519 3783 3592 quieunque

2122 3608 2214 3664 vel
2242 3608 2316 3663 de
2344 3606 2490 3680 ipsis
2522 3606 2854 3672 monachis,
2888 3606 2979 3662 vel
3008 3596 3082 3663 de
3108 3596 3380 3680 quolibet
3402 3597 3622 3663 ordine
3642 3620 3783 3670 qua-

2119 3692 2430 3770 liscunque
2454 3701 2732 3769 persona,
2766 3701 2865 3751 aut
2909 3694 2969 3751 in
3019 3696 3361 3753 ordinando
3409 3695 3659 3763 abbate,
3691 3699 3786 3749 aut

2120 3786 2456 3842 inlzesione
2508 3801 2728 3853 rerum,
2765 3786 2884 3840 sive
2940 3785 2997 3840 in
3049 3784 3427 3841 detrahenda
3474 3785 3569 3841 vel
3614 3786 3786 3856 impc-

2121 3875 2341 3931 dienda
2372 3875 2839 3944 conversatione,
2868 3891 3053 3947 quam
3088 3874 3303 3930 novelli
3347 3874 3569 3931 fratres
3598 3879 3784 3929 tenere

2121 3966 2231 4021 visi
2278 3965 2410 4030 sint,
2444 3964 2789 4021 contrarius'
2822 3966 3124 4033 exstiterit,
3156 3966 3320 4021 hunc
3373 3964 3494 4021 sub
3552 3963 3787 4020 anathe-

2122 4054 2300 4110 matis
2332 4053 2569 4110 vinculo
2599 4052 2981 4123 innodamus,
3015 4050 3207 4110 donec
3258 4051 3626 4111 humiliatus
3656 4051 3788 4108 resi-

2123 4144 2331 4215 piscat.
2365 4140 2540 4198 Villas
2570 4159 2707 4199 vero
2736 4158 2887 4216 quas
2918 4141 2976 4198 in
3007 4157 3161 4215 opus
3193 4143 3451 4198 fratrum
3484 4158 3597 4215 per
3623 4146 3788 4198 testa-

2125 4228 2306 4291 menti
2334 4233 2739 4289 auctoritatem
2774 4227 2852 4288 ab
2879 4226 3137 4305 antiquis
3164 4237 3403 4289 constat
3434 4250 3568 4289 esse
3593 4228 3788 4289 decre-

2124 4329 2233 4389 tas,
2267 4324 2339 4379 ici'
2356 4329 2444 4379 est
2470 4317 2664 4395 ipsam
2692 4321 2905 4378 vallem
2932 4325 3142 4391 totam,
3173 4326 3230 4379 et
3256 4322 3786 4395 Caput-Pervium.

2122 4419 2180 4470 et
2222 4416 2487 4480 Everam,
2539 4417 2595 4467 et
2647 4411 3121 4479 Arminicurtein,
3172 4418 3230 4468 et
3282 4413 3559 4479 Diacum,
3612 4416 3788 4485 atque

2121 4502 2453 4567 Toriacum,
2486 4506 2543 4557 et
2574 4498 2957 4569 Sarmaciola,
2990 4496 3079 4557 vel
3110 4500 3271 4574 quod
3306 4496 3475 4575 apud
3511 4504 3791 4573 Stampas

2119 4591 2340 4648 habere
2397 4589 2646 4657 videtur,
2705 4593 2761 4646 et
2815 4589 3134 4660 Vinolium,
3176 4589 3299 4646 sive
3359 4596 3579 4647 cetera
3626 4606 3787 4663 quae-

2120 4696 2359 4754 cunque
2410 4682 2469 4737 in
2530 4679 2812 4753 praedicto
2855 4684 3208 4736 testamento
3248 4681 3662 4746 continentur,
3713 4679 3791 4734 ita

2119 4770 2233 4825 sibi
2282 4768 2679 4826 communiter
2740 4768 2950 4825 fratres
3025 4768 3320 4836 habeant,
3377 4773 3442 4824 ut
3490 4784 3608 4824 nec
3666 4769 3791 4841 ipse

2120 4859 2332 4925 abbas,
2365 4875 2473 4914 nec
2523 4858 2723 4931 aliqua
2767 4873 3023 4930 persona
3078 4859 3136 4913 in
3186 4862 3481 4931 potestate
3542 4856 3790 4913 alterius

2116 4950 2456 5023 quidquam
2508 4948 2760 5019 dirigere
2819 4948 3024 5019 possit.
3072 4951 3132 5002 In
3181 4946 3528 5003 ordinando
3586 4952 3791 5003 autem

2118 5038 2337 5095 abbate
2392 5042 2514 5094 tam
2561 5052 2683 5103 rex,
2715 5052 2901 5108 quam
2945 5035 3232 5108 episcopi,
3266 5035 3361 5090 vel
3390 5035 3540 5091 boni
3574 5036 3794 5107 princi-

2115 5145 2242 5202 pes,
2269 5128 2364 5185 vel
2392 5128 2548 5195 laici,
2580 5128 2737 5183 hanc
2769 5130 3118 5198 potestatem
3145 5126 3316 5194 juxta
3346 5125 3510 5181 beati
3531 5124 3791 5181 Benedi-

2117 5219 2156 5275 ti
2213 5223 2579 5293 praeceptum
2640 5216 2923 5283 habeant,
2978 5220 3043 5271 ut
3100 5232 3425 5288 pravorum
3480 5231 3609 5271 non
3662 5231 3795 5287 per-

2116 5309 2353 5365 mittant
2399 5306 2718 5381 praavalere
2762 5320 3125 5361 consensum
3156 5322 3167 5359 :
3221 5304 3324 5360 sed
3358 5304 3541 5360 talem
3575 5306 3796 5360 consti-

2116 5402 2305 5467 tuant,
2336 5397 2438 5471 qui
2490 5396 2825 5453 secundum
2857 5394 3148 5464 regulam,
3182 5399 3239 5449 et
3275 5393 3593 5464 religiosas
3647 5409 3792 5467 prse-

2114 5488 2411 5544 dictorum
2462 5490 2701 5557 Patrum
2741 5482 3202 5540 consuetudines
3232 5498 3492 5554 praeesse
3526 5482 3789 5538 studeat.

2117 5577 2270 5642 Quia
2296 5592 2436 5634 vero
2461 5576 2591 5647 jam
2617 5575 2812 5635 dictus
2840 5571 2987 5655 ordo
3015 5571 3196 5627 nimis
3221 5585 3377 5644 pene
3400 5570 3633 5661 ubique
3662 5574 3792 5631 erat
