4014 6198
208 171 342 227 1077

1451 163 1817 223 EPISTOLE
1854 161 1940 216 ET
1976 161 2385 218 PRIVILEGIA.

3230 92 3267 108 κθ

3491 168 3625 221 1078

193 294 645 368 praevaricatus,
697 297 754 350 et
796 292 1068 348 nonnulli
1118 292 1330 350 fratres
1381 293 1442 348 in
1487 285 1859 364 quibusdam
1890 284 1941 339 Α
1967 284 2422 356 superabundat
2448 285 2731 358 iniquitas
2766 285 2885 341 :ita
2909 289 2976 340 ut
3015 301 3216 341 rerum
3265 285 3414 342 ordo
3461 291 3621 344 totus

197 383 494 440 coenobiis
522 382 943 453 ingemiscunt,
977 382 1143 455 quod
1171 398 1281 437 nec
1307 382 1420 454 ipsi
1452 381 1683 453 absque
1724 391 1859 450 pro-

197 472 450 545 prietate
522 470 882 540 conservari,
935 469 1031 525 vel
1100 469 1249 526 alios
1307 469 1531 525 habere
1589 466 1859 523 volentes

197 561 524 618 emendare
572 576 696 616 non
744 564 1022 633 possunt,
1049 559 1247 616 visum
1277 559 1453 616 nobis
1481 562 1569 615 est
1611 562 1676 614 ut
1702 557 1861 613 hanc

195 649 503 707 licentiam
529 647 887 719 tribuamus,
911 648 1078 722 quod
1103 648 1188 704 eis
1209 648 1313 721 qui
1342 647 1637 704 voluerint
1663 643 1860 702 studio

197 737 587 796 meliorandae
615 738 747 793 vitae
800 738 875 793 ad
922 738 1122 810 ipsum
1169 737 1386 794 ducem
1420 736 1859 793 monachorum

199 825 547 895 confugere,
598 842 635 882 a
692 826 814 882 suis
871 826 1193 883 abbatibus
1241 841 1365 881 non
1417 829 1706 894 negetur:
1754 820 1861 877 sed

197 912 410 969 tandiu
430 913 606 970 liceat
626 913 739 970 illis
759 930 1112 988 permanere
1140 915 1311 986 juxta
1340 910 1857 977 consuetudinem,

197 1018 389 1075 quam
434 1002 768 1059 invenerint
822 1002 988 1076 apud
1040 1003 1251 1060 fratres
1279 1000 1547 1076 praedicti
1578 998 1857 1066 ccenobii,

194 1106 518 1165 quousque
572 1091 633 1147 in
703 1092 826 1147 suis
897 1091 1276 1148 monasteriis
1345 1090 1495 1147 ordo
1567 1087 1858 1158 regularis

194 1180 409 1235 ﬂorere
430 1179 724 1237 videatur.
755 1183 1008 1237 Econtra
1034 1180 1454 1253 permittimus,
1483 1183 1549 1234 ut
1601 1177 1652 1233 si
1682 1177 1855 1233 alicui

191 1269 388 1324 de.....
423 1284 677 1325 onerosa
699 1269 891 1336 fuerit,
922 1274 987 1326 ut
1008 1286 1117 1326 suo
1140 1270 1337 1342 potius
1361 1267 1854 1324 detrimento......

190 1356 483 1425 discedat,
525 1363 590 1414 ut
633 1373 756 1414 non
787 1358 937 1414 alios
968 1358 1277 1436 inquietet:
1306 1360 1596 1414 Caeterum
1639 1356 1857 1411 immu-

191 1445 466 1502 nitas.....
500 1446 865 1502 auctoritatis
909 1450 1129 1502 nostrre
1156 1446 1476 1503 constituta
1516 1445 1600 1500 sic
1631 1443 1857 1499 illibata

193 1536 256 1590 in
302 1535 586 1591 omnibus
638 1535 806 1602 locis,
855 1538 943 1606 [ut
998 1536 1186 1607 nulla]
1246 1534 1553 1608 potestatis
1595 1548 1857 1606 persona

1967 389 2122 447 pene
2166 375 2440 432 turbatus
2495 376 2589 441 sit,
2622 379 2681 430 et
2725 373 2927 430 nullus
2968 374 3097 444 jam
3138 373 3305 430 locus
3351 373 3623 445 religioni

1966 468 2188 520 restare
2206 464 2495 520 videatur.
2532 468 2648 520 Nos
2675 479 2818 519 vero
2866 462 3056 536 (quod
3085 462 3262 518 nimis
3282 454 3622 521 dolendum

1967 553 2072 624 est)
2104 568 2216 609 nec
2261 568 2336 609 ex
2390 553 2645 609 adverso
2700 551 3047 621 ascendere,
3099 564 3205 605 nec
3255 550 3623 624 impietatem

1967 641 2289 714 reprimere
2318 645 2616 698 certamus
2646 658 2659 695 :
2690 640 2795 696 sed
2836 638 3135 713 quidquid
3159 637 3324 694 aliud
3343 643 3430 694 est
3458 641 3626 711 quod

1966 728 2238 797 religioni
2307 728 2679 795 adversatur,
2738 726 2963 784 clausis
3016 724 3381 782 mentalibus
3439 726 3625 781 oculis

1967 817 2333 887 negligenter
2361 816 2744 873 transilimus.
2769 819 2973 885 Porro,
3003 813 3283 887 quamvis
3327 813 3542 869 inertes
3569 818 3628 871 et

1967 906 2270 973 desidiosi,
2327 910 2595 961 nostram
2661 904 3086 976 negligentiam
3143 902 3389 959 minime
3454 902 3627 975 perti-

1966 1010 2328 1064 mescamus,
2359 994 2637 1063 ignorare
2668 997 2870 1049 tamen
2923 1007 3047 1047 non
3080 1006 3426 1064 possumus,
3458 990 3625 1062 quod

1966 1082 2041 1138 de
2071 1087 2274 1139 nostra
2304 1081 2662 1137 villicatione
2695 1083 2813 1136 Deo
2843 1078 3139 1136 rationem
3190 1077 3478 1134 reddituri
3532 1094 3627 1133 su-

1966 1188 2126 1228 mus.
2173 1174 2568 1244 Quapropter,
2623 1169 2978 1238 charissimi,
3008 1168 3292 1235 nitamur,
3326 1172 3626 1240 quantum

1966 1276 2074 1333 per
2101 1261 2372 1317 divinam
2417 1259 2672 1330 gratiam
2699 1273 3045 1331 possumus,
3076 1262 3141 1312 ut
3168 1273 3205 1312 a
3234 1256 3628 1313 custodienda

1965 1349 2249 1420 religione
2278 1348 2372 1406 vel
2400 1348 2515 1421 piis
2540 1347 2773 1404 actibus
2798 1362 2872 1402 ex
2922 1350 3047 1401 toto
3094 1345 3265 1401 vacui
3313 1360 3438 1401 non
3467 1345 3626 1401 inve-

1966 1439 2224 1495 niamur.
2259 1441 2327 1494 Ut
2365 1441 2567 1493 autem
2599 1434 2678 1492 ad
2706 1451 2835 1491 rem
2864 1434 3181 1490 veniamus
3209 1433 3289 1489 ob
3323 1434 3495 1504 cujus
3524 1450 3625 1490 oc-

1968 1528 2271 1584 casionem
2340 1526 2456 1582 ista
2516 1526 2713 1581 dicere
2775 1522 3091 1596 cmpimus,
3145 1522 3488 1579 intimatum
3539 1527 3629 1580 est

193 1622 490 1679 familiam
517 1624 894 1695 distringere,
928 1629 1034 1680 aut
1061 1640 1155 1680 res
1200 1626 1363 1697 ipsas
1414 1637 1728 1696 usurpare,
1754 1624 1857 1677 aut
1893 1632 1939 1686 Β
1967 1616 2164 1686 nobis,
2196 1615 2374 1672 etiam
2404 1619 2462 1670 et
2489 1618 2649 1670 certa
2677 1612 3114 1684 verissimaque
3143 1611 3428 1667 relatione
3458 1626 3626 1667 com-

192 1712 531 1785 inquietare
559 1717 905 1786 praesumat.
962 1713 1181 1769 Verum
1241 1717 1308 1768 ut
1351 1713 1479 1768 haec
1522 1710 1728 1768 omnia
1753 1709 1856 1765 ﬁr-

194 1802 359 1858 mius
390 1807 726 1869 teneantur,
744 1802 1091 1875 quicunque
1120 1803 1424 1873 adjutores
1444 1802 1631 1874 ipsius
1662 1815 1858 1856 coeno-

190 1889 281 1945 bii
303 1889 683 1945 fraternitatis
712 1890 772 1945 in
795 1890 958 1946 bono
988 1891 1222 1954 fuerint,
1252 1890 1382 1957 hos,
1417 1894 1716 1962 quantum
1746 1902 1856 1943 no-

192 1977 294 2033 bis
320 1982 582 2050 potestas
608 1993 644 2033 a
672 1981 789 2033 Dco
817 1993 923 2050 per
950 1977 1194 2034 beatum
1238 1980 1475 2033 Petrum
1503 1976 1717 2033 collata
1745 1980 1851 2043 est,

193 2066 599 2123 sicutvsanctae
632 2067 901 2123 Ecclesiae
932 2067 1157 2133 ﬁdeles,
1190 2068 1239 2124 si
1284 2066 1607 2123 emendare
1656 2065 1854 2122 volue-

190 2155 334 2225 rint,
367 2155 743 2212 absolvimus
768 2145 789 2224 ξ
812 2156 943 2213 illos
968 2172 1110 2213 vero
1147 2157 1253 2229 qui
1280 2155 1560 2212 contrarii
1590 2154 1857 2227 quolibet

190 2244 383 2299 modo
407 2245 752 2312 exstiterint,
782 2245 897 2300 sub
923 2244 1321 2300 anathematis
1350 2244 1609 2307 vinculo,
1643 2246 1708 2297 ut
1725 2243 1855 2312 jam

185 2331 425 2387 dictum
455 2336 561 2398 est,
584 2331 694 2387 nisi
725 2332 1102 2403 resipuerint,
1129 2346 1320 2403 usque
1351 2330 1412 2385 in
1433 2330 1593 2385 diem
1622 2327 1854 2384 Domini

186 2421 562 2489 obligemus.
622 2422 737 2475 Pax
790 2426 847 2475 et
898 2420 1088 2490 gratia
1134 2419 1344 2476 Christi
1392 2417 1855 2476 observantibus

188 2507 643 2580 multiplicetur.

270 2596 566 2669 Scriptum
595 2612 702 2670 per
730 2613 984 2653 manum
1012 2596 1301 2653 Theodori
1352 2596 1562 2653 notarii
1615 2599 1671 2651 et
1715 2594 1855 2651 sub-

190 2684 437 2741 diaconi
466 2686 523 2740 S.
559 2685 623 2740 lt.
652 2687 711 2740 E.
746 2685 807 2740 in
838 2701 1044 2742 mense
1086 2685 1396 2749 Januario,
1422 2684 1746 2740 indictione
1769 2699 1851 2741 ιι.

196 2777 354 2827 Bene
411 2771 623 2828 valete.
672 2774 885 2830 Datum
916 2790 953 2828 v
1006 2774 1142 2829 ldus
1183 2772 1418 2829 Januaii
1462 2788 1570 2845 per
1598 2788 1852 2829 manum

192 2860 415 2917 Nicolai
445 2860 765 2933 primicerii
806 2877 1061 2917 summa;
1106 2860 1446 2934 apostolicae
1478 2860 1662 2932 sedis,
1690 2876 1851 2917 anno

190 2953 319 3006 Deo
367 2950 627 3024 propitio
680 2951 1062 3022 pontiﬁcatus
1119 2951 1349 3006 domini
1398 2951 1583 3006 nostri
1643 2950 1850 3006 Leonis
1891 2977 1945 3032 ρ,

194 3040 493 3112 pontiﬁcis
524 3044 580 3096 et
604 3039 957 3095 universalis
1006 3040 1094 3094 VII
1126 3056 1300 3112 papae
1338 3039 1400 3095 in
1448 3040 1851 3096 sacratissima

192 3128 337 3184 sede
392 3128 549 3183 beati
600 3128 747 3183 Petri
805 3128 1059 3201 apostoli
1088 3145 1165 3193 ιιι,
1198 3128 1259 3183 in
1315 3143 1523 3184 mense
1572 3133 1629 3184 et
1668 3127 1853 3183 indic-

194 3218 355 3273 tione
384 3218 827 3290 suprascriptis.

970 3326 1070 3380 IX.

190 3430 387 3470 LEOle
440 3430 521 3469 VII
585 3429 852 3469 EPISTOLA
933 3430 1003 3469 AD
1076 3428 1349 3469 GUIDONEM
1427 3429 1848 3476 LUGDl'NBNSEM,

571 3500 891 3540 TUTELONEM
931 3500 1314 3551 TURONENSEM,
1355 3489 1468 3539 etc.

834 3575 1027 3645 (Anno
1056 3576 1207 3636 938.)

189 3661 590 3718 Miserabilem
640 3663 919 3719 Ecclesiae
941 3667 1164 3717 statum
1194 3662 1367 3729 deﬂet
1388 3676 1412 3730 ,'
1455 3660 1529 3715 de
1577 3661 1852 3729 regulari

264 3733 588 3800 disciplina
608 3734 671 3788 in
692 3733 1119 3789 monasterium
1137 3732 1520 3788 Floriacense
1546 3730 1622 3787 ab
1650 3731 1852 3787 Odone

263 3803 479 3860 abbate
508 3806 775 3861 reducta.

603 3893 798 3967 [Apud
827 3892 1041 3950 Mabill.
1076 3893 1180 3948 ubi
1205 3893 1440 3962 supra]

266 4004 376 4056 Leo
405 4000 743 4073 episcopus,
792 4015 1000 4056 servus
1048 4015 1358 4056 servorum
1419 3998 1535 4066 Dei,
1570 3997 1851 4054 fratribus

189 4094 249 4144 et
279 4087 437 4153 ﬁliis,
473 4088 736 4144 videlicet
758 4087 1244 4161 archiepiscopis,
1276 4091 1457 4159 atque
1486 4103 1695 4143 eorum
1726 4086 1850 4142 suf-

188 4177 511 4247 fraganeis,
547 4179 778 4233 Gunnom
807 4176 1078 4233 Ecclesiae
1112 4174 1546 4246 Lugdunensis,
1576 4178 1852 4231 TUTELONI

187 4267 567 4334 Turonensis,
602 4270 873 4323 Gencnco.
897 4265 1291 4335 Bituricensis,
1324 4267 1621 4322 GERLAUNO
1674 4266 1853 4320 Seno-

189 4355 414 4426 nensis,
460 4361 726 4410 Aanwo
784 4354 1135 4411 Rhemensis
1203 4357 1383 4425 atque
1437 4350 1851 4409 sucessoribus

190 4461 403 4501 corum
432 4445 494 4500 in
523 4449 859 4518 perpetum.

268 4532 427 4590 Sicut
473 4537 672 4589 vestra
700 4532 853 4588 ﬁdes
884 4536 943 4588 et
969 4531 1161 4604 pietas
1187 4546 1311 4587 non
1366 4530 1624 4601 ignorat,
1654 4530 1850 4587 intan-

193 4629 322 4679 tum
354 4622 617 4680 Christus
668 4621 953 4678 Dominus
994 4625 1195 4676 noster
1233 4626 1504 4677 sanctam
1532 4620 1852 4677 Ecclesiam

193 4711 417 4780 dilexit,
480 4716 542 4767 ut
598 4726 735 4766 eam
790 4708 1037 4782 proprio
1094 4709 1389 4778 sanguine
1454 4714 1850 4781 compararet,

192 4818 381 4874 quam
413 4806 470 4857 et
514 4800 741 4857 caeteris
770 4799 1017 4872 quidem
1046 4798 1334 4871 apostolis
1364 4803 1422 4854 et
1449 4813 1659 4855 eorum
1718 4816 1853 4855 suc-

193 4892 531 4948 cessoribus
564 4890 1031 4947 commendavit.
1069 4888 1183 4946 Sed
1230 4889 1490 4945 maxime
1543 4905 1651 4961 per
1694 4889 1857 4962 ipso-

190 4998 331 5038 rum
386 4981 686 5054 principes
744 4979 1160 5036 beatissimum
1212 4980 1450 5034 Petrum
1500 4982 1557 5035 et
1605 4978 1855 5036 Paulum

192 5072 352 5127 hanc
406 5070 721 5143 disponere
779 5068 1041 5125 decrevit
1080 5086 1091 5123 :
1147 5083 1410 5139 quorum
1484 5084 1856 5125 successores

192 5165 321 5217 tam
350 5164 410 5214 in
438 5159 551 5214 hac
583 5163 792 5214 sancta
838 5156 1002 5226 sede,
1044 5171 1232 5229 quam
1286 5154 1511 5228 ubique
1541 5160 1856 5225 terrarum,

192 5249 543 5323 quicunque
593 5263 666 5302 ex
714 5245 833 5302 ﬁde
881 5244 1107 5313 vixerit,
1159 5243 1439 5300 eamdem
1494 5245 1753 5319 quisque
1797 5246 1859 5301 in

196 5351 309 5389 suo
363 5339 633 5407 tempore
680 5335 859 5413 juxta
910 5332 1253 5407 apostolicae
1327 5332 1685 5390 instiutionis
1748 5334 1860 5390 for-

200 5439 366 5479 mam
405 5438 609 5493 regere
664 5421 1000 5477 studerunt.
1056 5422 1193 5492 Sed,
1227 5426 1292 5477 ut
1342 5421 1865 5479 considerantibus

196 5513 405 5587 palam
453 5518 561 5583 est,
602 5512 663 5568 in
712 5511 805 5567 his
853 5512 1070 5568 nostris
1116 5511 1332 5568 diebus
1379 5516 1653 5586 tempora
1718 5512 1870 5585 peri-

199 5602 410 5660 culosa
443 5605 755 5670 venerunt,
798 5603 855 5657 et
896 5599 1246 5670 frigescente
1283 5601 1568 5659 charitate
1613 5600 1868 5659 nimium

1966 1707 2256 1779 perimus,
2286 1703 2452 1776 quod
2481 1702 2639 1758 ﬁlius
2668 1705 2870 1757 noster
2900 1700 3029 1757 Odo
3049 1698 3409 1756 venerabilis
3435 1699 3626 1755 abbas

1966 1812 2041 1852 ex
2105 1792 2475 1850 monasterio
2534 1790 2869 1847 admodum
2923 1788 3272 1856 reverendo,
3327 1788 3627 1845 vocabulo

1968 1883 2253 1952 Floriaco,
2281 1880 2446 1954 quod
2477 1884 2565 1935 est
2593 1880 2655 1934 in
2675 1879 2905 1934 honore
2934 1882 3155 1934 sanctre
3194 1877 3297 1933 Dei
3327 1877 3625 1948 genitricis

1963 1971 2154 2030 Maria:
2197 1975 2254 2027 et
2283 1968 2475 2025 sancti
2514 1968 2665 2024 Petri
2712 1971 3143 2037 constructum,
3172 1965 3279 2021 ubi
3311 1966 3653 2039 requiescit.

1961 2059 2237 2129 egregius
2268 2060 2435 2113 Pater
2462 2055 2727 2111 domnus
2770 2058 2972 2109 noster
3013 2053 3397 2109 beatissimus
3443 2056 3624 2108 Bene-

1963 2148 2179 2215 dictus,
2208 2144 2395 2199 decus
2432 2142 2704 2197 videlicet
2748 2154 3111 2211 gemmaque
3160 2139 3620 2207 monachorum,

1964 2234 2300 2305 regularem
2348 2228 2866 2287 conversationem
2910 2244 2981 2283 ex
3032 2227 3345 2284 traditione
3375 2244 3623 2285 suorum

1963 2322 2472 2398 praedecessorum
2502 2325 2703 2374 tenere
2757 2316 3138 2389 aliquatenus
3168 2332 3308 2372 cum
3338 2316 3459 2371 suis
3502 2316 3622 2372 fra-

1964 2410 2153 2468 tribus
2182 2408 2329 2465 inibi
2358 2410 2479 2464 Deo
2518 2404 2910 2462 servientibus
2936 2403 3229 2460 videatur.
3279 2404 3448 2460 Hunc
3478 2418 3620 2474 ergo

1965 2500 2239 2558 ordinem
2268 2499 2331 2554 in
2383 2495 2668 2570 prasdicto
2720 2494 2876 2562 loco,
2921 2497 3040 2550 Deo
3090 2493 3347 2565 favente,
3388 2492 3619 2566 aliqua-

1961 2595 2155 2659 tenus,
2214 2592 2277 2644 ut
2318 2586 2660 2642 audivimus
2824 2585 2924 2640 Sic
2973 2584 3189 2640 desinit
3241 2584 3622 2639 Floriarense

1962 2676 2321 2745 exmplum,
2358 2675 2518 2747 quod
2542 2674 2774 2731 utinam
2804 2675 3106 2743 integrum
3139 2670 3507 2729 haberemus.

2758 2783 2819 2835 X.

2148 2903 2504 2945 Ριιινῐιεοιυιι
2543 2903 2648 2942 PRO
2688 2902 3040 2943 MONASTERIO
3080 2900 3429 2941 SUBLACENSI.

1958 2998 2161 3067 Leoni,
2194 2995 2544 3052 monasterii
2564 2993 2970 3067 S.7‘Benedicti
2994 2993 3371 3049 Sublacensis
3387 2992 3613 3067 abbati,

2032 3075 2085 3124 et
2134 3064 2262 3137 ejus
2307 3064 2759 3137 successoribus,
2786 3088 2829 3137 να
2877 3067 3217 3137 interventu
3266 3067 3364 3120 sui
3411 3065 3618 3120 dilecti

2031 3136 2369 3208 spiritualis
2416 3138 2537 3205 ﬁlii
2580 3136 2866 3201 Alberici,
2915 3136 3166 3208 gloriosi
3210 3137 3510 3208 principis
3548 3141 3615 3208 et

2031 3206 2344 3275 senatoris,
2401 3230 2419 3258 ι
2472 3208 2902 3263 monasterium
2953 3206 3011 3263 S.
3045 3207 3289 3262 Erasmi
3330 3207 3394 3262 in
3439 3206 3616 3264 Coelio

2030 3285 2229 3337 monte
2254 3279 2575 3350 regendum
2609 3278 2817 3334 tradit.

2508 3365 2810 3437 [CocqueL
2845 3366 2887 3433 Ι,
2918 3365 3069 3436 246.]

2034 3476 2142 3529 Leo
2172 3472 2516 3545 episcopus,
2538 3487 2748 3526 servus
2775 3485 3082 3525 servorum
3106 3469 3226 3537 Dei,
3258 3468 3474 3524 dilecto
3493 3467 3617 3523 ﬁlio

1960 3566 2133 3618 Laorn
2178 3560 2479 3616 monacho
2515 3558 2888 3631 presbytero,
2921 3561 3102 3630 atque
3132 3556 3339 3613 abbati
3367 3570 3617 3611 venera-

1958 3650 2094 3707 bilis
2120 3648 2469 3705 monasterii
2501 3648 2693 3703 sancti
2719 3644 3014 3703 Benedicti
3061 3645 3227 3719 apud
3269 3644 3615 3714 Sublacum,

1961 3744 2301 3811 sanctasque
2353 3742 2469 3793 tute
2526 3734 2995 3807 congregationi,
3050 3733 3616 3806 successoribusque

1961 3829 2078 3886 tuis
2108 3825 2380 3899 ejusdem
2410 3824 2756 3881 monasterii
2784 3824 2841 3879 in
2868 3826 3250 3896 perpetuum.

2030 3915 2275 3973 Creditis
2325 3912 2750 3987 speculationis
2791 3927 2936 3968 cura
2964 3910 3348 3984 impellimur,
3381 3924 3618 3965 necnon

1960 4004 2304 4061 Christianae
2359 4002 2660 4073 religionis
2719 4001 2933 4058 ardore
2989 4017 3100 4074 pro
3177 3999 3373 4056 studio
3432 3998 3618 4055 divini

1960 4093 2154 4149 cultus
2210 4108 2655 4166 permovemur,
2703 4107 2814 4164 pro
2862 4089 3295 4147 venerabilium
3345 4087 3617 4145 locorum

1960 4181 2295 4249 stabilitate,
2320 4185 2501 4254 atque
2525 4183 2644 4237 Deo
2663 4179 3045 4237 servientium
3073 4178 3385 4236 securitate
3406 4177 3618 4235 anxios

1960 4287 2110 4339 esse,
2133 4275 2200 4327 ut
2225 4271 2341 4327 hoc
2373 4268 2760 4343 proveniente
2789 4269 2890 4343 pio
2917 4268 3125 4325 labore
3150 4267 3355 4325 animo
3384 4268 3617 4325 Christo

1960 4360 2193 4431 dicatae,
2245 4376 2381 4432 quas
2432 4376 2494 4416 se
2550 4358 2630 4414 illi
2682 4357 2896 4415 diebus
2950 4362 3008 4414 et
3062 4357 3342 4414 noctibus
3398 4356 3616 4411 servire

1958 4450 2369 4519 decreverunt,
2430 4447 2860 4522 imperturbate
2924 4449 3324 4520 perseverent,
3379 4460 3616 4500 necnon

1958 4538 2071 4594 illas
2119 4541 2515 4611 permaneant
2543 4536 2754 4605 ﬁrmas,
2803 4551 2940 4608 quae
2967 4550 3004 4591 a
3032 4532 3377 4590 Christianis
3406 4532 3469 4588 in
3516 4532 3617 4588 Dei

1961 4626 2203 4683 laudem
2236 4629 2593 4683 constructae
2624 4627 2782 4680 sunt.
2807 4622 2956 4688 Quia
2976 4622 3155 4692 igitur
3183 4621 3617 4679 monasterium

1961 4714 2151 4772 sancti
2199 4714 2409 4773 Christi
2451 4712 2732 4785 martyris
2764 4711 2992 4767 Erasmi
3029 4710 3196 4784 quod
3223 4710 3286 4766 in
3334 4711 3451 4767 hac
3478 4709 3618 4766 civi-

1963 4808 2079 4861 tate
2128 4807 2399 4860 Romana
2445 4803 2507 4858 in
2575 4801 2750 4859 Caelio
2799 4804 3003 4857 monte
3050 4804 3460 4857 constructum
3507 4804 3614 4868 est,

1964 4892 2211 4949 omnino
2227 4892 2357 4964 jam
2385 4891 2592 4965 elapso
2626 4895 2894 4963 tempore
2924 4888 3383 4961 congregatione
3416 4904 3618 4945 servo-

1964 4998 2099 5038 rum
2160 4980 2261 5037 Dei
2309 4980 2606 5037 nudatum
2659 4995 2789 5036 esse
2851 4982 3104 5045 constat,
3146 4982 3221 5034 .et
3277 4977 3617 5046 solitudine,

1964 5068 2131 5125 nullo
2154 5068 2217 5124 in
2247 5084 2318 5124 eo
2346 5073 2449 5125 aut
2475 5066 2813 5141 praeposito,
2847 5070 2951 5122 aut
2987 5065 3289 5121 monacho
3312 5064 3620 5122 habitante

1965 5158 2353 5232 prtevidimus
2405 5157 2741 5214 interventu
2805 5155 2989 5211 nostri
3048 5154 3247 5211 dilecti
3302 5154 3621 5228 spiritualis

1966 5245 2074 5303 ﬁlii
2127 5245 2380 5302 Alberici
2424 5244 2663 5316 gloriosi
2705 5242 3016 5316 principis,
3058 5246 3116 5298 et
3157 5243 3446 5300 senatoris
3476 5260 3624 5317 prte-

1969 5334 2195 5391 dictum
2252 5334 2686 5391 monasterium
2742 5332 2929 5390 sancti
2968 5331 3196 5389 Erasmi
3246 5333 3414 5390 vobis
3457 5350 3623 5390 com-

1972 5423 2222 5494 mittere,
2255 5428 2310 5480 et
2366 5424 2561 5480 eidem
2619 5426 2810 5478 vestro
2863 5422 3227 5479 monasterio
3279 5416 3624 5480 Sublacensi

1976 5512 2202 5569 sociare
2233 5529 2343 5587 pro
2365 5512 2618 5583 refugio,
2644 5515 2704 5568 et
2721 5510 2968 5567 utilitate
3011 5509 3487 5584 congregationis
3510 5508 3626 5564 fra-

1979 5606 2141 5660 trum
2161 5602 2223 5660 in
2251 5602 2465 5661 eodem
2482 5600 2808 5659 venerabili
2843 5601 2977 5659 loco
2996 5601 3208 5659 laudes
3235 5598 3484 5656 Domino
3504 5598 3625 5654 Deo
3718 5668 3725 5671 _
