3998 6198
504 153 639 209 1079

1884 166 2136 225 L30le
2172 166 2377 225 PAP/E
2413 168 2509 226 νη
2518 212 2532 227 .

3728 194 3835 254 ιοω

495 283 700 335 nostro
746 277 1201 339 exsolventiumi
1238 287 1618 344 Decernimus
1666 289 1727 346 in
1769 297 2147 365 perpetuum,
2188 293 2237 346 Α
2340 298 2735 377 commendat,
2758 302 2944 377 cuius
2971 302 3124 359 bona
3154 305 3259 374 qui
3282 305 3701 377 invaserit,m
3724 332 3836 377 am.

496 382 593 431 ne,
621 370 784 439 quod
817 370 988 435 absit,
1019 387 1054 426 a
1082 374 1496 443 persecutione
1522 393 1921 449 paganorum,
1952 382 2041 437 vel
2071 382 2152 436 ab

496 454 719 527 iniquis
796 458 1141 515 hominibus
1224 464 1638 535 supradictum
1718 472 2151 526 monasterium

495 544 684 599 sancti
715 545 1377 607 Benedictidestruatur
1399 571 1414 620 ;
1440 554 1576 611 ideo
1611 557 1739 626 jam
1766 558 1993 616 dictum
2018 576 2150 615 mo-

495 632 821 689 nasterium
852 636 1044 692 sancti
1066 639 1294 697 Erasmi
1319 657 1459 699 cum
1480 643 1660 715 cellis,
1686 646 1969 704 domibus
1998 647 2152 704 aliis-

493 733 610 789 que
640 720 924 792 aediﬁciis,
953 725 1281 795 parietibus
1310 730 1452 795 suis,
1487 730 1548 787 in
1570 732 1818 790 circuitu
1850 737 1998 807 ejus,
2029 753 2149 792 una

492 822 629 862 cum
682 808 890 881 hortis,
922 813 1110 884 terris,
1160 818 1608 889 sementalibus,
1637 822 1886 890 olivetis,
1919 826 2148 881 arbori-

488 894 606 951 bus
658 897 973 956 fructit‘eris
1023 908 1080 959 et
1124 906 1407 964 omnibus
1439 910 1564 965 suis
1603 914 1989 983 pertinentiis,
2022 915 2149 971 sitis

492 985 693 1040 Romae
716 986 775 1041 in
794 988 1035 1057 regione
1067 994 1349 1060 secunda,
1370 1010 1447 1050 an
1478 1013 1508 1051 e
1532 1000 1934 1057 venerabilem
1961 1004 2147 1058 sancti

490 1072 711 1130 Christi
745 1083 1195 1153 protomartyris
1243 1085 1526 1156 Stephani
1571 1089 1882 1147 ecclesiam
1914 1094 1972 1148 in
2003 1109 2150 1165 prie-

490 1161 647 1218 dicto
693 1166 868 1222 Ctelio
930 1175 1153 1240 monte,
1204 1172 1354 1228 inter
1414 1176 1524 1231 hos
1572 1177 1800 1236 afﬁnes.
1858 1184 1902 1235 A
1953 1161 2149 1254 primo

489 1250 670 1306 latere
701 1259 789 1309 est
819 1257 999 1313 curtis
1039 1261 1299 1329 Gregorii
1343 1263 1592 1333 integra,
1643 1273 1700 1322 et
1758 1269 1852 1324 via
1882 1250 2146 1343 publica,

489 1345 547 1396 et
564 1341 938 1403 domuncula
970 1350 1112 1404 Petri
1134 1352 1399 1420 Joannis,
1423 1360 1479 1409 et
1499 1355 1863 1414 demuncula
1883 1341 2147 1432 plurium

487 1429 828 1494 hominum,
878 1436 1256 1511 aliorumque
1300 1442 1691 1501 aediﬁciorum
1745 1429 2144 1522 cum—crypta,

489 1523 545 1574 et
575 1524 729 1576 terra
756 1528 1139 1597 sementaria,
1169 1530 1351 1595 vulgo
1390 1532 1689 1603 appellata
1718 1537 1969 1593 Centum
2005 1541 2148 1594 Scu-

2338 366 2924 441 tltemamarijub’ét.

2261 510 2459 585 [Apud
2473 513 2815 582 Marcam,in
2831 522 2867 568 Α
2878 516 3103 589 ppend.
3121 516 3194 572 ad
3210 520 3468 579 Marcum
3480 523 3834 607 Hisp.,p.851.]

2335 637 2443 693 Leo
2471 636 2813 711 episcopus,
2847 656 3056 698 servus
3101 657 3404 701 servorum
3454 646 3566 716 Dei,
3593 649 3834 714 dilectissi-

2260 721 2373 777 mis
2403 722 2685 814 fratribus
2735 731 2793 784 et
2841 727 3000 798 ﬁliis,
3050 730 3314 788 videlicet
3359 735 3766 814 archiepiscopis
3793 752 3834 803 et

2259 810 2558 884 episcopis
2581 819 2761 887 atque
2811 832 3026 875 eorum
3057 821 3516 891 successoribus,
3545 810 3731 884 Winei:
3758 832 3831 888 Ec-

2259 898 2449 956 clesiae
2484 904 2918 974 Lugdunensis,
2953 910 3263 967 Tsorowm
3292 914 3648 983 Turonensis,
3674 920 3831 978 ϐιω-

2259 1005 2383 1043 coxu
2433 990 2836 1062 Biturigensis,
2888 997 3188 1054 Genuum
3237 1001 3828 1069 Senonensis,AnnLno

2262 1079 2627 1150 Rhemensis,
2659 1089 2934 1142 Amsarco
2962 1087 3383 1156 Narbonensis,
3404 1093 3625 1151 meum
3647 1096 3829 1156 Eleum-

2260 1167 2358 1233 sis,
2411 1170 2683 1227 ϐουλιμιο
2741 1173 3165 1244 Gerundensis,
3212 1180 3541 1236 \VILLARANO
3584 1185 3831 1244 Barchinc

2257 1258 2481 1324 nensis,
2518 1260 2828 1316 WADAMIRO
2848 1266 3236 1333 Ausonensis,
3261 1266 3499 1323 WISADO
3531 1271 3829 1339 Urgellensis.

2258 1348 2439 1415 atque
2469 1361 2678 1405 eorum
2709 1351 3158 1409 successoribus
3186 1353 3247 1411 in
3266 1361 3625 1428 perpetuum.

2330 1432 2490 1488 Sicut
2519 1439 2720 1492 vestra
2750 1436 2939 1509 pietas
2981 1456 3106 1497 non
3136 1441 3387 1515 ignorat,
3422 1444 3689 1503 intentum
3712 1449 3829 1507 Chri-

2260 1524 2386 1575 stus
2442 1523 2726 1581 Dominus
2782 1531 2984 1582 noster
3034 1530 3354 1587 Ecclesiam
3409 1532 3614 1601 dilexit,
3645 1541 3699 1593 ut
3733 1554 3827 1594 eam

491 1612 724 1665 torum:
760 1628 795 1668 a
840 1616 1108 1671 secundo
1141 1617 1320 1675 latere
1367 1625 1515 1677 terra
1551 1626 1908 1682 sementaria
1941 1630 2147 1684 Leonis
2186 1640 2233 1694 Β
2259 1610 2503 1680 ΡῙὍΡΓῙΟ
2550 1613 2844 1681 sanguine
2889 1624 3308 1690 compararet:
3341 1637 3521 1694 quam
3571 1630 3621 1679 et
3662 1627 3828 1681 (⁵⁸³⁸⁸⁸⁸

490 1695 744 1766 religiosi
777 1702 1130 1774 presbyteri,
1159 1710 1216 1760 et
1265 1708 1359 1764 via
1390 1710 1652 1782 publica,
1688 1729 1825 1785 quae
1874 1716 2037 1772 ducit
2070 1718 2146 1773 ad

490 1783 814 1843 decennias
841 1807 853 1844 :
880 1792 1048 1847 tertio
1070 1792 1248 1849 latere
1270 1800 1424 1854 terra
1450 1783 1808 1858 semente—ria
1842 1804 2147 1862 haeredum

490 1872 756 1945 Adriani,
789 1881 1103 1949 quondam
1134 1882 1207 1937 de
1240 1884 1457 1941 Balneo
1496 1889 1899 1961 Neapolitano.
1930 1899 1985 1948 et
2013 1896 2147 1950 lior-

492 1965 618 2017 tum
646 1963 953 2024 vineatum
1006 1971 1218 2040 Sergiee
1277 1973 1494 2030 nobilis
1541 1976 1776 2033 feminae.
1811 1997 1823 2034 :
1857 1998 1893 2036 a
1931 1989 2148 2054 quarto

492 2051 670 2109 latere
717 2060 805 2111 est
834 2057 1203 2117 domuncula
1232 2065 1472 2121 oratorii
1523 2072 1866 2124 sanctorum
1917 2051 2145 2129 Cosme:

490 2145 547 2196 et
568 2144 841 2199 Damiani
875 2163 888 2200 :
923 2163 953 2202 e
980 2148 1074 2204 via
1102 2150 1345 2222 publica
1386 2169 1528 2225 pars
1551 2156 1879 2214 confinium
1900 2176 2145 2217 monas-

493 2229 615 2285 terii
650 2233 840 2288 sancti
873 2238 1100 2292 Erasini
1148 2256 1285 2294 cum
1335 2242 1618 2298 omnibus
1650 2246 1725 2300 ad
1761 2263 1822 2301 se
1852 2249 2147 2320 pertinen-

490 2317 667 2386 tibus,
698 2324 821 2376 tam
850 2322 1030 2395 intus,
1064 2342 1248 2399 quam
1281 2334 1464 2397 extra,
1497 2336 1553 2388 et
1591 2333 1745 2390 circa
1773 2317 1987 2401 se,—seu
2018 2340 2145 2395 ubi-

491 2423 729 2480 cunque
759 2413 954 2482 posita
978 2414 1170 2473 fuerat
1191 2434 1312 2474 una
1344 2435 1480 2475 cum
1513 2422 1716 2493 casali,
1750 2415 1917 2496 quod
1943 2430 2146 2500 appel-

490 2494 643 2552 latur
693 2500 999 2573 Quintum,
1028 2506 1432 2580 omnibusque
1480 2510 1603 2566 suis
1658 2494 2047 2584 pertinentii-s-
2084 2518 2142 2574 in

487 2585 782 2655 integrum
841 2608 875 2647 a
924 2596 1202 2664 praesenti
1250 2598 1567 2655 undecima
1596 2600 1916 2659 indictione
1947 2606 2138 2675 vobis,

487 2678 814 2751 vestrisque
853 2684 1307 2741 successoribus
1338 2687 1608 2758 ejusdem
1665 2694 2011 2750 monasterii
2037 2696 2140 2751 ab.

482 2766 724 2824 batibus
751 2775 1138 2831 concedimus
1161 2782 1218 2833 et
1238 2779 1670 2836 confirmamus
1694 2782 1755 2838 in
1778 2790 2137 2857 perpetuum

481 2871 620 2912 cum
681 2858 890 2920 timore
941 2863 1040 2919 Dei
1097 2865 1451 2936 regendum,
1497 2872 1555 2923 et
1612 2869 2002 2929 detinendum
2060 2875 2137 2930 ad

2257 1698 2504 1768 quidem
2554 1701 2844 1773 apostolis
2901 1708 2958 1759 et
3006 1722 3215 1763 eorum
3263 1712 3681 1769 successoribus
3715 1730 3829 1770 com-

2257 1787 2586 1858 mendavit,
2641 1791 2745 1851 sed
2815 1793 3076 1851 maxime
3142 1812 3249 1869 per
3295 1797 3559 1870 ipsorum
3601 1801 3828 1876 principes

2254 1874 2669 1950 beatissimum
2728 1881 2967 1941 Petrum
3018 1888 3073 1940 et
3122 1885 3371 1942 Paulum
3416 1887 3564 1944 hanc
3583 1874 3827 1962 disponere

2255 1963 2558 2022 decrevit:
2592 1983 2854 2039 quorum
2903 1988 3278 2030 successores
3328 1980 3450 2032 tam
3496 1976 3548 2035 in
3589 1976 3685 2034 hac
3727 1977 3825 2034 sede

2254 2068 2441 2123 quam
2472 2054 2691 2128 ubique
2718 2073 2826 2129 per
2872 2059 3078 2117 orbem
3113 2066 3424 2131 terrarum,
3450 2065 3747 2141 quicunque
3776 2084 3824 2124 ex

2253 2141 2374 2197 tide
2404 2144 2697 2213 vixerunt,
2726 2148 3007 2205 eamdem
3034 2150 3290 2224 quisque
3323 2169 3431 2209 suo
3456 2157 3828 2227 temporejuxta

2254 2231 2595 2301 apostolicae
2654 2233 3040 2293 institutionis
3078 2239 3362 2312 formam,
3401 2258 3589 2314 regere
3632 2242 3824 2299 studere.

2256 2319 2392 2383 Sed,
2426 2324 2488 2377 ut
2517 2322 3037 2381 considerantibus
3067 2328 3269 2399 palam
3328 2334 3432 2396 est,
3460 2331 3517 2387 in
3564 2332 3642 2387 bis
3667 2332 3825 2388 nostris

2252 2406 2465 2465 diebus
2490 2415 2757 2483 tempora
2788 2416 3121 2487 periculosa
3145 2425 3454 2491 venerunt,
3477 2425 3530 2477 ct
3553 2421 3822 2493 frigescente

2252 2496 2557 2563 charitate,
2588 2501 2653 2556 fit
2683 2506 2749 2557 ut
2790 2504 2990 2560 nullus
3032 2507 3162 2576 jam
3192 2507 3366 2564 locus
3393 2510 3637 2579 religioni
3662 2516 3824 2566 restare

2251 2584 2545 2645 videatur.
2606 2592 2724 2647 Nos
2780 2608 2939 2660 vero,
2970 2595 3137 2665 quod
3184 2596 3368 2654 nimis
3417 2598 3723 2663 dolendum,
3745 2613 3822 2652 nec

2250 2688 2319 2730 ex
2354 2674 2608 2734 adverso
2650 2682 2995 2751 ascendere,
3034 2699 3145 2741 nec
3186 2685 3549 2759 impietatem
3574 2688 3823 2759 reprimere

2250 2767 2551 2821 certamus
2584 2785 2597 2835 ;
2646 2768 2751 2824 sed
2796 2772 3094 2844 quidquid
3122 2774 3273 2831 illud
3324 2782 3414 2835 est
3446 2777 3596 2848 quod
3618 2775 3821 2846 religioni

2247 2851 2622 2925 adversatur,
2655 2856 2874 2915 clausis
2902 2862 3266 2920 mantelibus
3309 2865 3495 2921 oculis
3534 2865 3823 2935 negligenter

480 2958 679 3018 usum,
722 2954 778 3005 et
810 2949 1118 3009 utilitatem
1150 2954 1417 3025 praedicti
1442 2959 1788 3014 monasterii
1818 2961 2135 3019 Sublacen-

2246 2942 2635 3001 transilimus.
2691 2946 2875 3005 Porro
2931 2952 3214 3021 quamvis
3243 2952 3464 3010 inertes
3511 2960 3565 3011 et
3607 2953 3820 3011 desidias

477 3032 578 3090 sis.
605 3037 715 3092 Pro
746 3053 868 3109 quo
920 3040 1035 3095 sub
1063 3040 1245 3101 divini
1294 3042 1505 3115 judicii
1554 3046 1949 3106 obtestatione
1994 3067 2133 3123 pro-

473 3122 815 3191 mulgantes
865 3128 1267 3201 decernimus,
1294 3136 1361 3187 ut
1407 3134 1552 3188 nulli
1603 3150 1872 3207 unquam
1902 3122 2135 3197 nostro-

472 3224 609 3263 rum
661 3228 1079 3271 successorum
1131 3218 1507 3290 pontiﬁcum,
1559 3228 1661 3279 aut
1718 3225 2131 3301 cujuscunque

442 3296 778 3365 dignitatis
827 3318 1106 3374 persona,
1139 3311 1242 3363 aut
1289 3308 1646 3366 conditionis
1685 3311 1776 3378 sit,
1828 3296 2054 3373 audeat
2096 3335 2133 3375 a

471 3392 667 3444 vestra
681 3390 1095 3461 jurisdictione
1125 3396 1378 3465 auferre,
1411 3402 1515 3454 aut
1533 3398 1797 3472 aliquam
1824 3402 2130 3463 laesionem

470 3475 704 3547 inferre,
734 3482 950 3553 quovis
984 3482 1247 3555 ingenio,
1276 3501 1383 3541 seu
1413 3495 1790 3558 argumento,
1842 3493 1988 3564 quin
2019 3510 2129 3568 po-

470 3564 581 3621 tius
610 3566 671 3623 in
695 3568 1114 3639 jurisdictione
1141 3575 1320 3631 vestri
1333 3577 1978 3637 monasteriistabiliter
1997 3564 2130 3655 pos-

466 3654 717 3713 sidenda
741 3668 1157 3731 permaneant.
1186 3664 1243 3721 Si
1264 3665 1402 3737 quis
1419 3670 1619 3722 autem
1647 3666 1707 3722 id
1734 3654 2129 3745 praesumpse-

464 3743 558 3810 rit,
580 3745 727 3802 sciat
757 3764 820 3802 se
847 3750 1246 3808 anathematis
1276 3753 1517 3810 vinculo
1544 3754 1922 3825 innodatum,
1947 3743 2127 3834 atque

465 3848 502 3890 a
523 3850 710 3905 regno
739 3837 839 3893 Dei
890 3838 1176 3908 alienum,
1210 3842 1324 3897 nisi
1363 3843 1697 3917 resipuerit,
1726 3849 1784 3901 et
1834 3863 1973 3904 cum
2003 3850 2129 3907 dia-

463 3921 626 3994 bolo,
658 3925 911 3998 ejusque
964 3929 1350 3985 atrocissimis
1396 3932 1611 4003 poenis,
1665 3939 1721 3989 et
1779 3950 1919 3991 cum
1972 3937 2126 3995 Iuda

466 4010 745 4067 traditore
816 4015 1048 4072 Domini
1116 4017 1217 4073 Dei
1268 4023 1325 4073 et
1379 4019 1700 4076 Salvatoris
1755 4024 1939 4079 nostri
1988 4027 2125 4082 Jesu

467 4098 675 4155 Christi
718 4105 939 4158 aeterno
994 4103 1132 4174 igne
1163 4105 1668 4180 comburendum,
1698 4109 1845 4166 etin
1890 4114 2121 4183 voragi-

464 4201 626 4257 nem,
653 4192 1098 4265 tartareumque
1120 4195 1304 4250 chaos
1333 4195 1807 4268 demergendum
1839 4215 1978 4257 cum
2011 4203 2121 4259 im-

464 4275 577 4348 piis
608 4292 669 4331 se
697 4277 861 4335 sciat.
887 4280 996 4347 Qui
1023 4298 1164 4339 vero
1195 4283 1296 4356 pio
1326 4284 1537 4342 intuitu
1569 4289 1865 4358 custodes,
1902 4295 1957 4348 et
1987 4292 2125 4348 obe-

463 4360 691 4418 dientcs
740 4366 1152 4427 observatores
1180 4372 1362 4443 hujus
1383 4379 1600 4432 nostrae
1624 4376 1937 4434 salutiferae
1967 4396 2120 4452 prte-

463 4453 751 4525 ceptionis
823 4458 1168 4529 exstiterint,
1239 4461 1672 4522 benedictionis
1746 4469 2000 4543 gratiam
2065 4476 2122 4527 et

463 4540 715 4599 caelestis
769 4546 1169 4606 retributionis
1222 4552 1561 4609 mercedem
1618 4570 1655 4610 a
1705 4540 1869 4625 justo
1918 4558 2120 4628 judice

462 4639 936 4703 promereantur.

534 4720 828 4795 Scriptum
867 4740 976 4797 per
1016 4742 1271 4784 manum
1320 4730 1531 4786 Leonis
1566 4735 1788 4787 sancte:
1836 4735 2119 4793 Romanae

464 4809 732 4866 Ecclesiae
779 4812 1069 4871 scriniarii
1113 4815 1176 4870 in
1226 4831 1433 4873 mense
1484 4818 1853 4889 Ferbruario,
1911 4839 2120 4897 supra-

462 4897 681 4971 scripta
710 4898 1039 4958 indictione
1082 4903 1421 4961 undecima.
1457 4909 1610 4962 Bene
1659 4907 1867 4966 valete.
1901 4913 2117 4970 Datum

459 4987 667 5057 quinto
694 4989 834 5044 Idus
869 4992 1198 5047 Ferbruarii
1227 5009 1335 5065 per
1362 5010 1615 5051 manum
1664 4997 1885 5055 Nicolai
1914 5002 2116 5075 primi-

460 5076 596 5131 cerii
626 5077 1025 5149 pontificatus
1042 5096 1206 5137 anno
1230 5081 1418 5139 tertio.

1234 5208 1332 5267 ΧῘ.

546 5323 741 5367 ιΕοΝιΒ
782 5327 865 5368 νιι
902 5329 1167 5372 εΡιεΤοιΑ
1208 5333 1281 5373 AD
1317 5334 1576 5377 WIDONEM
1619 5337 2031 5395 ιυαθυΝεΝεεω,

812 5399 1170 5443 TEOTOLONEM
1212 5404 1596 5463 TURONENSEM,
1640 5397 1752 5450 etc.

1102 5496 1291 5565 (Anno
1321 5502 1445 5560 938.

1102 5501 1291 5565 (Anno
1321 5502 1445 5560 938.

451 5597 589 5654 Illis
608 5602 1035 5666 monasterium
1051 5604 1115 5669 S,
1133 5605 1350 5667 Μανίαν
1369 5501 1499 5665 et
1513 5610 1684 5667 Petri
1700 5610 2112 5690 Rivipulleme

2244 3035 2516 3088 nostram
2582 3033 3006 3106 negligentiam
3063 3039 3320 3099 minime
3386 3042 3817 3115 pertimescamus,

2243 3119 2518 3187 ignorare
2567 3126 2767 3181 tamen
2816 3142 2937 3182 non
2987 3144 3323 3201 possumus
3366 3132 3523 3205 quod
3567 3132 3631 3188 de
3668 3135 3818 3187 nosne

2245 3208 2602 3268 villicatione
2658 3216 2774 3270 Deo
2825 3216 3116 3274 rationem
3159 3220 3450 3277 reddituri
3480 3238 3680 3278 sumus.
3705 3222 3817 3286 Qua-

2244 3304 2506 3370 propter.
2550 3301 2903 3371 charissimi,
2949 3306 3235 3379 nitamur,
3284 3316 3570 3382 quantum
3607 3308 3817 3381 perdivi-

2243 3402 2388 3445 nam
2435 3390 2689 3458 gratiam
2742 3408 3092 3463 possumus,
3121 3401 3185 3455 ut
3234 3415 3272 3454 a
3306 3399 3566 3455 custodia
3589 3395 3816 3467 religionis

2241 3474 2332 3530 vel
2385 3477 2496 3547 piis
2528 3479 2759 3536 actibus
2806 3498 2877 3538 ex
2930 3488 3052 3540 toto
3104 3487 3283 3543 vacui
3334 3503 3453 3544 non
3498 3486 3811 3544 inveniamur.

2245 3565 2311 3618 Ut
2341 3569 2541 3620 autem
2573 3566 2651 3621 ad
2676 3584 2803 3624 rem
2842 3571 3180 3644 veniamus,
3214 3574 3300 3631 ob
3321 3576 3490 3646 cujus
3519 3574 3814 3631 occasionem

2238 3649 2351 3708 ista
2396 3653 2592 3710 dicere
2634 3656 2941 3728 caspimus,
2971 3659 3314 3721 intimatum
3350 3669 3439 3719 est
3486 3664 3639 3719 nobis
3661 3668 3709 3717 et
3723 3661 3812 3732 jam

2239 3745 2401 3797 certa
2452 3743 2882 3818 verissimaque
2928 3748 3215 3806 relatione
3266 3753 3653 3825 comperimus
3694 3748 3812 3822 quod

2238 3828 2397 3884 filius
2444 3837 2646 3887 noster
2691 3834 2974 3891 Arnulfus
3026 3840 3397 3896 venerabilis
3441 3841 3616 3896 abbas
3648 3840 3695 3893 in
3727 3852 3814 3891 me

2236 3919 2495 3975 nasterio
2524 3921 2859 3980 admodum
2894 3928 3222 3983 reverendo
3262 3929 3541 3986 vocabuli
3561 3925 3814 4002 Biopollen-

2236 4006 2341 4075 sis,
2368 4009 2532 4081 quod
2563 4014 2650 4067 est
2680 4017 3089 4071 constructum
3117 4016 3277 4073 inter
3296 4018 3422 4076 duo
3447 4018 3674 4075 ﬂumina
3693 4017 3815 4072 Taer

2235 4100 2294 4151 et
2326 4097 2535 4153 Freber
2582 4098 2642 4154 in
2683 4100 2913 4158 honore
2943 4109 3161 4160 sanctae
3192 4107 3296 4164 Dei
3357 4106 3634 4177 genitricis
3675 4102 3812 4161 laris

2235 4188 2294 4239 et
2339 4185 2528 4242 sancti
2580 4188 2750 4258 Petri,
2799 4189 2904 4246 ubi
2956 4191 3290 4251 beatissimi
3334 4194 3615 4252 Benedicti
3660 4188 3812 4248 domui

2233 4275 2419 4331 nostri
2450 4276 2683 4333 videtur
2710 4279 2859 4335 ordo
2894 4282 3129 4347 servari,
3154 4284 3262 4354 qui
3289 4291 3381 4341 est
3409 4285 3585 4341 decus
3608 4292 3812 4351 gemma-

2232 4379 2352 4435 que
2393 4366 2855 4435 monachorum,
2888 4370 3058 4440 cujus
3116 4372 3457 4440 regularem
3510 4370 3813 4429 traditionem

2232 4454 2578 4512 auctoritate
2626 4458 3142 4529 praadecessorum
3173 4479 3426 4521 suorum
3449 4469 3630 4520 tenere
3645 4459 3814 4529 aliqu!-

2233 4547 2405 4599 tenus
2435 4561 2573 4602 cum
2622 4547 2746 4604 suis
2790 4547 3072 4605 fratribus
3124 4551 3273 4608 inibi
3326 4556 3444 4609 Deo
3497 4547 3812 4609 militantibus

2231 4632 2485 4688 videtur.
2520 4637 2685 4691 Hunc
2705 4651 2849 4706 ergo
2873 4638 3148 4695 ordinem
3177 4639 3239 4696 in
3285 4642 3569 4714 praedicto
3594 4640 3706 4695 loco
3728 4639 3811 4690 Deo

2230 4727 2532 4778 annuente
2582 4722 2981 4796 aliquatenus,
3013 4731 3077 4782 ut
3107 4729 3475 4793 audivimus,
3506 4727 3814 4785 reﬂorescen-

2229 4812 2351 4864 tem
2382 4813 2504 4867 toto
2549 4811 2684 4867 nisu
2716 4812 2779 4867 in
2808 4812 2923 4881 his,
2952 4830 3089 4886 quae
3136 4815 3215 4873 ad
3255 4833 3371 4873 nos
3400 4810 3812 4889 pertinentrcto-

2227 4913 2366 4955 vere
2391 4898 2786 4958 decrevimus.
2806 4902 2874 4958 Et
2890 4902 3113 4961 idcirco
3128 4905 3287 4963 hanc
3307 4903 3632 4979 apostolica
3663 4904 3815 4993 aucto:

2227 4986 2414 5044 ritatis
2438 4988 2754 5062 epistolam
2779 4991 2907 5048 vice
2959 4994 3375 5065 apostolorum
3411 4993 3673 5068 principis
3696 4986 3813 5045 beati

2225 5075 2402 5148 Petri,
2429 5096 2617 5151 quam
2648 5083 2865 5148 tenere,
2882 5096 2952 5138 ac
2974 5082 3024 5139 si
3046 5082 3296 5155 indigni,
3315 5084 3627 5147 cernimur,
3654 5082 3812 5135 vestri!

2222 5165 2575 5237 benignitati
2598 5184 2712 5241 pro
2740 5170 2953 5226 eodem
2983 5171 3108 5228 ﬁlio
3145 5177 3353 5265 nostro
3384 5172 3622 5265 Arnulfo

2224 5260 2282 5312 et
2309 5258 2438 5328 ejus
2463 5259 2914 5316 successoribus
2940 5265 2999 5318 et
3025 5262 3298 5333 ejusdem
3344 5261 3644 5321 monachis

2222 5362 2379 5407 mus.
2435 5348 2817 5407 obsecrantes
2880 5356 2938 5407 et
2990 5353 3401 5426 praecipientes
3464 5343 3811 5443 ιιιη-ᾳὶριιίυάθ

2220 5443 2419 5495 vestra
2447 5440 2758 5496 communi
2803 5441 3143 5499 obedienlia
3198 5458 3435 5500 necnon
3481 5434 3810 5498 sollicitudine

2219 5526 2604 5597 conﬁdimus,
2629 5527 2693 5585 in
2720 5529 2814 5585 his
2833 5545 2971 5603 quae
2995 5530 3075 5586 ad
3103 5546 3311 5587 curam
3344 5528 3686 5603 pastoralem
3709 5536 3809 5617 per

2218 5615 2423 5686 tinent,
2454 5633 2578 5675 non
2603 5619 2922 5691 negligatis
2973 5619 3292 5677 subvenire
3333 5619 3568 5678 illorum
3606 5615 3808 5674 necessi-
