  <div class='ocr_page' id='page_1' title='image "/cluster/home/n/w/nwhite01/storage/ocr_20150623/132/hvd.32044054759931/546.png"; bbox 0 0 3998 6198; ppageno 0'>
   <div class='ocr_carea' id='block_1_1' title="bbox 238 173 367 230">
    <p class='ocr_par' dir='ltr' id='par_1_1' title="bbox 238 173 367 230">
     <span class='ocr_line' id='line_1_1' title="bbox 238 173 367 230; baseline -0.016 0"><span class='ocrx_word' id='word_1_1' title='bbox 238 173 367 230; x_wconf 74' lang='grc'>1081</span> 
     </span>
    </p>
   </div>
   <div class='ocr_carea' id='block_1_2' title="bbox 1534 179 2466 243">
    <p class='ocr_par' dir='ltr' id='par_1_2' title="bbox 1534 179 2466 243">
     <span class='ocr_line' id='line_1_2' title="bbox 1534 179 2466 243; baseline 0.01 -9"><span class='ocrx_word' id='word_1_2' title='bbox 1534 179 1887 237; x_wconf 71' lang='lat' dir='ltr'>EPISTOLE</span> <span class='ocrx_word' id='word_1_3' title='bbox 1924 181 2011 236; x_wconf 81' lang='lat' dir='ltr'><strong>ET</strong></span> <span class='ocrx_word' id='word_1_4' title='bbox 2028 180 2466 243; x_wconf 52' lang='lat' dir='ltr'>.PRlVlLEGlA.</span> 
     </span>
    </p>
   </div>
   <div class='ocr_carea' id='block_1_3' title="bbox 3571 202 3708 259">
    <p class='ocr_par' dir='ltr' id='par_1_3' title="bbox 3571 202 3708 259">
     <span class='ocr_line' id='line_1_3' title="bbox 3571 202 3708 259; baseline 0.036 -5"><span class='ocrx_word' id='word_1_5' title='bbox 3571 202 3708 259; x_wconf 68' lang='lat'><strong>{082</strong></span> 
     </span>
    </p>
   </div>
   <div class='ocr_carea' id='block_1_4' title="bbox 242 274 3707 385">
    <p class='ocr_par' dir='ltr' id='par_1_4' title="bbox 242 274 3707 385">
     <span class='ocr_line' id='line_1_4' title="bbox 242 274 3707 385; baseline 0.008 -29"><span class='ocrx_word' id='word_1_6' title='bbox 242 297 485 357; x_wconf 87' lang='lat' dir='ltr'>tatibus.</span> <span class='ocrx_word' id='word_1_7' title='bbox 521 297 880 372; x_wconf 88' lang='lat' dir='ltr'>Ubicunque</span> <span class='ocrx_word' id='word_1_8' title='bbox 918 302 1122 356; x_wconf 85' lang='lat' dir='ltr'>autem</span> <span class='ocrx_word' id='word_1_9' title='bbox 1148 299 1278 355; x_wconf 65' lang='lat' dir='ltr'>hac</span> <span class='ocrx_word' id='word_1_10' title='bbox 1310 302 1622 358; x_wconf 81' lang='lat' dir='ltr'>unanimis</span> <span class='ocrx_word' id='word_1_11' title='bbox 1652 302 1925 359; x_wconf 87' lang='lat' dir='ltr'>fraterni-</span> <span class='ocrx_word' id='word_1_12' title='bbox 1959 306 2008 357; x_wconf 86' lang='lat' dir='ltr'><strong>A</strong></span> <span class='ocrx_word' id='word_1_13' title='bbox 2037 307 2360 366; x_wconf 75' lang='lat' dir='ltr'>emendem</span> <span class='ocrx_word' id='word_1_14' title='bbox 2386 311 2710 381; x_wconf 76' lang='lat' dir='ltr'>noluerint,</span> <span class='ocrx_word' id='word_1_15' title='bbox 2743 311 2968 368; x_wconf 57' lang='lat' dir='ltr'>caelum</span> <span class='ocrx_word' id='word_1_16' title='bbox 2990 312 3359 385; x_wconf 74' lang='lat' dir='ltr'>claudim03,</span> <span class='ocrx_word' id='word_1_17' title='bbox 3388 322 3608 381; x_wconf 85' lang='lat' dir='ltr'>terram</span> <span class='ocrx_word' id='word_1_18' title='bbox 3628 274 3707 383; x_wconf 67' lang='lat' dir='ltr'>ad</span> 
     </span>
    </p>
   </div>
   <div class='ocr_carea' id='block_1_5' title="bbox 243 385 1928 459">
    <p class='ocr_par' dir='ltr' id='par_1_5' title="bbox 243 385 1928 459">
     <span class='ocr_line' id='line_1_5' title="bbox 243 385 1928 459; baseline 0.001 -15"><span class='ocrx_word' id='word_1_19' title='bbox 243 392 332 444; x_wconf 88' lang='lat' dir='ltr'>tas</span> <span class='ocrx_word' id='word_1_20' title='bbox 364 386 427 441; x_wconf 91' lang='lat' dir='ltr'>in</span> <span class='ocrx_word' id='word_1_21' title='bbox 460 385 561 441; x_wconf 91' lang='lat' dir='ltr'>Dei</span> <span class='ocrx_word' id='word_1_22' title='bbox 586 386 845 456; x_wconf 88' lang='lat' dir='ltr'>servitio,</span> <span class='ocrx_word' id='word_1_23' title='bbox 877 386 1192 459; x_wconf 86' lang='lat' dir='ltr'>isdemque</span> <span class='ocrx_word' id='word_1_24' title='bbox 1220 386 1394 444; x_wconf 91' lang='lat' dir='ltr'>locus</span> <span class='ocrx_word' id='word_1_25' title='bbox 1418 389 1551 459; x_wconf 88' lang='lat' dir='ltr'>jam</span> <span class='ocrx_word' id='word_1_26' title='bbox 1582 394 1699 446; x_wconf 89' lang='lat' dir='ltr'>Deo</span> <span class='ocrx_word' id='word_1_27' title='bbox 1727 390 1928 446; x_wconf 85' lang='lat' dir='ltr'>faven-</span> 
     </span>
    </p>
   </div>
   <div class='ocr_carea' id='block_1_6' title="bbox 244 471 1925 549">
    <p class='ocr_par' dir='ltr' id='par_1_6' title="bbox 244 471 1925 549">
     <span class='ocr_line' id='line_1_6' title="bbox 244 471 1925 549; baseline 0.001 -15"><span class='ocrx_word' id='word_1_28' title='bbox 244 481 298 534; x_wconf 89' lang='lat' dir='ltr'>te</span> <span class='ocrx_word' id='word_1_29' title='bbox 328 481 455 532; x_wconf 87' lang='lat' dir='ltr'>tam</span> <span class='ocrx_word' id='word_1_30' title='bbox 486 475 548 530; x_wconf 92' lang='lat' dir='ltr'>in</span> <span class='ocrx_word' id='word_1_31' title='bbox 577 471 867 545; x_wconf 81' lang='lat' dir='ltr'>religione</span> <span class='ocrx_word' id='word_1_32' title='bbox 896 491 1083 549; x_wconf 87' lang='lat' dir='ltr'>quam</span> <span class='ocrx_word' id='word_1_33' title='bbox 1127 476 1309 531; x_wconf 85' lang='lat' dir='ltr'>etiam</span> <span class='ocrx_word' id='word_1_34' title='bbox 1367 476 1430 531; x_wconf 92' lang='lat' dir='ltr'>in</span> <span class='ocrx_word' id='word_1_35' title='bbox 1492 479 1739 549; x_wconf 78' lang='lat' dir='ltr'>praediis</span> <span class='ocrx_word' id='word_1_36' title='bbox 1770 483 1827 535; x_wconf 89' lang='lat' dir='ltr'>et</span> <span class='ocrx_word' id='word_1_37' title='bbox 1863 480 1925 535; x_wconf 91' lang='lat' dir='ltr'>in</span> 
     </span>
    </p>
   </div>
   <div class='ocr_carea' id='block_1_7' title="bbox 245 562 1927 635">
    <p class='ocr_par' dir='ltr' id='par_1_7' title="bbox 245 562 1927 635">
     <span class='ocr_line' id='line_1_7' title="bbox 245 562 1927 635; baseline 0.001 -14"><span class='ocrx_word' id='word_1_38' title='bbox 245 563 396 621; x_wconf 82' lang='lat' dir='ltr'>villis</span> <span class='ocrx_word' id='word_1_39' title='bbox 427 562 723 635; x_wconf 80' lang='lat' dir='ltr'>spatiatus</span> <span class='ocrx_word' id='word_1_40' title='bbox 755 569 846 620; x_wconf 89' lang='lat' dir='ltr'>est</span> <span class='ocrx_word' id='word_1_41' title='bbox 876 569 933 619; x_wconf 90' lang='lat' dir='ltr'>et</span> <span class='ocrx_word' id='word_1_42' title='bbox 961 563 1241 630; x_wconf 76' lang='lat' dir='ltr'>excrevit,</span> <span class='ocrx_word' id='word_1_43' title='bbox 1281 563 1556 622; x_wconf 84' lang='lat' dir='ltr'>similiter</span> <span class='ocrx_word' id='word_1_44' title='bbox 1601 570 1660 621; x_wconf 92' lang='lat' dir='ltr'>et</span> <span class='ocrx_word' id='word_1_45' title='bbox 1699 567 1927 622; x_wconf 80' lang='lat' dir='ltr'>circum</span> 
     </span>
    </p>
   </div>
   <div class='ocr_carea' id='block_1_8' title="bbox 248 651 1927 724">
    <p class='ocr_par' dir='ltr' id='par_1_8' title="bbox 248 651 1927 724">
     <span class='ocr_line' id='line_1_8' title="bbox 248 651 1927 724; baseline 0 -14"><span class='ocrx_word' id='word_1_46' title='bbox 248 651 617 710; x_wconf 78' lang='lat' dir='ltr'>adhaerentia</span> <span class='ocrx_word' id='word_1_47' title='bbox 649 667 757 707; x_wconf 90' lang='lat' dir='ltr'>seu</span> <span class='ocrx_word' id='word_1_48' title='bbox 787 652 997 724; x_wconf 80' lang='lat' dir='ltr'>procul</span> <span class='ocrx_word' id='word_1_49' title='bbox 1023 652 1219 724; x_wconf 89' lang='lat' dir='ltr'>posita</span> <span class='ocrx_word' id='word_1_50' title='bbox 1243 652 1379 709; x_wconf 87' lang='lat' dir='ltr'>loca</span> <span class='ocrx_word' id='word_1_51' title='bbox 1410 659 1769 710; x_wconf 88' lang='lat' dir='ltr'>sanctorum</span> <span class='ocrx_word' id='word_1_52' title='bbox 1800 671 1927 711; x_wconf 83' lang='lat' dir='ltr'>om-</span> 
     </span>
    </p>
   </div>
   <div class='ocr_carea' id='block_1_9' title="bbox 247 741 1927 817">
    <p class='ocr_par' dir='ltr' id='par_1_9' title="bbox 247 741 1927 817">
     <span class='ocr_line' id='line_1_9' title="bbox 247 741 1927 817; baseline -0.002 -17"><span class='ocrx_word' id='word_1_53' title='bbox 247 741 535 817; x_wconf 86' lang='lat' dir='ltr'>nipotenti</span> <span class='ocrx_word' id='word_1_54' title='bbox 567 741 825 797; x_wconf 91' lang='lat' dir='ltr'>Domino</span> <span class='ocrx_word' id='word_1_55' title='bbox 846 741 1229 797; x_wconf 80' lang='lat' dir='ltr'>servientium</span> <span class='ocrx_word' id='word_1_56' title='bbox 1274 758 1415 797; x_wconf 89' lang='lat' dir='ltr'>cum</span> <span class='ocrx_word' id='word_1_57' title='bbox 1447 746 1663 798; x_wconf 85' lang='lat' dir='ltr'>sancta</span> <span class='ocrx_word' id='word_1_58' title='bbox 1695 741 1927 811; x_wconf 88' lang='lat' dir='ltr'>religio-</span> 
     </span>
    </p>
   </div>
   <div class='ocr_carea' id='block_1_10' title="bbox 246 830 1925 903">
    <p class='ocr_par' dir='ltr' id='par_1_10' title="bbox 246 830 1925 903">
     <span class='ocr_line' id='line_1_10' title="bbox 246 830 1925 903; baseline -0.002 -14"><span class='ocrx_word' id='word_1_59' title='bbox 246 848 339 900; x_wconf 89' lang='lat' dir='ltr'>ne,</span> <span class='ocrx_word' id='word_1_60' title='bbox 397 830 725 887; x_wconf 76' lang='lat' dir='ltr'>statuimus</span> <span class='ocrx_word' id='word_1_61' title='bbox 755 836 840 897; x_wconf 93' lang='lat' dir='ltr'>ut,</span> <span class='ocrx_word' id='word_1_62' title='bbox 897 832 945 886; x_wconf 90' lang='lat' dir='ltr'>si</span> <span class='ocrx_word' id='word_1_63' title='bbox 974 831 1112 903; x_wconf 88' lang='lat' dir='ltr'>quis</span> <span class='ocrx_word' id='word_1_64' title='bbox 1142 830 1440 887; x_wconf 86' lang='lat' dir='ltr'>violentus</span> <span class='ocrx_word' id='word_1_65' title='bbox 1495 835 1555 886; x_wconf 90' lang='lat' dir='ltr'>et</span> <span class='ocrx_word' id='word_1_66' title='bbox 1597 846 1795 903; x_wconf 81' lang='lat' dir='ltr'><strong>rapax</strong></span> <span class='ocrx_word' id='word_1_67' title='bbox 1833 830 1925 886; x_wconf 90' lang='lat' dir='ltr'>in-</span> 
     </span>
    </p>
   </div>
   <div class='ocr_carea' id='block_1_11' title="bbox 245 911 1928 995">
    <p class='ocr_par' dir='ltr' id='par_1_11' title="bbox 245 911 1928 995">
     <span class='ocr_line' id='line_1_11' title="bbox 245 911 1928 995; baseline -0.001 -18"><span class='ocrx_word' id='word_1_68' title='bbox 245 921 531 995; x_wconf 85' lang='lat' dir='ltr'>quietare,</span> <span class='ocrx_word' id='word_1_69' title='bbox 560 922 663 975; x_wconf 88' lang='lat' dir='ltr'>aut</span> <span class='ocrx_word' id='word_1_70' title='bbox 689 918 857 991; x_wconf 90' lang='lat' dir='ltr'>ipsas</span> <span class='ocrx_word' id='word_1_71' title='bbox 883 936 978 974; x_wconf 90' lang='lat' dir='ltr'>res</span> <span class='ocrx_word' id='word_1_72' title='bbox 1002 920 1277 992; x_wconf 85' lang='lat' dir='ltr'>diripere,</span> <span class='ocrx_word' id='word_1_73' title='bbox 1302 919 1601 991; x_wconf 83' lang='lat' dir='ltr'>villasque</span> <span class='ocrx_word' id='word_1_74' title='bbox 1629 936 1774 976; x_wconf 89' lang='lat' dir='ltr'>cum</span> <span class='ocrx_word' id='word_1_75' title='bbox 1794 911 1928 976; x_wconf 84' lang='lat' dir='ltr'>om-</span> 
     </span>
    </p>
   </div>
   <div class='ocr_carea' id='block_1_12' title="bbox 244 1008 1925 1082">
    <p class='ocr_par' dir='ltr' id='par_1_12' title="bbox 244 1008 1925 1082">
     <span class='ocr_line' id='line_1_12' title="bbox 244 1008 1925 1082; baseline -0.001 -15"><span class='ocrx_word' id='word_1_76' title='bbox 244 1011 421 1067; x_wconf 91' lang='lat' dir='ltr'>nibus</span> <span class='ocrx_word' id='word_1_77' title='bbox 452 1008 813 1079; x_wconf 89' lang='lat' dir='ltr'>adjacentiis</span> <span class='ocrx_word' id='word_1_78' title='bbox 845 1009 970 1064; x_wconf 85' lang='lat' dir='ltr'>suis</span> <span class='ocrx_word' id='word_1_79' title='bbox 1003 1009 1126 1064; x_wconf 89' lang='lat' dir='ltr'>sive</span> <span class='ocrx_word' id='word_1_80' title='bbox 1158 1008 1519 1082; x_wconf 87' lang='lat' dir='ltr'>appenditiis</span> <span class='ocrx_word' id='word_1_81' title='bbox 1542 1008 1674 1063; x_wconf 88' lang='lat' dir='ltr'>suis</span> <span class='ocrx_word' id='word_1_82' title='bbox 1705 1013 1763 1065; x_wconf 88' lang='lat' dir='ltr'>et</span> <span class='ocrx_word' id='word_1_83' title='bbox 1790 1024 1925 1064; x_wconf 86' lang='lat' dir='ltr'>om-</span> 
     </span>
    </p>
   </div>
   <div class='ocr_carea' id='block_1_13' title="bbox 237 1093 1926 1169">
    <p class='ocr_par' dir='ltr' id='par_1_13' title="bbox 237 1093 1926 1169">
     <span class='ocr_line' id='line_1_13' title="bbox 237 1093 1926 1169; baseline -0.002 -14"><span class='ocrx_word' id='word_1_84' title='bbox 237 1093 418 1155; x_wconf 71' lang='lat' dir='ltr'>nibus</span> <span class='ocrx_word' id='word_1_85' title='bbox 442 1112 580 1169; x_wconf 70' lang='lat' dir='ltr'>quae</span> <span class='ocrx_word' id='word_1_86' title='bbox 606 1096 687 1151; x_wconf 89' lang='lat' dir='ltr'>ad</span> <span class='ocrx_word' id='word_1_87' title='bbox 718 1095 911 1168; x_wconf 87' lang='lat' dir='ltr'>ipsius</span> <span class='ocrx_word' id='word_1_88' title='bbox 934 1097 1123 1152; x_wconf 79' lang='lat' dir='ltr'>sancti</span> <span class='ocrx_word' id='word_1_89' title='bbox 1148 1097 1491 1153; x_wconf 86' lang='lat' dir='ltr'>monasterii</span> <span class='ocrx_word' id='word_1_90' title='bbox 1514 1096 1926 1169; x_wconf 78' lang='lat' dir='ltr'>itiopullensis</span> 
     </span>
    </p>
   </div>
   <div class='ocr_carea' id='block_1_14' title="bbox 243 1184 1927 1256">
    <p class='ocr_par' dir='ltr' id='par_1_14' title="bbox 243 1184 1927 1256">
     <span class='ocr_line' id='line_1_14' title="bbox 243 1184 1927 1256; baseline -0.002 -13"><span class='ocrx_word' id='word_1_91' title='bbox 243 1186 573 1243; x_wconf 81' lang='lat' dir='ltr'>monachos</span> <span class='ocrx_word' id='word_1_92' title='bbox 598 1188 656 1240; x_wconf 91' lang='lat' dir='ltr'>et</span> <span class='ocrx_word' id='word_1_93' title='bbox 677 1185 960 1255; x_wconf 88' lang='lat' dir='ltr'>ejusdem</span> <span class='ocrx_word' id='word_1_94' title='bbox 988 1190 1207 1241; x_wconf 80' lang='lat' dir='ltr'>sanctae</span> <span class='ocrx_word' id='word_1_95' title='bbox 1236 1184 1728 1256; x_wconf 80' lang='lat' dir='ltr'>congregationis</span> <span class='ocrx_word' id='word_1_96' title='bbox 1748 1201 1927 1255; x_wconf 87' lang='lat' dir='ltr'>regu-</span> 
     </span>
    </p>
   </div>
   <div class='ocr_carea' id='block_1_15' title="bbox 243 1273 1928 1347">
    <p class='ocr_par' dir='ltr' id='par_1_15' title="bbox 243 1273 1928 1347">
     <span class='ocr_line' id='line_1_15' title="bbox 243 1273 1928 1347; baseline -0.002 -14"><span class='ocrx_word' id='word_1_97' title='bbox 243 1277 439 1333; x_wconf 85' lang='lat' dir='ltr'>lariter</span> <span class='ocrx_word' id='word_1_98' title='bbox 464 1275 739 1331; x_wconf 85' lang='lat' dir='ltr'>viventes</span> <span class='ocrx_word' id='word_1_99' title='bbox 768 1275 1088 1347; x_wconf 89' lang='lat' dir='ltr'>pertinent,</span> <span class='ocrx_word' id='word_1_100' title='bbox 1119 1275 1441 1344; x_wconf 77' lang='lat' dir='ltr'>infringere</span> <span class='ocrx_word' id='word_1_101' title='bbox 1478 1275 1803 1331; x_wconf 89' lang='lat' dir='ltr'>tentaverit</span> <span class='ocrx_word' id='word_1_102' title='bbox 1828 1273 1928 1330; x_wconf 85' lang='lat' dir='ltr'>vel</span> 
     </span>
    </p>
   </div>
   <div class='ocr_carea' id='block_1_16' title="bbox 244 1363 1928 1441">
    <p class='ocr_par' dir='ltr' id='par_1_16' title="bbox 244 1363 1928 1441">
     <span class='ocr_line' id='line_1_16' title="bbox 244 1363 1928 1441; baseline -0.003 -18"><span class='ocrx_word' id='word_1_103' title='bbox 244 1364 712 1441; x_wconf 70' lang='lat' dir='ltr'>praesumpserit,</span> <span class='ocrx_word' id='word_1_104' title='bbox 770 1364 1155 1437; x_wconf 62' lang='lat' dir='ltr'>praecipimus</span> <span class='ocrx_word' id='word_1_105' title='bbox 1199 1364 1486 1437; x_wconf 89' lang='lat' dir='ltr'>episcopo</span> <span class='ocrx_word' id='word_1_106' title='bbox 1545 1363 1928 1420; x_wconf 86' lang='lat' dir='ltr'>Guadamiro</span> 
     </span>
    </p>
   </div>
   <div class='ocr_carea' id='block_1_17' title="bbox 245 1452 1926 1523">
    <p class='ocr_par' dir='ltr' id='par_1_17' title="bbox 245 1452 1926 1523">
     <span class='ocr_line' id='line_1_17' title="bbox 245 1452 1926 1523; baseline -0.001 -14"><span class='ocrx_word' id='word_1_107' title='bbox 245 1455 404 1511; x_wconf 87' lang='lat' dir='ltr'>sedis</span> <span class='ocrx_word' id='word_1_108' title='bbox 434 1453 826 1520; x_wconf 81' lang='lat' dir='ltr'>Ausonensis,</span> <span class='ocrx_word' id='word_1_109' title='bbox 884 1453 946 1508; x_wconf 91' lang='lat' dir='ltr'>in</span> <span class='ocrx_word' id='word_1_110' title='bbox 998 1454 1170 1522; x_wconf 91' lang='lat' dir='ltr'>cujus</span> <span class='ocrx_word' id='word_1_111' title='bbox 1200 1453 1442 1509; x_wconf 75' lang='lat' dir='ltr'>dioecesi</span> <span class='ocrx_word' id='word_1_112' title='bbox 1495 1452 1703 1523; x_wconf 90' lang='lat' dir='ltr'>ipsum</span> <span class='ocrx_word' id='word_1_113' title='bbox 1737 1454 1926 1509; x_wconf 88' lang='lat' dir='ltr'>situm</span> 
     </span>
    </p>
   </div>
   <div class='ocr_carea' id='block_1_18' title="bbox 245 1540 1926 1611">
    <p class='ocr_par' dir='ltr' id='par_1_18' title="bbox 245 1540 1926 1611">
     <span class='ocr_line' id='line_1_18' title="bbox 245 1540 1926 1611; baseline -0.002 -12"><span class='ocrx_word' id='word_1_114' title='bbox 245 1549 332 1600; x_wconf 86' lang='lat' dir='ltr'>est</span> <span class='ocrx_word' id='word_1_115' title='bbox 359 1542 822 1610; x_wconf 76' lang='lat' dir='ltr'>monasterium,</span> <span class='ocrx_word' id='word_1_116' title='bbox 853 1542 947 1598; x_wconf 88' lang='lat' dir='ltr'>vel</span> <span class='ocrx_word' id='word_1_117' title='bbox 977 1543 1260 1598; x_wconf 90' lang='lat' dir='ltr'>omnibus</span> <span class='ocrx_word' id='word_1_118' title='bbox 1278 1540 1740 1597; x_wconf 82' lang='lat' dir='ltr'>successoribus</span> <span class='ocrx_word' id='word_1_119' title='bbox 1767 1542 1926 1611; x_wconf 88' lang='lat' dir='ltr'>ejus,</span> 
     </span>
    </p>
   </div>
   <div class='ocr_carea' id='block_1_19' title="bbox 2036 396 3710 481">
    <p class='ocr_par' dir='ltr' id='par_1_19' title="bbox 2036 396 3710 481">
     <span class='ocr_line' id='line_1_19' title="bbox 2036 396 3710 481; baseline 0.014 -33"><span class='ocrx_word' id='word_1_120' title='bbox 2036 396 2452 465; x_wconf 88' lang='lat' dir='ltr'>sepeliendum</span> <span class='ocrx_word' id='word_1_121' title='bbox 2482 416 2783 471; x_wconf 83' lang='lat' dir='ltr'>negamus</span> <span class='ocrx_word' id='word_1_122' title='bbox 2807 418 2821 469; x_wconf 91' lang='lat'><strong>;</strong></span> <span class='ocrx_word' id='word_1_123' title='bbox 2863 404 2922 456; x_wconf 90' lang='lat' dir='ltr'>et</span> <span class='ocrx_word' id='word_1_124' title='bbox 2948 400 3337 474; x_wconf 79' lang='lat' dir='ltr'>demergatur</span> <span class='ocrx_word' id='word_1_125' title='bbox 3374 406 3436 463; x_wconf 90' lang='lat' dir='ltr'>in</span> <span class='ocrx_word' id='word_1_126' title='bbox 3466 413 3710 481; x_wconf 88' lang='lat' dir='ltr'>profun-</span> 
     </span>
    </p>
   </div>
   <div class='ocr_carea' id='block_1_20' title="bbox 2036 482 3709 572">
    <p class='ocr_par' dir='ltr' id='par_1_20' title="bbox 2036 482 3709 572">
     <span class='ocr_line' id='line_1_20' title="bbox 2036 482 3709 572; baseline 0.014 -35"><span class='ocrx_word' id='word_1_127' title='bbox 2036 482 2183 572; x_wconf 86' lang='lat' dir='ltr'>dum</span> <span class='ocrx_word' id='word_1_128' title='bbox 2220 485 2453 559; x_wconf 89' lang='lat' dir='ltr'>inferni,</span> <span class='ocrx_word' id='word_1_129' title='bbox 2485 490 2809 563; x_wconf 88' lang='lat' dir='ltr'>solvatque</span> <span class='ocrx_word' id='word_1_130' title='bbox 2853 489 2939 545; x_wconf 88' lang='lat' dir='ltr'>ibi</span> <span class='ocrx_word' id='word_1_131' title='bbox 2968 491 3137 562; x_wconf 86' lang='lat' dir='ltr'>quod</span> <span class='ocrx_word' id='word_1_132' title='bbox 3187 495 3373 563; x_wconf 85' lang='lat' dir='ltr'>gessit</span> <span class='ocrx_word' id='word_1_133' title='bbox 3403 513 3599 572; x_wconf 89' lang='lat' dir='ltr'>usque</span> <span class='ocrx_word' id='word_1_134' title='bbox 3630 505 3709 560; x_wconf 90' lang='lat' dir='ltr'>ad</span> 
     </span>
    </p>
   </div>
   <div class='ocr_carea' id='block_1_21' title="bbox 2034 569 3710 657">
    <p class='ocr_par' dir='ltr' id='par_1_21' title="bbox 2034 569 3710 657">
     <span class='ocr_line' id='line_1_21' title="bbox 2034 569 3710 657; baseline 0.016 -32"><span class='ocrx_word' id='word_1_135' title='bbox 2034 569 2431 633; x_wconf 84' lang='lat' dir='ltr'>novissimum</span> <span class='ocrx_word' id='word_1_136' title='bbox 2468 579 2899 652; x_wconf 87' lang='lat' dir='ltr'>quadrantem.</span> <span class='ocrx_word' id='word_1_137' title='bbox 2961 578 3129 636; x_wconf 88' lang='lat' dir='ltr'>Hanc</span> <span class='ocrx_word' id='word_1_138' title='bbox 3196 598 3344 641; x_wconf 84' lang='lat' dir='ltr'>sane</span> <span class='ocrx_word' id='word_1_139' title='bbox 3392 569 3710 657; x_wconf 72' lang='lat' dir='ltr'>epistolam</span> 
     </span>
    </p>
   </div>
   <div class='ocr_carea' id='block_1_22' title="bbox 2033 663 3710 740">
    <p class='ocr_par' dir='ltr' id='par_1_22' title="bbox 2033 663 3710 740">
     <span class='ocr_line' id='line_1_22' title="bbox 2033 663 3710 740; baseline 0.014 -25"><span class='ocrx_word' id='word_1_140' title='bbox 2033 675 2160 717; x_wconf 91' lang='lat' dir='ltr'>non</span> <span class='ocrx_word' id='word_1_141' title='bbox 2192 663 2334 719; x_wconf 89' lang='lat' dir='ltr'>solis</span> <span class='ocrx_word' id='word_1_142' title='bbox 2361 667 2687 740; x_wconf 87' lang='lat' dir='ltr'>episcopis,</span> <span class='ocrx_word' id='word_1_143' title='bbox 2747 668 2853 724; x_wconf 88' lang='lat' dir='ltr'>sed</span> <span class='ocrx_word' id='word_1_144' title='bbox 2887 667 3071 725; x_wconf 89' lang='lat' dir='ltr'>etiam</span> <span class='ocrx_word' id='word_1_145' title='bbox 3126 670 3453 729; x_wconf 86' lang='lat' dir='ltr'>abbatibus</span> <span class='ocrx_word' id='word_1_146' title='bbox 3500 677 3710 738; x_wconf 90' lang='lat' dir='ltr'>vicinis</span> 
     </span>
    </p>
   </div>
   <div class='ocr_carea' id='block_1_23' title="bbox 2036 751 3711 834">
    <p class='ocr_par' dir='ltr' id='par_1_23' title="bbox 2036 751 3711 834">
     <span class='ocr_line' id='line_1_23' title="bbox 2036 751 3711 834; baseline 0.015 -30"><span class='ocrx_word' id='word_1_147' title='bbox 2036 754 2141 806; x_wconf 89' lang='lat' dir='ltr'>aut</span> <span class='ocrx_word' id='word_1_148' title='bbox 2167 751 2347 823; x_wconf 87' lang='lat' dir='ltr'>longe</span> <span class='ocrx_word' id='word_1_149' title='bbox 2377 757 2643 825; x_wconf 83' lang='lat' dir='ltr'>remotis,</span> <span class='ocrx_word' id='word_1_150' title='bbox 2672 758 2780 830; x_wconf 89' lang='lat' dir='ltr'>qui</span> <span class='ocrx_word' id='word_1_151' title='bbox 2812 756 2931 813; x_wconf 88' lang='lat' dir='ltr'>sub</span> <span class='ocrx_word' id='word_1_152' title='bbox 2961 757 3076 815; x_wconf 89' lang='lat' dir='ltr'>hac</span> <span class='ocrx_word' id='word_1_153' title='bbox 3114 775 3332 819; x_wconf 90' lang='lat' dir='ltr'>norma</span> <span class='ocrx_word' id='word_1_154' title='bbox 3360 766 3711 834; x_wconf 76' lang='lat' dir='ltr'>regulariter</span> 
     </span>
    </p>
   </div>
   <div class='ocr_carea' id='block_1_24' title="bbox 2036 836 3713 919">
    <p class='ocr_par' dir='ltr' id='par_1_24' title="bbox 2036 836 3713 919">
     <span class='ocr_line' id='line_1_24' title="bbox 2036 836 3713 919; baseline 0.016 -27"><span class='ocrx_word' id='word_1_155' title='bbox 2036 836 2283 910; x_wconf 86' lang='lat' dir='ltr'>degunt,</span> <span class='ocrx_word' id='word_1_156' title='bbox 2311 859 2500 915; x_wconf 90' lang='lat' dir='ltr'>quam</span> <span class='ocrx_word' id='word_1_157' title='bbox 2532 846 2831 905; x_wconf 87' lang='lat' dir='ltr'>Dominus</span> <span class='ocrx_word' id='word_1_158' title='bbox 2861 862 2973 919; x_wconf 89' lang='lat' dir='ltr'>per</span> <span class='ocrx_word' id='word_1_159' title='bbox 3024 846 3273 905; x_wconf 88' lang='lat' dir='ltr'>beatum</span> <span class='ocrx_word' id='word_1_160' title='bbox 3305 853 3504 912; x_wconf 81' lang='lat' dir='ltr'>sanxit</span> <span class='ocrx_word' id='word_1_161' title='bbox 3536 858 3713 918; x_wconf 85' lang='lat' dir='ltr'>Bene-</span> 
     </span>
    </p>
   </div>
   <div class='ocr_carea' id='block_1_25' title="bbox 2035 927 3713 1010">
    <p class='ocr_par' dir='ltr' id='par_1_25' title="bbox 2035 927 3713 1010">
     <span class='ocr_line' id='line_1_25' title="bbox 2035 927 3713 1010; baseline 0.013 -26"><span class='ocrx_word' id='word_1_162' title='bbox 2035 927 2283 997; x_wconf 90' lang='lat' dir='ltr'>dictum,</span> <span class='ocrx_word' id='word_1_163' title='bbox 2317 932 2657 1005; x_wconf 84' lang='lat' dir='ltr'>dirigimus,</span> <span class='ocrx_word' id='word_1_164' title='bbox 2688 940 2758 992; x_wconf 91' lang='lat' dir='ltr'>ut</span> <span class='ocrx_word' id='word_1_165' title='bbox 2782 935 3106 993; x_wconf 89' lang='lat' dir='ltr'>nobiscum</span> <span class='ocrx_word' id='word_1_166' title='bbox 3148 939 3332 1010; x_wconf 90' lang='lat' dir='ltr'>hujus</span> <span class='ocrx_word' id='word_1_167' title='bbox 3363 957 3713 1006; x_wconf 86' lang='lat' dir='ltr'>excommu-</span> 
     </span>
    </p>
   </div>
   <div class='ocr_carea' id='block_1_26' title="bbox 2036 1017 3712 1107">
    <p class='ocr_par' dir='ltr' id='par_1_26' title="bbox 2036 1017 3712 1107">
     <span class='ocr_line' id='line_1_26' title="bbox 2036 1017 3712 1107; baseline 0.014 -35"><span class='ocrx_word' id='word_1_168' title='bbox 2036 1017 2353 1075; x_wconf 89' lang='lat' dir='ltr'>nicationis</span> <span class='ocrx_word' id='word_1_169' title='bbox 2394 1024 2691 1094; x_wconf 80' lang='lat' dir='ltr'>stringant</span> <span class='ocrx_word' id='word_1_170' title='bbox 2730 1025 2971 1081; x_wconf 90' lang='lat' dir='ltr'>nodum</span> <span class='ocrx_word' id='word_1_171' title='bbox 3003 1043 3014 1080; x_wconf 94' lang='lat'>:</span> <span class='ocrx_word' id='word_1_172' title='bbox 3052 1028 3356 1093; x_wconf 77' lang='lat' dir='ltr'>Quatenus</span> <span class='ocrx_word' id='word_1_173' title='bbox 3410 1032 3459 1088; x_wconf 89' lang='lat' dir='ltr'>si</span> <span class='ocrx_word' id='word_1_174' title='bbox 3487 1051 3712 1107; x_wconf 85' lang='lat' dir='ltr'>pauco-</span> 
     </span>
    </p>
   </div>
   <div class='ocr_carea' id='block_1_27' title="bbox 2036 1110 3710 1185">
    <p class='ocr_par' dir='ltr' id='par_1_27' title="bbox 2036 1110 3710 1185">
     <span class='ocr_line' id='line_1_27' title="bbox 2036 1110 3710 1185; baseline 0.013 -24"><span class='ocrx_word' id='word_1_175' title='bbox 2036 1121 2173 1163; x_wconf 87' lang='lat' dir='ltr'>rum</span> <span class='ocrx_word' id='word_1_176' title='bbox 2223 1110 2646 1185; x_wconf 73' lang='lat' dir='ltr'>episeOporum</span> <span class='ocrx_word' id='word_1_177' title='bbox 2697 1115 3391 1175; x_wconf 78' lang='lat' dir='ltr'>excommunicationem</span> <span class='ocrx_word' id='word_1_178' title='bbox 3440 1129 3710 1183; x_wconf 87' lang='lat' dir='ltr'>eontem-</span> 
     </span>
    </p>
   </div>
   <div class='ocr_carea' id='block_1_28' title="bbox 2037 1197 3711 1277">
    <p class='ocr_par' dir='ltr' id='par_1_28' title="bbox 2037 1197 3711 1277">
     <span class='ocr_line' id='line_1_28' title="bbox 2037 1197 3711 1277; baseline 0.013 -26"><span class='ocrx_word' id='word_1_179' title='bbox 2037 1197 2306 1254; x_wconf 89' lang='lat' dir='ltr'>nendam</span> <span class='ocrx_word' id='word_1_180' title='bbox 2337 1201 2555 1258; x_wconf 84' lang='lat' dir='ltr'>stultus</span> <span class='ocrx_word' id='word_1_181' title='bbox 2586 1203 2684 1260; x_wconf 90' lang='lat' dir='ltr'>ille</span> <span class='ocrx_word' id='word_1_182' title='bbox 2732 1205 3059 1277; x_wconf 82' lang='lat' dir='ltr'>putaverit,</span> <span class='ocrx_word' id='word_1_183' title='bbox 3120 1206 3330 1265; x_wconf 84' lang='lat' dir='ltr'>saltem</span> <span class='ocrx_word' id='word_1_184' title='bbox 3378 1212 3711 1273; x_wconf 88' lang='lat' dir='ltr'>multorum</span> 
     </span>
    </p>
   </div>
   <div class='ocr_carea' id='block_1_29' title="bbox 2038 1290 3709 1377">
    <p class='ocr_par' dir='ltr' id='par_1_29' title="bbox 2038 1290 3709 1377">
     <span class='ocr_line' id='line_1_29' title="bbox 2038 1290 3709 1377; baseline 0.013 -38"><span class='ocrx_word' id='word_1_185' title='bbox 2038 1298 2339 1377; x_wconf 84' lang='lat' dir='ltr'>consensu</span> <span class='ocrx_word' id='word_1_186' title='bbox 2360 1290 2488 1360; x_wconf 89' lang='lat' dir='ltr'>ejus</span> <span class='ocrx_word' id='word_1_187' title='bbox 2508 1291 2791 1364; x_wconf 86' lang='lat' dir='ltr'>impietas</span> <span class='ocrx_word' id='word_1_188' title='bbox 2811 1292 3145 1366; x_wconf 83' lang='lat' dir='ltr'>frangatur,</span> <span class='ocrx_word' id='word_1_189' title='bbox 3169 1300 3228 1353; x_wconf 90' lang='lat' dir='ltr'>et</span> <span class='ocrx_word' id='word_1_190' title='bbox 3246 1300 3542 1371; x_wconf 89' lang='lat' dir='ltr'>membra,</span> <span class='ocrx_word' id='word_1_191' title='bbox 3570 1320 3709 1377; x_wconf 68' lang='lat' dir='ltr'>quae</span> 
     </span>
    </p>
   </div>
   <div class='ocr_carea' id='block_1_30' title="bbox 2039 1375 3708 1461">
    <p class='ocr_par' dir='ltr' id='par_1_30' title="bbox 2039 1375 3708 1461">
     <span class='ocr_line' id='line_1_30' title="bbox 2039 1375 3708 1461; baseline 0.014 -34"><span class='ocrx_word' id='word_1_192' title='bbox 2039 1386 2148 1461; x_wconf 85' lang='lat' dir='ltr'>pro</span> <span class='ocrx_word' id='word_1_193' title='bbox 2178 1375 2432 1433; x_wconf 88' lang='lat' dir='ltr'>invicem</span> <span class='ocrx_word' id='word_1_194' title='bbox 2465 1380 2717 1437; x_wconf 87' lang='lat' dir='ltr'>sollicita</span> <span class='ocrx_word' id='word_1_195' title='bbox 2745 1381 2990 1453; x_wconf 84' lang='lat' dir='ltr'>fuerint,</span> <span class='ocrx_word' id='word_1_196' title='bbox 3009 1384 3269 1457; x_wconf 87' lang='lat' dir='ltr'>quietius</span> <span class='ocrx_word' id='word_1_197' title='bbox 3284 1392 3465 1461; x_wconf 87' lang='lat' dir='ltr'>atque</span> <span class='ocrx_word' id='word_1_198' title='bbox 3493 1375 3708 1450; x_wconf 78' lang='lat' dir='ltr'>robus-</span> 
     </span>
    </p>
   </div>
   <div class='ocr_carea' id='block_1_31' title="bbox 2039 1460 3713 1553">
    <p class='ocr_par' dir='ltr' id='par_1_31' title="bbox 2039 1460 3713 1553">
     <span class='ocr_line' id='line_1_31' title="bbox 2039 1460 3713 1553; baseline 0.014 -38"><span class='ocrx_word' id='word_1_199' title='bbox 2039 1460 2155 1515; x_wconf 86' lang='lat' dir='ltr'>tius</span> <span class='ocrx_word' id='word_1_200' title='bbox 2186 1462 2244 1517; x_wconf 91' lang='lat' dir='ltr'>in</span> <span class='ocrx_word' id='word_1_201' title='bbox 2276 1464 2489 1522; x_wconf 87' lang='lat' dir='ltr'>Christi</span> <span class='ocrx_word' id='word_1_202' title='bbox 2516 1484 2771 1541; x_wconf 86' lang='lat' dir='ltr'>corpore</span> <span class='ocrx_word' id='word_1_203' title='bbox 2799 1475 3141 1529; x_wconf 86' lang='lat' dir='ltr'>teneantur.</span> <span class='ocrx_word' id='word_1_204' title='bbox 3173 1474 3328 1532; x_wconf 84' lang='lat' dir='ltr'>Sane</span> <span class='ocrx_word' id='word_1_205' title='bbox 3360 1460 3561 1549; x_wconf 81' lang='lat' dir='ltr'>istam,</span> <span class='ocrx_word' id='word_1_206' title='bbox 3602 1497 3713 1553; x_wconf 89' lang='lat' dir='ltr'>per</span> 
     </span>
    </p>
   </div>
   <div class='ocr_carea' id='block_1_32' title="bbox 2038 1554 3710 1641">
    <p class='ocr_par' dir='ltr' id='par_1_32' title="bbox 2038 1554 3710 1641">
     <span class='ocr_line' id='line_1_32' title="bbox 2038 1554 3710 1641; baseline 0.005 -36"><span class='ocrx_word' id='word_1_207' title='bbox 2038 1566 2222 1641; x_wconf 79' lang='lat' dir='ltr'>quam</span> <span class='ocrx_word' id='word_1_208' title='bbox 2256 1554 2427 1609; x_wconf 85' lang='lat' dir='ltr'>vobis</span> <span class='ocrx_word' id='word_1_209' title='bbox 2479 1557 2808 1631; x_wconf 88' lang='lat' dir='ltr'>loquimur,</span> <span class='ocrx_word' id='word_1_210' title='bbox 2838 1560 3163 1634; x_wconf 81' lang='lat' dir='ltr'>epistolam</span> <span class='ocrx_word' id='word_1_211' title='bbox 3222 1564 3415 1634; x_wconf 83' lang='lat' dir='ltr'>sigillo</span> <span class='ocrx_word' id='word_1_212' title='bbox 3469 1575 3710 1641; x_wconf 63' lang='lat' dir='ltr'>aposto-</span> 
     </span>
    </p>
   </div>
   <div class='ocr_carea' id='block_1_33' title="bbox 244 1630 3708 1728">
    <p class='ocr_par' dir='ltr' id='par_1_33' title="bbox 244 1630 3708 1728">
     <span class='ocr_line' id='line_1_33' title="bbox 244 1630 3708 1728; baseline 0.008 -43"><span class='ocrx_word' id='word_1_213' title='bbox 338 1648 476 1728; x_wconf 77' lang='lat' dir='ltr'>mea</span> <span class='ocrx_word' id='word_1_214' title='bbox 504 1632 628 1728; x_wconf 73' lang='lat' dir='ltr'>vice</span> <span class='ocrx_word' id='word_1_215' title='bbox 661 1647 772 1728; x_wconf 86' lang='lat' dir='ltr'>per</span> <span class='ocrx_word' id='word_1_216' title='bbox 800 1631 1108 1703; x_wconf 79' lang='lat' dir='ltr'>exemplar</span> <span class='ocrx_word' id='word_1_217' title='bbox 1128 1631 1308 1728; x_wconf 72' lang='lat' dir='ltr'>hujus</span> <span class='ocrx_word' id='word_1_218' title='bbox 1337 1630 1598 1703; x_wconf 69' lang='lat' dir='ltr'>paginfe.</span> <span class='ocrx_word' id='word_1_219' title='bbox 1619 1630 1923 1728; x_wconf 64' lang='lat' dir='ltr'>quisquis</span> <span class='ocrx_word' id='word_1_220' title='bbox 1968 1653 2007 1705; x_wconf 72' lang='lat' dir='ltr'><strong>ï¬‚</strong></span> <span class='ocrx_word' id='word_1_221' title='bbox 2036 1637 2162 1694; x_wconf 84' lang='lat' dir='ltr'>licse</span> <span class='ocrx_word' id='word_1_222' title='bbox 2191 1642 2685 1718; x_wconf 82' lang='lat' dir='ltr'>dignitatisatque</span> <span class='ocrx_word' id='word_1_223' title='bbox 2701 1630 3480 1728; x_wconf 73' lang='lat' dir='ltr'>auctoritatisinsignimus,</span> <span class='ocrx_word' id='word_1_224' title='bbox 3507 1630 3563 1715; x_wconf 72' lang='lat' dir='ltr'>et</span> <span class='ocrx_word' id='word_1_225' title='bbox 3584 1664 3708 1716; x_wconf 87' lang='lat' dir='ltr'>tam</span> 
     </span>
    </p>
   </div>
   <div class='ocr_carea' id='block_1_34' title="bbox 243 1712 1918 1787">
    <p class='ocr_par' dir='ltr' id='par_1_34' title="bbox 243 1712 1918 1787">
     <span class='ocr_line' id='line_1_34' title="bbox 243 1712 1918 1787; baseline -0.001 -11"><span class='ocrx_word' id='word_1_226' title='bbox 243 1720 341 1776; x_wconf 89' lang='lat' dir='ltr'>ille</span> <span class='ocrx_word' id='word_1_227' title='bbox 373 1720 565 1787; x_wconf 77' lang='lat' dir='ltr'>fuerit,</span> <span class='ocrx_word' id='word_1_228' title='bbox 616 1724 829 1775; x_wconf 89' lang='lat' dir='ltr'>nostra</span> <span class='ocrx_word' id='word_1_229' title='bbox 856 1719 1325 1775; x_wconf 88' lang='lat' dir='ltr'>commonitione</span> <span class='ocrx_word' id='word_1_230' title='bbox 1374 1718 1752 1775; x_wconf 87' lang='lat' dir='ltr'>conveniatis</span> <span class='ocrx_word' id='word_1_231' title='bbox 1782 1712 1918 1775; x_wconf 82' lang='lat' dir='ltr'>etsi</span> 
     </span>
    </p>
   </div>
   <div class='ocr_carea' id='block_1_35' title="bbox 244 1806 1921 1883">
    <p class='ocr_par' dir='ltr' id='par_1_35' title="bbox 244 1806 1921 1883">
     <span class='ocr_line' id='line_1_35' title="bbox 244 1806 1921 1883; baseline -0.001 -18"><span class='ocrx_word' id='word_1_232' title='bbox 244 1810 491 1883; x_wconf 88' lang='lat' dir='ltr'>potestis</span> <span class='ocrx_word' id='word_1_233' title='bbox 519 1808 839 1865; x_wconf 89' lang='lat' dir='ltr'>emendate</span> <span class='ocrx_word' id='word_1_234' title='bbox 868 1814 925 1864; x_wconf 90' lang='lat' dir='ltr'>et</span> <span class='ocrx_word' id='word_1_235' title='bbox 946 1808 1239 1879; x_wconf 89' lang='lat' dir='ltr'>corrigite.</span> <span class='ocrx_word' id='word_1_236' title='bbox 1274 1811 1340 1864; x_wconf 86' lang='lat' dir='ltr'>Et</span> <span class='ocrx_word' id='word_1_237' title='bbox 1359 1808 1404 1863; x_wconf 88' lang='lat' dir='ltr'>si</span> <span class='ocrx_word' id='word_1_238' title='bbox 1428 1806 1679 1879; x_wconf 86' lang='lat' dir='ltr'>quidem</span> <span class='ocrx_word' id='word_1_239' title='bbox 1709 1824 1921 1865; x_wconf 87' lang='lat' dir='ltr'>emen-</span> 
     </span>
    </p>
   </div>
   <div class='ocr_carea' id='block_1_36' title="bbox 246 1895 1918 1967">
    <p class='ocr_par' dir='ltr' id='par_1_36' title="bbox 246 1895 1918 1967">
     <span class='ocr_line' id='line_1_36' title="bbox 246 1895 1918 1967; baseline -0.001 -14"><span class='ocrx_word' id='word_1_240' title='bbox 246 1897 503 1964; x_wconf 90' lang='lat' dir='ltr'>daverit,</span> <span class='ocrx_word' id='word_1_241' title='bbox 563 1897 823 1967; x_wconf 89' lang='lat' dir='ltr'>gratiam</span> <span class='ocrx_word' id='word_1_242' title='bbox 885 1901 942 1952; x_wconf 90' lang='lat' dir='ltr'>et</span> <span class='ocrx_word' id='word_1_243' title='bbox 981 1896 1473 1952; x_wconf 90' lang='lat' dir='ltr'>communionem</span> <span class='ocrx_word' id='word_1_244' title='bbox 1503 1895 1663 1952; x_wconf 87' lang='lat' dir='ltr'>intra</span> <span class='ocrx_word' id='word_1_245' title='bbox 1694 1901 1918 1952; x_wconf 58' lang='lat' dir='ltr'>sancire</span> 
     </span>
    </p>
   </div>
   <div class='ocr_carea' id='block_1_37' title="bbox 244 1983 1919 2057">
    <p class='ocr_par' dir='ltr' id='par_1_37' title="bbox 244 1983 1919 2057">
     <span class='ocr_line' id='line_1_37' title="bbox 244 1983 1919 2057; baseline -0.001 -16"><span class='ocrx_word' id='word_1_246' title='bbox 244 1986 454 2041; x_wconf 90' lang='lat' dir='ltr'>matris</span> <span class='ocrx_word' id='word_1_247' title='bbox 486 1986 759 2042; x_wconf 71' lang='lat' dir='ltr'>Ecclesize</span> <span class='ocrx_word' id='word_1_248' title='bbox 790 1985 1093 2055; x_wconf 88' lang='lat' dir='ltr'>gremium</span> <span class='ocrx_word' id='word_1_249' title='bbox 1132 1985 1181 2040; x_wconf 91' lang='lat' dir='ltr'>ei</span> <span class='ocrx_word' id='word_1_250' title='bbox 1205 1983 1627 2057; x_wconf 88' lang='lat' dir='ltr'>permittimus.</span> <span class='ocrx_word' id='word_1_251' title='bbox 1648 1989 1718 2040; x_wconf 82' lang='lat' dir='ltr'>At</span> <span class='ocrx_word' id='word_1_252' title='bbox 1744 1985 1790 2040; x_wconf 88' lang='lat' dir='ltr'>si</span> <span class='ocrx_word' id='word_1_253' title='bbox 1827 2001 1919 2040; x_wconf 85' lang='lat' dir='ltr'>re-</span> 
     </span>
    </p>
   </div>
   <div class='ocr_carea' id='block_1_38' title="bbox 239 2074 1916 2147">
    <p class='ocr_par' dir='ltr' id='par_1_38' title="bbox 239 2074 1916 2147">
     <span class='ocr_line' id='line_1_38' title="bbox 239 2074 1916 2147; baseline 0.001 -17"><span class='ocrx_word' id='word_1_254' title='bbox 239 2075 417 2130; x_wconf 91' lang='lat' dir='ltr'>bellis</span> <span class='ocrx_word' id='word_1_255' title='bbox 445 2081 503 2131; x_wconf 87' lang='lat' dir='ltr'>et</span> <span class='ocrx_word' id='word_1_256' title='bbox 534 2075 852 2147; x_wconf 83' lang='lat' dir='ltr'>improbus</span> <span class='ocrx_word' id='word_1_257' title='bbox 910 2090 1051 2130; x_wconf 90' lang='lat' dir='ltr'>mea</span> <span class='ocrx_word' id='word_1_258' title='bbox 1084 2079 1400 2145; x_wconf 87' lang='lat' dir='ltr'>vestraque</span> <span class='ocrx_word' id='word_1_259' title='bbox 1444 2074 1916 2131; x_wconf 90' lang='lat' dir='ltr'>commonitione</span> 
     </span>
    </p>
   </div>
   <div class='ocr_carea' id='block_1_39' title="bbox 243 2162 1912 2236">
    <p class='ocr_par' dir='ltr' id='par_1_39' title="bbox 243 2162 1912 2236">
     <span class='ocr_line' id='line_1_39' title="bbox 243 2162 1912 2236; baseline 0 -16"><span class='ocrx_word' id='word_1_260' title='bbox 243 2170 493 2236; x_wconf 90' lang='lat' dir='ltr'>peccata</span> <span class='ocrx_word' id='word_1_261' title='bbox 517 2163 851 2220; x_wconf 87' lang='lat' dir='ltr'>emendare</span> <span class='ocrx_word' id='word_1_262' title='bbox 876 2164 1154 2232; x_wconf 89' lang='lat' dir='ltr'>noluerit,</span> <span class='ocrx_word' id='word_1_263' title='bbox 1186 2165 1312 2219; x_wconf 87' lang='lat' dir='ltr'>vice</span> <span class='ocrx_word' id='word_1_264' title='bbox 1340 2162 1496 2218; x_wconf 88' lang='lat' dir='ltr'>beati</span> <span class='ocrx_word' id='word_1_265' title='bbox 1528 2164 1674 2218; x_wconf 88' lang='lat' dir='ltr'>Petri</span> <span class='ocrx_word' id='word_1_266' title='bbox 1700 2165 1912 2235; x_wconf 74' lang='lat' dir='ltr'>przeci-</span> 
     </span>
    </p>
   </div>
   <div class='ocr_carea' id='block_1_40' title="bbox 242 2252 1910 2326">
    <p class='ocr_par' dir='ltr' id='par_1_40' title="bbox 242 2252 1910 2326">
     <span class='ocr_line' id='line_1_40' title="bbox 242 2252 1910 2326; baseline 0 -17"><span class='ocrx_word' id='word_1_267' title='bbox 242 2254 447 2326; x_wconf 90' lang='lat' dir='ltr'>pimus</span> <span class='ocrx_word' id='word_1_268' title='bbox 472 2258 778 2326; x_wconf 87' lang='lat' dir='ltr'>quatenus</span> <span class='ocrx_word' id='word_1_269' title='bbox 804 2252 975 2308; x_wconf 89' lang='lat' dir='ltr'>illum</span> <span class='ocrx_word' id='word_1_270' title='bbox 1010 2253 1203 2309; x_wconf 84' lang='lat' dir='ltr'>furem</span> <span class='ocrx_word' id='word_1_271' title='bbox 1235 2258 1291 2309; x_wconf 89' lang='lat' dir='ltr'>et</span> <span class='ocrx_word' id='word_1_272' title='bbox 1312 2253 1657 2309; x_wconf 86' lang='lat' dir='ltr'>violatorem</span> <span class='ocrx_word' id='word_1_273' title='bbox 1688 2260 1910 2309; x_wconf 70' lang='lat' dir='ltr'>sancite</span> 
     </span>
    </p>
   </div>
   <div class='ocr_carea' id='block_1_41' title="bbox 244 2341 1913 2414">
    <p class='ocr_par' dir='ltr' id='par_1_41' title="bbox 244 2341 1913 2414">
     <span class='ocr_line' id='line_1_41' title="bbox 244 2341 1913 2414; baseline 0.001 -17"><span class='ocrx_word' id='word_1_274' title='bbox 244 2343 347 2398; x_wconf 92' lang='lat' dir='ltr'>Dei</span> <span class='ocrx_word' id='word_1_275' title='bbox 380 2342 650 2398; x_wconf 68' lang='lat' dir='ltr'>Ecclesiae</span> <span class='ocrx_word' id='word_1_276' title='bbox 682 2357 897 2398; x_wconf 90' lang='lat' dir='ltr'>omnes</span> <span class='ocrx_word' id='word_1_277' title='bbox 927 2357 1111 2414; x_wconf 86' lang='lat' dir='ltr'>supra</span> <span class='ocrx_word' id='word_1_278' title='bbox 1144 2342 1436 2398; x_wconf 89' lang='lat' dir='ltr'>nominati</span> <span class='ocrx_word' id='word_1_279' title='bbox 1478 2341 1913 2414; x_wconf 87' lang='lat' dir='ltr'>archiepiscopi</span> 
     </span>
    </p>
   </div>
   <div class='ocr_carea' id='block_1_42' title="bbox 243 2430 1909 2505">
    <p class='ocr_par' dir='ltr' id='par_1_42' title="bbox 243 2430 1909 2505">
     <span class='ocr_line' id='line_1_42' title="bbox 243 2430 1909 2505; baseline 0 -17"><span class='ocrx_word' id='word_1_280' title='bbox 243 2438 303 2488; x_wconf 90' lang='lat' dir='ltr'>et</span> <span class='ocrx_word' id='word_1_281' title='bbox 324 2433 595 2505; x_wconf 90' lang='lat' dir='ltr'>episcopi</span> <span class='ocrx_word' id='word_1_282' title='bbox 621 2448 763 2488; x_wconf 91' lang='lat' dir='ltr'>cum</span> <span class='ocrx_word' id='word_1_283' title='bbox 794 2433 1004 2488; x_wconf 84' lang='lat' dir='ltr'>vestris</span> <span class='ocrx_word' id='word_1_284' title='bbox 1034 2431 1487 2487; x_wconf 80' lang='lat' dir='ltr'>successoribus</span> <span class='ocrx_word' id='word_1_285' title='bbox 1518 2430 1630 2485; x_wconf 90' lang='lat' dir='ltr'>sub</span> <span class='ocrx_word' id='word_1_286' title='bbox 1661 2433 1909 2488; x_wconf 84' lang='lat' dir='ltr'>anathe-</span> 
     </span>
    </p>
   </div>
   <div class='ocr_carea' id='block_1_43' title="bbox 243 2520 1910 2593">
    <p class='ocr_par' dir='ltr' id='par_1_43' title="bbox 243 2520 1910 2593">
     <span class='ocr_line' id='line_1_43' title="bbox 243 2520 1910 2593; baseline -0.001 -16"><span class='ocrx_word' id='word_1_287' title='bbox 243 2522 422 2577; x_wconf 88' lang='lat' dir='ltr'>matis</span> <span class='ocrx_word' id='word_1_288' title='bbox 446 2521 678 2577; x_wconf 84' lang='lat' dir='ltr'>vinculo</span> <span class='ocrx_word' id='word_1_289' title='bbox 701 2521 988 2577; x_wconf 86' lang='lat' dir='ltr'>innodate</span> <span class='ocrx_word' id='word_1_290' title='bbox 1011 2520 1378 2593; x_wconf 83' lang='lat' dir='ltr'>[innodetis],</span> <span class='ocrx_word' id='word_1_291' title='bbox 1404 2520 1597 2592; x_wconf 86' lang='lat' dir='ltr'>sitque</span> <span class='ocrx_word' id='word_1_292' title='bbox 1620 2535 1759 2591; x_wconf 89' lang='lat' dir='ltr'>pars</span> <span class='ocrx_word' id='word_1_293' title='bbox 1781 2522 1910 2591; x_wconf 86' lang='lat' dir='ltr'>ejus</span> 
     </span>
    </p>
   </div>
   <div class='ocr_carea' id='block_1_44' title="bbox 243 2609 1909 2682">
    <p class='ocr_par' dir='ltr' id='par_1_44' title="bbox 243 2609 1909 2682">
     <span class='ocr_line' id='line_1_44' title="bbox 243 2609 1909 2682; baseline -0.001 -15"><span class='ocrx_word' id='word_1_294' title='bbox 243 2626 387 2667; x_wconf 92' lang='lat' dir='ltr'>cum</span> <span class='ocrx_word' id='word_1_295' title='bbox 418 2613 605 2666; x_wconf 87' lang='lat' dir='ltr'>Datan</span> <span class='ocrx_word' id='word_1_296' title='bbox 634 2615 692 2665; x_wconf 87' lang='lat' dir='ltr'>et</span> <span class='ocrx_word' id='word_1_297' title='bbox 721 2610 965 2676; x_wconf 83' lang='lat' dir='ltr'>Abiron,</span> <span class='ocrx_word' id='word_1_298' title='bbox 998 2626 1154 2682; x_wconf 90' lang='lat' dir='ltr'>quos</span> <span class='ocrx_word' id='word_1_299' title='bbox 1214 2614 1270 2665; x_wconf 93' lang='lat' dir='ltr'>et</span> <span class='ocrx_word' id='word_1_300' title='bbox 1299 2614 1454 2665; x_wconf 89' lang='lat' dir='ltr'>terra</span> <span class='ocrx_word' id='word_1_301' title='bbox 1503 2624 1615 2680; x_wconf 92' lang='lat' dir='ltr'>pro</span> <span class='ocrx_word' id='word_1_302' title='bbox 1670 2609 1909 2665; x_wconf 87' lang='lat' dir='ltr'>illorum</span> 
     </span>
    </p>
   </div>
   <div class='ocr_carea' id='block_1_45' title="bbox 247 2698 1913 2771">
    <p class='ocr_par' dir='ltr' id='par_1_45' title="bbox 247 2698 1913 2771">
     <span class='ocr_line' id='line_1_45' title="bbox 247 2698 1913 2771; baseline -0.001 -16"><span class='ocrx_word' id='word_1_303' title='bbox 247 2699 415 2755; x_wconf 87' lang='lat' dir='ltr'>vivos</span> <span class='ocrx_word' id='word_1_304' title='bbox 446 2698 763 2755; x_wconf 89' lang='lat' dir='ltr'>absorbuit</span> <span class='ocrx_word' id='word_1_305' title='bbox 812 2698 1118 2771; x_wconf 87' lang='lat' dir='ltr'>superbia.</span> <span class='ocrx_word' id='word_1_306' title='bbox 1179 2700 1483 2769; x_wconf 80' lang='lat' dir='ltr'>Fiantque</span> <span class='ocrx_word' id='word_1_307' title='bbox 1515 2698 1634 2763; x_wconf 67' lang='lat' dir='ltr'>,clii</span> <span class='ocrx_word' id='word_1_308' title='bbox 1662 2701 1789 2765; x_wconf 88' lang='lat' dir='ltr'>ejus</span> <span class='ocrx_word' id='word_1_309' title='bbox 1819 2714 1913 2753; x_wconf 63' lang='lat' dir='ltr'>on-</span> 
     </span>
    </p>
   </div>
   <div class='ocr_carea' id='block_1_46' title="bbox 237 2786 1910 2858">
    <p class='ocr_par' dir='ltr' id='par_1_46' title="bbox 237 2786 1910 2858">
     <span class='ocr_line' id='line_1_46' title="bbox 237 2786 1910 2858; baseline -0.001 -13"><span class='ocrx_word' id='word_1_310' title='bbox 237 2788 436 2858; x_wconf 84' lang='lat' dir='ltr'>phani</span> <span class='ocrx_word' id='word_1_311' title='bbox 464 2794 517 2844; x_wconf 89' lang='lat' dir='ltr'>et</span> <span class='ocrx_word' id='word_1_312' title='bbox 540 2804 697 2845; x_wconf 72' lang='lat' dir='ltr'>uxor</span> <span class='ocrx_word' id='word_1_313' title='bbox 715 2790 843 2856; x_wconf 84' lang='lat' dir='ltr'>ejus</span> <span class='ocrx_word' id='word_1_314' title='bbox 872 2789 1075 2855; x_wconf 87' lang='lat' dir='ltr'>vidua,</span> <span class='ocrx_word' id='word_1_315' title='bbox 1093 2789 1344 2856; x_wconf 78' lang='lat' dir='ltr'>parvuli</span> <span class='ocrx_word' id='word_1_316' title='bbox 1365 2786 1691 2858; x_wconf 82' lang='lat' dir='ltr'>[nutantes]</span> <span class='ocrx_word' id='word_1_317' title='bbox 1714 2794 1910 2843; x_wconf 86' lang='lat' dir='ltr'>trans-</span> 
     </span>
    </p>
   </div>
   <div class='ocr_carea' id='block_1_47' title="bbox 239 2878 1907 2948">
    <p class='ocr_par' dir='ltr' id='par_1_47' title="bbox 239 2878 1907 2948">
     <span class='ocr_line' id='line_1_47' title="bbox 239 2878 1907 2948; baseline 0 -14"><span class='ocrx_word' id='word_1_318' title='bbox 239 2880 529 2948; x_wconf 83' lang='lat' dir='ltr'>ferantur</span> <span class='ocrx_word' id='word_1_319' title='bbox 550 2880 669 2946; x_wconf 85' lang='lat' dir='ltr'>ï¬lii</span> <span class='ocrx_word' id='word_1_320' title='bbox 705 2881 854 2947; x_wconf 84' lang='lat' dir='ltr'>ejus.</span> <span class='ocrx_word' id='word_1_321' title='bbox 888 2884 941 2933; x_wconf 82' lang='lat' dir='ltr'>et</span> <span class='ocrx_word' id='word_1_322' title='bbox 999 2879 1354 2943; x_wconf 82' lang='lat' dir='ltr'>mendicent,</span> <span class='ocrx_word' id='word_1_323' title='bbox 1387 2883 1442 2933; x_wconf 88' lang='lat' dir='ltr'>et</span> <span class='ocrx_word' id='word_1_324' title='bbox 1477 2878 1807 2943; x_wconf 80' lang='lat' dir='ltr'>eiiciantur</span> <span class='ocrx_word' id='word_1_325' title='bbox 1834 2879 1907 2934; x_wconf 83' lang='lat' dir='ltr'>de</span> 
     </span>
    </p>
   </div>
   <div class='ocr_carea' id='block_1_48' title="bbox 2033 1728 3707 1818">
    <p class='ocr_par' dir='ltr' id='par_1_48' title="bbox 2033 1728 3707 1818">
     <span class='ocr_line' id='line_1_48' title="bbox 2033 1728 3707 1818; baseline 0.011 -35"><span class='ocrx_word' id='word_1_326' title='bbox 2033 1728 2095 1783; x_wconf 90' lang='lat' dir='ltr'>in</span> <span class='ocrx_word' id='word_1_327' title='bbox 2126 1732 2404 1788; x_wconf 74' lang='lat' dir='ltr'>ccenobio</span> <span class='ocrx_word' id='word_1_328' title='bbox 2432 1733 2622 1790; x_wconf 84' lang='lat' dir='ltr'>beatae</span> <span class='ocrx_word' id='word_1_329' title='bbox 2652 1736 2904 1806; x_wconf 84' lang='lat' dir='ltr'>virginis</span> <span class='ocrx_word' id='word_1_330' title='bbox 2937 1740 3131 1796; x_wconf 78' lang='lat' dir='ltr'>Mariae</span> <span class='ocrx_word' id='word_1_331' title='bbox 3164 1758 3351 1813; x_wconf 90' lang='lat' dir='ltr'>quam</span> <span class='ocrx_word' id='word_1_332' title='bbox 3368 1742 3431 1799; x_wconf 90' lang='lat' dir='ltr'>in</span> <span class='ocrx_word' id='word_1_333' title='bbox 3460 1745 3707 1818; x_wconf 90' lang='lat' dir='ltr'>reliquis</span> 
     </span>
    </p>
   </div>
   <div class='ocr_carea' id='block_1_49' title="bbox 2032 1823 3707 1898">
    <p class='ocr_par' dir='ltr' id='par_1_49' title="bbox 2032 1823 3707 1898">
     <span class='ocr_line' id='line_1_49' title="bbox 2032 1823 3707 1898; baseline 0.013 -26"><span class='ocrx_word' id='word_1_334' title='bbox 2032 1825 2377 1876; x_wconf 89' lang='lat' dir='ltr'>sanctorum</span> <span class='ocrx_word' id='word_1_335' title='bbox 2441 1823 2588 1887; x_wconf 87' lang='lat' dir='ltr'>locis</span> <span class='ocrx_word' id='word_1_336' title='bbox 2642 1831 2943 1898; x_wconf 88' lang='lat' dir='ltr'>perpetuo</span> <span class='ocrx_word' id='word_1_337' title='bbox 2995 1834 3480 1889; x_wconf 88' lang='lat' dir='ltr'>conservandam</span> <span class='ocrx_word' id='word_1_338' title='bbox 3528 1837 3707 1893; x_wconf 80' lang='lat' dir='ltr'>tradi-</span> 
     </span>
    </p>
   </div>
   <div class='ocr_carea' id='block_1_50' title="bbox 2029 1909 3706 1980">
    <p class='ocr_par' dir='ltr' id='par_1_50' title="bbox 2029 1909 3706 1980">
     <span class='ocr_line' id='line_1_50' title="bbox 2029 1909 3706 1980; baseline 0.013 -20"><span class='ocrx_word' id='word_1_339' title='bbox 2029 1922 2189 1963; x_wconf 91' lang='lat' dir='ltr'>mus.</span> <span class='ocrx_word' id='word_1_340' title='bbox 2250 1909 2448 1967; x_wconf 86' lang='lat' dir='ltr'>Valete</span> <span class='ocrx_word' id='word_1_341' title='bbox 2476 1911 2537 1967; x_wconf 91' lang='lat' dir='ltr'>in</span> <span class='ocrx_word' id='word_1_342' title='bbox 2577 1928 2851 1970; x_wconf 90' lang='lat' dir='ltr'>amorem</span> <span class='ocrx_word' id='word_1_343' title='bbox 2877 1919 3026 1972; x_wconf 87' lang='lat' dir='ltr'>Jesu</span> <span class='ocrx_word' id='word_1_344' title='bbox 3053 1919 3263 1975; x_wconf 87' lang='lat' dir='ltr'>Christi</span> <span class='ocrx_word' id='word_1_345' title='bbox 3298 1922 3531 1978; x_wconf 89' lang='lat' dir='ltr'>Domini</span> <span class='ocrx_word' id='word_1_346' title='bbox 3563 1940 3706 1980; x_wconf 86' lang='lat' dir='ltr'>nos-</span> 
     </span>
    </p>
   </div>
   <div class='ocr_carea' id='block_1_51' title="bbox 2030 1994 2368 2052">
    <p class='ocr_par' dir='ltr' id='par_1_51' title="bbox 2030 1994 2368 2052">
     <span class='ocr_line' id='line_1_51' title="bbox 2030 1994 2368 2052; baseline 0.009 -2"><span class='ocrx_word' id='word_1_347' title='bbox 2030 1994 2120 2050; x_wconf 92' lang='lat' dir='ltr'>tri.</span> <span class='ocrx_word' id='word_1_348' title='bbox 2155 1999 2368 2052; x_wconf 78' lang='lat' dir='ltr'>Amen.</span> 
     </span>
    </p>
   </div>
   <div class='ocr_carea' id='block_1_52' title="bbox 2804 2092 2935 2148">
    <p class='ocr_par' dir='ltr' id='par_1_52' title="bbox 2804 2092 2935 2148">
     <span class='ocr_line' id='line_1_52' title="bbox 2804 2092 2935 2148; baseline 0.023 -3"><span class='ocrx_word' id='word_1_349' title='bbox 2804 2092 2935 2148; x_wconf 82' lang='lat' dir='ltr'>XII.</span> 
     </span>
    </p>
   </div>
   <div class='ocr_carea' id='block_1_53' title="bbox 2024 2206 3693 2267">
    <p class='ocr_par' dir='ltr' id='par_1_53' title="bbox 2024 2206 3693 2267">
     <span class='ocr_line' id='line_1_53' title="bbox 2024 2206 3693 2267; baseline 0.013 -23"><span class='ocrx_word' id='word_1_350' title='bbox 2024 2206 2385 2249; x_wconf 77' lang='lat' dir='ltr'>PRIVILEGH&#39;M</span> <span class='ocrx_word' id='word_1_351' title='bbox 2426 2211 2624 2251; x_wconf 74' lang='lat' dir='ltr'>LEONIS</span> <span class='ocrx_word' id='word_1_352' title='bbox 2665 2212 2739 2251; x_wconf 75' lang='grc' dir='ltr'>Î½Î·</span> <span class='ocrx_word' id='word_1_353' title='bbox 2780 2214 2889 2253; x_wconf 86' lang='lat' dir='ltr'>PRO</span> <span class='ocrx_word' id='word_1_354' title='bbox 2933 2215 3291 2257; x_wconf 76' lang='lat' dir='ltr'>MONASTBRIO</span> <span class='ocrx_word' id='word_1_355' title='bbox 3322 2220 3693 2267; x_wconf 72' lang='lat' dir='ltr'>CLUNIACENSI.</span> 
     </span>
    </p>
   </div>
   <div class='ocr_carea' id='block_1_54' title="bbox 2625 2289 3112 2359">
    <p class='ocr_par' dir='ltr' id='par_1_54' title="bbox 2625 2289 3112 2359">
     <span class='ocr_line' id='line_1_54' title="bbox 2625 2289 3112 2359; baseline 0.01 -21"><span class='ocrx_word' id='word_1_356' title='bbox 2625 2289 2821 2350; x_wconf 82' lang='lat' dir='ltr'>(Anno</span> <span class='ocrx_word' id='word_1_357' title='bbox 2860 2290 3068 2343; x_wconf 84' lang='lat'>936-39</span> <span class='ocrx_word' id='word_1_358' title='bbox 3096 2289 3112 2359; x_wconf 92' lang='lat'><strong>)</strong></span> 
     </span>
    </p>
   </div>
   <div class='ocr_carea' id='block_1_55' title="bbox 2022 2385 3691 2468">
    <p class='ocr_par' dir='ltr' id='par_1_55' title="bbox 2022 2385 3691 2468">
     <span class='ocr_line' id='line_1_55' title="bbox 2022 2385 3691 2468; baseline 0.013 -29"><span class='ocrx_word' id='word_1_359' title='bbox 2022 2385 2333 2468; x_wconf 64' lang='lat' dir='ltr'>S._0doni,</span> <span class='ocrx_word' id='word_1_360' title='bbox 2366 2389 2576 2468; x_wconf 79' lang='lat' dir='ltr'>abbati</span> <span class='ocrx_word' id='word_1_361' title='bbox 2602 2392 3020 2468; x_wconf 76' lang='lat' dir='ltr'>Cluniacensi,</span> <span class='ocrx_word' id='word_1_362' title='bbox 3063 2398 3306 2468; x_wconf 82' lang='lat' dir='ltr'>ejusque</span> <span class='ocrx_word' id='word_1_363' title='bbox 3344 2406 3691 2460; x_wconf 85' lang='lat' dir='ltr'>successori-</span> 
     </span>
    </p>
   </div>
   <div class='ocr_carea' id='block_1_56' title="bbox 2094 2457 3688 2545">
    <p class='ocr_par' dir='ltr' id='par_1_56' title="bbox 2094 2457 3688 2545">
     <span class='ocr_line' id='line_1_56' title="bbox 2094 2457 3688 2545; baseline 0.011 -32"><span class='ocrx_word' id='word_1_364' title='bbox 2237 2459 2621 2545; x_wconf 43' lang='lat' dir='ltr'>Sâ€˜avinigreum</span> <span class='ocrx_word' id='word_1_365' title='bbox 2654 2467 2709 2517; x_wconf 82' lang='lat' dir='ltr'>et</span> <span class='ocrx_word' id='word_1_366' title='bbox 2735 2457 3176 2545; x_wconf 67' lang='lat' dir='ltr'>Ambariacum</span> <span class='ocrx_word' id='word_1_367' title='bbox 3206 2457 3411 2527; x_wconf 62' lang='lat' dir='ltr'>&#39;curtes</span> <span class='ocrx_word' id='word_1_368' title='bbox 3457 2457 3688 2545; x_wconf 77' lang='lat' dir='ltr'>asserit,</span> 
     </span>
    </p>
   </div>
   <div class='ocr_carea' id='block_1_57' title="bbox 2090 2532 3689 2614">
    <p class='ocr_par' dir='ltr' id='par_1_57' title="bbox 2090 2532 3689 2614">
     <span class='ocr_line' id='line_1_57' title="bbox 2090 2532 3689 2614; baseline 0.013 -32"><span class='ocrx_word' id='word_1_369' title='bbox 2090 2534 2325 2596; x_wconf 81' lang='lat' dir='ltr'>petente</span> <span class='ocrx_word' id='word_1_370' title='bbox 2371 2532 2690 2614; x_wconf 39' lang='lat' dir='ltr'>Â«&#39;Hâ€˜ugone</span> <span class='ocrx_word' id='word_1_371' title='bbox 2726 2534 3004 2602; x_wconf 82' lang='lat' dir='ltr'>glorioso</span> <span class='ocrx_word' id='word_1_372' title='bbox 3033 2552 3170 2608; x_wconf 78' lang='lat' dir='ltr'>rege</span> <span class='ocrx_word' id='word_1_373' title='bbox 3208 2557 3329 2597; x_wconf 87' lang='lat' dir='ltr'>una</span> <span class='ocrx_word' id='word_1_374' title='bbox 3377 2558 3508 2600; x_wconf 85' lang='lat' dir='ltr'>cum</span> <span class='ocrx_word' id='word_1_375' title='bbox 3562 2532 3689 2614; x_wconf 77' lang='lat' dir='ltr'>ï¬lio</span> 
     </span>
    </p>
   </div>
   <div class='ocr_carea' id='block_1_58' title="bbox 2091 2602 2764 2669">
    <p class='ocr_par' dir='ltr' id='par_1_58' title="bbox 2091 2602 2764 2669">
     <span class='ocr_line' id='line_1_58' title="bbox 2091 2602 2764 2669; baseline 0.007 -14"><span class='ocrx_word' id='word_1_376' title='bbox 2091 2614 2197 2655; x_wconf 78' lang='lat' dir='ltr'>suo</span> <span class='ocrx_word' id='word_1_377' title='bbox 2229 2616 2365 2669; x_wconf 86' lang='lat' dir='ltr'>rege</span> <span class='ocrx_word' id='word_1_378' title='bbox 2392 2602 2701 2661; x_wconf 73' lang='lat' dir='ltr'>Lothario.</span> <span class='ocrx_word' id='word_1_379' title='bbox 2734 2626 2764 2652; x_wconf 87' lang='grc'>â€ºâ€º</span> 
     </span>
    </p>
   </div>
   <div class='ocr_carea' id='block_1_59' title="bbox 2482 2690 3224 2770">
    <p class='ocr_par' dir='ltr' id='par_1_59' title="bbox 2482 2690 3224 2770">
     <span class='ocr_line' id='line_1_59' title="bbox 2482 2690 3224 2770; baseline 0.011 -22"><span class='ocrx_word' id='word_1_380' title='bbox 2482 2690 2755 2760; x_wconf 56' lang='lat' dir='ltr'>[Battara</span> <span class='ocrx_word' id='word_1_381' title='bbox 2802 2692 3116 2768; x_wconf 59' lang='lat' dir='ltr'>Clanium,</span> <span class='ocrx_word' id='word_1_382' title='bbox 3150 2701 3224 2770; x_wconf 80' lang='lat'>2].</span> 
     </span>
    </p>
   </div>
   <div class='ocr_carea' id='block_1_60' title="bbox 2092 2794 3681 2876">
    <p class='ocr_par' dir='ltr' id='par_1_60' title="bbox 2092 2794 3681 2876">
     <span class='ocr_line' id='line_1_60' title="bbox 2092 2794 3681 2876; baseline 0.014 -29"><span class='ocrx_word' id='word_1_383' title='bbox 2092 2794 2202 2848; x_wconf 83' lang='lat' dir='ltr'>Leo</span> <span class='ocrx_word' id='word_1_384' title='bbox 2249 2795 2588 2868; x_wconf 79' lang='lat' dir='ltr'>episCOpus,</span> <span class='ocrx_word' id='word_1_385' title='bbox 2649 2812 2869 2853; x_wconf 84' lang='lat' dir='ltr'>servus</span> <span class='ocrx_word' id='word_1_386' title='bbox 2928 2818 3238 2861; x_wconf 88' lang='lat' dir='ltr'>servorum</span> <span class='ocrx_word' id='word_1_387' title='bbox 3271 2808 3389 2876; x_wconf 90' lang='lat' dir='ltr'>Dei,</span> <span class='ocrx_word' id='word_1_388' title='bbox 3429 2810 3681 2870; x_wconf 89' lang='lat' dir='ltr'>domino</span> 
     </span>
    </p>
   </div>
   <div class='ocr_carea' id='block_1_61' title="bbox 2018 2884 3682 2959">
    <p class='ocr_par' dir='ltr' id='par_1_61' title="bbox 2018 2884 3682 2959">
     <span class='ocr_line' id='line_1_61' title="bbox 2018 2884 3682 2959; baseline 0.013 -22"><span class='ocrx_word' id='word_1_389' title='bbox 2018 2884 2193 2938; x_wconf 76' lang='lat' dir='ltr'>Onom</span> <span class='ocrx_word' id='word_1_390' title='bbox 2241 2884 2569 2940; x_wconf 88' lang='lat' dir='ltr'>venerabili</span> <span class='ocrx_word' id='word_1_391' title='bbox 2621 2885 2835 2943; x_wconf 86' lang='lat' dir='ltr'>abbati</span> <span class='ocrx_word' id='word_1_392' title='bbox 2881 2889 3291 2951; x_wconf 88' lang='lat' dir='ltr'>Cluniacensis</span> <span class='ocrx_word' id='word_1_393' title='bbox 3339 2903 3682 2959; x_wconf 84' lang='lat' dir='ltr'>monasterii</span> 
     </span>
    </p>
   </div>
   <div class='ocr_carea' id='block_1_62' title="bbox 244 2967 3253 3060">
    <p class='ocr_par' dir='ltr' id='par_1_62' title="bbox 244 2967 3253 3060">
     <span class='ocr_line' id='line_1_62' title="bbox 244 2967 3253 3060; baseline 0.005 -38"><span class='ocrx_word' id='word_1_394' title='bbox 244 2967 606 3022; x_wconf 76' lang='lat' dir='ltr'>habitaculis</span> <span class='ocrx_word' id='word_1_395' title='bbox 626 2968 788 3032; x_wconf 83' lang='lat' dir='ltr'>suis;</span> <span class='ocrx_word' id='word_1_396' title='bbox 817 2972 1120 3022; x_wconf 80' lang='lat' dir='ltr'>scrutetur</span> <span class='ocrx_word' id='word_1_397' title='bbox 1136 2967 1451 3035; x_wconf 77' lang='lat' dir='ltr'>fenerator</span> <span class='ocrx_word' id='word_1_398' title='bbox 1481 2980 1709 3020; x_wconf 86' lang='lat' dir='ltr'>omnem</span> <span class='ocrx_word' id='word_1_399' title='bbox 1740 2967 1904 3021; x_wconf 69' lang='lat' dir='ltr'>subs~</span> <span class='ocrx_word' id='word_1_400' title='bbox 1946 3006 1985 3060; x_wconf 61' lang='grc' dir='ltr'>Î•</span> <span class='ocrx_word' id='word_1_401' title='bbox 2017 2970 2261 3041; x_wconf 89' lang='lat' dir='ltr'>suisque</span> <span class='ocrx_word' id='word_1_402' title='bbox 2295 2972 2748 3028; x_wconf 88' lang='lat' dir='ltr'>successoribus</span> <span class='ocrx_word' id='word_1_403' title='bbox 2776 2974 2840 3030; x_wconf 93' lang='lat' dir='ltr'>in</span> <span class='ocrx_word' id='word_1_404' title='bbox 2869 2985 3253 3049; x_wconf 67' lang='lat' dir='ltr'>perpetuam.</span> 
     </span>
    </p>
   </div>
   <div class='ocr_carea' id='block_1_63' title="bbox 244 3054 1904 3125">
    <p class='ocr_par' dir='ltr' id='par_1_63' title="bbox 244 3054 1904 3125">
     <span class='ocr_line' id='line_1_63' title="bbox 244 3054 1904 3125; baseline 0 -15"><span class='ocrx_word' id='word_1_405' title='bbox 244 3057 501 3111; x_wconf 89' lang='lat' dir='ltr'>tantiam</span> <span class='ocrx_word' id='word_1_406' title='bbox 529 3057 679 3125; x_wconf 83' lang='lat' dir='ltr'>ejus,</span> <span class='ocrx_word' id='word_1_407' title='bbox 707 3062 759 3111; x_wconf 89' lang='lat' dir='ltr'>et</span> <span class='ocrx_word' id='word_1_408' title='bbox 787 3056 1083 3124; x_wconf 82' lang='lat' dir='ltr'>diripiant</span> <span class='ocrx_word' id='word_1_409' title='bbox 1105 3057 1292 3111; x_wconf 87' lang='lat' dir='ltr'>alieni</span> <span class='ocrx_word' id='word_1_410' title='bbox 1318 3054 1548 3111; x_wconf 78' lang='lat' dir='ltr'>labores</span> <span class='ocrx_word' id='word_1_411' title='bbox 1581 3057 1707 3123; x_wconf 83' lang='lat' dir='ltr'>ejus</span> <span class='ocrx_word' id='word_1_412' title='bbox 1742 3072 1754 3108; x_wconf 89' lang='lat'><strong>:</strong></span> <span class='ocrx_word' id='word_1_413' title='bbox 1786 3071 1904 3111; x_wconf 81' lang='lat' dir='ltr'>non</span> 
     </span>
    </p>
   </div>
   <div class='ocr_carea' id='block_1_64' title="bbox 243 3145 1905 3215">
    <p class='ocr_par' dir='ltr' id='par_1_64' title="bbox 243 3145 1905 3215">
     <span class='ocr_line' id='line_1_64' title="bbox 243 3145 1905 3215; baseline 0.001 -15"><span class='ocrx_word' id='word_1_414' title='bbox 243 3147 319 3200; x_wconf 89' lang='lat' dir='ltr'>sit</span> <span class='ocrx_word' id='word_1_415' title='bbox 349 3145 449 3199; x_wconf 86' lang='lat' dir='ltr'>illi</span> <span class='ocrx_word' id='word_1_416' title='bbox 471 3145 736 3214; x_wconf 80' lang='lat' dir='ltr'>adjutor,</span> <span class='ocrx_word' id='word_1_417' title='bbox 770 3159 877 3200; x_wconf 85' lang='lat' dir='ltr'>nec</span> <span class='ocrx_word' id='word_1_418' title='bbox 895 3145 971 3198; x_wconf 88' lang='lat' dir='ltr'>sit</span> <span class='ocrx_word' id='word_1_419' title='bbox 999 3146 1475 3215; x_wconf 79' lang='lat' dir='ltr'>quimisereatur</span> <span class='ocrx_word' id='word_1_420' title='bbox 1494 3145 1749 3212; x_wconf 86' lang='lat' dir='ltr'>pupillis</span> <span class='ocrx_word' id='word_1_421' title='bbox 1776 3147 1905 3213; x_wconf 85' lang='lat' dir='ltr'>ejus</span> 
     </span>
    </p>
   </div>
   <div class='ocr_carea' id='block_1_65' title="bbox 246 3230 1906 3303">
    <p class='ocr_par' dir='ltr' id='par_1_65' title="bbox 246 3230 1906 3303">
     <span class='ocr_line' id='line_1_65' title="bbox 246 3230 1906 3303; baseline 0 -15"><span class='ocrx_word' id='word_1_422' title='bbox 246 3234 431 3303; x_wconf 85' lang='lat' dir='ltr'>(Psal.</span> <span class='ocrx_word' id='word_1_423' title='bbox 464 3248 620 3299; x_wconf 86' lang='lat' dir='ltr'>cvm,</span> <span class='ocrx_word' id='word_1_424' title='bbox 652 3234 729 3303; x_wconf 89' lang='lat'>9).</span> <span class='ocrx_word' id='word_1_425' title='bbox 764 3235 827 3289; x_wconf 86' lang='lat' dir='ltr'>Et</span> <span class='ocrx_word' id='word_1_426' title='bbox 854 3232 1070 3287; x_wconf 87' lang='lat' dir='ltr'>iterum</span> <span class='ocrx_word' id='word_1_427' title='bbox 1097 3249 1109 3286; x_wconf 92' lang='lat'><strong>:</strong></span> <span class='ocrx_word' id='word_1_428' title='bbox 1139 3232 1346 3289; x_wconf 90' lang='lat' dir='ltr'>Omnis</span> <span class='ocrx_word' id='word_1_429' title='bbox 1370 3231 1473 3303; x_wconf 92' lang='lat' dir='ltr'>qui</span> <span class='ocrx_word' id='word_1_430' title='bbox 1495 3230 1707 3287; x_wconf 82' lang='lat' dir='ltr'>dixerit</span> <span class='ocrx_word' id='word_1_431' title='bbox 1733 3250 1745 3286; x_wconf 92' lang='lat'><strong>:</strong></span> <span class='ocrx_word' id='word_1_432' title='bbox 1772 3235 1906 3288; x_wconf 60' lang='lat' dir='ltr'>Ha?-</span> 
     </span>
    </p>
   </div>
   <div class='ocr_carea' id='block_1_66' title="bbox 242 3321 1897 3393">
    <p class='ocr_par' dir='ltr' id='par_1_66' title="bbox 242 3321 1897 3393">
     <span class='ocr_line' id='line_1_66' title="bbox 242 3321 1897 3393; baseline 0 -16"><span class='ocrx_word' id='word_1_433' title='bbox 242 3322 500 3378; x_wconf 83' lang='lat' dir='ltr'>reditate</span> <span class='ocrx_word' id='word_1_434' title='bbox 515 3322 921 3391; x_wconf 82' lang='lat' dir='ltr'>possideamus</span> <span class='ocrx_word' id='word_1_435' title='bbox 942 3322 1359 3377; x_wconf 84' lang='lat' dir='ltr'>sanctuarium</span> <span class='ocrx_word' id='word_1_436' title='bbox 1377 3321 1485 3376; x_wconf 90' lang='lat' dir='ltr'>Dei</span> <span class='ocrx_word' id='word_1_437' title='bbox 1502 3337 1514 3374; x_wconf 91' lang='lat'>:</span> <span class='ocrx_word' id='word_1_438' title='bbox 1536 3322 1687 3377; x_wconf 86' lang='lat' dir='ltr'>Deus</span> <span class='ocrx_word' id='word_1_439' title='bbox 1718 3336 1897 3393; x_wconf 85' lang='lat' dir='ltr'>meus,</span> 
     </span>
    </p>
   </div>
   <div class='ocr_carea' id='block_1_67' title="bbox 239 3410 1898 3480">
    <p class='ocr_par' dir='ltr' id='par_1_67' title="bbox 239 3410 1898 3480">
     <span class='ocr_line' id='line_1_67' title="bbox 239 3410 1898 3480; baseline 0.001 -15"><span class='ocrx_word' id='word_1_440' title='bbox 239 3425 395 3480; x_wconf 83' lang='lat' dir='ltr'>pone</span> <span class='ocrx_word' id='word_1_441' title='bbox 424 3411 557 3465; x_wconf 86' lang='lat' dir='ltr'>illos</span> <span class='ocrx_word' id='word_1_442' title='bbox 588 3416 654 3465; x_wconf 85' lang='lat' dir='ltr'>ut</span> <span class='ocrx_word' id='word_1_443' title='bbox 685 3417 900 3479; x_wconf 87' lang='lat' dir='ltr'>rotam,</span> <span class='ocrx_word' id='word_1_444' title='bbox 932 3416 989 3466; x_wconf 83' lang='lat' dir='ltr'>et</span> <span class='ocrx_word' id='word_1_445' title='bbox 1008 3412 1162 3466; x_wconf 78' lang='lat' dir='ltr'>sicut</span> <span class='ocrx_word' id='word_1_446' title='bbox 1184 3410 1473 3479; x_wconf 79' lang='lat' dir='ltr'>stipulam</span> <span class='ocrx_word' id='word_1_447' title='bbox 1514 3416 1653 3465; x_wconf 83' lang='lat' dir='ltr'>ante</span> <span class='ocrx_word' id='word_1_448' title='bbox 1681 3413 1898 3480; x_wconf 79' lang='lat' dir='ltr'>faciem</span> 
     </span>
    </p>
   </div>
   <div class='ocr_carea' id='block_1_68' title="bbox 242 3499 1904 3569">
    <p class='ocr_par' dir='ltr' id='par_1_68' title="bbox 242 3499 1904 3569">
     <span class='ocr_line' id='line_1_68' title="bbox 242 3499 1904 3569; baseline 0.001 -14"><span class='ocrx_word' id='word_1_449' title='bbox 242 3500 424 3555; x_wconf 84' lang='lat' dir='ltr'>venti.</span> <span class='ocrx_word' id='word_1_450' title='bbox 454 3500 622 3555; x_wconf 82' lang='lat' dir='ltr'>Sicut</span> <span class='ocrx_word' id='word_1_451' title='bbox 670 3500 826 3569; x_wconf 80' lang='lat' dir='ltr'>ignis</span> <span class='ocrx_word' id='word_1_452' title='bbox 860 3500 966 3569; x_wconf 81' lang='lat' dir='ltr'>qui</span> <span class='ocrx_word' id='word_1_453' title='bbox 1017 3499 1309 3554; x_wconf 86' lang='lat' dir='ltr'>comburit</span> <span class='ocrx_word' id='word_1_454' title='bbox 1366 3499 1602 3563; x_wconf 87' lang='lat' dir='ltr'>silvam,</span> <span class='ocrx_word' id='word_1_455' title='bbox 1663 3506 1717 3554; x_wconf 90' lang='lat' dir='ltr'>et</span> <span class='ocrx_word' id='word_1_456' title='bbox 1749 3503 1904 3556; x_wconf 81' lang='lat' dir='ltr'>sicut</span> 
     </span>
    </p>
   </div>
   <div class='ocr_carea' id='block_1_69' title="bbox 234 3586 1902 3657">
    <p class='ocr_par' dir='ltr' id='par_1_69' title="bbox 234 3586 1902 3657">
     <span class='ocr_line' id='line_1_69' title="bbox 234 3586 1902 3657; baseline 0.001 -16"><span class='ocrx_word' id='word_1_457' title='bbox 234 3586 483 3656; x_wconf 86' lang='lat' dir='ltr'>ï¬‚amma</span> <span class='ocrx_word' id='word_1_458' title='bbox 521 3586 870 3642; x_wconf 84' lang='lat' dir='ltr'>comburens</span> <span class='ocrx_word' id='word_1_459' title='bbox 913 3591 1161 3652; x_wconf 86' lang='lat' dir='ltr'>montes,</span> <span class='ocrx_word' id='word_1_460' title='bbox 1207 3588 1293 3641; x_wconf 87' lang='lat' dir='ltr'>ita</span> <span class='ocrx_word' id='word_1_461' title='bbox 1342 3590 1739 3657; x_wconf 87' lang='lat' dir='ltr'>persequatur</span> <span class='ocrx_word' id='word_1_462' title='bbox 1771 3587 1902 3643; x_wconf 88' lang='lat' dir='ltr'>illos</span> 
     </span>
    </p>
   </div>
   <div class='ocr_carea' id='block_1_70' title="bbox 239 3674 1901 3746">
    <p class='ocr_par' dir='ltr' id='par_1_70' title="bbox 239 3674 1901 3746">
     <span class='ocr_line' id='line_1_70' title="bbox 239 3674 1901 3746; baseline 0.002 -18"><span class='ocrx_word' id='word_1_463' title='bbox 239 3676 417 3742; x_wconf 87' lang='lat' dir='ltr'>Deus,</span> <span class='ocrx_word' id='word_1_464' title='bbox 438 3677 495 3729; x_wconf 90' lang='lat' dir='ltr'>et</span> <span class='ocrx_word' id='word_1_465' title='bbox 521 3674 851 3746; x_wconf 90' lang='lat' dir='ltr'>adimpleat</span> <span class='ocrx_word' id='word_1_466' title='bbox 870 3675 1057 3743; x_wconf 88' lang='lat' dir='ltr'>facies</span> <span class='ocrx_word' id='word_1_467' title='bbox 1089 3688 1293 3729; x_wconf 77' lang='lat' dir='ltr'>eorum</span> <span class='ocrx_word' id='word_1_468' title='bbox 1324 3674 1677 3742; x_wconf 80' lang='lat' dir='ltr'>ignominia,</span> <span class='ocrx_word' id='word_1_469' title='bbox 1712 3674 1791 3730; x_wconf 90' lang='lat' dir='ltr'>ita</span> <span class='ocrx_word' id='word_1_470' title='bbox 1836 3681 1901 3731; x_wconf 92' lang='lat' dir='ltr'>ut</span> 
     </span>
    </p>
   </div>
   <div class='ocr_carea' id='block_1_71' title="bbox 240 3762 1896 3833">
    <p class='ocr_par' dir='ltr' id='par_1_71' title="bbox 240 3762 1896 3833">
     <span class='ocr_line' id='line_1_71' title="bbox 240 3762 1896 3833; baseline 0.001 -15"><span class='ocrx_word' id='word_1_471' title='bbox 240 3763 587 3818; x_wconf 84' lang='lat' dir='ltr'>erubescant</span> <span class='ocrx_word' id='word_1_472' title='bbox 613 3769 666 3819; x_wconf 85' lang='lat' dir='ltr'>et</span> <span class='ocrx_word' id='word_1_473' title='bbox 693 3763 1130 3819; x_wconf 79' lang='lat' dir='ltr'>eonturbentur</span> <span class='ocrx_word' id='word_1_474' title='bbox 1159 3770 1210 3818; x_wconf 91' lang='lat' dir='ltr'>et</span> <span class='ocrx_word' id='word_1_475' title='bbox 1238 3762 1697 3831; x_wconf 81' lang='lat' dir='ltr'>confundantur</span> <span class='ocrx_word' id='word_1_476' title='bbox 1722 3770 1775 3819; x_wconf 88' lang='lat' dir='ltr'>et</span> <span class='ocrx_word' id='word_1_477' title='bbox 1796 3779 1896 3833; x_wconf 87' lang='lat' dir='ltr'>pe-</span> 
     </span>
    </p>
   </div>
   <div class='ocr_carea' id='block_1_72' title="bbox 238 3847 1896 3924">
    <p class='ocr_par' dir='ltr' id='par_1_72' title="bbox 238 3847 1896 3924">
     <span class='ocr_line' id='line_1_72' title="bbox 238 3847 1896 3924; baseline -0.001 -16"><span class='ocrx_word' id='word_1_478' title='bbox 238 3858 415 3908; x_wconf 83' lang='lat' dir='ltr'>reant</span> <span class='ocrx_word' id='word_1_479' title='bbox 446 3853 626 3923; x_wconf 80' lang='lat' dir='ltr'>(Psal.</span> <span class='ocrx_word' id='word_1_480' title='bbox 657 3868 863 3921; x_wconf 78' lang='lat' dir='ltr'>Lxxxn,</span> <span class='ocrx_word' id='word_1_481' title='bbox 894 3856 998 3917; x_wconf 85' lang='lat' dir='ltr'>l3).</span> <span class='ocrx_word' id='word_1_482' title='bbox 1036 3852 1279 3924; x_wconf 89' lang='lat' dir='ltr'>Sintque</span> <span class='ocrx_word' id='word_1_483' title='bbox 1310 3847 1758 3908; x_wconf 84' lang='lat' dir='ltr'>maledictiones</span> <span class='ocrx_word' id='word_1_484' title='bbox 1786 3852 1896 3908; x_wconf 81' lang='lat' dir='ltr'>illae</span> 
     </span>
    </p>
   </div>
   <div class='ocr_carea' id='block_1_73' title="bbox 238 3940 1896 4014">
    <p class='ocr_par' dir='ltr' id='par_1_73' title="bbox 238 3940 1896 4014">
     <span class='ocr_line' id='line_1_73' title="bbox 238 3940 1896 4014; baseline 0.001 -17"><span class='ocrx_word' id='word_1_485' title='bbox 238 3957 423 4013; x_wconf 83' lang='lat' dir='ltr'>super</span> <span class='ocrx_word' id='word_1_486' title='bbox 469 3957 628 4012; x_wconf 89' lang='lat' dir='ltr'>eum,</span> <span class='ocrx_word' id='word_1_487' title='bbox 661 3957 817 4014; x_wconf 89' lang='lat' dir='ltr'>quas</span> <span class='ocrx_word' id='word_1_488' title='bbox 850 3941 1132 3998; x_wconf 89' lang='lat' dir='ltr'>Dominus</span> <span class='ocrx_word' id='word_1_489' title='bbox 1185 3956 1366 4014; x_wconf 89' lang='lat' dir='ltr'>super</span> <span class='ocrx_word' id='word_1_490' title='bbox 1413 3940 1565 3997; x_wconf 85' lang='lat' dir='ltr'>ï¬lios</span> <span class='ocrx_word' id='word_1_491' title='bbox 1618 3942 1814 4011; x_wconf 88' lang='lat' dir='ltr'>Israel,</span> <span class='ocrx_word' id='word_1_492' title='bbox 1848 3944 1896 3999; x_wconf 92' lang='lat' dir='ltr'>si</span> 
     </span>
    </p>
   </div>
   <div class='ocr_carea' id='block_1_74' title="bbox 236 4031 1895 4106">
    <p class='ocr_par' dir='ltr' id='par_1_74' title="bbox 236 4031 1895 4106">
     <span class='ocr_line' id='line_1_74' title="bbox 236 4031 1895 4106; baseline 0.001 -19"><span class='ocrx_word' id='word_1_493' title='bbox 236 4047 379 4087; x_wconf 90' lang='lat' dir='ltr'>eum</span> <span class='ocrx_word' id='word_1_494' title='bbox 395 4032 601 4088; x_wconf 89' lang='lat' dir='ltr'>audire</span> <span class='ocrx_word' id='word_1_495' title='bbox 627 4031 1076 4104; x_wconf 90' lang='lat' dir='ltr'>contempsrint,</span> <span class='ocrx_word' id='word_1_496' title='bbox 1102 4046 1209 4104; x_wconf 90' lang='lat' dir='ltr'>per</span> <span class='ocrx_word' id='word_1_497' title='bbox 1234 4032 1475 4088; x_wconf 89' lang='lat' dir='ltr'>beatum</span> <span class='ocrx_word' id='word_1_498' title='bbox 1496 4035 1734 4103; x_wconf 83' lang='lat' dir='ltr'>Moysen</span> <span class='ocrx_word' id='word_1_499' title='bbox 1760 4050 1895 4106; x_wconf 90' lang='lat' dir='ltr'>pro-</span> 
     </span>
    </p>
   </div>
   <div class='ocr_carea' id='block_1_75' title="bbox 234 4120 1896 4195">
    <p class='ocr_par' dir='ltr' id='par_1_75' title="bbox 234 4120 1896 4195">
     <span class='ocr_line' id='line_1_75' title="bbox 234 4120 1896 4195; baseline 0.001 -19"><span class='ocrx_word' id='word_1_500' title='bbox 234 4120 549 4189; x_wconf 87' lang='lat' dir='ltr'>mulgavit.</span> <span class='ocrx_word' id='word_1_501' title='bbox 578 4122 777 4195; x_wconf 86' lang='lat' dir='ltr'>Sitque</span> <span class='ocrx_word' id='word_1_502' title='bbox 803 4120 1160 4177; x_wconf 89' lang='lat' dir='ltr'>maledictus</span> <span class='ocrx_word' id='word_1_503' title='bbox 1180 4122 1241 4176; x_wconf 90' lang='lat' dir='ltr'>in</span> <span class='ocrx_word' id='word_1_504' title='bbox 1265 4121 1516 4188; x_wconf 87' lang='lat' dir='ltr'>civitate,</span> <span class='ocrx_word' id='word_1_505' title='bbox 1544 4121 1896 4178; x_wconf 84' lang='lat' dir='ltr'>maledictus</span> 
     </span>
    </p>
   </div>
   <div class='ocr_carea' id='block_1_76' title="bbox 236 4208 1895 4281">
    <p class='ocr_par' dir='ltr' id='par_1_76' title="bbox 236 4208 1895 4281">
     <span class='ocr_line' id='line_1_76' title="bbox 236 4208 1895 4281; baseline 0.002 -18"><span class='ocrx_word' id='word_1_506' title='bbox 236 4208 304 4264; x_wconf 91' lang='lat' dir='ltr'>in</span> <span class='ocrx_word' id='word_1_507' title='bbox 334 4223 498 4277; x_wconf 89' lang='lat' dir='ltr'>agro,</span> <span class='ocrx_word' id='word_1_508' title='bbox 559 4210 944 4266; x_wconf 90' lang='lat' dir='ltr'>maledictum</span> <span class='ocrx_word' id='word_1_509' title='bbox 993 4209 1299 4265; x_wconf 87' lang='lat' dir='ltr'>cellarium</span> <span class='ocrx_word' id='word_1_510' title='bbox 1345 4209 1499 4281; x_wconf 86' lang='lat' dir='ltr'>ejus,</span> <span class='ocrx_word' id='word_1_511' title='bbox 1543 4210 1895 4267; x_wconf 87' lang='lat' dir='ltr'>maledictus</span> 
     </span>
    </p>
   </div>
   <div class='ocr_carea' id='block_1_77' title="bbox 238 4297 1896 4370">
    <p class='ocr_par' dir='ltr' id='par_1_77' title="bbox 238 4297 1896 4370">
     <span class='ocr_line' id='line_1_77' title="bbox 238 4297 1896 4370; baseline 0.002 -17"><span class='ocrx_word' id='word_1_512' title='bbox 238 4297 469 4353; x_wconf 85' lang='lat' dir='ltr'>fructus</span> <span class='ocrx_word' id='word_1_513' title='bbox 498 4298 720 4354; x_wconf 89' lang='lat' dir='ltr'>ventris</span> <span class='ocrx_word' id='word_1_514' title='bbox 750 4300 901 4370; x_wconf 88' lang='lat' dir='ltr'>ejus,</span> <span class='ocrx_word' id='word_1_515' title='bbox 942 4302 999 4354; x_wconf 90' lang='lat' dir='ltr'>et</span> <span class='ocrx_word' id='word_1_516' title='bbox 1048 4299 1401 4355; x_wconf 89' lang='lat' dir='ltr'>maledictus</span> <span class='ocrx_word' id='word_1_517' title='bbox 1456 4300 1680 4355; x_wconf 85' lang='lat' dir='ltr'>fructus</span> <span class='ocrx_word' id='word_1_518' title='bbox 1728 4307 1896 4355; x_wconf 78' lang='lat' dir='ltr'>teme</span> 
     </span>
    </p>
   </div>
   <div class='ocr_carea' id='block_1_78' title="bbox 235 4385 1893 4460">
    <p class='ocr_par' dir='ltr' id='par_1_78' title="bbox 235 4385 1893 4460">
     <span class='ocr_line' id='line_1_78' title="bbox 235 4385 1893 4460; baseline 0.002 -19"><span class='ocrx_word' id='word_1_519' title='bbox 235 4385 416 4454; x_wconf 90' lang='lat' dir='ltr'>illius,</span> <span class='ocrx_word' id='word_1_520' title='bbox 434 4386 751 4443; x_wconf 86' lang='lat' dir='ltr'>maledicta</span> <span class='ocrx_word' id='word_1_521' title='bbox 763 4392 1034 4443; x_wconf 86' lang='lat' dir='ltr'>armenta</span> <span class='ocrx_word' id='word_1_522' title='bbox 1046 4387 1274 4444; x_wconf 91' lang='lat' dir='ltr'>bovum</span> <span class='ocrx_word' id='word_1_523' title='bbox 1292 4389 1439 4458; x_wconf 89' lang='lat' dir='ltr'>ejus,</span> <span class='ocrx_word' id='word_1_524' title='bbox 1466 4393 1522 4443; x_wconf 92' lang='lat' dir='ltr'>et</span> <span class='ocrx_word' id='word_1_525' title='bbox 1534 4404 1742 4459; x_wconf 85' lang='lat' dir='ltr'>greges</span> <span class='ocrx_word' id='word_1_526' title='bbox 1765 4390 1893 4460; x_wconf 89' lang='lat' dir='ltr'>ejus</span> 
     </span>
    </p>
   </div>
   <div class='ocr_carea' id='block_1_79' title="bbox 233 4475 1900 4551">
    <p class='ocr_par' dir='ltr' id='par_1_79' title="bbox 233 4475 1900 4551">
     <span class='ocr_line' id='line_1_79' title="bbox 233 4475 1900 4551; baseline 0.001 -20"><span class='ocrx_word' id='word_1_527' title='bbox 233 4475 463 4545; x_wconf 88' lang='lat' dir='ltr'>ovium,</span> <span class='ocrx_word' id='word_1_528' title='bbox 481 4476 835 4533; x_wconf 87' lang='lat' dir='ltr'>maledictus</span> <span class='ocrx_word' id='word_1_529' title='bbox 857 4476 1169 4545; x_wconf 89' lang='lat' dir='ltr'>egrediens</span> <span class='ocrx_word' id='word_1_530' title='bbox 1197 4481 1255 4531; x_wconf 91' lang='lat' dir='ltr'>et</span> <span class='ocrx_word' id='word_1_531' title='bbox 1278 4476 1640 4546; x_wconf 89' lang='lat' dir='ltr'>regrediens.</span> <span class='ocrx_word' id='word_1_532' title='bbox 1671 4478 1900 4551; x_wconf 82' lang='lat' dir='ltr'>Disper-</span> 
     </span>
    </p>
   </div>
   <div class='ocr_carea' id='block_1_80' title="bbox 233 4564 1901 4623">
    <p class='ocr_par' dir='ltr' id='par_1_80' title="bbox 233 4564 1901 4623">
     <span class='ocr_line' id='line_1_80' title="bbox 233 4564 1901 4623; baseline 0.002 -4"><span class='ocrx_word' id='word_1_533' title='bbox 233 4564 344 4620; x_wconf 91' lang='lat' dir='ltr'>dat</span> <span class='ocrx_word' id='word_1_534' title='bbox 361 4564 532 4621; x_wconf 91' lang='lat' dir='ltr'>illum</span> <span class='ocrx_word' id='word_1_535' title='bbox 558 4565 848 4621; x_wconf 90' lang='lat' dir='ltr'>Dominus</span> <span class='ocrx_word' id='word_1_536' title='bbox 870 4565 944 4620; x_wconf 93' lang='lat' dir='ltr'>de</span> <span class='ocrx_word' id='word_1_537' title='bbox 974 4570 1130 4622; x_wconf 89' lang='lat' dir='ltr'>terra</span> <span class='ocrx_word' id='word_1_538' title='bbox 1160 4565 1452 4622; x_wconf 89' lang='lat' dir='ltr'>velociter.</span> <span class='ocrx_word' id='word_1_539' title='bbox 1508 4567 1805 4623; x_wconf 88' lang='lat' dir='ltr'>Percutiat</span> <span class='ocrx_word' id='word_1_540' title='bbox 1832 4567 1901 4622; x_wconf 92' lang='lat' dir='ltr'>il-</span> 
     </span>
    </p>
   </div>
   <div class='ocr_carea' id='block_1_81' title="bbox 231 4654 1896 4727">
    <p class='ocr_par' dir='ltr' id='par_1_81' title="bbox 231 4654 1896 4727">
     <span class='ocr_line' id='line_1_81' title="bbox 231 4654 1896 4727; baseline 0.002 -17"><span class='ocrx_word' id='word_1_541' title='bbox 231 4654 364 4710; x_wconf 90' lang='lat' dir='ltr'>lum</span> <span class='ocrx_word' id='word_1_542' title='bbox 395 4655 681 4711; x_wconf 92' lang='lat' dir='ltr'>Dominus</span> <span class='ocrx_word' id='word_1_543' title='bbox 710 4655 870 4712; x_wconf 86' lang='lat' dir='ltr'>fame</span> <span class='ocrx_word' id='word_1_544' title='bbox 901 4660 958 4711; x_wconf 91' lang='lat' dir='ltr'>et</span> <span class='ocrx_word' id='word_1_545' title='bbox 983 4655 1097 4719; x_wconf 89' lang='lat' dir='ltr'>siti,</span> <span class='ocrx_word' id='word_1_546' title='bbox 1128 4661 1410 4726; x_wconf 89' lang='lat' dir='ltr'>egestate,</span> <span class='ocrx_word' id='word_1_547' title='bbox 1434 4656 1582 4711; x_wconf 79' lang='lat' dir='ltr'>febri</span> <span class='ocrx_word' id='word_1_548' title='bbox 1603 4661 1660 4711; x_wconf 89' lang='lat' dir='ltr'>et</span> <span class='ocrx_word' id='word_1_549' title='bbox 1679 4656 1896 4727; x_wconf 85' lang='lat' dir='ltr'>frigore</span> 
     </span>
    </p>
   </div>
   <div class='ocr_carea' id='block_1_82' title="bbox 233 4743 1895 4818">
    <p class='ocr_par' dir='ltr' id='par_1_82' title="bbox 233 4743 1895 4818">
     <span class='ocr_line' id='line_1_82' title="bbox 233 4743 1895 4818; baseline 0.003 -19"><span class='ocrx_word' id='word_1_550' title='bbox 233 4743 430 4800; x_wconf 89' lang='lat' dir='ltr'>donec</span> <span class='ocrx_word' id='word_1_551' title='bbox 490 4749 714 4818; x_wconf 89' lang='lat' dir='ltr'>pereat.</span> <span class='ocrx_word' id='word_1_552' title='bbox 798 4746 1013 4801; x_wconf 87' lang='lat' dir='ltr'>Tradat</span> <span class='ocrx_word' id='word_1_553' title='bbox 1074 4745 1244 4801; x_wconf 90' lang='lat' dir='ltr'>illum</span> <span class='ocrx_word' id='word_1_554' title='bbox 1301 4750 1677 4803; x_wconf 89' lang='lat' dir='ltr'>corruentem</span> <span class='ocrx_word' id='word_1_555' title='bbox 1759 4752 1895 4804; x_wconf 89' lang='lat' dir='ltr'>ante</span> 
     </span>
    </p>
   </div>
   <div class='ocr_carea' id='block_1_83' title="bbox 234 4834 1894 4908">
    <p class='ocr_par' dir='ltr' id='par_1_83' title="bbox 234 4834 1894 4908">
     <span class='ocr_line' id='line_1_83' title="bbox 234 4834 1894 4908; baseline 0.002 -19"><span class='ocrx_word' id='word_1_556' title='bbox 234 4834 435 4890; x_wconf 88' lang='lat' dir='ltr'>hostes</span> <span class='ocrx_word' id='word_1_557' title='bbox 466 4834 596 4904; x_wconf 89' lang='lat' dir='ltr'>ejus</span> <span class='ocrx_word' id='word_1_558' title='bbox 629 4851 642 4889; x_wconf 92' lang='lat'>:</span> <span class='ocrx_word' id='word_1_559' title='bbox 672 4835 864 4908; x_wconf 89' lang='lat' dir='ltr'>sitque</span> <span class='ocrx_word' id='word_1_560' title='bbox 891 4836 1149 4891; x_wconf 86' lang='lat' dir='ltr'>cadaver</span> <span class='ocrx_word' id='word_1_561' title='bbox 1177 4836 1308 4906; x_wconf 88' lang='lat' dir='ltr'>ejus</span> <span class='ocrx_word' id='word_1_562' title='bbox 1340 4835 1400 4891; x_wconf 90' lang='lat' dir='ltr'>in</span> <span class='ocrx_word' id='word_1_563' title='bbox 1431 4848 1636 4891; x_wconf 90' lang='lat' dir='ltr'>escam</span> <span class='ocrx_word' id='word_1_564' title='bbox 1667 4838 1894 4893; x_wconf 82' lang='lat' dir='ltr'>cunctis</span> 
     </span>
    </p>
   </div>
   <div class='ocr_carea' id='block_1_84' title="bbox 236 4921 1894 4982">
    <p class='ocr_par' dir='ltr' id='par_1_84' title="bbox 236 4921 1894 4982">
     <span class='ocr_line' id='line_1_84' title="bbox 236 4921 1894 4982; baseline 0.003 -5"><span class='ocrx_word' id='word_1_565' title='bbox 236 4921 573 4979; x_wconf 88' lang='lat' dir='ltr'>volatilibus</span> <span class='ocrx_word' id='word_1_566' title='bbox 599 4924 728 4980; x_wconf 70' lang='lat' dir='ltr'>caeli</span> <span class='ocrx_word' id='word_1_567' title='bbox 760 4930 815 4981; x_wconf 88' lang='lat' dir='ltr'>et</span> <span class='ocrx_word' id='word_1_568' title='bbox 840 4924 1042 4980; x_wconf 88' lang='lat' dir='ltr'>bestiis</span> <span class='ocrx_word' id='word_1_569' title='bbox 1069 4929 1261 4981; x_wconf 75' lang='lat' dir='ltr'>terrte.</span> <span class='ocrx_word' id='word_1_570' title='bbox 1280 4926 1571 4981; x_wconf 88' lang='lat' dir='ltr'>Percutiat</span> <span class='ocrx_word' id='word_1_571' title='bbox 1594 4925 1761 4980; x_wconf 91' lang='lat' dir='ltr'>illum</span> <span class='ocrx_word' id='word_1_572' title='bbox 1786 4929 1894 4982; x_wconf 90' lang='lat' dir='ltr'>Do-</span> 
     </span>
    </p>
   </div>
   <div class='ocr_carea' id='block_1_85' title="bbox 232 5011 1889 5087">
    <p class='ocr_par' dir='ltr' id='par_1_85' title="bbox 232 5011 1889 5087">
     <span class='ocr_line' id='line_1_85' title="bbox 232 5011 1889 5087; baseline 0.002 -21"><span class='ocrx_word' id='word_1_573' title='bbox 232 5011 437 5067; x_wconf 89' lang='lat' dir='ltr'>minus</span> <span class='ocrx_word' id='word_1_574' title='bbox 455 5012 652 5070; x_wconf 87' lang='lat' dir='ltr'>ulcere</span> <span class='ocrx_word' id='word_1_575' title='bbox 681 5014 944 5087; x_wconf 89' lang='lat' dir='ltr'>pessimo</span> <span class='ocrx_word' id='word_1_576' title='bbox 972 5013 1170 5070; x_wconf 90' lang='lat' dir='ltr'>scabie</span> <span class='ocrx_word' id='word_1_577' title='bbox 1196 5029 1442 5086; x_wconf 89' lang='lat' dir='ltr'>quoque</span> <span class='ocrx_word' id='word_1_578' title='bbox 1466 5018 1524 5069; x_wconf 89' lang='lat' dir='ltr'>et</span> <span class='ocrx_word' id='word_1_579' title='bbox 1560 5015 1889 5086; x_wconf 89' lang='lat' dir='ltr'>prurigine,</span> 
     </span>
    </p>
   </div>
   <div class='ocr_carea' id='block_1_86' title="bbox 233 5102 1887 5177">
    <p class='ocr_par' dir='ltr' id='par_1_86' title="bbox 233 5102 1887 5177">
     <span class='ocr_line' id='line_1_86' title="bbox 233 5102 1887 5177; baseline 0.002 -20"><span class='ocrx_word' id='word_1_580' title='bbox 233 5102 500 5158; x_wconf 90' lang='lat' dir='ltr'>amentia</span> <span class='ocrx_word' id='word_1_581' title='bbox 526 5107 585 5158; x_wconf 89' lang='lat' dir='ltr'>et</span> <span class='ocrx_word' id='word_1_582' title='bbox 612 5104 870 5159; x_wconf 70' lang='lat' dir='ltr'>caecitate</span> <span class='ocrx_word' id='word_1_583' title='bbox 901 5118 971 5158; x_wconf 90' lang='lat' dir='ltr'>ac</span> <span class='ocrx_word' id='word_1_584' title='bbox 1002 5102 1199 5159; x_wconf 90' lang='lat' dir='ltr'>furore</span> <span class='ocrx_word' id='word_1_585' title='bbox 1222 5103 1438 5159; x_wconf 90' lang='lat' dir='ltr'>mentis</span> <span class='ocrx_word' id='word_1_586' title='bbox 1464 5122 1475 5171; x_wconf 93' lang='lat'><strong>;</strong></span> <span class='ocrx_word' id='word_1_587' title='bbox 1508 5109 1566 5159; x_wconf 89' lang='lat' dir='ltr'>et</span> <span class='ocrx_word' id='word_1_588' title='bbox 1595 5104 1799 5177; x_wconf 90' lang='lat' dir='ltr'>palpet</span> <span class='ocrx_word' id='word_1_589' title='bbox 1827 5105 1887 5161; x_wconf 90' lang='lat' dir='ltr'>in</span> 
     </span>
    </p>
   </div>
   <div class='ocr_carea' id='block_1_87' title="bbox 232 5190 1894 5265">
    <p class='ocr_par' dir='ltr' id='par_1_87' title="bbox 232 5190 1894 5265">
     <span class='ocr_line' id='line_1_87' title="bbox 232 5190 1894 5265; baseline 0.002 -20"><span class='ocrx_word' id='word_1_590' title='bbox 232 5190 504 5258; x_wconf 89' lang='lat' dir='ltr'>meridie,</span> <span class='ocrx_word' id='word_1_591' title='bbox 535 5192 686 5247; x_wconf 91' lang='lat' dir='ltr'>sicut</span> <span class='ocrx_word' id='word_1_592' title='bbox 721 5192 970 5265; x_wconf 88' lang='lat' dir='ltr'>palpare</span> <span class='ocrx_word' id='word_1_593' title='bbox 1016 5191 1162 5247; x_wconf 89' lang='lat' dir='ltr'>solet</span> <span class='ocrx_word' id='word_1_594' title='bbox 1190 5207 1381 5247; x_wconf 78' lang='lat' dir='ltr'>caecus</span> <span class='ocrx_word' id='word_1_595' title='bbox 1425 5192 1486 5247; x_wconf 89' lang='lat' dir='ltr'>in</span> <span class='ocrx_word' id='word_1_596' title='bbox 1516 5192 1796 5249; x_wconf 88' lang='lat' dir='ltr'>tenebris.</span> <span class='ocrx_word' id='word_1_597' title='bbox 1828 5197 1894 5250; x_wconf 90' lang='lat' dir='ltr'>Et</span> 
     </span>
    </p>
   </div>
   <div class='ocr_carea' id='block_1_88' title="bbox 235 5278 1887 5352">
    <p class='ocr_par' dir='ltr' id='par_1_88' title="bbox 235 5278 1887 5352">
     <span class='ocr_line' id='line_1_88' title="bbox 235 5278 1887 5352; baseline 0.002 -19"><span class='ocrx_word' id='word_1_598' title='bbox 235 5278 386 5334; x_wconf 89' lang='lat' dir='ltr'>sicut</span> <span class='ocrx_word' id='word_1_599' title='bbox 414 5281 700 5336; x_wconf 87' lang='lat' dir='ltr'>Dominus</span> <span class='ocrx_word' id='word_1_600' title='bbox 734 5281 908 5337; x_wconf 82' lang='lat' dir='ltr'>beato</span> <span class='ocrx_word' id='word_1_601' title='bbox 936 5281 1107 5337; x_wconf 84' lang='lat' dir='ltr'>Petro</span> <span class='ocrx_word' id='word_1_602' title='bbox 1138 5280 1388 5352; x_wconf 88' lang='lat' dir='ltr'>ejusque</span> <span class='ocrx_word' id='word_1_603' title='bbox 1416 5280 1887 5347; x_wconf 86' lang='lat' dir='ltr'>successoribus,</span> 
     </span>
    </p>
   </div>
   <div class='ocr_carea' id='block_1_89' title="bbox 234 5368 1891 5442">
    <p class='ocr_par' dir='ltr' id='par_1_89' title="bbox 234 5368 1891 5442">
     <span class='ocr_line' id='line_1_89' title="bbox 234 5368 1891 5442; baseline 0.001 -20"><span class='ocrx_word' id='word_1_604' title='bbox 234 5382 498 5440; x_wconf 88' lang='lat' dir='ltr'>quorum</span> <span class='ocrx_word' id='word_1_605' title='bbox 523 5369 735 5433; x_wconf 87' lang='lat' dir='ltr'>vicem,</span> <span class='ocrx_word' id='word_1_606' title='bbox 756 5370 1034 5440; x_wconf 90' lang='lat' dir='ltr'>quamvis</span> <span class='ocrx_word' id='word_1_607' title='bbox 1055 5368 1305 5438; x_wconf 88' lang='lat' dir='ltr'>indigni,</span> <span class='ocrx_word' id='word_1_608' title='bbox 1326 5374 1619 5433; x_wconf 85' lang='lat' dir='ltr'>tenemus,</span> <span class='ocrx_word' id='word_1_609' title='bbox 1633 5374 1891 5442; x_wconf 89' lang='lat' dir='ltr'>potesta-</span> 
     </span>
    </p>
   </div>
   <div class='ocr_carea' id='block_1_90' title="bbox 232 5458 1887 5531">
    <p class='ocr_par' dir='ltr' id='par_1_90' title="bbox 232 5458 1887 5531">
     <span class='ocr_line' id='line_1_90' title="bbox 232 5458 1887 5531; baseline 0.001 -18"><span class='ocrx_word' id='word_1_610' title='bbox 232 5461 356 5513; x_wconf 88' lang='lat' dir='ltr'>tem</span> <span class='ocrx_word' id='word_1_611' title='bbox 380 5458 544 5513; x_wconf 90' lang='lat' dir='ltr'>dedit</span> <span class='ocrx_word' id='word_1_612' title='bbox 582 5463 646 5514; x_wconf 93' lang='lat' dir='ltr'>ut</span> <span class='ocrx_word' id='word_1_613' title='bbox 670 5459 1077 5531; x_wconf 90' lang='lat' dir='ltr'>quodcunque</span> <span class='ocrx_word' id='word_1_614' title='bbox 1137 5459 1391 5529; x_wconf 88' lang='lat' dir='ltr'>ligarent</span> <span class='ocrx_word' id='word_1_615' title='bbox 1419 5473 1599 5531; x_wconf 87' lang='lat' dir='ltr'>super</span> <span class='ocrx_word' id='word_1_616' title='bbox 1648 5463 1887 5529; x_wconf 90' lang='lat' dir='ltr'>terram,</span> 
     </span>
    </p>
   </div>
   <div class='ocr_carea' id='block_1_91' title="bbox 230 5545 1890 5622">
    <p class='ocr_par' dir='ltr' id='par_1_91' title="bbox 230 5545 1890 5622">
     <span class='ocr_line' id='line_1_91' title="bbox 230 5545 1890 5622; baseline 0.002 -19"><span class='ocrx_word' id='word_1_617' title='bbox 230 5545 485 5617; x_wconf 82' lang='lat' dir='ltr'>ligatum</span> <span class='ocrx_word' id='word_1_618' title='bbox 515 5551 674 5603; x_wconf 89' lang='lat' dir='ltr'>esset</span> <span class='ocrx_word' id='word_1_619' title='bbox 716 5548 775 5603; x_wconf 91' lang='lat' dir='ltr'>in</span> <span class='ocrx_word' id='word_1_620' title='bbox 825 5547 1012 5613; x_wconf 82' lang='lat' dir='ltr'>crelis,</span> <span class='ocrx_word' id='word_1_621' title='bbox 1071 5552 1128 5604; x_wconf 89' lang='lat' dir='ltr'>et</span> <span class='ocrx_word' id='word_1_622' title='bbox 1154 5549 1563 5622; x_wconf 89' lang='lat' dir='ltr'>quodcunque</span> <span class='ocrx_word' id='word_1_623' title='bbox 1596 5548 1890 5606; x_wconf 88' lang='lat' dir='ltr'>solverent</span> 
     </span>
    </p>
   </div>
   <div class='ocr_carea' id='block_1_92' title="bbox 233 5637 1885 5710">
    <p class='ocr_par' dir='ltr' id='par_1_92' title="bbox 233 5637 1885 5710">
     <span class='ocr_line' id='line_1_92' title="bbox 233 5637 1885 5710; baseline 0.001 -17"><span class='ocrx_word' id='word_1_624' title='bbox 233 5651 418 5709; x_wconf 89' lang='lat' dir='ltr'>super</span> <span class='ocrx_word' id='word_1_625' title='bbox 443 5640 685 5709; x_wconf 77' lang='lat' dir='ltr'>terram,</span> <span class='ocrx_word' id='word_1_626' title='bbox 716 5638 976 5694; x_wconf 89' lang='lat' dir='ltr'>solutum</span> <span class='ocrx_word' id='word_1_627' title='bbox 1016 5642 1172 5694; x_wconf 86' lang='lat' dir='ltr'>esset</span> <span class='ocrx_word' id='word_1_628' title='bbox 1198 5638 1259 5696; x_wconf 91' lang='lat' dir='ltr'>in</span> <span class='ocrx_word' id='word_1_629' title='bbox 1309 5639 1510 5710; x_wconf 63' lang='lat' dir='ltr'>caelis;</span> <span class='ocrx_word' id='word_1_630' title='bbox 1562 5639 1643 5696; x_wconf 90' lang='lat' dir='ltr'>ita</span> <span class='ocrx_word' id='word_1_631' title='bbox 1668 5637 1800 5709; x_wconf 90' lang='lat' dir='ltr'>illis,</span> <span class='ocrx_word' id='word_1_632' title='bbox 1838 5638 1885 5695; x_wconf 88' lang='lat' dir='ltr'>si</span> 
     </span>
    </p>
   </div>
   <div class='ocr_carea' id='block_1_93' title="bbox 2088 3057 3682 3140">
    <p class='ocr_par' dir='ltr' id='par_1_93' title="bbox 2088 3057 3682 3140">
     <span class='ocr_line' id='line_1_93' title="bbox 2088 3057 3682 3140; baseline 0.015 -30"><span class='ocrx_word' id='word_1_633' title='bbox 2088 3057 2478 3126; x_wconf 89' lang='lat' dir='ltr'>Desiderium,</span> <span class='ocrx_word' id='word_1_634' title='bbox 2511 3060 2674 3132; x_wconf 87' lang='lat' dir='ltr'>quod</span> <span class='ocrx_word' id='word_1_635' title='bbox 2702 3060 2988 3133; x_wconf 86' lang='lat' dir='ltr'>religioso</span> <span class='ocrx_word' id='word_1_636' title='bbox 3014 3071 3343 3140; x_wconf 86' lang='lat' dir='ltr'>proposito,</span> <span class='ocrx_word' id='word_1_637' title='bbox 3368 3078 3425 3129; x_wconf 87' lang='lat' dir='ltr'>et</span> <span class='ocrx_word' id='word_1_638' title='bbox 3451 3081 3682 3133; x_wconf 87' lang='lat' dir='ltr'>sancto-</span> 
     </span>
    </p>
   </div>
   <div class='ocr_carea' id='block_1_94' title="bbox 2013 3146 3674 3237">
    <p class='ocr_par' dir='ltr' id='par_1_94' title="bbox 2013 3146 3674 3237">
     <span class='ocr_line' id='line_1_94' title="bbox 2013 3146 3674 3237; baseline 0.014 -38"><span class='ocrx_word' id='word_1_639' title='bbox 2013 3162 2147 3237; x_wconf 85' lang='lat' dir='ltr'>rum</span> <span class='ocrx_word' id='word_1_640' title='bbox 2209 3146 2487 3237; x_wconf 75' lang='lat' dir='ltr'>locorum</span> <span class='ocrx_word' id='word_1_641' title='bbox 2544 3149 2853 3209; x_wconf 87' lang='lat' dir='ltr'>stabilitati</span> <span class='ocrx_word' id='word_1_642' title='bbox 2938 3156 3231 3225; x_wconf 87' lang='lat' dir='ltr'>pertinere</span> <span class='ocrx_word' id='word_1_643' title='bbox 3286 3168 3674 3237; x_wconf 89' lang='lat' dir='ltr'>monstratur,</span> 
     </span>
    </p>
   </div>
   <div class='ocr_carea' id='block_1_95' title="bbox 2015 3234 3679 3319">
    <p class='ocr_par' dir='ltr' id='par_1_95' title="bbox 2015 3234 3679 3319">
     <span class='ocr_line' id='line_1_95' title="bbox 2015 3234 3679 3319; baseline 0.013 -32"><span class='ocrx_word' id='word_1_644' title='bbox 2015 3234 2140 3289; x_wconf 90' lang='lat' dir='ltr'>sine</span> <span class='ocrx_word' id='word_1_645' title='bbox 2172 3234 2374 3306; x_wconf 89' lang='lat' dir='ltr'>aliqua</span> <span class='ocrx_word' id='word_1_646' title='bbox 2430 3241 2539 3305; x_wconf 89' lang='lat' dir='ltr'>est,</span> <span class='ocrx_word' id='word_1_647' title='bbox 2598 3240 2715 3292; x_wconf 90' lang='lat' dir='ltr'>Deo</span> <span class='ocrx_word' id='word_1_648' title='bbox 2767 3244 3036 3310; x_wconf 88' lang='lat' dir='ltr'>auctore,</span> <span class='ocrx_word' id='word_1_649' title='bbox 3067 3243 3350 3315; x_wconf 84' lang='lat' dir='ltr'>dilatione</span> <span class='ocrx_word' id='word_1_650' title='bbox 3372 3234 3679 3319; x_wconf 48' lang='lat' dir='ltr'>perï¬cien;</span> 
     </span>
    </p>
   </div>
   <div class='ocr_carea' id='block_1_96' title="bbox 2013 3323 3677 3403">
    <p class='ocr_par' dir='ltr' id='par_1_96' title="bbox 2013 3323 3677 3403">
     <span class='ocr_line' id='line_1_96' title="bbox 2013 3323 3677 3403; baseline 0.011 -26"><span class='ocrx_word' id='word_1_651' title='bbox 2013 3323 2182 3392; x_wconf 90' lang='lat' dir='ltr'>dum,</span> <span class='ocrx_word' id='word_1_652' title='bbox 2233 3328 2288 3378; x_wconf 88' lang='lat' dir='ltr'>et</span> <span class='ocrx_word' id='word_1_653' title='bbox 2333 3325 2569 3395; x_wconf 89' lang='lat' dir='ltr'>quoties</span> <span class='ocrx_word' id='word_1_654' title='bbox 2615 3325 2677 3380; x_wconf 91' lang='lat' dir='ltr'>in</span> <span class='ocrx_word' id='word_1_655' title='bbox 2731 3327 3103 3398; x_wconf 86' lang='lat' dir='ltr'>quibusdam</span> <span class='ocrx_word' id='word_1_656' title='bbox 3151 3334 3280 3403; x_wconf 90' lang='lat' dir='ltr'>ejus</span> <span class='ocrx_word' id='word_1_657' title='bbox 3328 3336 3677 3395; x_wconf 90' lang='lat' dir='ltr'>utilitatibus</span> 
     </span>
    </p>
   </div>
   <div class='ocr_carea' id='block_1_97' title="bbox 2012 3412 3678 3489">
    <p class='ocr_par' dir='ltr' id='par_1_97' title="bbox 2012 3412 3678 3489">
     <span class='ocr_line' id='line_1_97' title="bbox 2012 3412 3678 3489; baseline 0.01 -23"><span class='ocrx_word' id='word_1_658' title='bbox 2012 3416 2215 3467; x_wconf 87' lang='lat' dir='ltr'>noster</span> <span class='ocrx_word' id='word_1_659' title='bbox 2246 3427 2529 3468; x_wconf 88' lang='lat' dir='ltr'>assensus</span> <span class='ocrx_word' id='word_1_660' title='bbox 2554 3417 2612 3470; x_wconf 92' lang='lat' dir='ltr'>et</span> <span class='ocrx_word' id='word_1_661' title='bbox 2640 3412 2882 3470; x_wconf 87' lang='lat' dir='ltr'>solitum</span> <span class='ocrx_word' id='word_1_662' title='bbox 2915 3419 3254 3489; x_wconf 74' lang='lat' dir='ltr'>apostolicae</span> <span class='ocrx_word' id='word_1_663' title='bbox 3309 3425 3678 3485; x_wconf 83' lang='lat' dir='ltr'>auctoritatis</span> 
     </span>
    </p>
   </div>
   <div class='ocr_carea' id='block_1_98' title="bbox 2012 3500 3675 3576">
    <p class='ocr_par' dir='ltr' id='par_1_98' title="bbox 2012 3500 3675 3576">
     <span class='ocr_line' id='line_1_98' title="bbox 2012 3500 3675 3576; baseline 0.009 -21"><span class='ocrx_word' id='word_1_664' title='bbox 2012 3500 2353 3572; x_wconf 77' lang='lat' dir='ltr'>exposcitur</span> <span class='ocrx_word' id='word_1_665' title='bbox 2402 3501 2771 3571; x_wconf 77' lang='lat' dir='ltr'>praesidium,</span> <span class='ocrx_word' id='word_1_666' title='bbox 2827 3504 2982 3561; x_wconf 91' lang='lat' dir='ltr'>ultro</span> <span class='ocrx_word' id='word_1_667' title='bbox 3033 3505 3416 3576; x_wconf 88' lang='lat' dir='ltr'>benignitatis</span> <span class='ocrx_word' id='word_1_668' title='bbox 3461 3513 3675 3570; x_wconf 91' lang='lat' dir='ltr'>intuitu</span> 
     </span>
    </p>
   </div>
   <div class='ocr_carea' id='block_1_99' title="bbox 2011 3589 3672 3671">
    <p class='ocr_par' dir='ltr' id='par_1_99' title="bbox 2011 3589 3672 3671">
     <span class='ocr_line' id='line_1_99' title="bbox 2011 3589 3672 3671; baseline 0.01 -29"><span class='ocrx_word' id='word_1_669' title='bbox 2011 3604 2120 3643; x_wconf 91' lang='lat' dir='ltr'>nos</span> <span class='ocrx_word' id='word_1_670' title='bbox 2151 3591 2431 3643; x_wconf 91' lang='lat' dir='ltr'>convenis</span> <span class='ocrx_word' id='word_1_671' title='bbox 2458 3589 2799 3657; x_wconf 88' lang='lat' dir='ltr'>subvenire,</span> <span class='ocrx_word' id='word_1_672' title='bbox 2851 3599 2909 3647; x_wconf 92' lang='lat' dir='ltr'>et</span> <span class='ocrx_word' id='word_1_673' title='bbox 2936 3599 3132 3651; x_wconf 89' lang='lat' dir='ltr'>ratum</span> <span class='ocrx_word' id='word_1_674' title='bbox 3173 3612 3283 3667; x_wconf 89' lang='lat' dir='ltr'>pro</span> <span class='ocrx_word' id='word_1_675' title='bbox 3322 3598 3553 3671; x_wconf 85' lang='lat' dir='ltr'>integra</span> <span class='ocrx_word' id='word_1_676' title='bbox 3581 3619 3672 3658; x_wconf 87' lang='lat' dir='ltr'>se-</span> 
     </span>
    </p>
   </div>
   <div class='ocr_carea' id='block_1_100' title="bbox 2010 3676 3673 3761">
    <p class='ocr_par' dir='ltr' id='par_1_100' title="bbox 2010 3676 3673 3761">
     <span class='ocr_line' id='line_1_100' title="bbox 2010 3676 3673 3761; baseline 0.009 -31"><span class='ocrx_word' id='word_1_677' title='bbox 2010 3676 2253 3731; x_wconf 86' lang='lat' dir='ltr'>curitate</span> <span class='ocrx_word' id='word_1_678' title='bbox 2283 3693 2355 3731; x_wconf 84' lang='lat' dir='ltr'>ex</span> <span class='ocrx_word' id='word_1_679' title='bbox 2399 3678 2629 3734; x_wconf 88' lang='lat' dir='ltr'>ratione</span> <span class='ocrx_word' id='word_1_680' title='bbox 2660 3678 2956 3749; x_wconf 90' lang='lat' dir='ltr'>solidare;</span> <span class='ocrx_word' id='word_1_681' title='bbox 3016 3687 3081 3737; x_wconf 88' lang='lat' dir='ltr'>ut</span> <span class='ocrx_word' id='word_1_682' title='bbox 3117 3699 3190 3740; x_wconf 83' lang='lat' dir='ltr'>ex</span> <span class='ocrx_word' id='word_1_683' title='bbox 3221 3684 3337 3741; x_wconf 88' lang='lat' dir='ltr'>hoc</span> <span class='ocrx_word' id='word_1_684' title='bbox 3390 3693 3447 3743; x_wconf 90' lang='lat' dir='ltr'>et</span> <span class='ocrx_word' id='word_1_685' title='bbox 3482 3689 3673 3761; x_wconf 89' lang='lat' dir='ltr'>ipsius</span> 
     </span>
    </p>
   </div>
   <div class='ocr_carea' id='block_1_101' title="bbox 2007 3764 3675 3848">
    <p class='ocr_par' dir='ltr' id='par_1_101' title="bbox 2007 3764 3675 3848">
     <span class='ocr_line' id='line_1_101' title="bbox 2007 3764 3675 3848; baseline 0.01 -28"><span class='ocrx_word' id='word_1_686' title='bbox 2007 3764 2361 3821; x_wconf 87' lang='lat' dir='ltr'>venerabilis</span> <span class='ocrx_word' id='word_1_687' title='bbox 2387 3765 2503 3824; x_wconf 90' lang='lat' dir='ltr'>loci</span> <span class='ocrx_word' id='word_1_688' title='bbox 2529 3766 2692 3823; x_wconf 88' lang='lat' dir='ltr'>salus</span> <span class='ocrx_word' id='word_1_689' title='bbox 2740 3772 2797 3825; x_wconf 90' lang='lat' dir='ltr'>et</span> <span class='ocrx_word' id='word_1_690' title='bbox 2820 3768 3185 3828; x_wconf 87' lang='lat' dir='ltr'>indemnitas</span> <span class='ocrx_word' id='word_1_691' title='bbox 3208 3781 3583 3848; x_wconf 86' lang='lat' dir='ltr'>procuretur,</span> <span class='ocrx_word' id='word_1_692' title='bbox 3616 3784 3675 3838; x_wconf 91' lang='lat' dir='ltr'>et</span> 
     </span>
    </p>
   </div>
   <div class='ocr_carea' id='block_1_102' title="bbox 2006 3854 3671 3931">
    <p class='ocr_par' dir='ltr' id='par_1_102' title="bbox 2006 3854 3671 3931">
     <span class='ocr_line' id='line_1_102' title="bbox 2006 3854 3671 3931; baseline 0.008 -21"><span class='ocrx_word' id='word_1_693' title='bbox 2006 3854 2182 3911; x_wconf 90' lang='lat' dir='ltr'>nobis</span> <span class='ocrx_word' id='word_1_694' title='bbox 2207 3869 2451 3927; x_wconf 86' lang='lat' dir='ltr'>quoque</span> <span class='ocrx_word' id='word_1_695' title='bbox 2480 3856 2627 3912; x_wconf 88' lang='lat' dir='ltr'>lucri</span> <span class='ocrx_word' id='word_1_696' title='bbox 2653 3856 3036 3928; x_wconf 88' lang='lat' dir='ltr'>potissimum</span> <span class='ocrx_word' id='word_1_697' title='bbox 3070 3863 3383 3931; x_wconf 76' lang='lat' dir='ltr'>prtemium</span> <span class='ocrx_word' id='word_1_698' title='bbox 3405 3880 3442 3920; x_wconf 90' lang='lat' dir='ltr'>a</span> <span class='ocrx_word' id='word_1_699' title='bbox 3462 3866 3671 3922; x_wconf 88' lang='lat' dir='ltr'>condi-</span> 
     </span>
    </p>
   </div>
   <div class='ocr_carea' id='block_1_103' title="bbox 2009 3942 3669 4021">
    <p class='ocr_par' dir='ltr' id='par_1_103' title="bbox 2009 3942 3669 4021">
     <span class='ocr_line' id='line_1_103' title="bbox 2009 3942 3669 4021; baseline 0.009 -23"><span class='ocrx_word' id='word_1_700' title='bbox 2009 3946 2133 3999; x_wconf 90' lang='lat' dir='ltr'>tore</span> <span class='ocrx_word' id='word_1_701' title='bbox 2159 3942 2432 4002; x_wconf 88' lang='lat' dir='ltr'>omnium</span> <span class='ocrx_word' id='word_1_702' title='bbox 2460 3947 2579 4001; x_wconf 91' lang='lat' dir='ltr'>Deo</span> <span class='ocrx_word' id='word_1_703' title='bbox 2607 3944 2670 4007; x_wconf 88' lang='lat' dir='ltr'>in</span> <span class='ocrx_word' id='word_1_704' title='bbox 2691 3944 2936 4003; x_wconf 88' lang='lat' dir='ltr'>sidereis</span> <span class='ocrx_word' id='word_1_705' title='bbox 2960 3947 3199 4005; x_wconf 75' lang='lat' dir='ltr'>arcibus</span> <span class='ocrx_word' id='word_1_706' title='bbox 3226 3952 3669 4021; x_wconf 67' lang='lat' dir='ltr'>praescribatur.</span> 
     </span>
    </p>
   </div>
   <div class='ocr_carea' id='block_1_104' title="bbox 2008 4032 3669 4111">
    <p class='ocr_par' dir='ltr' id='par_1_104' title="bbox 2008 4032 3669 4111">
     <span class='ocr_line' id='line_1_104' title="bbox 2008 4032 3669 4111; baseline 0.01 -26"><span class='ocrx_word' id='word_1_707' title='bbox 2008 4032 2189 4101; x_wconf 85' lang='lat' dir='ltr'>Igitur</span> <span class='ocrx_word' id='word_1_708' title='bbox 2232 4032 2376 4103; x_wconf 88' lang='lat' dir='ltr'>quia</span> <span class='ocrx_word' id='word_1_709' title='bbox 2413 4038 2613 4091; x_wconf 89' lang='lat' dir='ltr'>noster</span> <span class='ocrx_word' id='word_1_710' title='bbox 2654 4033 2906 4092; x_wconf 85' lang='lat' dir='ltr'>dilectus</span> <span class='ocrx_word' id='word_1_711' title='bbox 2938 4034 3093 4093; x_wconf 86' lang='lat' dir='ltr'>ï¬lius</span> <span class='ocrx_word' id='word_1_712' title='bbox 3152 4038 3325 4109; x_wconf 86' lang='lat' dir='ltr'>Hugo</span> <span class='ocrx_word' id='word_1_713' title='bbox 3369 4040 3669 4111; x_wconf 86' lang='lat' dir='ltr'>gloriosus</span> 
     </span>
    </p>
   </div>
   <div class='ocr_carea' id='block_1_105' title="bbox 2005 4121 3670 4202">
    <p class='ocr_par' dir='ltr' id='par_1_105' title="bbox 2005 4121 3670 4202">
     <span class='ocr_line' id='line_1_105' title="bbox 2005 4121 3670 4202; baseline 0.007 -25"><span class='ocrx_word' id='word_1_714' title='bbox 2005 4137 2129 4187; x_wconf 87' lang='lat' dir='ltr'>rex,</span> <span class='ocrx_word' id='word_1_715' title='bbox 2180 4136 2303 4176; x_wconf 88' lang='lat' dir='ltr'>una</span> <span class='ocrx_word' id='word_1_716' title='bbox 2330 4138 2469 4179; x_wconf 92' lang='lat' dir='ltr'>cum</span> <span class='ocrx_word' id='word_1_717' title='bbox 2516 4121 2641 4178; x_wconf 81' lang='lat' dir='ltr'>tilio</span> <span class='ocrx_word' id='word_1_718' title='bbox 2679 4138 2790 4179; x_wconf 87' lang='lat' dir='ltr'>suo</span> <span class='ocrx_word' id='word_1_719' title='bbox 2817 4139 2957 4195; x_wconf 88' lang='lat' dir='ltr'>rege</span> <span class='ocrx_word' id='word_1_720' title='bbox 2991 4124 3268 4183; x_wconf 83' lang='lat' dir='ltr'>Lothario</span> <span class='ocrx_word' id='word_1_721' title='bbox 3312 4127 3670 4202; x_wconf 90' lang='lat' dir='ltr'>deprecatus</span> 
     </span>
    </p>
   </div>
   <div class='ocr_carea' id='block_1_106' title="bbox 2007 4209 3668 4285">
    <p class='ocr_par' dir='ltr' id='par_1_106' title="bbox 2007 4209 3668 4285">
     <span class='ocr_line' id='line_1_106' title="bbox 2007 4209 3668 4285; baseline 0.008 -21"><span class='ocrx_word' id='word_1_722' title='bbox 2007 4214 2092 4265; x_wconf 90' lang='lat' dir='ltr'>est</span> <span class='ocrx_word' id='word_1_723' title='bbox 2122 4213 2396 4265; x_wconf 90' lang='lat' dir='ltr'>nostrum</span> <span class='ocrx_word' id='word_1_724' title='bbox 2427 4209 2850 4282; x_wconf 89' lang='lat' dir='ltr'>apostolatum,</span> <span class='ocrx_word' id='word_1_725' title='bbox 2903 4218 3204 4285; x_wconf 89' lang='lat' dir='ltr'>quatenus</span> <span class='ocrx_word' id='word_1_726' title='bbox 3248 4216 3668 4277; x_wconf 87' lang='lat' dir='ltr'>conï¬rmasse-</span> 
     </span>
    </p>
   </div>
   <div class='ocr_carea' id='block_1_107' title="bbox 2009 4301 3667 4376">
    <p class='ocr_par' dir='ltr' id='par_1_107' title="bbox 2009 4301 3667 4376">
     <span class='ocr_line' id='line_1_107' title="bbox 2009 4301 3667 4376; baseline 0.007 -23"><span class='ocrx_word' id='word_1_727' title='bbox 2009 4315 2149 4354; x_wconf 91' lang='lat' dir='ltr'>mus</span> <span class='ocrx_word' id='word_1_728' title='bbox 2175 4314 2281 4370; x_wconf 91' lang='lat' dir='ltr'>per</span> <span class='ocrx_word' id='word_1_729' title='bbox 2310 4305 2583 4357; x_wconf 90' lang='lat' dir='ltr'>nostrum</span> <span class='ocrx_word' id='word_1_730' title='bbox 2609 4301 3007 4373; x_wconf 88' lang='lat' dir='ltr'>apostolicum</span> <span class='ocrx_word' id='word_1_731' title='bbox 3032 4303 3410 4376; x_wconf 89' lang='lat' dir='ltr'>privilegium</span> <span class='ocrx_word' id='word_1_732' title='bbox 3435 4307 3667 4363; x_wconf 86' lang='lat' dir='ltr'>donum</span> 
     </span>
    </p>
   </div>
   <div class='ocr_carea' id='block_1_108' title="bbox 2009 4388 3668 4451">
    <p class='ocr_par' dir='ltr' id='par_1_108' title="bbox 2009 4388 3668 4451">
     <span class='ocr_line' id='line_1_108' title="bbox 2009 4388 3668 4451; baseline 0.004 -6"><span class='ocrx_word' id='word_1_733' title='bbox 2009 4389 2083 4445; x_wconf 92' lang='lat' dir='ltr'>de</span> <span class='ocrx_word' id='word_1_734' title='bbox 2112 4388 2352 4445; x_wconf 90' lang='lat' dir='ltr'>duabus</span> <span class='ocrx_word' id='word_1_735' title='bbox 2383 4389 2647 4447; x_wconf 85' lang='lat' dir='ltr'>curtibus</span> <span class='ocrx_word' id='word_1_736' title='bbox 2675 4391 2921 4449; x_wconf 88' lang='lat' dir='ltr'>nomine</span> <span class='ocrx_word' id='word_1_737' title='bbox 2977 4392 3293 4451; x_wconf 91' lang='lat' dir='ltr'>Saviniaco</span> <span class='ocrx_word' id='word_1_738' title='bbox 3350 4400 3406 4449; x_wconf 90' lang='lat' dir='ltr'>et</span> <span class='ocrx_word' id='word_1_739' title='bbox 3444 4395 3668 4451; x_wconf 84' lang='lat' dir='ltr'>Amba-</span> 
     </span>
    </p>
   </div>
   <div class='ocr_carea' id='block_1_109' title="bbox 2008 4478 3667 4552">
    <p class='ocr_par' dir='ltr' id='par_1_109' title="bbox 2008 4478 3667 4552">
     <span class='ocr_line' id='line_1_109' title="bbox 2008 4478 3667 4552; baseline 0.005 -19"><span class='ocrx_word' id='word_1_740' title='bbox 2008 4478 2189 4545; x_wconf 88' lang='lat' dir='ltr'>riaco,</span> <span class='ocrx_word' id='word_1_741' title='bbox 2221 4493 2377 4549; x_wconf 88' lang='lat' dir='ltr'>quas</span> <span class='ocrx_word' id='word_1_742' title='bbox 2432 4479 2558 4551; x_wconf 91' lang='lat' dir='ltr'>ipse</span> <span class='ocrx_word' id='word_1_743' title='bbox 2614 4480 2783 4547; x_wconf 86' lang='lat' dir='ltr'>Hugo</span> <span class='ocrx_word' id='word_1_744' title='bbox 2812 4493 2917 4534; x_wconf 80' lang='lat' dir='ltr'>rex</span> <span class='ocrx_word' id='word_1_745' title='bbox 2958 4480 3247 4551; x_wconf 79' lang='lat' dir='ltr'>praecepti</span> <span class='ocrx_word' id='word_1_746' title='bbox 3312 4480 3405 4537; x_wconf 83' lang='lat' dir='ltr'>sui</span> <span class='ocrx_word' id='word_1_747' title='bbox 3445 4481 3667 4552; x_wconf 82' lang='lat' dir='ltr'>pagina</span> 
     </span>
    </p>
   </div>
   <div class='ocr_carea' id='block_1_110' title="bbox 2006 4565 3666 4641">
    <p class='ocr_par' dir='ltr' id='par_1_110' title="bbox 2006 4565 3666 4641">
     <span class='ocr_line' id='line_1_110' title="bbox 2006 4565 3666 4641; baseline 0.002 -20"><span class='ocrx_word' id='word_1_748' title='bbox 2006 4566 2170 4622; x_wconf 89' lang='lat' dir='ltr'>dedit</span> <span class='ocrx_word' id='word_1_749' title='bbox 2194 4567 2536 4639; x_wconf 91' lang='lat' dir='ltr'>supradicto</span> <span class='ocrx_word' id='word_1_750' title='bbox 2582 4565 2903 4621; x_wconf 89' lang='lat' dir='ltr'>venerabili</span> <span class='ocrx_word' id='word_1_751' title='bbox 2947 4568 3335 4633; x_wconf 87' lang='lat' dir='ltr'>monasterio,</span> <span class='ocrx_word' id='word_1_752' title='bbox 3386 4569 3553 4641; x_wconf 91' lang='lat' dir='ltr'>quod</span> <span class='ocrx_word' id='word_1_753' title='bbox 3602 4569 3666 4631; x_wconf 88' lang='lat' dir='ltr'>in</span> 
     </span>
    </p>
   </div>
   <div class='ocr_carea' id='block_1_111' title="bbox 2004 4653 3665 4726">
    <p class='ocr_par' dir='ltr' id='par_1_111' title="bbox 2004 4653 3665 4726">
     <span class='ocr_line' id='line_1_111' title="bbox 2004 4653 3665 4726; baseline 0.002 -16"><span class='ocrx_word' id='word_1_754' title='bbox 2004 4656 2231 4711; x_wconf 90' lang='lat' dir='ltr'>honore</span> <span class='ocrx_word' id='word_1_755' title='bbox 2266 4661 2610 4712; x_wconf 86' lang='lat' dir='ltr'>sanctorum</span> <span class='ocrx_word' id='word_1_756' title='bbox 2642 4653 3051 4726; x_wconf 90' lang='lat' dir='ltr'>apostolorum</span> <span class='ocrx_word' id='word_1_757' title='bbox 3073 4656 3227 4711; x_wconf 90' lang='lat' dir='ltr'>Petri</span> <span class='ocrx_word' id='word_1_758' title='bbox 3258 4662 3315 4713; x_wconf 91' lang='lat' dir='ltr'>et</span> <span class='ocrx_word' id='word_1_759' title='bbox 3340 4657 3502 4713; x_wconf 90' lang='lat' dir='ltr'>Pauli</span> <span class='ocrx_word' id='word_1_760' title='bbox 3532 4658 3665 4713; x_wconf 69' lang='lat' dir='ltr'>tedi-</span> 
     </span>
    </p>
   </div>
   <div class='ocr_carea' id='block_1_112' title="bbox 2004 4742 3662 4819">
    <p class='ocr_par' dir='ltr' id='par_1_112' title="bbox 2004 4742 3662 4819">
     <span class='ocr_line' id='line_1_112' title="bbox 2004 4742 3662 4819; baseline 0.001 -18"><span class='ocrx_word' id='word_1_761' title='bbox 2004 4744 2247 4801; x_wconf 79' lang='lat' dir='ltr'>{icatum</span> <span class='ocrx_word' id='word_1_762' title='bbox 2279 4750 2384 4813; x_wconf 91' lang='lat' dir='ltr'>est,</span> <span class='ocrx_word' id='word_1_763' title='bbox 2409 4749 2534 4801; x_wconf 91' lang='lat' dir='ltr'>tam</span> <span class='ocrx_word' id='word_1_764' title='bbox 2559 4759 2670 4816; x_wconf 92' lang='lat' dir='ltr'>pro</span> <span class='ocrx_word' id='word_1_765' title='bbox 2696 4742 2885 4799; x_wconf 87' lang='lat' dir='ltr'>salute</span> <span class='ocrx_word' id='word_1_766' title='bbox 2913 4744 3132 4799; x_wconf 73' lang='lat' dir='ltr'>animae</span> <span class='ocrx_word' id='word_1_767' title='bbox 3163 4761 3288 4802; x_wconf 76' lang='lat' dir='ltr'>sure</span> <span class='ocrx_word' id='word_1_768' title='bbox 3313 4751 3662 4819; x_wconf 89' lang='lat' dir='ltr'>parentum-</span> 
     </span>
    </p>
   </div>
   <div class='ocr_carea' id='block_1_113' title="bbox 2002 4832 3658 4908">
    <p class='ocr_par' dir='ltr' id='par_1_113' title="bbox 2002 4832 3658 4908">
     <span class='ocr_line' id='line_1_113' title="bbox 2002 4832 3658 4908; baseline 0.001 -17"><span class='ocrx_word' id='word_1_769' title='bbox 2002 4852 2120 4908; x_wconf 89' lang='lat' dir='ltr'>que</span> <span class='ocrx_word' id='word_1_770' title='bbox 2148 4852 2399 4891; x_wconf 92' lang='lat' dir='ltr'>suorum</span> <span class='ocrx_word' id='word_1_771' title='bbox 2429 4850 2567 4889; x_wconf 93' lang='lat' dir='ltr'>cum</span> <span class='ocrx_word' id='word_1_772' title='bbox 2593 4832 2873 4901; x_wconf 87' lang='lat' dir='ltr'>ecclesiis,</span> <span class='ocrx_word' id='word_1_773' title='bbox 2897 4834 3085 4901; x_wconf 88' lang='lat' dir='ltr'>terris,</span> <span class='ocrx_word' id='word_1_774' title='bbox 3116 4834 3321 4903; x_wconf 92' lang='lat' dir='ltr'>vineis,</span> <span class='ocrx_word' id='word_1_775' title='bbox 3355 4836 3658 4905; x_wconf 91' lang='lat' dir='ltr'>domibus,</span> 
     </span>
    </p>
   </div>
   <div class='ocr_carea' id='block_1_114' title="bbox 2003 4921 3661 4996">
    <p class='ocr_par' dir='ltr' id='par_1_114' title="bbox 2003 4921 3661 4996">
     <span class='ocr_line' id='line_1_114' title="bbox 2003 4921 3661 4996; baseline 0.002 -17"><span class='ocrx_word' id='word_1_776' title='bbox 2003 4924 2252 4996; x_wconf 91' lang='lat' dir='ltr'>campis,</span> <span class='ocrx_word' id='word_1_777' title='bbox 2286 4923 2489 4995; x_wconf 91' lang='lat' dir='ltr'>pratis,</span> <span class='ocrx_word' id='word_1_778' title='bbox 2521 4921 2781 4995; x_wconf 90' lang='lat' dir='ltr'>pascuis,</span> <span class='ocrx_word' id='word_1_779' title='bbox 2816 4921 2998 4987; x_wconf 87' lang='lat' dir='ltr'>silvis,</span> <span class='ocrx_word' id='word_1_780' title='bbox 3036 4922 3274 4992; x_wconf 86' lang='lat' dir='ltr'>salictis,</span> <span class='ocrx_word' id='word_1_781' title='bbox 3344 4925 3661 4982; x_wconf 88' lang='lat' dir='ltr'>arboribus</span> 
     </span>
    </p>
   </div>
   <div class='ocr_carea' id='block_1_115' title="bbox 2002 5010 3664 5086">
    <p class='ocr_par' dir='ltr' id='par_1_115' title="bbox 2002 5010 3664 5086">
     <span class='ocr_line' id='line_1_115' title="bbox 2002 5010 3664 5086; baseline 0.002 -17"><span class='ocrx_word' id='word_1_782' title='bbox 2002 5012 2306 5086; x_wconf 87' lang='lat' dir='ltr'>pomiferis</span> <span class='ocrx_word' id='word_1_783' title='bbox 2335 5017 2391 5068; x_wconf 91' lang='lat' dir='ltr'>et</span> <span class='ocrx_word' id='word_1_784' title='bbox 2412 5011 2726 5068; x_wconf 79' lang='lat' dir='ltr'>fructiferis</span> <span class='ocrx_word' id='word_1_785' title='bbox 2752 5010 2973 5067; x_wconf 90' lang='lat' dir='ltr'>diversi</span> <span class='ocrx_word' id='word_1_786' title='bbox 2999 5014 3257 5084; x_wconf 90' lang='lat' dir='ltr'>generis,</span> <span class='ocrx_word' id='word_1_787' title='bbox 3282 5014 3376 5071; x_wconf 91' lang='lat' dir='ltr'>vel</span> <span class='ocrx_word' id='word_1_788' title='bbox 3399 5014 3664 5073; x_wconf 79' lang='lat' dir='ltr'>infracti-</span> 
     </span>
    </p>
   </div>
   <div class='ocr_carea' id='block_1_116' title="bbox 2002 5100 3660 5176">
    <p class='ocr_par' dir='ltr' id='par_1_116' title="bbox 2002 5100 3660 5176">
     <span class='ocr_line' id='line_1_116' title="bbox 2002 5100 3660 5176; baseline 0.002 -18"><span class='ocrx_word' id='word_1_789' title='bbox 2002 5103 2158 5171; x_wconf 84' lang='lat' dir='ltr'>feris,</span> <span class='ocrx_word' id='word_1_790' title='bbox 2188 5102 2403 5175; x_wconf 89' lang='lat' dir='ltr'>puteis,</span> <span class='ocrx_word' id='word_1_791' title='bbox 2445 5100 2731 5170; x_wconf 85' lang='lat' dir='ltr'>fontibus,</span> <span class='ocrx_word' id='word_1_792' title='bbox 2763 5100 2901 5156; x_wconf 90' lang='lat' dir='ltr'>rivis</span> <span class='ocrx_word' id='word_1_793' title='bbox 2934 5117 3108 5174; x_wconf 71' lang='lat' dir='ltr'>aquae</span> <span class='ocrx_word' id='word_1_794' title='bbox 3138 5104 3441 5176; x_wconf 88' lang='lat' dir='ltr'>perennis,</span> <span class='ocrx_word' id='word_1_795' title='bbox 3477 5104 3660 5161; x_wconf 69' lang='lat' dir='ltr'>rediti-</span> 
     </span>
    </p>
   </div>
   <div class='ocr_carea' id='block_1_117' title="bbox 1954 5189 3660 5264">
    <p class='ocr_par' dir='ltr' id='par_1_117' title="bbox 1954 5189 3660 5264">
     <span class='ocr_line' id='line_1_117' title="bbox 1954 5189 3660 5264; baseline 0.005 -21"><span class='ocrx_word' id='word_1_796' title='bbox 1954 5240 1955 5243; x_wconf 44' lang='grc' dir='ltr'><strong>Î·</strong></span> <span class='ocrx_word' id='word_1_797' title='bbox 2000 5192 2128 5259; x_wconf 89' lang='lat' dir='ltr'>ciis,</span> <span class='ocrx_word' id='word_1_798' title='bbox 2170 5191 2467 5262; x_wconf 87' lang='lat' dir='ltr'>adjunctis</span> <span class='ocrx_word' id='word_1_799' title='bbox 2496 5189 3035 5264; x_wconf 88' lang='lat' dir='ltr'>adjacentibusque</span> <span class='ocrx_word' id='word_1_800' title='bbox 3073 5190 3197 5247; x_wconf 92' lang='lat' dir='ltr'>suis</span> <span class='ocrx_word' id='word_1_801' title='bbox 3239 5193 3409 5249; x_wconf 82' lang='lat' dir='ltr'>cultis</span> <span class='ocrx_word' id='word_1_802' title='bbox 3456 5194 3549 5251; x_wconf 89' lang='lat' dir='ltr'>vel</span> <span class='ocrx_word' id='word_1_803' title='bbox 3575 5195 3660 5251; x_wconf 91' lang='lat' dir='ltr'>in-</span> 
     </span>
    </p>
   </div>
   <div class='ocr_carea' id='block_1_118' title="bbox 2001 5277 3652 5346">
    <p class='ocr_par' dir='ltr' id='par_1_118' title="bbox 2001 5277 3652 5346">
     <span class='ocr_line' id='line_1_118' title="bbox 2001 5277 3652 5346; baseline 0.001 -11"><span class='ocrx_word' id='word_1_804' title='bbox 2001 5280 2328 5346; x_wconf 85' lang='lat' dir='ltr'>cultis,una</span> <span class='ocrx_word' id='word_1_805' title='bbox 2357 5295 2495 5335; x_wconf 91' lang='lat' dir='ltr'>cum</span> <span class='ocrx_word' id='word_1_806' title='bbox 2524 5277 2762 5333; x_wconf 86' lang='lat' dir='ltr'>familiis</span> <span class='ocrx_word' id='word_1_807' title='bbox 2779 5277 3060 5334; x_wconf 88' lang='lat' dir='ltr'>masculis</span> <span class='ocrx_word' id='word_1_808' title='bbox 3085 5283 3143 5333; x_wconf 92' lang='lat' dir='ltr'>et</span> <span class='ocrx_word' id='word_1_809' title='bbox 3160 5277 3399 5336; x_wconf 86' lang='lat' dir='ltr'>feminis</span> <span class='ocrx_word' id='word_1_810' title='bbox 3431 5281 3652 5336; x_wconf 88' lang='lat' dir='ltr'>ibidem</span> 
     </span>
    </p>
   </div>
   <div class='ocr_carea' id='block_1_119' title="bbox 2000 5366 3655 5440">
    <p class='ocr_par' dir='ltr' id='par_1_119' title="bbox 2000 5366 3655 5440">
     <span class='ocr_line' id='line_1_119' title="bbox 2000 5366 3655 5440; baseline 0 -17"><span class='ocrx_word' id='word_1_811' title='bbox 2000 5368 2094 5423; x_wconf 91' lang='lat' dir='ltr'>vel</span> <span class='ocrx_word' id='word_1_812' title='bbox 2124 5368 2347 5440; x_wconf 89' lang='lat' dir='ltr'>ubique</span> <span class='ocrx_word' id='word_1_813' title='bbox 2378 5366 2797 5433; x_wconf 88' lang='lat' dir='ltr'>residentibus,</span> <span class='ocrx_word' id='word_1_814' title='bbox 2821 5371 2877 5422; x_wconf 91' lang='lat' dir='ltr'>et</span> <span class='ocrx_word' id='word_1_815' title='bbox 2898 5382 3037 5423; x_wconf 91' lang='lat' dir='ltr'>cum</span> <span class='ocrx_word' id='word_1_816' title='bbox 3060 5368 3344 5425; x_wconf 89' lang='lat' dir='ltr'>omnibus</span> <span class='ocrx_word' id='word_1_817' title='bbox 3365 5370 3444 5426; x_wconf 89' lang='lat' dir='ltr'>ad</span> <span class='ocrx_word' id='word_1_818' title='bbox 3472 5384 3655 5440; x_wconf 88' lang='lat' dir='ltr'>supra</span> 
     </span>
    </p>
   </div>
   <div class='ocr_carea' id='block_1_120' title="bbox 2001 5455 3654 5530">
    <p class='ocr_par' dir='ltr' id='par_1_120' title="bbox 2001 5455 3654 5530">
     <span class='ocr_line' id='line_1_120' title="bbox 2001 5455 3654 5530; baseline -0.002 -18"><span class='ocrx_word' id='word_1_819' title='bbox 2001 5456 2250 5529; x_wconf 89' lang='lat' dir='ltr'>scriptas</span> <span class='ocrx_word' id='word_1_820' title='bbox 2279 5461 2473 5512; x_wconf 88' lang='lat' dir='ltr'>curtes</span> <span class='ocrx_word' id='word_1_821' title='bbox 2513 5455 2863 5526; x_wconf 86' lang='lat' dir='ltr'>generaliter</span> <span class='ocrx_word' id='word_1_822' title='bbox 2909 5460 2966 5511; x_wconf 89' lang='lat' dir='ltr'>et</span> <span class='ocrx_word' id='word_1_823' title='bbox 2994 5457 3056 5512; x_wconf 90' lang='lat' dir='ltr'>in</span> <span class='ocrx_word' id='word_1_824' title='bbox 3086 5456 3316 5528; x_wconf 89' lang='lat' dir='ltr'>integro</span> <span class='ocrx_word' id='word_1_825' title='bbox 3360 5457 3654 5530; x_wconf 87' lang='lat' dir='ltr'>pertinen-</span> 
     </span>
    </p>
   </div>
   <div class='ocr_carea' id='block_1_121' title="bbox 2001 5542 3650 5620">
    <p class='ocr_par' dir='ltr' id='par_1_121' title="bbox 2001 5542 3650 5620">
     <span class='ocr_line' id='line_1_121' title="bbox 2001 5542 3650 5620; baseline -0.003 -19"><span class='ocrx_word' id='word_1_826' title='bbox 2001 5546 2179 5617; x_wconf 91' lang='lat' dir='ltr'>tibus,</span> <span class='ocrx_word' id='word_1_827' title='bbox 2239 5546 2500 5617; x_wconf 80' lang='lat' dir='ltr'>exceptis</span> <span class='ocrx_word' id='word_1_828' title='bbox 2570 5543 2759 5601; x_wconf 90' lang='lat' dir='ltr'>tribus</span> <span class='ocrx_word' id='word_1_829' title='bbox 2838 5546 3130 5618; x_wconf 89' lang='lat' dir='ltr'>personis,</span> <span class='ocrx_word' id='word_1_830' title='bbox 3202 5563 3354 5620; x_wconf 87' lang='lat' dir='ltr'>quas</span> <span class='ocrx_word' id='word_1_831' title='bbox 3405 5542 3650 5617; x_wconf 65' lang='lat' dir='ltr'>praedico</span> 
     </span>
    </p>
   </div>
   <div class='ocr_carea' id='block_1_122' title="bbox 2000 5631 3647 5708">
    <p class='ocr_par' dir='ltr' id='par_1_122' title="bbox 2000 5631 3647 5708">
     <span class='ocr_line' id='line_1_122' title="bbox 2000 5631 3647 5708; baseline -0.004 -16"><span class='ocrx_word' id='word_1_832' title='bbox 2000 5639 2093 5692; x_wconf 86' lang='lat' dir='ltr'>tus</span> <span class='ocrx_word' id='word_1_833' title='bbox 2147 5651 2252 5692; x_wconf 79' lang='lat' dir='ltr'>rex</span> <span class='ocrx_word' id='word_1_834' title='bbox 2302 5635 2364 5691; x_wconf 89' lang='lat' dir='ltr'>in</span> <span class='ocrx_word' id='word_1_835' title='bbox 2421 5651 2530 5693; x_wconf 87' lang='lat' dir='ltr'>suo</span> <span class='ocrx_word' id='word_1_836' title='bbox 2583 5639 2882 5708; x_wconf 68' lang='lat' dir='ltr'>praecepto</span> <span class='ocrx_word' id='word_1_837' title='bbox 2948 5636 3060 5694; x_wconf 88' lang='lat' dir='ltr'>sibi</span> <span class='ocrx_word' id='word_1_838' title='bbox 3105 5634 3360 5705; x_wconf 89' lang='lat' dir='ltr'>retinuit,</span> <span class='ocrx_word' id='word_1_839' title='bbox 3393 5632 3533 5689; x_wconf 86' lang='lat' dir='ltr'>sitas</span> <span class='ocrx_word' id='word_1_840' title='bbox 3585 5631 3647 5687; x_wconf 86' lang='lat' dir='ltr'>in</span> 
     </span>
    </p>
   </div>
  </div>
