4014 6198
329 132 463 232 I083

1726 167 1972 224 LEONIS
2013 164 2224 219 PAPZE
2263 168 2353 222 VII

3619 170 3640 223 l
3649 173 3755 226 084

324 301 609 357 comitatu
631 297 1030 370 Lugdunensi.
1079 299 1194 350 Nos
1226 310 1366 350 vero
1400 294 1662 350 inclinati
1695 291 1974 365 precibus
2015 294 2060 344 A
2166 291 2384 346 Diebus
2427 292 2560 348 vita
2601 296 2714 349 tua
2762 297 3084 349 tantum....
3112 293 3509 349 Fraternitatis
3549 310 3760 349 amore

323 405 552 456 eorum,
583 388 686 460 qui
715 387 906 442 vicem
934 383 1326 456 apostolicam
1355 383 1702 445 retinemus,
1726 380 1975 454 quibus-

322 493 439 550 que
472 493 615 532 cura
643 475 915 532 omnium
943 471 1331 528 ecclesiarum
1360 471 1684 528 commissa
1715 474 1822 536 est,
1854 484 1980 523 ma-

321 565 480 621 xime
508 564 673 620 istius
704 560 1067 627 monasterii,
1097 561 1263 633 quod
1289 561 1409 632 juri
1441 564 1662 616 sancta
1690 559 1978 614 Romana

322 658 500 725 atque
529 650 870 724 apostolicae
894 649 1162 705 Ecclesia
1185 649 1484 721 nobisque
1507 648 1844 719 subjectum
1868 649 1978 714 est,

317 742 397 796 ita
426 743 854 796 conﬁrmamus
886 754 956 794 ea
1012 738 1237 804 omnia,
1291 738 1441 793 sicut
1476 753 1583 809 per
1611 739 1980 808 praceptum

319 829 637 902 pradictus
667 827 824 883 filius
857 831 1060 882 noster
1089 826 1339 883 donavit
1366 825 1710 899 supradicto
1735 840 1980 880 monas-

321 918 488 984 terio,
521 922 585 973 ut
612 917 812 973 nullus
851 917 1035 972 homo
1064 932 1290 990 parvus
1321 931 1680 986 magnusve,
1738 913 1828 970 vel
1884 929 1982 968 cu-

319 1008 656 1078 juscunque
681 1005 984 1074 dignitatis
1016 1005 1236 1061 audeat
1267 1005 1360 1060 vel
1391 1008 1721 1077 prasumat
1773 1007 1980 1058 contra

321 1096 504 1165 hujus
535 1094 721 1150 nostri
750 1093 1062 1165 apostolici
1093 1093 1382 1166 privilegii
1410 1093 1821 1149 auctoritatem
1850 1091 1985 1163 ipsa

323 1183 604 1240 invadere
662 1182 752 1238 vel
802 1198 1034 1256 rapere,
1099 1184 1204 1237 sed
1226 1199 1431 1238 secure
1472 1186 1528 1238 et
1549 1183 1746 1254 quiete
1774 1196 1984 1253 perpe-

324 1271 555 1326 tualiter
609 1271 670 1326 in
711 1272 926 1327 eodem
985 1272 1350 1327 monasterio
1407 1274 1820 1343 permaneant.
1870 1271 1983 1324 Pro

323 1377 444 1432 quo
475 1361 654 1416 etiam
687 1362 801 1415 sub
823 1361 1007 1416 divini
1033 1361 1241 1432 judicii
1274 1359 1667 1416 obtestatione
1713 1357 1980 1431 promul-

323 1453 532 1518 gantes
554 1450 953 1516 decernimus,
983 1455 1048 1506 ut
1064 1450 1227 1504 nullo
1243 1450 1483 1518 ingenio
1502 1453 1605 1504 aut
1629 1452 1982 1516 argumento

327 1538 557 1594 auferre
609 1539 892 1606 audeant,
941 1539 1138 1612 potius
1193 1545 1394 1594 autem
1435 1539 1567 1609 jure
1603 1541 1893 1608 perpetuo
1922 1536 1982 1591 in

2092 379 2558 450 constringimur
2611 382 2662 438 ei
2722 381 3065 454 apostolica
3125 380 3284 436 sedis
3338 381 3760 438 moderamine

2091 470 2484 525 convenimur
2524 489 2536 525 :
2572 475 2636 526 ut
2666 471 2954 527 consultis
3008 470 3278 537 fratrum,
3337 477 3514 542 prout
3563 472 3764 528 Domi-

2092 573 2204 612 nus
2257 558 2503 630 dederit,
2556 560 3053 632 respondeamus,
3111 575 3336 632 eosque
3404 561 3760 632 apostolica

2092 647 2250 702 sedis
2283 651 2628 706 auctoritate
2655 649 3026 706 instruamus
3061 667 3072 704 :
3107 654 3164 704 et
3193 649 3336 721 quia
3363 649 3602 706 dilectio
3631 667 3764 706 ves-

2093 739 2180 790 tra
2205 736 2384 805 exigit
2403 737 2743 809 apostolica
2769 737 2932 793 sedis
2965 737 3258 807 consulta,
3285 755 3420 810 qua
3454 738 3628 794 vobis
3657 738 3760 794 de-

2092 840 2310 894 negare
2331 841 2440 880 nec
2472 826 2789 894 debemus,
2816 843 2927 883 nec
2976 843 3325 899 possumus,
3359 843 3430 882 eo
3477 828 3648 899 quod
3703 833 3761 882 et

2091 914 2558 985 pradecessores
2588 920 2824 973 nostros
2875 916 3201 972 multarum
3235 917 3556 986 regionum
3605 916 3758 988 epis-

2093 1003 2258 1075 copis
2283 1004 2397 1059 hoc
2423 1004 2615 1073 egisse
2637 1004 2840 1077 liquet,
2874 1005 3038 1077 quod
3069 1010 3127 1060 et
3149 1021 3280 1074 nos,
3311 1005 3415 1076 qui
3446 1005 3507 1060 in
3539 1006 3758 1061 eadem

2094 1092 2256 1158 sede,
2301 1093 2551 1149 Domino
2572 1093 2879 1162 largiente,
2947 1093 3143 1149 collati
3176 1110 3404 1158 sumus,
3453 1110 3633 1162 agere
3661 1095 3763 1149 de-

2094 1182 2233 1236 bere
2262 1181 2522 1238 fraterna
2547 1183 2808 1238 charitas
2841 1182 3162 1254 compellit.
3195 1181 3356 1237 Unde
3389 1183 3548 1238 hanc
3591 1199 3762 1238 sanc-

2094 1276 2216 1325 tam
2267 1271 2621 1327 catholicam
2671 1276 2729 1327 et
2783 1271 3201 1344 apostolicam,
3244 1276 3426 1343 caput
3481 1273 3761 1327 omnium

2097 1359 2509 1429 Ecclesiarum,
2546 1363 2880 1415 Romanam
2937 1359 3161 1415 scilicet
3217 1359 3565 1427 Ecclesium,
3623 1377 3762 1432 qua

2093 1464 2328 1519 semper
2358 1453 2702 1503 sanctorum
2753 1451 2990 1504 Patrum
3039 1447 3479 1503 sincerissimas
3509 1448 3767 1504 auctori-

2095 1542 2239 1592 tates
2271 1537 2329 1591 in
2351 1537 2634 1592 omnibus
2671 1538 2794 1592 suis
2818 1537 3049 1592 actibus
3073 1537 3342 1609 sequitur
3369 1542 3764 1610 nostramque

329 1625 543 1682 eodem
569 1627 889 1685 venerabili
916 1628 1299 1695 monasterio,
1345 1631 1407 1682 ut
1433 1625 1705 1697 superius
1731 1625 1981 1680 afﬁxum
2017 1639 2063 1693 Β
2093 1626 2483 1698 apostolicam
2517 1626 2722 1682 sedem
2747 1627 3058 1681 consulere
3093 1626 3380 1694 voluistis,
3410 1627 3630 1698 procul
3659 1627 3765 1680 du-

324 1718 430 1782 est,
463 1713 746 1778 afficiant,
779 1719 835 1769 et
862 1718 922 1770 in
959 1720 1247 1787 potestate
1281 1721 1460 1787 atque
1493 1714 1714 1770 ditione
1759 1713 1982 1768 Odonis

325 1800 579 1866 abbatis,
613 1803 706 1857 vel
737 1804 1006 1858 omnium
1051 1820 1471 1859 successorum
1517 1819 1767 1858 suorum
1800 1801 1984 1858 abba-

325 1893 472 1954 tum,
523 1905 627 1944 seu
657 1891 1092 1947 monachorum
1139 1892 1363 1947 ibidem
1421 1895 1538 1947 Deo
1597 1891 1979 1946 servientium

322 1985 716 2050 permaneant
773 1979 1153 2052 disponenda
1191 1997 1259 2035 ac
1316 1979 1706 2052 possidenda.
1755 1979 1809 2035 Si
1843 1980 1976 2051 quis

324 2071 526 2123 autem
554 2069 868 2124 temerario
911 2086 1065 2124 ausu
1097 2074 1305 2125 contra
1334 2070 1516 2140 hujus
1548 2073 1762 2124 nostra
1810 2084 1983 2140 apos-

324 2155 510 2210 tolicae
537 2157 952 2228 praceptionis
980 2157 1193 2212 seriem
1224 2159 1319 2229 pie
1350 2175 1386 2213 a
1433 2157 1608 2213 nobis
1638 2157 1982 2228 promulga-

325 2250 447 2300 tam
479 2245 676 2299 venire
726 2245 820 2299 vel
873 2261 1047 2313 agere
1079 2245 1410 2312 tentaverit,
1467 2245 1613 2300 sciat
1643 2260 1703 2300 se
1752 2245 1982 2300 domini

324 2332 507 2387 nostri
567 2333 978 2402 apostolorum
1034 2334 1320 2405 principis
1378 2333 1523 2388 Petri
1583 2332 1981 2388 anathematis

325 2421 564 2476 vinculo
597 2421 974 2485 innodatum,
1029 2429 1083 2478 et
1114 2440 1252 2478 cum
1281 2421 1526 2486 diabolo
1570 2426 1626 2476 et
1656 2422 1784 2492 ejus
1829 2427 1983 2477 atro-

326 2508 580 2564 cissimis
634 2511 898 2582 pompis,
959 2515 1136 2582 atque
1196 2528 1335 2566 cum
1362 2511 1515 2566 Juda
1547 2511 1821 2566 traditore
1875 2513 1984 2566 Do-

324 2598 468 2653 mini
523 2599 620 2653 Dei
671 2603 726 2654 et
775 2599 1091 2655 Salvatoris
1143 2603 1279 2655 Jesu
1333 2599 1543 2657 Christi
1581 2599 1643 2654 in
1693 2604 1981 2655 aeternum

321 2687 522 2756 ignem
561 2689 1072 2744 concremandum
1106 2689 1401 2761 simulque
1449 2693 1506 2745 et
1530 2689 1589 2744 in
1633 2689 1981 2757 voraginem

323 2779 768 2848 tartareumque
821 2778 1005 2833 chaos
1061 2778 1371 2833 demersus
1411 2795 1549 2833 cum
1600 2777 1799 2850 impiis
1837 2777 1984 2833 deﬁ-

324 2864 463 2919 ciat.
497 2865 607 2930 Qui
655 2881 798 2921 vero
829 2866 929 2938 pio
972 2865 1188 2921 intuitu
1228 2866 1506 2922 custodes
1539 2872 1596 2922 et
1633 2866 1979 2922 obedientes

327 2956 509 3024 atque
541 2952 959 3008 observatores
985 2959 1201 3009 nostrae
1226 2953 1540 3010 salutifera
1565 2954 1980 3028 praceptionis

319 3041 669 3110 exstiterint,
709 3041 1140 3096 benedictionis
1181 3042 1369 3111 gratia
1412 3046 1470 3098 et
1508 3042 1762 3097 calestis
1812 3042 1979 3098 retri-

318 3128 584 3183 butionis
613 3134 834 3184 aterna
867 3130 1087 3197 gaudia
1118 3146 1153 3184 a
1172 3131 1334 3199 justo
1350 3131 1552 3200 judice
1577 3130 1827 3185 Domino
1861 3134 1978 3185 Deo

318 3221 522 3271 nostro
573 3218 864 3288 consequi
926 3225 1283 3274 mereantur.

1084 3327 1216 3379 XIII.

319 3425 579 3464 EPISTOLA
643 3427 840 3466 LEONIS
881 3427 959 3466 VII
1017 3430 1085 3466 AD
1139 3429 1474 3468 ADALDAGUM
1533 3428 1977 3467 HAMBIIRGENSEM

989 3518 1288 3557 EPISCOPUM
1300 3542 1311 3554 .

918 3592 1116 3660 (Anno
1155 3593 1384 3657 937-39)

823 3681 929 3734 Illi
966 3681 1225 3749 pallium
1272 3681 1474 3736 mittit.

314 3766 511 3838 [Apud
560 3767 974 3840 Lappenberg,
1025 3769 1359 3838 .Hamburg.
1431 3770 1726 3838 Urkund.,
1763 3785 1821 3841 p.
1861 3770 1976 3839 42.]

255 3843 264 3848 ”
386 3857 516 3923 Leo,
533 3855 852 3928 episcopus
873 3861 930 3910 et
951 3873 1159 3912 servus
1183 3873 1489 3912 servorum
1511 3857 1607 3912 Dei
1631 3857 1977 3912 reverentis—

315 3943 468 3998 simo
499 3949 556 3999 et
586 3944 962 3999 sanctissimo
996 3949 1298 3999 ADALDADO
1329 3950 1548 4000 sancta
1580 3945 1978 4001 Hammabur-

315 4032 520 4099 gensis
554 4032 829 4088 Ecclesia
868 4033 1174 4105 episc0po,
1206 4050 1342 4106 qua
1395 4035 1506 4090 sita
1555 4040 1641 4089 est
1683 4034 1836 4089 ultra
1869 4036 1976 4089 ﬂu-

311 4118 475 4174 vium
513 4119 618 4191 qui
657 4125 902 4175 vocatur
937 4121 1126 4189 Albia,
1150 4122 1362 4178 diebus
1398 4123 1525 4178 vita
1562 4128 1672 4178 tuae
1711 4128 1976 4179 tantum-

318 4206 522 4262 modo.

387 4295 442 4350 Si
473 4299 742 4368 pastores
771 4295 998 4362 ovium,
1032 4301 1166 4362 etc.,
1199 4303 1264 4352 ut
1295 4299 1355 4353 in
1392 4299 1561 4354 bulla
1591 4301 1831 4356 Νίσοιαί
1851 4301 1886 4354 Ι
1919 4306 1974 4356 et

310 4385 615 4454 Stephani
642 4386 691 4438 V
705 4401 818 4453 pro
840 4386 1042 4441 eadem
1058 4387 1346 4456 Ecclesia,
1382 4403 1566 4458 usque
1587 4389 1662 4445 ab
1694 4405 1971 4462 assump-

309 4473 468 4529 tione
495 4479 716 4529 sancta
749 4475 846 4529 Dei
881 4475 1180 4543 genitricis
1202 4477 1458 4533 Maria...
1481 4478 1732 4550 Reliqua
1763 4478 1972 4534 desunt

311 4564 373 4617 in
404 4564 809 4632 autographa.

1070 4634 1214 4690 XIV.

380 4736 646 4776 EPISTOLA
693 4738 884 4777 LEONIS
929 4739 1001 4776 VII
1043 4739 1113 4777 AI)
1164 4739 1500 4780 FRIDURICUM
1544 4741 1899 4780 )IOGUN’I‘INI'M

902 4827 1399 4868 ARCHIEPISCOPUM.

911 4901 1105 4968 (Anno
1135 4902 1350 4971 937-39)
1363 4943 1375 4955 .

311 4984 697 5042 Friduricum
728 4987 938 5056 prodit
979 5010 1004 5036 «
1037 5003 1209 5042 suum
1236 4991 1526 5046 vicarium
1555 4997 1607 5046 et
1638 4992 1879 5047 missum
1910 4993 1973 5046 in

383 5075 610 5130 cunctis
640 5076 982 5145 regionibus
1015 5078 1194 5132 totius
1227 5078 1582 5134 Germania.
1612 5101 1637 5127 ››
1669 5081 1974 5134 Permittit

387 5165 452 5214 ut
485 5162 742 5228 Judaos,
804 5167 925 5220 nisi
954 5165 1363 5228 Christianam
1399 5167 1576 5236 ﬁdem
1617 5169 1973 5236 suscipiant,

388 5246 724 5304 civitatibus
737 5255 1000 5322 expellat
1023 5273 1035 5320 ;
1071 5255 1286 5309 invitos
1312 5271 1447 5311 vero
1473 5255 1771 5325 baptizari
1793 5262 1971 5312 vetat.

316 5335 514 5409 [Apud
569 5338 946 5407 Wurdtwein,
996 5344 1282 5412 Epistula
1333 5344 1397 5399 S.
1448 5346 1776 5414 Boni/acii,
1827 5347 1975 5416 373.]

383 5426 498 5481 Leo
525 5425 864 5498 episcopus,
894 5446 1101 5485 servus
1134 5449 1444 5488 servorum
1474 5434 1592 5501 Dei,
1627 5435 1974 5490 reverentis—

316 5515 473 5571 simo
525 5519 584 5572 et
639 5515 1016 5573 sanctissimo
1075 5520 1354 5577 contratri
1411 5527 1616 5578 nostro
1681 5526 1974 5580 anumco

313 5607 534 5661 sancta
564 5605 984 5676 Moguntiensis
1013 5608 1288 5664 Ecclesia
1319 5612 1792 5684 archiepiscopo.

2092 1715 2191 1769 bio
2221 1731 2356 1786 qua
2389 1715 2625 1782 agenda
2655 1715 2826 1770 vobis
2861 1719 3018 1782 sunt,
3056 1714 3564 1770 irretractabiliter
3594 1731 3762 1769 mau-

2091 1803 2233 1858 dare
2263 1819 2564 1858 curamus.
2624 1803 2802 1871 Igitur
2853 1803 2996 1876 quia
3025 1803 3085 1858 in
3117 1803 3325 1858 vestris
3374 1803 3585 1858 litteris
3627 1819 3759 1857 nos-

2091 1895 2248 1946 trum
2301 1890 2702 1962 apostolatum
2771 1895 3043 1963 expetere
3103 1891 3396 1948 voluistis.
3455 1895 3756 1963 quatenus

2089 1984 2293 2035 nostra
2333 1980 2678 2035 auctoritate
2701 1980 2958 2035 vicarius
2987 1985 3044 2035 et
3076 1980 3299 2035 missus
3331 1986 3552 2034 nostra
3584 1995 3758 2051 apos-

2092 2067 2276 2122 tolicae
2341 2068 2499 2122 sedis
2567 2068 2744 2123 totius
2794 2068 3123 2124 Germania
3175 2084 3282 2123 vos
3341 2067 3751 2123 concedamus

2090 2172 2254 2222 esse;
2284 2161 2339 2210 et
2368 2156 2528 2226 quod
2559 2155 2843 2226 asseritis,
2877 2155 3018 2227 quia
3049 2155 3229 2227 prisci
3274 2156 3631 2226 Moguntina
3667 2172 3752 2210 se-

2090 2244 2182 2298 dis
2215 2243 2651 2316 metropolitani
2673 2260 2708 2298 a
2737 2248 2943 2299 nostra
2971 2243 3300 2315 apostolica
3339 2244 3479 2298 sedc
3507 2261 3581 2299 ex
3612 2261 3751 2298 auc—

2094 2333 2319 2388 toritate
2353 2332 2682 2388 beatissimi
2717 2332 2862 2388 Petri
2893 2332 3307 2404 apostolorum
3338 2333 3630 2405 principis
3677 2334 3752 2387 vi-

2091 2421 2230 2476 carii
2261 2426 2317 2476 et
2347 2421 2511 2476 missi
2542 2421 2854 2493 apostolici
2895 2420 3070 2476 totius
3115 2422 3444 2476 Germaniae
3475 2420 3604 2476 ﬁeri
3630 2438 3750 2476 me-

2092 2515 2371 2564 ruerunt:
2403 2510 2608 2565 scitote
2662 2525 2772 2564 nos
2800 2509 3114 2577 diligenter
3171 2509 3232 2564 in
3281 2510 3501 2564 scrinio
3530 2516 3748 2564 sancta

2093 2598 2361 2654 Ecclesia
2389 2604 2603 2654 nostra
2617 2598 3065 2670 privilegioruin
3089 2597 3365 2665 schedas,
3385 2615 3519 2671 qua
3547 2615 3584 2653 a
3607 2615 3753 2671 pra-

2092 2685 2511 2742 decessoribus
2569 2686 2787 2741 nostris
2845 2685 3108 2751 duobus,
3164 2685 3437 2742 videlicet
3470 2687 3751 2756 Gregorii,

2092 2774 2385 2830 Zacharia
2408 2779 2463 2830 et
2488 2775 2789 2848 Stephani,
2821 2780 2883 2830 ut
2909 2775 3190 2844 asseritis,
3215 2775 3519 2830 Bonifacio
3547 2781 3754 2830 vestra

2093 2864 2250 2918 sedis
2273 2864 2512 2919 antistiti
2546 2864 2880 2936 apostolica
2931 2863 3312 2920 roboratione
3343 2880 3474 2918 esse
3505 2881 3751 2919 conces-

2093 2969 2178 3017 sa,
2213 2952 2325 3006 sub
2375 2951 2642 3020 diligenti
2672 2968 2816 3008 cura
2867 2957 2923 3008 et
2967 2952 3304 3008 vehementi
3357 2953 3753 3008 sollicitudine

2093 3046 2224 3096 vive
2252 3046 2404 3097 est...
2431 3042 2479 3096 ri
2523 3041 2920 3114 percepimus,
2974 3047 3030 3097 et
3055 3057 3244 3097 unam
3294 3041 3584 3098 schedam
3618 3059 3753 3098 cum

2091 3130 2189 3186 illa
2221 3131 2567 3186 auctoritate
2621 3136 2855 3188 tantum
2887 3131 3194 3202 potuimus
3250 3131 3540 3186 invenire.
3593 3132 3755 3187 Unde

2089 3218 2232 3290 quia
2263 3219 2398 3274 totis
2423 3219 2767 3290 pracordiis
2789 3225 2845 3274 et
2872 3219 3082 3274 humili
3114 3218 3553 3292 supplicatione
3587 3220 3753 3275 efﬂa-

2089 3307 2304 3375 gitatis,
2338 3313 2403 3361 ut
2425 3313 2626 3363 nostra
2654 3307 2982 3379 apostolica
3001 3307 3349 3363 auctoritate
3379 3315 3751 3381 praceptum

2087 3399 2144 3450 et
2172 3394 2470 3450 licentiam
2502 3395 2673 3450 vobis
2705 3400 2912 3451 nostra
2937 3395 3228 3452 concedat
3251 3396 3594 3465 clementia,
3614 3414 3756 3469 qua-

2089 3488 2258 3539 tenus
2280 3484 2405 3538 vice
2428 3488 2630 3540 nostra
2660 3485 2981 3552 sceleratos
3010 3489 3067 3540 et
3091 3500 3287 3557 prava
3310 3486 3447 3540 vita
3474 3485 3754 3542 homines

2085 3572 2358 3628 habeatis
2391 3577 2744 3644 potestatem
2778 3573 3096 3646 corripere,
3124 3578 3180 3628 et
3229 3573 3307 3628 ad
3337 3574 3502 3629 viam
3533 3575 3750 3630 verita-

2086 3661 2159 3716 tis
2189 3661 2397 3715 vestris
2437 3661 2951 3718 exhortationibus
2980 3677 3261 3717 revocare
3308 3680 3320 3716 :
3358 3662 3752 3718 concedimus

2087 3749 2256 3805 vobis
2312 3750 2435 3805 vice
2490 3755 2694 3807 nostra
2745 3751 3066 3820 licentiam,
3115 3767 3185 3806 eo
3248 3750 3414 3823 quod
3463 3768 3574 3805 vos
3619 3753 3751 3806 hinc

2087 3845 2305 3894 sancta
2364 3840 2490 3894 sedi
2538 3840 2971 3912 subjectionem
3024 3845 3081 3896 et
3128 3856 3374 3896 omnem
3403 3839 3750 3897 ﬁdelitatem

2085 3928 2363 3984 exhibere
2380 3929 2739 4000 promittitis,
2760 3946 2832 3984 ex
2851 3929 3200 3986 auctoritate
3220 3929 3377 3986 beati
3404 3931 3556 3986 Petri
3581 3948 3752 4004 apos-

2088 4017 2342 4073 tolorum
2370 4018 2656 4091 principis
2685 4019 2902 4074 damus
2936 4019 3103 4074 vobis
3133 4024 3513 4091 potestatem,
3538 4027 3603 4075 ut
3633 4021 3751 4075 sitis

2085 4113 2286 4162 noster
2315 4107 2574 4162 vicarius
2599 4112 2656 4162 et
2683 4108 2903 4162 missus
2933 4108 2994 4162 in
3025 4109 3253 4163 cunctis
3285 4109 3640 4177 regionibus
3671 4115 3750 4164 to-

2090 4196 2200 4251 tius
2231 4197 2582 4251 Germania.
2614 4199 2678 4252 Ut
2705 4196 3048 4268 ubicunque
3080 4197 3416 4271 episc0pos,
3449 4199 3755 4270 presbyte-

2085 4301 2204 4349 res,
2233 4284 2522 4340 diaconos
2576 4285 2666 4340 vel
2707 4286 3039 4340 monachos
3086 4291 3295 4342 contra
3349 4303 3658 4342 canonum
3698 4293 3751 4341 et

2087 4372 2403 4428 constituta
2421 4378 2766 4428 sanctorum
2789 4377 3049 4441 Patrum,
3070 4375 3190 4429 sive
3217 4379 3426 4430 contra
3449 4376 3754 4430 ecclesias-

2086 4461 2262 4517 ticam
2291 4461 2560 4532 rcgulam
2592 4462 2914 4517 excessisse
2929 4463 3601 4535 reperietis,apostolica
3620 4481 3756 4520 auc-

2086 4551 2316 4606 toritate
2343 4551 2516 4621 juxta
2541 4566 2846 4606 canonum
2876 4555 2934 4606 et
2960 4551 3226 4606 instituta
3273 4557 3627 4608 sanctorum
3654 4556 3755 4608 Pa-

2085 4643 2242 4693 trum
2261 4638 2392 4694 illos
2409 4639 2702 4707 corrigere
2719 4642 2775 4694 et
2786 4639 2864 4694 ad
2878 4638 3040 4694 viam
3054 4639 3312 4694 veritatis
3326 4640 3614 4695 reducere
3632 4657 3754 4696 non

2084 4727 2389 4783 omittatis.
2424 4729 2499 4782 De
2520 4726 2739 4783 Judais
2766 4732 2966 4783 autem
2994 4727 3155 4783 unde
3181 4733 3384 4784 vestra
3411 4729 3758 4785 fraternitas

2097 4822 2366 4872 nostram
2397 4817 2788 4888 conquasivit
2837 4817 3270 4884 auctoritatem,
3316 4823 3516 4874 utrum
3543 4820 3760 4874 melius

2088 4906 2167 4961 sit
2191 4922 2294 4961 eos
2325 4921 2510 4960 sacra
2535 4905 2861 4977 subjugare
2881 4906 3176 4977 religioni,
3209 4923 3288 4962 an
3319 4907 3393 4962 de
3421 4909 3762 4963 civitatibus

2083 4996 2290 5050 vestris
2305 4995 2596 5068 expellere
2620 5015 2632 5051 :
2651 4996 2764 5052 hoc
2786 4995 2956 5051 vobis
2974 5001 3343 5069 praeceptum
3358 4999 3736 5052 mandamus
3748 5041 3762 5062 ,

2091 5089 2154 5139 ut
2186 5083 2368 5140 ﬁdem
2397 5088 2617 5140 sancta
2652 5084 2975 5150 Trinitatis,
3021 5086 3378 5158 mysterium
3434 5087 3763 5142 Dominica

2087 5170 2517 5226 incarnationis
2575 5188 2714 5227 cum
2769 5171 2932 5226 omni
2992 5173 3315 5242 sagacitate
3367 5178 3423 5227 et
3474 5173 3765 5245 prudenti

2086 5259 2332 5315 consilio
2383 5261 2480 5315 Dei
2536 5277 2675 5316 cum
2728 5261 3062 5317 reverentia
3094 5261 3206 5316 illis
3249 5261 3581 5334 pradicare
3633 5279 3761 5318 non

2086 5349 2400 5412 desistatis,
2461 5354 2517 5404 et
2573 5349 2620 5404 si
2681 5350 2919 5405 credere
2967 5353 3024 5404 et
3074 5349 3360 5422 baptizari
3411 5354 3534 5404 toto
3578 5352 3764 5406 corde

2087 5437 2402 5508 voluerint,
2436 5439 2744 5494 immensis
2766 5438 3048 5494 laudibus
3078 5440 3471 5511 omnipotenti
3501 5442 3762 5495 Domino

2088 5527 2400 5582 referimus
2433 5528 2695 5598 gratias;
2758 5529 2805 5583 si
2832 5534 3034 5584 autem
3066 5529 3304 5585 credere
3332 5528 3654 5591 noluerint.
3685 5532 3762 5586 de

2093 5615 2432 5672 civitatibus
2459 5617 2672 5673 vestris
2702 5633 2841 5672 cum
2871 5622 3076 5674 nostra
3120 5617 3467 5675 auctoritate
3499 5617 3637 5675 illos
3663 5636 3760 5674 ex-
