3998 6198
229 216 368 271 1085
838 273 851 288 ,
1494 220 1808 279 EPISTOU

2079 227 2425 288 lIVILEGIA.
3525 229 3658 283 1086

225 332 445 413 pellite,
501 338 607 411 qui
667 352 789 393 non
844 334 1138 397 debemus
1193 359 1332 402 cum
1384 343 1638 402 inimicis
1665 342 1892 400 Domini
1931 344 1981 400 Α.
2013 349 2209 418 (Joan.
2244 355 2382 425 XXI).
2413 356 2478 409 Et
2505 352 2724 408 idcirco
2756 365 2864 423 pro
2895 353 3188 408 universis
3215 351 3480 407 Ecclesiis
3511 350 3664 406 solli‘

226 429 574 486 societatem
605 427 852 496 habere,
900 428 1131 488 dicente
1162 435 1450 507 Apostolo
1501 453 1511 490 :
1553 437 1695 503 Quce
1746 434 1896 489 enim
2011 438 2331 499 citudinem
2384 443 2665 512 gerimus,
2729 445 2785 496 et
2841 440 3014 496 veluti
3061 441 3121 496 in
3175 440 3416 512 specula
3463 439 3660 511 positi,

225 518 690 576 communicatio
723 519 850 573 luci
877 519 959 573 ad
1004 525 1298 590 tenebras,
1354 532 1459 580 aut
1511 541 1639 597 qua?
1662 539 1803 594 pars
1827 524 1898 592 [ὶ-
2009 528 2154 598 quid
2175 543 2280 602 per
2309 531 2487 587 totius
2516 529 2676 586 orbis
2717 529 3055 602 provincias
3100 535 3359 598 geratur,
3397 527 3663 597 vigilanti

225 608 352 666 deli
386 624 522 664 cum
556 607 792 675 inﬁdeli
811 610 840 660 ?
869 610 973 663 Per
1003 610 1279 668 virtutem
1313 617 1511 670 autem
1541 618 1595 670 et
1621 614 1744 669 sine
1775 613 1898 668 illo-
2009 633 2152 673 cura
2193 619 2547 676 insistimus.
2603 621 2679 674 De
2723 617 2946 690 quibus
2976 633 3118 687 ergo
3158 616 3548 690 apostolicam
3579 631 3666 670 se-

223 713 358 752 rum
391 695 701 752 voluntate
733 698 914 767 atque
946 697 1226 769 petitione
1249 699 1430 757 nolite
1452 719 1554 758 eos
1575 703 1894 775 baptizare,
2006 705 2144 762 dem
2172 709 2564 771 consuluit,et
2591 706 2792 779 qualia
2822 723 2934 762 nos
2967 707 3016 762 ei
3044 720 3336 779 responsa
3359 703 3662 762 dedimus.

222 784 366 858 quia
398 783 692 857 scriptum
726 787 818 838 est
847 801 859 838 :
895 787 1095 842 Nolite
1139 795 1415 846 sanctum
1447 792 1595 847 dare
1627 792 1893 858 canibus,
2006 810 2112 866 per
2156 797 2267 852 hos
2322 801 2559 852 nostros
2598 795 2799 868 apices
2850 796 3018 850 vobis
3048 795 3322 850 intimare
3353 808 3660 848 curamus.

220 880 277 930 et
302 874 492 929 nolite
522 874 760 928 mittere
802 877 1174 944 margaritas
1227 885 1453 934 vestras
1497 886 1638 936 ante
1658 896 1892 949 porcos,
2009 883 2146 953 Ejus
2179 900 2443 958 namque
2474 885 2857 954 interrogatio
2888 883 3146 939 seriatim
3179 882 3308 938 talis
3338 885 3480 938 erat.

219 978 294 1018 ne
318 964 486 1032 forte
517 961 871 1016 conculcent
903 976 1002 1017 eas
1020 965 1272 1032 pedibus
1301 968 1442 1023 suis.
1495 969 1784 1024 Craterum
1825 969 1894 1023 ii-
2078 976 2155 1028 De
2187 973 2668 1043 auguratoribus.
2694 979 2749 1028 et
2769 970 3278 1032 incantatricibus,
3301 974 3357 1025 et
3378 969 3664 1025 maleticis

214 1045 358 1107 dem
389 1055 615 1106 sanctas
645 1049 962 1118 Trinitatis,
1022 1068 1211 1125 quam
1266 1057 1486 1112 Iudaeis
1531 1063 1585 1113 et
1616 1059 1894 1127 gentibus
2003 1062 2168 1118 vario
2199 1066 2380 1119 modo
2408 1062 2777 1118 mortiﬁcatis
2804 1078 2839 1117 a
2870 1061 3117 1133 populo,
3153 1059 3199 1114 si
3227 1059 3430 1130 aliqua
3477 1057 3666 1129 poeni—

212 1140 586 1214 praadicatis,
617 1156 805 1212 quam
837 1145 894 1196 et
923 1141 1002 1196 ad
1031 1148 1303 1201 sanctam
1336 1148 1669 1204 Romanam
1698 1148 1891 1205 Ecclea
2003 1151 2184 1207 tentia
2213 1151 2427 1207 debeat
2457 1151 2630 1219 exigi.
2678 1154 2753 1206 De
2807 1149 3025 1205 talibus
3056 1163 3320 1219 namque
3369 1145 3663 1219 personis,

211 1229 390 1298 siam,
443 1232 701 1285 matrem
755 1229 1032 1286 videlicet
1085 1239 1367 1304 vestram,
1427 1237 1891 1310 approbandam
2002 1239 2146 1311 quid
2193 1234 2412 1295 Veteris
2465 1258 2536 1296 ac
2586 1239 2722 1295 novi
2752 1237 3104 1294 Testamenti
3147 1237 3372 1309 pagina
3399 1238 3663 1304 censeat,

209 1318 486 1388 misistis,
519 1318 600 1374 ita
620 1317 916 1388 integram
943 1319 1361 1396 illibatamque
1383 1325 1616 1381 creditis
1648 1331 1704 1382 et
1733 1332 1891 1382 tene-
2001 1330 2379 1385 manifestum
2415 1330 2523 1386 est.
2559 1327 2620 1385 in
2653 1330 2779 1398 lege
2806 1343 3071 1400 namque
3095 1327 3348 1382 Mosaica
3371 1322 3662 1395 scriptum

209 1406 305 1476 tis,
339 1405 499 1461 sicut
525 1404 782 1476 apostoli
810 1421 1141 1479 eorumque
1170 1426 1547 1467 successores
1570 1414 1746 1469 nobis
1773 1419 1890 1470 tra-
1999 1423 2091 1474 est
2131 1438 2142 1474 :
2185 1420 2487 1487 Maleﬁcos
2546 1435 2660 1482 non
2707 1419 2954 1488 patieris
3011 1418 3208 1471 vivere
3252 1412 3657 1484 (Exodxxu).

213 1493 520 1561 diderunt,
581 1498 638 1549 et
703 1499 910 1550 sancta
958 1497 1230 1555 Romana
1287 1501 1542 1556 Ecclesia
1599 1503 1886 1558 omnibus
2003 1506 2276 1562 Similiter
2328 1508 2385 1563 in
2439 1508 2728 1564 Samuelis
2778 1507 2930 1562 libro
2988 1505 3222 1573 legitur,
3277 1501 3420 1575 quia
3477 1505 3663 1556 exter-

220 1577 450 1656 ubique
483 1582 761 1654 gentibus
789 1583 1093 1656 praedicat.
1291 1651 1304 1662 η
2001 1596 2248 1652 minavit
2307 1597 2442 1654 Saul
2489 1613 2697 1652 omnes
2745 1595 3130 1668 Pythonissas
3196 1592 3272 1647 de
3331 1595 3486 1646 terra
3520 1633 3532 1655 ,
3606 1591 3664 1642 et

997 1692 1100 1745 XV.
1929 1690 1969 1746 Β
2001 1680 2117 1739 alia
2168 1701 2302 1756 qum
2356 1701 2706 1742 enumerare
2755 1684 3005 1753 longum
3057 1686 3162 1737 est.
3200 1679 3315 1738 Sed
3346 1693 3456 1734 nos
3483 1677 3662 1732 etiam

343 1793 542 1832 m0le
580 1793 659 1832 vu
701 1793 957 1833 Erlsrom
1004 1795 1074 1832 Αι)
1113 1795 1326 1836 aluos
1366 1798 1431 1836 ετ
1473 1798 1768 1840 agnimos
2001 1772 2146 1828 tales
2219 1773 2432 1830 nostris
2514 1772 3026 1830 exhortationibus
3101 1771 3178 1825 ad
3247 1766 3663 1842 paenitentiam

820 1888 1011 1958 (Anno
1041 1891 1278 1960 937-39).
2006 1862 2234 1960 trahere
2266 1863 2576 1960 debemus,
2638 1867 2700 1917 ut
2747 1860 2941 1960 magis
2995 1857 3394 1960 ecclesiastico
3437 1853 3663 1960 judicio

2003 1950 2346 2021 pcenitendo
2376 1953 2597 2018 vivant,
2649 1967 2834 2022 quam
2877 1948 3078 2016 gladio
3131 1947 3364 2002 vindice
3412 1943 3664 2017 punian-

2005 2042 2119 2104 tur,
2149 2039 2377 2096 dicente
2404 2041 2580 2096 beato
2606 2039 2786 2095 Paulo
2813 2037 3090 2110 apostolo
3127 2055 3138 2090 :
3171 2037 3307 2091 Non
3360 2034 3518 2089 enim
3559 2046 3664 2101 po-

647 2103 839 2176 [ΑΡυίῘ
867 2101 1067 2173 Μεωεί,
1097 2101 1276 2172 XVI";
1311 2106 1458 2176 3781'
2005 2101 2123 2182 suit
2152 2142 2254 2184 nos
2283 2131 2439 2185 Deus
2461 2127 2538 2183 ad
2561 2130 2738 2196 iram,
2769 2101 2872 2182 sed
2902 2127 2963 2180 in
3012 2124 3466 2194 acquisitionem
3504 2120 3669 2175 salu-

300 2215 407 2267 l.£o
447 2211 790 2285 episcopus,
845 2227 1046 2266 servus
1095 2227 1400 2266 servorum
1457 2213 1580 2283 Dei,
1622 2209 1892 2284 regibus,
2009 2221 2079 2271 tis
2109 2217 2164 2286 (Ι
2187 2218 2380 2273 Thess.
2404 2219 2480 2286 v).
2513 2207 2686 2282 Quod
2711 2215 2758 2270 si
2802 2212 3206 2270 ecclesiastica
3229 2209 3456 2281 judicia
3505 2221 3668 2279 spre-

219 2300 504 2370 ducibus,
562 2300 886 2373 episcopis,
948 2299 1287 2369 abbatibus,
1355 2301 1698 2370 comitibus,
1756 2303 1894 2373 pari
2007 2306 2214 2374 vei-int,
2272 2305 2552 2361 humanis
2606 2302 2959 2374 subjaceant
3012 2301 3264 2369 legibus.
3333 2297 3664 2355 Meminisse

223 2389 411 2445 etiam
445 2389 626 2444 modo
655 2390 976 2444 Ecu.or.rno
1004 2389 1378 2454 Juvanensis,
1408 2389 1691 2444 lsmoamo
1723 2391 1892 2447 Rati-
2005 2396 2164 2450 enim
2185 2395 2405 2450 debent
2433 2411 2468 2449 a
2503 2397 2618 2449 Deo
2643 2397 2965 2466 potestates
2997 2391 3178 2447 fuisse
3221 2404 3557 2452 concessas,
3607 2389 3665 2440 et

224 2478 569 2550 sponensis,
599 2481 924 2533 [ΑΜ-θεειτο
955 2477 1368 2548 Frisingensis,
1396 2477 1680 2533 WISUNDO
1708 2479 1893 2535 Sebo-
2006 2485 2080 2539 ad
2136 2484 2459 2540 vindictam
2514 2482 2833 2539 noxiorum
2891 2481 3162 2552 gladium
3208 2478 3390 2534 fuisse
3419 2476 3665 2550 permis-

220 2568 428 2622 nensis
460 2566 734 2623 Ecclesiae
762 2566 1205 2623 venerabilibus
1231 2567 1549 2639 episcopis,
1583 2572 1636 2622 et
1664 2570 1892 2624 caeteris
2005 2591 2162 2642 sum,
2191 2578 2248 2630 et
2278 2573 2374 2630 Dei
2398 2572 2737 2628 ministrum
2767 2571 2949 2627 fuisse
2979 2568 3190 2626 datum
3218 2569 3278 2624 in
3307 2563 3664 2638 hujusmodi

221 2671 333 2728 per
357 2645 629 2721 Galliam,
665 2653 1064 2722 Germaniam,-
1097 2654 1450 2722 Bawariam,
1474 2654 1891 2713 Alemanniam
2003 2662 2343 2718 vindictam.
2372 2664 2436 2717 Et
2464 2661 2611 2716 dum
2636 2660 2696 2715 in
2729 2660 2950 2716 talibus
2973 2656 3268 2732 improbis
3282 2657 3484 2727 legum
3507 2668 3667 2709 exer-

218 1995 420 2051 Multa
444 2011 576 2067 quae
597 1995 680 2051 ad
699 1995 1077 2064 disciplinam
1095 2002 1364 2066 spectant
1387 1999 1894 2068 emendarijubet

227 2744 769 2802 commorantibus.
1013 2801 1015 2803 ,
1844 2753 1847 2755 ’
2003 2755 2167 2807 cetur
2197 2751 2536 2814 auctoritas,
2569 2749 2801 2805 dicente
2833 2749 3010 2805 beato
3042 2745 3412 2813 Innocentio,
3443 2743 3550 2799 erit
3578 2741 3668 2796 di-

299 2833 355 2889 Si
386 2833 655 2890 instituta
684 2833 1103 2902 ecclesiastica,
1122 2837 1188 2890 ut
1217 2838 1356 2888 sunt
1380 2849 1415 2888 a
1445 2832 1634 2888 beatis
1657 2840 1892 2906 aposto—
2003 2842 2192 2895 ctator
2221 2839 2526 2896 immunis.

223 2923 296 2978 lis
323 2923 560 2992 tradita,
584 2922 815 2992 integra
837 2922 1054 2978 vellent
1075 2939 1311 2978 servare
1349 2921 1583 2977 Domini
1613 2924 1888 2980 sacerdo-
2075 2929 2422 2986 Consultum
2460 2934 2548 2985 est
2585 2929 2759 2985 etiam
2790 2933 2990 2985 utrum
3014 2928 3281 3002 episcopi
3311 2930 3450 2984 Pas:
3479 2926 3662 2996 vobis,

222 3016 331 3095 tos,
362 3010 528 3066 nulla
559 3010 874 3066 diversitas
905 3011 960 3066 in
990 3011 1137 3083 ipsis
1160 3010 1477 3066 ordinibus
1507 3015 1564 3065 et
1584 3027 1889 3069 consecra-
1918 3041 1960 3095 ο
2001 3035 2076 3074 an
2113 3021 2396 3074 Dominus
2425 3019 2743 3088 vobiscum,
2777 3019 3166 3090 pronuntiare
3215 3017 3495 3074 debeant.
3547 3013 3663 3070 Sed

223 3090 489 3156 tionibus
543 3095 883 3155 haberetur.
930 3100 1042 3156 Sed
1081 3101 1228 3155 dum
1283 3099 1719 3172 unusquisque,
1766 3118 1887 3157 non
1929 3090 1952 3095 ⁷
2001 3124 2120 3163 non
2153 3107 2319 3163 aliter
2349 3124 2456 3180 per
2487 3124 2731 3163 omnem
2760 3112 3023 3164 vestram
3055 3107 3432 3180 provinciam
3464 3109 3666 3161 tenen-

221 3190 390 3264 quod
444 3189 731 3246 traditum
791 3195 896 3256 est,
948 3189 1053 3245 sed
1096 3189 1262 3262 quod
1309 3183 1422 3244 sibi
1467 3188 1663 3245 visum
1695 3191 1884 3261 fuerit,
1998 3197 2146 3251 dum
2177 3199 2282 3261 est,
2317 3213 2502 3269 quam
2523 3195 2584 3251 in
2613 3201 2820 3252 sancta
2851 3199 3122 3252 Romana
3145 3195 3431 3251 Ecclesia.
3460 3195 3526 3250 in
3558 3196 3672 3248 Do—

222 3281 339 3335 hoc
361 3277 662 3334 existimat
692 3292 823 3332 esse
854 3278 1203 3343 tenendum,
1258 3277 1396 3333 inde
1441 3276 1678 3334 diversa
1715 3280 1774 3334 in
1804 3280 1887 3335 di-
2000 3284 2233 3339 minicis
2266 3284 2425 3339 enim
2457 3283 2689 3350 diebus,
2710 3284 2847 3340 etin
2880 3283 3198 3356 praecipuis
3221 3281 3668 3346 festivitatibus,

221 3369 409 3423 versis
435 3367 583 3422 locis
612 3365 707 3421 vel
736 3365 1029 3430 Ecclesiis,
1091 3371 1192 3422 aut
1243 3365 1420 3422 teneri
1473 3371 1575 3422 aut
1603 3367 1886 3425 celebrari
1997 3377 2176 3444 atque
2208 3378 2551 3428 sanctorum
2582 3373 2883 3440 natalitiis,
2915 3375 3124 3429 Gloria
3155 3375 3216 3428 in
3244 3374 3492 3430 excelsis
3521 3374 3668 3437 Deo,

221 3452 520 3510 videntur.
553 3451 676 3509 Hac
708 3453 783 3509 de
811 3469 875 3509 re
919 3453 985 3510 ﬁt
1025 3453 1378 3510 scandalum
1428 3456 1689 3528 populis,
1739 3457 1885 3512 dum
1997 3466 2053 3517 et
2075 3463 2213 3516 Pax
2245 3462 2403 3517 vobis
2433 3461 2916 3533 pronuntiamus.
2956 3461 3017 3516 1n
3051 3461 3266 3515 diebus
3316 3476 3457 3515 vero
3513 3461 3665 3524 Qua-

221 3543 418 3598 multa
472 3543 533 3597 in
587 3546 784 3598 vestra
831 3543 1139 3612 provincia
1169 3549 1376 3599 contra
1406 3559 1666 3600 canones
1700 3545 1884 3601 eccle-
1995 3548 2372 3615 dragesimae,
2422 3553 2477 3603 et
2527 3547 2587 3602 in
2649 3549 2916 3612 Quatuor
2956 3547 3372 3619 Temporibus,
3425 3547 3548 3602 sive
3600 3545 3664 3600 in

222 3633 496 3689 siasticos
527 3630 888 3703 decretaque
911 3632 1212 3702 majorum
1244 3648 1540 3704 usurpare
1563 3633 1836 3690 videntur
1869 3653 1880 3689 :
1999 3635 2213 3705 Vigiliis
2243 3639 2606 3700 sanctorum,
2641 3639 2699 3690 et
2726 3635 2785 3689 in
2841 3635 3082 3706 reliquis
3127 3634 3499 3704 jejuniorum
3538 3633 3663 3688 die-

220 3732 358 3794 qum
387 3718 636 3794 Quidam
662 3724 915 3795 possent
936 3720 1106 3776 facile
1137 3721 1410 3784 resecari,
1455 3722 1501 3776 si
1533 3723 1797 3795 episcopi
1825 3724 1884 3779 in
1992 3727 2130 3784 bus.
2163 3726 2450 3779 Dominus
2481 3725 2776 3779 vobiscum
2809 3724 3232 3779 tantummodo
3263 3723 3541 3779 dicimus.

221 3811 314 3866 his
345 3827 465 3866 non
497 3810 837 3865 viderentur
867 3815 1159 3876 auctores,
1217 3811 1319 3882 qui
1375 3812 1758 3867 saecularibus
1800 3813 1882 3867 in—
2067 3818 2198 3869 Post
2227 3814 2350 3868 haec
2381 3812 2677 3868 consuluit
2705 3814 2751 3867 si
2795 3812 3101 3867 Dominica
3128 3812 3316 3867 oratio
3370 3812 3428 3866 in
3479 3811 3660 3866 bene-

222 3901 386 3971 tenti,
438 3901 778 3956 humanum
829 3899 1093 3955 favorem
1147 3905 1476 3972 captantes,
1537 3901 1882 3970 religionem
1994 3902 2250 3958 dictione
2309 3901 2580 3957 ciborum
2631 3901 2850 3956 debeat
2903 3900 3126 3966 usitari,
3179 3900 3345 3972 quod
3378 3900 3506 3956 ﬁeri
3536 3914 3660 3954 non

221 3989 466 4054 violant,
497 3987 858 4060 ordinesque
891 3994 1300 4060 corrumpunt.
1338 3992 1451 4044 Nos
1480 3990 1774 4062 siquidem
1801 3991 1883 4046 di-
1993 3994 2246 4062 oportet,
2289 3990 2432 4061 quia
2476 3989 2536 4044 in
2588 3989 3060 4044 sanctiﬁcatione
3119 3987 3388 4060 corporis
3427 3992 3484 4043 et
3525 4002 3661 4042 san-

222 4077 377 4132 vinis
431 4077 743 4149 praseeptis
793 4080 848 4132 et
892 4076 1237 4149 apostolicis
1274 4078 1592 4134 incitamur
1622 4080 1880 4146 monitis,
1995 4079 2192 4149 guinis
2224 4079 2454 4133 Domini
2505 4077 2695 4132 nostri
2736 4081 2872 4132 Jesu
2931 4077 3142 4133 Christi
3208 4078 3366 4132 hanc
3434 4075 3661 4131 solum-

219 4171 289 4221 ut
313 4181 424 4238 pro
457 4165 729 4220 omnium
761 4165 1155 4222 Ecclesiarum
1186 4170 1362 4227 statu.
1395 4167 1651 4239 impigro
1686 4169 1884 4237 vigile-
1994 4169 2178 4223 modo
2226 4167 2560 4222 orationem
2603 4166 2790 4221 sancti
2851 4165 3108 4237 apostoli
3152 4165 3577 4234 decantabant,
3604 4168 3662 4220 et

220 4270 362 4310 mus
393 4251 630 4310 affectu.
663 4253 886 4310 Idcirco
919 4255 1266 4313 fraternitati
1316 4262 1519 4312 vestrae
1577 4247 1927 4327 cognitum'
1993 4256 2053 4311 in
2111 4255 2430 4324 Evangelio
2489 4253 2702 4321 legitur
2754 4254 2896 4326 quia
2969 4260 3103 4325 post
3177 4269 3414 4308 ctenam
3471 4270 3506 4308 a
3557 4255 3663 4307 Do-

220 4341 498 4410 facimus,
532 4343 697 4415 quod
726 4344 1022 4401 Gerardus
1051 4351 1266 4402 sanctae
1316 4346 1725 4403 Lauriacensis
1780 4351 1882 4403 Ec-
1920 4393 1962 4446 D
1994 4346 2159 4401 mino
2213 4343 2432 4400 factam
2490 4343 2721 4415 hymno
2779 4343 2936 4399 dicto
2981 4343 3251 4398 exierunt
3298 4343 3356 4396 in
3393 4347 3657 4397 montem

217 4431 408 4487 clesitc
438 4430 946 4505 archiepiscopus,
981 4449 1164 4488 causa
1212 4435 1495 4489 orationis
1542 4435 1619 4490 ad
1677 4435 1886 4492 limina
1920 4430 1961 4446 "
1996 4435 2318 4491 Olivarum.

219 4521 465 4576 veniens
493 4521 926 4593 apostolorum,
981 4525 1243 4577 nostram
1304 4523 1694 4594 apostolicam
1733 4541 1883 4596 prae-
2067 4527 2198 4578 Post
2230 4523 2355 4577 haec
2383 4520 2770 4589 interrogavit
2787 4519 2860 4574 de
2887 4535 2958 4574 eo
2991 4519 3094 4590 qui
3113 4522 3368 4573 matrem
3394 4521 3450 4571 et
3471 4514 3656 4570 ﬁliam

219 4609 473 4665 sentiam
516 4608 776 4674 visitare,
819 4611 875 4662 et
921 4607 1352 4665 benedictionis
1411 4613 1658 4679 gratiam
1711 4630 1745 4669 a
1785 4631 1888 4668 no-
1998 4611 2334 4684 spirituales
2365 4611 2423 4666 in
2469 4608 2750 4680 conjugio
2780 4607 2964 4673 ducit,
2998 4606 3164 4678 quod
3190 4621 3265 4661 ne
3319 4605 3443 4673 ﬁat,
3504 4602 3657 4658 sacri

220 4699 314 4754 bis
347 4697 651 4772 percipere
684 4695 927 4752 sollicite
959 4697 1203 4767 studuit,
1262 4699 1449 4755 multa
1507 4717 1643 4771 qua:
1694 4719 1886 4773 repre-
1995 4717 2257 4756 canones
2286 4716 2392 4771 per
2420 4698 2625 4753 omnia
2648 4701 2866 4751 vetant.
2905 4699 2966 4750 In
2999 4694 3334 4750 canonibus
3363 4689 3656 4747 Zachariae

221 4787 512 4842 hensione
553 4784 739 4855 digna
778 4788 918 4838 sunt
966 4786 1184 4840 nostris
1232 4787 1476 4840 auribus
1532 4788 1884 4859 lacrymosis
1995 4790 2076 4846 ita
2122 4789 2376 4845 habetur
2430 4806 2442 4842 :
2498 4789 2566 4842 Ut
2613 4784 2981 4857 presbytera,
3023 4783 3300 4851 diacona,
3333 4781 3653 4847 monacha,

223 4875 474 4930 vocibus
505 4872 822 4941 intimavit,
858 4876 978 4927 tota
1008 4874 1204 4929 cordis
1234 4875 1556 4930 intentione
1599 4892 1632 4930 a
1677 4883 1886 4934 nostra
1994 4879 2084 4933 vel
2111 4878 2288 4932 etiam
2319 4874 2605 4947 spirituali
2632 4877 2979 4934 commatre,
3039 4875 3143 4926 aut
3191 4868 3481 4942 spirituali
3533 4868 3657 4924 ﬁlia

221 4963 552 5036 apostolica
581 4962 928 5018 auctoritate
960 4961 1034 5016 de
1067 4962 1158 5018 his
1183 4979 1318 5036 quae
1349 4969 1557 5020 contra
1581 4982 1884 5023 canonum
1996 4966 2194 5020 nullus
2227 4971 2442 5020 utatur.
2477 4967 2624 5018 Nam
2654 4962 2756 5034 qui
2787 4959 3135 5032 hujusmodi
3167 4976 3320 5031 opus
3359 4963 3656 5029 perpetra-

220 5053 490 5122 regulam
522 5056 578 5108 et
606 5052 844 5108 decreta
892 5051 1194 5121 majorum
1247 5052 1305 5107 in
1355 5054 1562 5108 vestris
1602 5061 1886 5123 geruntur
1995 5055 2094 5122 vit,
2125 5055 2269 5108 sciat
2323 5069 2382 5107 se
2433 5051 2834 5107 anathematis
2891 5048 3126 5104 vinculo
3185 5048 3558 5113 innodatum,
3601 5051 3658 5102 et

223 5140 550 5214 provinciis
583 5155 858 5212 quaerens
891 5138 1230 5194 concilium.
1291 5141 1455 5196 Scitis
1507 5143 1663 5198 enim
1719 5146 1882 5216 quod
1997 5144 2095 5198 Dei
2120 5143 2348 5212 judicio
2379 5141 2872 5206 condemnatum,
2913 5143 3092 5208 atque
3131 5153 3166 5191 a
3197 5152 3366 5192 sacro
3406 5151 3655 5207 corpore

226 5228 304 5284 ab
337 5229 468 5302 ipso
501 5228 749 5284 domino
769 5229 946 5284 beato
979 5229 1150 5283 Petro
1188 5228 1443 5302 principi
1475 5231 1883 5301 apostolorum
1995 5238 2050 5287 et
2077 5230 2368 5300 sanguine
2399 5227 2636 5284 Domini
2684 5225 2870 5280 nostri
2915 5229 3055 5280 Jesu
3086 5225 3296 5280 Christi
3346 5224 3607 5280 alienum
3639 5243 3652 5291 ;

225 5320 298 5389 (ej
312 5335 503 5390 usque
531 5318 786 5388 vicariis)
819 5318 1092 5374 omnium
1139 5317 1532 5374 Ecclesiarum
1555 5337 1698 5376 cura
1728 5338 1885 5376 com-
1994 5327 2051 5376 et
2077 5322 2422 5392 quicunque
2456 5317 2838 5374 sacerdotum
2870 5315 3000 5385 ejus
3031 5315 3479 5370 communicare
3509 5329 3657 5387 pra:-

227 5408 410 5463 missa
442 5412 548 5476 est,
583 5407 848 5462 Veritatis
877 5423 1022 5463 voce
1054 5407 1286 5463 dicente
1323 5426 1334 5462 :
1387 5409 1470 5462 Tu
1503 5425 1559 5462 es
1589 5410 1804 5465 Petrus
1829 5418 1884 5466 et
1995 5408 2332 5480 sumpserit,
2366 5423 2574 5460 eorum
2591 5403 2819 5474 judicio
2851 5403 3310 5468 condemnatus,
3341 5401 3654 5458 sacerdotii

223 5511 405 5564 super
453 5495 610 5550 hanc
660 5500 891 5564 petram
951 5497 1254 5564 wdiﬁcabo
1306 5497 1632 5552 Ecclesiam
1695 5514 1882 5554 meam
1996 5498 2086 5552 sui
2115 5499 2341 5552 honore
2369 5496 2652 5567 privetur.

226 5584 468 5655 (Matth.
495 5583 656 5654 xxvr)
683 5602 695 5650 ;
745 5582 839 5638 cui
883 5582 1060 5638 etiam
1105 5585 1381 5656 proprias
1413 5601 1555 5641 oves
1584 5603 1885 5642 commen-
2067 5585 2287 5640 Dehinc
2317 5583 2508 5639 intulit
2543 5580 2923 5638 lamentabile
2946 5586 3003 5636 et
3028 5577 3653 5647 nimislugendum,ut

224 5672 414 5739 davit,
466 5671 672 5728 dicens
718 5690 730 5727 :
791 5671 858 5726 Si
908 5672 1111 5741 diligis
1166 5689 1273 5741 me,
1321 5690 1504 5743 pasce
1558 5691 1689 5732 oves
1727 5692 1885 5733 meas
1999 5675 2232 5731 Domini
2256 5674 2594 5730 sacerdotes
2623 5671 2860 5744 publice
2891 5671 3116 5727 ducant
3145 5683 3379 5732 uxores,
3411 5664 3517 5720 etsi
3545 5663 3649 5720 ﬁlii
