4014 6198
266 206 491 295 41087

1684 201 2029 259 STEPHANI
2068 204 2263 259 ΡΑΡιΕ
2302 203 2449 258 VIII.

3660 204 3800 261 ια

356 346 564 388 eorum
588 327 826 384 valeant
852 327 1209 399 promoveri.
1240 327 1416 392 Quod
1466 326 1682 397 scelus,
1713 325 1857 398 quia
1882 342 2014 381 om-
2045 328 2093 380 Α
2120 327 2380 393 brinam,
2414 345 2754 396 novercam,
2787 333 3053 401 neptem,
3103 327 3299 384 fratris
3356 343 3631 396 uxorem,
3680 343 3792 383 nu-

353 420 450 476 nis
482 432 655 473 sacra
690 416 989 487 Scriptura
1021 415 1391 484 contradicit,
1438 416 1583 488 quia
1636 419 1913 471 sanctum
1959 420 2015 470 et

354 506 767 565 venerandum
793 504 1097 560 Niceenum
1130 505 1452 561 concilium
1498 509 1653 561 vetat
1701 521 1775 560 ne
1823 520 2015 578 sacer-

354 598 525 653 dotes
582 610 719 649 cum
775 592 1011 649 feminis
1065 593 1335 651 habitare
1374 597 1763 668 pmsumant,
1820 593 2013 649 multo

356 687 548 753 magis
576 697 652 737 ne
679 680 951 754 copulari
981 681 1076 737 vel
1106 682 1314 739 sociari
1344 682 1697 738 mulieribus
1730 682 2009 747 debeant,

348 775 521 845 juxta
550 787 751 827 sacros
783 786 1046 827 canones
1076 772 1273 827 modis
1298 772 1583 828 omnibus
1598 771 2009 844 prohibemus.

354 862 418 916 In
470 858 934 915 Neocaesariensi
981 875 1247 932 namque
1303 859 1554 917 concilio
1624 864 1706 916 ita
1761 859 2016 916 habetur

357 950 531 1021 (Can.
560 949 603 1018 1)
631 966 644 1003 :
681 970 709 994 ‹‹
742 948 1073 1020 Presbyter,
1109 950 1159 1004 si
1186 965 1435 1005 uxorem
1474 949 1786 1022 acceperit,
1815 948 1894 1005 ab
1925 964 2015 1004 or-

353 1038 492 1094 dine
521 1039 880 1110 deponatur.
912 1041 976 1092 Et
997 1038 1103 1110 qui
1131 1038 1190 1093 in
1222 1039 1319 1094 tali
1353 1038 1570 1095 scelere
1586 1038 1803 1094 fuerint
1822 1054 2019 1109 reper-

355 1127 419 1195 ti,
451 1132 660 1182 nostra
690 1125 1023 1197 apostolica
1054 1127 1404 1183 auctoritate
1454 1127 1532 1183 ab
1580 1126 1747 1182 omni
1785 1126 2020 1198 priven-

355 1219 448 1271 tur
471 1215 718 1270 honore.
752 1238 778 1264 ››
823 1214 940 1270 Filii
970 1230 1109 1271 vero
1136 1232 1347 1271 eorum
1373 1215 1674 1271 immunes
1698 1214 1775 1271 ab
1805 1230 2015 1270 eorum

353 1307 605 1375 peccato
636 1307 796 1369 sunt,
829 1302 1062 1359 dicente
1093 1304 1386 1375 propheta
1411 1322 1423 1358 :
1452 1305 1644 1359 Filius
1671 1319 1789 1358 non
1810 1310 2015 1372 porta-

356 1392 437 1447 bit
490 1392 867 1462 iniquitatem
922 1393 1116 1461 patris
1164 1393 1401 1460 (Επειδὴ.
1435 1393 1616 1463 xvm),
1662 1397 1719 1447 et
1752 1393 1812 1447 in
1844 1407 2015 1445 sacro

351 1480 713 1552 baptismate
738 1480 944 1537 omnia
967 1480 1345 1537 dimittuntur
1372 1484 1641 1553 peccata.

425 1570 645 1625 Dehinc
670 1569 1018 1641 perquisivit
1046 1571 1093 1627 si
1118 1586 1156 1626 a
1172 1571 1605 1642 chorepiscopo
1630 1569 1893 1625 ecclesiae
1917 1569 2018 1625 de-

2121 431 2276 482 rum,
2310 416 2403 472 vel
2431 418 2611 473 etiam
2642 416 2717 472 de
2747 416 2993 490 propria
3018 415 3400 485 cognatione,
3449 420 3554 471 aut
3592 431 3785 487 quam

2122 510 2414 573 cognatus
2444 506 2673 574 habuit,
2727 506 2935 562 nullus
2988 506 3273 577 eonjugio
3309 510 3642 578 praesumat
3670 505 3789 561 sibi

2122 593 2422 666 copulare.
2455 596 2509 651 Si
2540 596 2675 668 quis
2704 611 2847 651 vero
2891 596 3005 651 hoc
3052 594 3281 650 nefario
3328 594 3615 665 coniugio
3644 609 3793 650 com

2122 682 2363 752 venerit,
2394 688 2451 739 et
2479 684 2539 739 in
2568 699 2640 740 eo
2668 683 3090 755 permanserit,
3134 682 3289 738 sciat
3327 698 3392 738 se
3428 682 3787 738 auctoritate

2122 770 2449 842 apostolica
2461 771 2862 827 anathematis
2875 770 3113 827 vinculo
3126 770 3571 840 innodatum,et
3583 769 3788 825 nullus

2124 859 2408 915 sacerdos
2438 860 2491 916 ei
2514 861 2733 916 tribuat
2756 860 3277 927 communionem;
3301 864 3365 915 et
3385 859 3435 914 si
3462 858 3790 915 inclinatus

2123 946 2465 1018 divisusque
2517 947 2692 1003 fuerit
2739 946 2819 1002 ab
2872 946 3073 1002 illicita
3128 946 3368 1019 copula,
3419 945 3785 1018 pauitantia

2124 1035 2526 1105 submittatur,
2560 1041 2626 1092 ut
2652 1035 2933 1091 sacerdos
2961 1034 3071 1090 loci
3103 1034 3525 1090 consideravit.

2199 1125 2275 1178 De
2305 1122 2706 1180 vastatoribus
2738 1127 2939 1179 autem
2965 1122 3355 1178 ecclesiarum
3400 1121 3563 1177 unde
3592 1121 3789 1193 inqui-

2126 1212 2277 1279 sivit,
2352 1211 2493 1268 nihil
2553 1211 2718 1267 aliud
2774 1211 3115 1278 scribimus,
3175 1211 3292 1266 nisi
3338 1209 3508 1282 quod
3568 1209 3788 1266 Paulus

2127 1299 2436 1371 apostolus
2464 1299 2544 1355 ad
2586 1300 2967 1356 Timotheum
3019 1298 3285 1355 scribens
3302 1299 3420 1354 ait:
3453 1300 3791 1369 Argue,in-

2128 1404 2305 1458 crepa
2332 1390 2574 1446 obsecra
2598 1404 2740 1444 cum
2769 1390 2934 1444 omni
2954 1388 3206 1459 imperio
3239 1388 3327 1457 (II
3354 1388 3504 1443 Tim.
3538 1388 3639 1455 iv}.

2198 1478 2296 1532 His
2328 1493 2470 1533 vero
2500 1477 2782 1533 omnibus
2829 1476 3172 1548 pmlibatis,
3217 1475 3649 1532 fraternitatem
3696 1491 3790 1531 ve-

2130 1571 2316 1621 stram
2362 1582 2703 1623 monemus.
2759 1582 2867 1638 per
2908 1565 3065 1621 hanc
3093 1569 3363 1621 nostram
3387 1564 3787 1637 apostolicam

351 1658 535 1712 beant
562 1657 917 1723 consecrari,
951 1662 1053 1714 aut
1073 1657 1403 1730 presbyteri
1435 1657 1718 1721 ordinari,
1749 1656 1843 1713 vel
1870 1672 2011 1712 con-
2043 1688 2087 1739 Β
2121 1654 2476 1726 jussionem,
2510 1659 2575 1708 ut
2598 1654 2734 1708 huic
2762 1653 3024 1709 Gerardo
3052 1652 3524 1725 archiepiscopo,
3559 1653 3655 1708 cui
3699 1653 3784 1708 vi-

353 1744 608 1814 signatio
638 1745 972 1803 chrismatis
1031 1751 1089 1803 et
1134 1763 1352 1804 manus
1382 1746 1681 1818 impositio
1710 1746 2012 1811 ﬁeri.Quae
2125 1759 2255 1798 cem
2305 1747 2571 1799 nostram
2628 1742 2690 1797 in
2733 1742 2961 1799 cunctis
2988 1740 3211 1797 ﬁnibus
3247 1741 3456 1797 vestris
3485 1742 3786 1798 commisi-

354 1834 559 1889 omnia
583 1849 619 1889 a
649 1835 1091 1906 chorepiscopis
1116 1851 1191 1891 ne
1231 1836 1378 1892 ﬁant
1414 1835 1823 1892 interdicimus
1840 1836 2013 1906 juxta

354 1937 659 1978 canonum
686 1920 943 1978 decreta.
976 1927 1038 1978 In
1067 1922 1319 1979 concilio
1367 1923 1757 1989 Antiocheno,
1815 1924 2010 1995 capite

352 2008 608 2073 decimo,
640 2009 722 2065 sic
753 2008 1009 2065 habetur
1038 2027 1051 2065 :
1083 2033 1110 2063 α
1140 2011 1249 2076 Qui
1277 2011 1340 2066 in
1368 2010 1508 2066 vicis
1535 2016 1591 2067 et
1616 2010 2007 2082 possessioni-

350 2096 469 2151 bus
511 2095 927 2168 chorepiscopi
982 2098 1391 2167 nominantur,
1450 2099 1731 2170 quamvis
1788 2112 2007 2158 manus

350 2184 793 2257 impositionem
844 2185 1265 2257 episcoporum
1330 2187 1718 2258 perceperint,
1802 2191 2005 2245 tamen

352 2277 571 2329 sanctas
599 2273 837 2345 synodo
867 2274 1089 2344 placuit
1125 2280 1190 2332 ut
1214 2276 1465 2332 modum
1495 2275 1807 2347 proprium
1838 2292 2004 2331 reco-

354 2367 662 2433 gnoscant,
713 2366 771 2418 et
823 2363 1157 2431 gubernant
1204 2364 1504 2434 subjectae
1553 2364 1665 2423 sibi
1702 2350 2001 2427 ecclesias,

351 2449 627 2506 ordinent
678 2449 856 2509 etiam
912 2450 1160 2509 lectores
1218 2457 1274 2508 et
1339 2451 1746 2513 subdiaconos
1825 2457 2005 2523 atque

351 2538 673 2594 exorcistas
729 2554 743 2595 :
793 2538 1015 2610 quibus
1063 2540 1471 2611 promotiones
1517 2541 1643 2599 istas
1683 2539 2001 2608 sufﬁciant,

348 2642 459 2682 nec
487 2626 926 2699 presbyterum,
956 2644 1067 2685 nec
1090 2628 1415 2693 diaconum
1463 2628 1729 2691 audeant
1768 2629 2007 2684 ordina-

308 2702 317 2709 ’
349 2728 431 2768 re.
468 2713 523 2769 Si
552 2714 688 2786 quis
719 2720 920 2775 natam
942 2717 1271 2785 transgredi
1304 2722 1523 2775 statuta
1552 2717 1878 2783 tentaverit,
1905 2718 2007 2771 de-

348 2802 600 2873 positus,
632 2818 755 2876 quo
787 2803 1062 2859 utebatur
1089 2805 1315 2861 honore
1348 2807 1629 2878 privetur.
1675 2829 1701 2857 ››

421 2891 763 2963 Perquisivit
788 2893 966 2950 etiam
996 2893 1043 2951 si
1075 2894 1164 2950 vir
1193 2898 1250 2951 et
1278 2895 1490 2951 mulier
1514 2895 1682 2951 tertio
1710 2895 1804 2951 vel
1832 2912 2009 2967 quar-

348 2982 410 3035 to
443 2980 634 3049 gradu
667 2984 1201 3053 consanguinitatis
1232 2986 1632 3054 conjuncti,et
1659 2985 1847 3052 inscii,
1874 3001 2011 3041 con-

343 3068 512 3139 jugio
543 3070 922 3142 copulantur,
954 3078 1165 3145 postea
1198 3074 1293 3129 Dei
1324 3079 1595 3146 respectu
1641 3075 2006 3147 compuncti,

350 3158 674 3219 ostendunt
704 3177 767 3217 se
794 3162 1087 3219 sacerdoti
1118 3169 1338 3220 secrete
1370 3164 1718 3221 conﬁtentes
1764 3170 2009 3235 peccata

350 3263 483 3317 sua,
506 3253 707 3306 utrum
730 3250 971 3309 valeant
1016 3251 1536 3322 eleemosynarum
1586 3252 1898 3321 largitione
1937 3270 2007 3309 ac

348 3335 649 3395 bonorum
679 3352 927 3409 operum
961 3338 1322 3397 exhibitione
1353 3340 1616 3411 purgari.
1679 3342 1757 3396 De
1788 3340 2005 3397 talibus

348 3424 507 3481 enim
538 3426 809 3497 personis
838 3426 897 3482 in
929 3427 1113 3482 Veteri
1140 3431 1196 3483 et
1226 3430 1389 3485 Novo
1418 3430 1795 3486 Testamento
1817 3428 2007 3485 multa

346 3514 725 3587 reperiuntur
752 3515 1046 3589 exempla,
1080 3516 1342 3573 maxime
1365 3517 1427 3572 in
1457 3516 1723 3577 conciliis
1745 3518 2004 3587 Gregorii

347 3605 404 3657 et
431 3603 744 3671 Zachariae,
777 3604 837 3663 in
866 3604 1089 3677 quibus
1116 3605 1243 3662 haec
1273 3605 1671 3676 continentur,
1704 3610 1768 3663 ut
1797 3621 2007 3662 conso-

2123 1848 2279 1900 mus,
2311 1832 2370 1886 in
2402 1830 2685 1886 omnibus
2713 1846 2848 1902 quae
2880 1830 2953 1886 ad
2995 1829 3463 1885 ecclesiasticum
3510 1830 3785 1886 ordinem

2122 1921 2437 1993 pertinent,
2466 1920 2811 1975 obedientes
2851 1924 2905 1974 et
2936 1918 3242 1990 adjutores
3286 1918 3433 1981 sitis,
3484 1923 3784 1990 quatenus

2118 2011 2180 2067 in
2212 2025 2333 2065 una
2364 2008 2685 2065 concordia
2714 2007 3118 2080 persistentes,
3139 2011 3202 2063 ut
3222 2006 3622 2064 ecclesiastica
3646 2009 3783 2079 jura

2118 2104 2173 2154 et
2203 2096 2646 2153 Christianitatis
2695 2095 2903 2166 religio
2955 2096 3017 2152 in
3042 2095 3251 2151 vestris
3298 2096 3601 2169 partibus,
3646 2114 3781 2169 quae

2116 2202 2498 2260 paganorum
2525 2186 2864 2244 incursione
2893 2190 2952 2241 et
2982 2185 3283 2242 malorum
3312 2185 3780 2242 Christianorum

2115 2275 2530 2349 persecutione
2560 2279 2841 2346 corrupta
2860 2278 2919 2331 et
2946 2273 3281 2346 depravata
3307 2289 3440 2329 esse
3484 2273 3777 2343 videntur,

2121 2365 2371 2422 Domino
2423 2364 2746 2434 largiente,
2806 2368 2862 2421 et
2910 2363 3089 2420 beato
3146 2366 3315 2419 Petro
3367 2362 3778 2434 apostolorum

2113 2454 2381 2527 principe
2414 2458 2794 2525 cooperante,
2827 2469 2896 2508 ac
2929 2451 3297 2509 rectitudinis
3350 2467 3634 2508 normam
3686 2469 3779 2527 va-_

2113 2524 2271 2599 leant
2314 2524 2652 2609 reformari,
2698 2545 2755 2597 et
2807 2557 2913 2597 vos
2952 2541 3015 2596 in
3045 2540 3245 2597 futuro
3283 2539 3561 2596 examine
3592 2524 3781 2596 saceri

2114 2630 2353 2704 possitis
2402 2630 2607 2686 audire
2662 2646 2870 2686 vocem
2933 2630 3190 2700 Domini,
3244 2629 3497 2686 dicentis
3542 2629 3774 2698 :Eugc,

2116 2735 2281 2775 serve
2307 2719 2453 2775 bone
2482 2725 2532 2774 et
2564 2719 2779 2787 ﬁdelis,
2813 2720 2957 2789 quia
2986 2734 3167 2787 super
3211 2732 3410 2787 pauca
3435 2718 3619 2787 fuisti
3643 2718 3778 2785 {ide-

2120 2811 2211 2873 ια,
2244 2824 2424 2877 super
2451 2809 2645 2863 multa
2677 2814 2731 2864 te
2760 2810 3116 2865 constituam
3147 2825 3160 2863 :
3188 2810 3357 2864 intra
3394 2810 3458 2865 in
3489 2807 3777 2878 gaudium

2116 2900 2359 2953 Domini
2388 2899 2477 2952 tui
2501 2899 2742 2966 (Matth.
2774 2900 2933 2967 xxv).

2188 2988 2399 3041 Praeter
2443 2987 2570 3041 haec
2618 2986 2918 3041 Eberardo
2955 2986 3093 3042 duci
3144 2985 3532 3042 Bavariorum
3573 2992 3778 3043 nostra

2119 3075 2469 3131 auctoritate
2499 3075 2873 3146 injungimus
2902 3080 2968 3131 ut
2996 3075 3245 3147 praefato
3291 3074 3553 3133 Gerardo
3586 3075 3777 3133 archi~

2117 3164 2401 3237 episcopo
2428 3164 2487 3220 in
2514 3164 2798 3221 omnibus
2826 3164 3115 3221 auxilium
3145 3167 3404 3236 prmstet,
3437 3167 3501 3220 ut
3523 3181 3656 3223 sum.
3686 3167 3781 3220 Ec-

2117 3253 2311 3307 clesiae
2340 3258 2527 3309 status
2560 3257 2618 3307 et
2648 3252 2938 3309 rectitudo
2965 3269 3035 3311 ac
3065 3253 3345 3326 proprius
3373 3253 3548 3322 vigor
3592 3253 3674 3311 ad
3698 3253 3780 3308 in-

2116 3347 2350 3409 tegrum
2377 3342 2612 3399 culmen
2644 3346 2701 3397 et
2728 3342 2993 3413 priscum
3025 3343 3306 3399 decorem
3331 3358 3441 3398 suo
3467 3343 3779 3413 juvamine

2115 3431 2311 3486 valeat
2341 3430 2666 3503 pervenire,
2698 3430 2745 3485 si
2780 3430 2877 3487 Dei
2902 3430 3293 3501 indulgentia,
3325 3434 3382 3487 et
3407 3432 3600 3487 sancti
3634 3434 3777 3488 Petri

2116 3519 2315 3582 etiam,
2374 3534 2622 3575 suorum
2665 3518 3016 3577 delictorum
3057 3534 3095 3576 a
3141 3519 3318 3575 nobis
3347 3518 3476 3576 vult
3505 3520 3777 3593 accipere

2116 3606 2555 3663 remissionem.

353 3814 3765 3850 Μ

1624 3996 1803 4039 ANNO
1847 3996 2085 4039 DOMINI
2129 3996 2467 4038 DCCCCXLII
2478 4025 2490 4038 .

462 4194 1769 4381 STEPHANUS
1886 4196 2447 4383 PAPA
2544 4195 2989 4421 V111,
3081 4248 3272 4387 αι.
3375 4197 3653 4380 IX.

1482 4691 1918 4781 NOTITIA
1997 4689 2622 4780 HISTORICA.

933 4923 1115 4993 (Apud
1157 4923 1555 4992 Cocquelines,
1596 4925 1916 4987 Bullarum,
1958 4923 2231 4994 Privileg.
2274 4925 2442 4983 Rom.
2481 4931 2639 4996 pont.
2683 4926 2860 4999 ampl.
2904 4927 3172 4998 Collect.)

414 5253 747 5337 stephanus
777 5263 1045 5337 octavus,
1080 5258 1210 5337 aliis
1240 5274 1457 5337 nonus,
1490 5275 1673 5337 quem
1703 5260 1944 5337 natione
1972 5263 2334 5337 Germanum
2366 5259 2549 5337 fuisse
2572 5259 2848 5337 plurique
2878 5276 3089 5337 omnes
3119 5261 3428 5337 scribunt,_
3459 5264 3643 5322 Leoni
3671 5266 3769 5321 V‘II

340 5325 537 5405 statim
580 5325 1343 5405 subrogatus,”Ordinatur
1394 5325 1596 5405 mense
1640 5332 1791 5387 Julio
1845 5348 2007 5387 anno
2037 5336 2139 5387 939
2171 5333 2431 5405 (exstant
2458 5325 2618 5387 enim
2647 5331 2705 5386 in
2746 5325 3253 5405 quartoVignolii
3276 5325 3553 5405 catologo
3592 5337 3768 5391 haec:

338 5398 540 5481 H‘ujus
569 5402 848 5481 tempore,
876 5402 1101 5456 scilicet
1127 5404 1635 5481 cenabo-inicias
1664 5404 2257 5481 incarnationisﬁqg,
2283 5402 2663 5481 _obscuratus
2697 5398 2912 5481 (εεξηεοιΔ
2931 5403 3008 5458 ab
3060 5398 3211 5461 liora
3256 5398 3523 5463 secunda
3576 5423 3771 5481 usque

338 5468 416 5548 ad
446 5469 660 5548 horam
686 5469 920 5548 tertiam
942 5486 1146 5548 mense
1175 5473 1336 5548 Ju11_i,_
1349 5473 1451 5548 die
1476 5476 1557 5548 li),
1591 5474 1911 5548 indictione
1934 5476 2056 5548 x11).
2093 5468 2254 5548 Sedit
2280 5474 2481 5546 itaque
2499 5474 2573 5548 in
2610 5474 2961 5548 pontificatu
3009 5491 3203 5533 annos
3266 5492 3342 5541 ιιι.
3401 5493 3641 5534 menses
3670 5468 3766 5547 ἰν,

337 5539 466 5623 dies
494 5557 593 5623 xv:
625 5541 819 5622 Quare
847 5542 1215 5623 Stephanum
1235 5545 1471 5623 _obiisse
1489 5545 1815 5623 dicendum
1842 5550 1931 5623 est
1953 5539 2047 5603 die
2075 5550 2108 5601 2
2138 5545 2235 5603 vel
2260 5551 2290 5602 3
2321 5539 2544 5604 mensis
2574 5539 2935 5619 Decembris,
2978 5563 3141 5605 anno
3186 5551 3312 5605 942.
3359 5550 3592 5622 Corpus
3637 5539 3771 5623 ejus

338 5610 403 5669 in
420 5610 675 5671 basilica
701 5610 988 5693 principis
1017 5614 1428 5695 apostolorum
1458 5617 1821 5676 tumulatum
1848 5621 1955 5676 est.
