3998 6198
1502 128 1871 199 spxsrow
1909 132 1995 199 ET
2031 114 2455 197 PRIVILEGIA.

3577 157 3717 234 “N0

260 257 3709 302 *Α*

1010 441 1915 563 STEPHANI

2079 443 2522 561 ’APE
2610 452 2963 569 VIII

489 739 1619 877 EPISTOLXE
1728 748 1967 872 ET
2086 748 3487 889 PRIVILEGIA.

264 1356 531 1403 STEPHANI
563 1355 662 1395 νιιι
691 1353 1047 1395 PRIVILEGIUM
1094 1352 1199 1399 PRO
1248 1351 1603 1401 MONASTENO.
1642 1351 1922 1395 TOLLENSI.

909 1428 1102 1497 (Anno
1135 1426 1280 1494 939).

265 1519 697 1581 Monasterium
741 1517 1010 1582 Tellenae
1054 1516 1120 1570 in
1150 1514 1388 1577 diwcesi
1424 1514 1788 1575 Placentina
1819 1512 1927 1577 sub

332 1607 701 1679 proiectione
728 1606 881 1667 sedis
907 1604 1251 1673 apostolicw
1282 1604 1574 1672 recipitur
1598 1608 1653 1661 et
1682 1602 1795 1667 δοζὶ
1823 1602 1926 1663 ab-

342 1698 468 1755 bati
490 1697 822 1766 subjectum
849 1694 1091 1757 omnino
1118 1692 1492 1753 declaratur.

267 1784 703 1857 [Cocquelines,
730 1784 975 1849 Butler,
1005 1787 1171 1851 pom.
1206 1782 1375 1838 Rom.
1409 1781 1594 1849 ampl.
1631 1781 1924 1852 ‹.ὀιιεει.].

341 1876 664 1931 STEPHANUS
691 1871 1035 1944 episcopus,
1062 1886 1273 1927 servus
1301 1885 1611 1927 servorum
1644 1870 1765 1935 Dei,
1796 1873 1928 1931 Aiu-

269 1980 444 2023 seu'ro.
490 1961 820 2025 reverendo
866 1960 1073 2017 abbati
1128 1958 1413 2023 Tollensis
1444 1958 1725 2025 coenobii,
1763 1957 1927 2030 quod

270 2052 482 2113 beatus
533 2051 748 2111 Tobias
797 2048 1201 2109 oonstruxisse
1240 2048 1475 2107 videtur
1525 2046 1586 2107 in
1639 2048 1931 2111 honorem

274 2141 505 2203 Domini
531 2138 870 2205 Salvatoris,
896 2142 955 2204 et
986 2140 1043 2205 Β.
1086 2137 1235 2193 Petri
1261 2136 1672 2208 apostolorum
1718 2136 1924 2208 princi-

277 2230 336 2302 pi
354 2250 388 2297 -,
420 2229 623 2302 quoad
653 2244 760 2300 per
784 2226 1207 2298 te.....tuisque
1224 2225 1287 2281 in
1312 2228 1670 2297 perpetuum
1700 2240 1929 2287 succes-

273 2318 533 2385 soribus,
561 2316 816 2375 salutem
845 2321 902 2375 et
931 2314 1325 2387 apostolicam
1351 2313 1847 2377 benedictionem.

351 2406 629 2473 Quamvis
658 2405 897 2478 piorum
925 2408 1165 2469 Patrum
1196 2402 1472 2474 exemplo
1497 2402 1843 2470 doceamur,
1868 2405 1932 2457 ut

274 2495 559 2561 omnibus
589 2493 852 2553 ecclesiis
880 2509 989 2566 per
1018 2495 1209 2558 totum
1237 2491 1448 2557 orbem
1490 2495 1780 2551 terrarum
1818 2488 1929 2545 dif-

274 2584 445 2654 fusis,
478 2584 686 2651 Christi
714 2599 944 2651 amore,
972 2581 1078 2655 qui
1104 2596 1205 2645 eas
1234 2581 1419 2639 nostri
1466 2579 1645 2643 ofﬁcii
1687 2579 1932 2637 subesse
1956 2589 2000 2642 Β

250 2674 462 2737 .voluit
489 2673 837 2742 ministerio,
870 2672 1154 2744 prodesse
1184 2670 1537 2737 debeamus,
1573 2674 1773 2731 tamen
1807 2669 1936 2727 haec

272 2780 387 2829 nos
411 2764 490 2829 ad,
519 2763 1001 2828 subveniendum
1032 2761 1191 2831 cogit
1217 2759 1741 2832 necessitas,un
1772 2774 1936 2829 quae-

275 2854 422 2917 dam
447 2858 650 2915 nostra
680 2852 1045 2915 monasteria
1076 2852 1137 2917 in
1162 2851 1454 2909 honorem
1487 2849 1718 2909 Domini
1738 2847 1938 2906 Salva-

275 2942 443 3009 toris,
500 2942 594 2999 vel
642 2944 699 2999 B.
735 2940 883 3001 Petri
935 2939 1190 3012 apostoli
1215 2938 1622 3001 consistentia,
1656 2952 1940 3009 quorum-

277 3029 424 3093 dam
450 3028 810 3101 negligentia
839 3028 1180 3101 principum
1220 3027 1281 3088 in
1325 3026 1700 3086 saecularium
1748 3023 1939 3085 homi-

275 3135 428 3177 num
481 3117 819 3179 dominium
866 3118 1090 3191 injuste
1145 3115 1289 3175 olim
1341 3115 1588 3186 delapsa
1615 3119 1775 3183 sunt,
1819 3118 1940 3173 eta

277 3206 646 3280 quibusdam
701 3205 996 3278 episc0pis
1048 3209 1255 3260 contra
1304 3202 1772 3274 praecedentium
1833 3217 1938 3258 n0-

281 3300 543 3352 strorum
563 3294 891 3369 praesulum
923 3294 1183 3363 decreta,
1214 3292 1373 3365 leges
1403 3296 1459 3348 et
1481 3293 1643 3365 jura,
1665 3292 1939 3366 ipsorum

279 3380 634 3441 omnimodo
658 3383 791 3454 jure
822 3383 1063 3452 violata,
1110 3384 1495 3454 quapropter,
1544 3381 1711 3436 sicuti
1767 3380 1941 3435 nobis

279 3472 643 3545 expostules,
702 3470 965 3525 Ariberte
1012 3468 1368 3525 venerabilis
1424 3469 1606 3529 abba,
1657 3484 1764 3539 per
1828 3468 1942 3527 hoc

281 3559 623 3634 apostolicae
655 3557 1020 3615 auctoritatis
1049 3556 1426 3629 privilegium
1445 3560 1567 3613 tam
1590 3570 1772 3626 supra
1792 3570 1941 3626 prae-

278 3650 473 3713 fatum
503 3649 774 3707 Tollense
805 3646 1171 3715 coenobium,
1211 3662 1401 3721 quam
1451 3661 1662 3702 omnes
1717 3659 1811 3701 res
1864 3643 1944 3699 ad

282 3739 482 3812 ipsum
536 3737 803 3809 undique
855 3735 1236 3808 pertinentes,
1300 3737 1363 3790 ut
1403 3735 1635 3805 justum
1684 3734 1789 3801 est,
1819 3748 1943 3788 om-

286 3826 453 3882 nium
481 3826 924 3895 marchionum,
958 3822 1265 3890 comitum,
1300 3838 1407 3878 seu
1436 3821 1809 3885 saecularium
1838 3821 1944 3878 ho-

287 3916 541 3981 minum,
601 3913 1144 3987 episcoporumque
1190 3916 1480 3985 potestate
1536 3913 1786 3976 remota,
1830 3909 1944 3965 sub
1973 3934 2019 3994 σ

1956 1247 2007 1300 Α
2038 1244 2188 1305 toris
2217 1248 2274 1300 et
2300 1250 2483 1309 totius
2519 1248 2821 1321 Ecclesiae,
2858 1253 3180 1321 Dominum
3225 1257 3535 1331 deprecari
3578 1280 3713 1331 non

2038 1334 2298 1395 cessetis.
2329 1337 2385 1393 Si
2418 1357 2578 1407 vero,
2612 1340 2789 1412 quod
2819 1356 2945 1402 non
2976 1350 3277 1417 optamus,
3336 1353 3622 1411 monachi
3649 1352 3712 1413 in

2036 1426 2171 1496 ipso
2200 1430 2567 1487 monasterio
2593 1431 2925 1500 constituti,
2979 1435 3161 1507 tepidi
3208 1436 3273 1495 in
3329 1440 3433 1499 Dei
3483 1457 3708 1511 amore,

2039 1518 2144 1575 aut
2179 1517 2676 1587 praevaricatores
2728 1524 2941 1578 vestrae
2994 1524 3219 1593 regulae
3272 1528 3712 1602 conspiciantur

2038 1603 2309 1672 existere,
2369 1622 2407 1665 a
2462 1612 2514 1665 te
2563 1606 2808 1680 tuisque
2855 1612 3305 1671 successoribus
3347 1616 3711 1679 instituimus

2038 1692 2447 1764 corrigendos.
2482 1696 2542 1755 Si
2569 1701 2775 1755 autem
2804 1702 2869 1757 tu
2900 1700 3107 1772 tuique.
3134 1706 3593 1765 successoresin
3612 1707 3712 1767 ali-

2039 1782 2213 1852 cuius
2239 1782 2417 1841 malua
2440 1785 2747 1856 opinionis
2790 1786 3037 1857 piaculo.
3077 1788 3438 1861 deprehensi
3466 1792 3709 1864 fueritis,

2041 1870 2207 1944 apud
2234 1870 2443 1931 sedem
2470 1874 3026 1945 apostolicam,sub
3057 1878 3233 1948 cuius
3260 1879 3486 1939 ditione
3509 1899 3709 1943 coeno-

2039 1958 2210 2019 bium
2264 1963 2528 2019 vestrum
2583 1962 2882 2028 consistit,
2934 1963 3314 2027 decernimus
3378 1969 3710 2033 audiendos

2040 2052 2227 2120 atque,
2250 2047 2517 2117 legaliter
2554 2050 2975 2120 corrigendos.
3017 2054 3189 2118 Quod
3221 2055 3271 2113 si
3296 2056 3548 2119 fortasse
3574 2059 3707 2131 qui—

2042 2153 2260 2207 squam
2290 2138 2403 2193 hoc
2434 2141 2659 2199 nostrae
2678 2140 3057 2199 auctoritatis
3075 2149 3463 2216 praeceptum,
3480 2146 3706 2221 legum,

2042 2224 2134 2283 vel
2161 2229 2546 2297 antiquorum
2576 2230 2932 2287 nostrorum
2961 2230 3289 2302 praesulatu
3331 2234 3569 2297 decreta
3595 2236 3707 2299 mi-

2041 2328 2227 2371 nuere
2280 2312 2373 2368 vel
2424 2313 2747 2375 immutare
2805 2321 3303 2391 praesumpserit,
3356 2323 3708 2388 omnimodo

2044 2400 2352 2461 frustretur
2378 2420 2390 2467 ;
2413 2402 2681 2474 primum
2708 2404 2971 2476 quidem
2995 2408 3087 2469 sui
3115 2410 3347 2473 ordinis
3366 2414 3562 2481 gradu
3586 2415 3707 2488 pri-

2044 2494 2233 2561 vetur,
2261 2495 2439 2562 atque
2466 2493 2879 2555 anathematis
2909 2495 3131 2557 ultione
3156 2500 3461 2570 multetur,
3477 2508 3709 2576 partem

2045 2593 2184 2639 cum
2229 2579 2380 2637 Juda
2428 2579 2708 2639 traditore
2756 2581 2823 2645 in.
2850 2584 2975 2645 ﬁne
3010 2589 3257 2651 extremi
3278 2592 3575 2654 examinis,
3601 2594 3708 2655 ha-

2042 2667 2196 2735 beat,
2231 2673 2288 2725 et
2312 2684 2418 2740 per
2445 2669 2868 2735 auctoritatem
2899 2690 3088 2746 quam
3117 2680 3177 2741 Et.
3228 2682 3428 2741 Petrus
3468 2682 3529 2741 in
3559 2683 3706 2743 emlo

2045 2762 2103 2815 et
2129 2758 2189 2814 in
2215 2761 2370 2819 terra
2411 2757 2637 2828 ligandi
2667 2764 2855 2831 atque
2886 2764 3158 2825 solvendi
3184 2770 3423 2841 meruit,
3450 2775 3707 2844 potesta-

2046 2851 2103 2907 te
2128 2848 2201 2907 sit
2222 2852 2279 2903 et
2303 2847 2761 2920 participatione
2790 2854 3065 2925 corporis
3085 2860 3143 2913 et
3172 2859 3479 2929 sanguinis
3502 2858 3707 2923 Domi-

2048 2935 2109 2990 ni
2140 2936 2322 2991 nostri
2353 2936 2495 2994 Jesu
2519 2936 2753 3003 Christi,
2814 2944 2876 2999 et
2921 2957 2963 3003 ἃ
3001 2949 3206 3004 nostro
3239 2950 3559 3017 consortio,
3592 2950 3710 3010 nisi

2045 3022 2476 3112 resipuerit.....
2516 3029 2821 3112 quatenus
2881 3034 2938 3087 et
2988 3035 3209 3093 statuta
3250 3035 3381 3097 hac
3420 3042 3709 3112 perpetua

2049 3111 2278 3201 possint
2303 3110 2645 3201 delinitione
2674 3130 2949 3186 manere,
2966 3124 3024 3179 et
3042 3124 3425 3183 temeratores
3447 3110 3707 3201 praesen—

2048 3198 2121 3261 tis
2149 3199 2369 3259 decreti
2391 3199 2465 3257 de
2497 3216 2605 3261 sua
2650 3204 2983 3267 temeritate
3030 3210 3226 3279 poenis
3280 3198 3706 3285 multiplicibus

2049 3288 2377 3359 subjacere.

2123 3377 2418 3448 Scriptum
2440 3393 2544 3449 per
2572 3394 2792 3434 manus
2823 3383 2972 3437 Petri
3002 3385 3457 3443 archiscriniarii
3488 3394 3708 3445 sanctae

2050 3469 2332 3523 Romanae
2388 3465 2653 3521 Ecclesiae
2708 3467 2769 3521 in
2809 3486 3016 3526 mense
3056 3474 3346 3544 Octobris,
3387 3476 3709 3534 indictione

2050 3552 2284 3607 decima
2314 3553 2501 3608 tertia.

2854 3645 2923 3707 II.

2054 3766 2325 3807 STEPHANI
2356 3767 2449 3807 Vill
2479 3765 2830 3807 PRIVILEGIUM
2858 3770 2962 3809 PRO
3010 3772 3370 3813 PARTHENONE
3416 3776 3465 3815 S.
3514 3776 3708 3817 MARLE

2694 3839 3043 3882 BUXERIBNSI.

2693 3912 2885 3983 (Anno
2916 3916 3062 3987 941).

287 4007 411 4070 tuo,
440 4002 587 4058 dum
621 4000 936 4068 advixeris,
984 4004 1041 4056 et
1086 3999 1477 4072 postmodum
1526 4014 1946 4055 successorum
1994 4000 1997 4001 ⁷
2055 4003 2409 4058 Monastem'
2432 4002 2836 4075 Buxeriensis,
2883 4019 2919 4060 α
2969 4005 3278 4078 Gauslz'no,
3328 4009 3538 4065 abbate
3574 4011 3710 4065 Tul-

290 4095 529 4146 tuorum
556 4090 651 4146 vel
682 4089 1123 4146 monachorum
1143 4089 1277 4159 jure
1306 4088 1644 4160 perenniter
1664 4087 1952 4160 deinceps

292 4178 611 4247 consistere
636 4178 1033 4247 decernimus,
1055 4182 1118 4237 ut
1144 4176 1290 4235 nihil
1319 4178 1567 4243 omnino
1593 4177 1668 4236 de
1696 4176 1789 4234 his
1811 4193 1947 4253 qua:

291 4286 330 4327 a
358 4269 574 4332 nostris
602 4267 1171 4344 praedecessoribus,
1201 4267 1297 4326 vel
1325 4267 1502 4324 Italici
1518 4266 1683 4338 regni
1708 4266 1948 4338 regibus

292 4374 645 4415 concessum
666 4363 773 4429 est,
805 4358 929 4413 ullo
954 4357 1140 4413 modo
1176 4357 1446 4431 qualibet
1468 4357 1803 4425 occasione,
1856 4356 1949 4412 vel

294 4446 545 4519 alicujus
604 4446 942 4521 scriptionis
998 4445 1164 4501 titulo
1222 4445 1282 4500 in
1330 4446 1509 4502 rebus
1540 4445 1633 4502 vel
1669 4445 1731 4501 in
1759 4444 1949 4518 ipsius

292 4536 407 4595 loci
434 4536 702 4593 libertate
746 4534 995 4590 omnino
1052 4533 1483 4604 imminuatur;
1538 4535 1950 4591 interdicentes

290 4641 407 4699 pro
425 4627 645 4689 sanctas
670 4626 957 4680 Romanis
983 4622 1254 4681 Ecclesiae
1270 4624 1616 4682 auctoritate
1632 4623 1949 4699 episcopis,

2111 4093 2281 4162 lensi,
2295 4093 2540 4161 conditi,
2551 4092 2873 4164 privilegia
2891 4099 2945 4149 et
2959 4097 3348 4164 possessiones
3368 4100 3704 4168 conﬁrmat.

2058 4182 2253 4255 [Apud
2279 4182 2610 4250 D.(1almet,
2660 4184 2924 4241 Histoire
2970 4186 3044 4242 de
3094 4186 3406 4257 Lorraine,
3456 4191 3710 4246 Preuves

2730 4271 2842 4329 coL
2889 4275 3032 4343 350L

2128 4364 2450 4418 STEPHAst
2481 4361 2821 4437 episcopus,
2852 4378 3058 4419 servus
3104 4378 3414 4420 servorum
3463 4364 3583 4433 Dei,
3629 4364 3715 4420 di-

2058 4449 2393 4509 lectissimus
2418 4449 2549 4505 ﬁliae
2582 4452 2883 4506 Romam:
2905 4449 3229 4509 abbatissae
3251 4467 3324 4508 ex
3348 4452 3713 4511 monasterio

2061 4544 2285 4598 sanctae
2324 4540 2427 4605 Dei
2479 4538 2773 4609 genitricis
2820 4537 3031 4608 Mariae,
3090 4540 3255 4612 quod
3305 4544 3393 4598 est
3436 4539 3619 4605 situm
3652 4540 3714 4603 in

2061 4629 2371 4703 episcopio
2425 4628 2816 4696 Leuchorum,
2874 4628 2940 4684 in
2988 4632 3191 4686 monte
3248 4629 3375 4703 qui
3400 4635 3488 4687 est
3538 4646 3717 4704 super

296 4714 518 4771 scilicet
545 4710 887 4779 'l‘icinensis,
922 4711 1299 4783 Placentinae,
1348 4713 1703 4782 Parmensis,
1774 4718 1953 4786 atque
2061 4719 2268 4776 villam
2297 4736 2433 4793 qua:
2463 4717 2678 4774 dicitur
2704 4717 3001 4774 Buxerias.

296 4804 600 4875 Regiensis
622 4802 1039 4869 Ecclesiarum,
1070 4801 1133 4857 in
1159 4818 1419 4874 quarum
1457 4803 1696 4860 dioecesi
1740 4820 1953 4860 mona-

2137 4810 2287 4875 Quia
2317 4808 2697 4881 omnipotens
2720 4807 2876 4864 Deus
2902 4806 3274 4881 peculiariter
3302 4808 3563 4867 decrevit
3583 4825 3718 4869 coa-

298 4896 547 4957 sterium
572 4893 667 4957 vel
694 4909 789 4951 res
814 4892 960 4965 ipsae
986 4891 1261 4957 videntur
1307 4893 1649 4963 consistere,
1705 4893 1958 4966 aliisque
2065 4898 2297 4961 dunare
2313 4901 2370 4954 et
2389 4897 2655 4955 adunare
2676 4899 2733 4981 et
2758 4895 3037 4961 ordinare
3064 4897 3391 4959 Ecclesiam
3411 4915 3591 4959 suam
3614 4914 3723 4972 per

297 4987 582 5047 omnibus
610 4989 736 5043 tam
784 4982 993 5041 vicinis
1034 4998 1222 5054 quam
1248 4984 1459 5055 procul
1497 4983 1848 5053 constitutis,
1895 4988 1959 5039 ut
2068 4986 2528 5058 gloriosissimos
2582 4985 2995 5059 apostolorum
3038 4987 3338 5061 principes
3383 4992 3621 5046 Petrum
3666 4993 3725 5046 et

300 5078 641 5134 nullatenus
672 5072 921 5147 aliquid,
953 5071 1127 5144 quasi
1152 5072 1395 5144 proprio
1419 5074 1555 5144 jure
1572 5072 1712 5129 inde
1734 5090 1961 5147 thBSll-
2069 5078 2580 5150 Paulum,oportet
2596 5080 2661 5133 ut
2671 5093 2880 5133 omnes
2901 5078 3127 5151 posteri
3148 5094 3357 5134 eorum
3376 5079 3601 5153 quibus
3622 5095 3723 5137 ea-

301 5171 428 5223 mat
465 5165 753 5237 accipere,
785 5178 981 5235 neque
1011 5160 1401 5233 baptismales
1423 5163 1712 5220 Ecclesias
1736 5164 1827 5218 vel
1856 5163 1958 5217 de-

2070 5169 2208 5225 dem
2231 5167 2566 5223 sollicitudo
2586 5166 2866 5240 imposita
2887 5172 2994 5236 est,
3009 5168 3354 5245 ubicunque
3371 5169 3724 5245 opportuni—

304 5258 499 5346 cimas
521 5270 750 5346 earum,
782 5268 937 5327 quas
983 5255 1140 5346 ante
1171 5250 1456 5322 tenuistis,
1496 5252 1956 5346 sibivindicare:
1995 5293 2041 5346 Ι)
2071 5261 2162 5313 tas
2193 5256 2391 5346 exigit.
2406 5255 2846 5315 munimentum
2869 5256 3208 5329 apostolicae
3234 5258 3599 5319 auctoritatis
3619 5257 3726 5313 im-

375 5343 774 5402 Ecclesiarum
813 5341 1314 5410 consecrationes,
1377 5346 1481 5398 aut
1528 5341 1827 5414 quidquid
1883 5341 1961 5398 ad
1996 5341 2032 5346 ”
2072 5343 2431 5418 pendamus,
2473 5343 2638 5416 quod
2665 5359 2775 5398 nos
2796 5342 2929 5399 licet
2953 5344 3184 5415 indigni
3207 5349 3369 5403 tanto
3388 5346 3605 5415 ofﬁcio,
3634 5349 3725 5400 ta—

308 5452 483 5492 sacra
504 5431 834 5491 ministeria
859 5432 1129 5507 pertinet,
1187 5448 1223 5486 a
1260 5446 1624 5503 quoctmque
1655 5431 1958 5504 episcopo,

305 5540 489 5599 quem
519 5527 582 5579 tu
608 5521 705 5577 vel
738 5534 1111 5575 successores
1136 5520 1222 5575 tui
1245 5519 1545 5592 postulare
1568 5518 1961 5577 volueritis...

306 5630 419 5688 pro
447 5610 857 5679 incolumitate
887 5612 1091 5667 nostra
1111 5624 1181 5666 ac
1210 5608 1690 5668 excellentissimi
1714 5610 1967 5683 impera-

2074 5448 2214 5489 men
2232 5431 2460 5487 solliciti
2479 5431 2553 5487 de
2574 5429 2847 5487 omnium
2865 5431 3134 5490 ﬁdelium
3157 5434 3480 5509 salute,pro
3500 5430 3727 5488 viribus

2076 5520 2320 5595 implere
2346 5520 2784 5590 desideramus,
2815 5526 3114 5593 quatenus
3163 5538 3300 5579 cum
3327 5521 3405 5578 ad
3433 5519 3727 5577 rationem

2078 5610 2452 5673 reddendam
2478 5608 2845 5683 venerimus,
2863 5611 3135 5683 judicem
3161 5609 3353 5673 securi
3390 5608 3724 5668 videamus.
