3998 6198
347 192 471 254 1091

1503 185 1709 240 INDEX
1747 184 1840 237 AD
1883 179 2132 235 LIBROS
2174 176 2567 235 REGAINONIS.

3637 179 3777 237 1092

342 321 780 390 Cognoscentes
807 315 984 384 igitur
1013 328 1118 384 per
1149 308 1551 365 venerabilem
1581 305 1864 363 abbatem
1897 306 1996 356 Ar-
2032 314 2074 364 Α
2107 300 2321 356 datum
2348 305 2433 355 081
2463 299 2527 390 ign,
2553 299 2698 390 10018
2729 298 2880 390 auls.
2913 297 3006 354 νει
3039 296 3313 390 (landum
3346 305 3461 390 ῥεῖ
3505 301 3783 374 quolibet

340 406 790 472 chembaldum,
819 419 952 457 cum
994 404 1221 470 quanto
1255 397 1452 452 studio
1477 394 1859 452 dulcissimus
1887 392 1998 446 fra-

341 503 426 553 ter
452 500 650 553 noster
681 491 996 548 Gauzlinus
1028 487 1398 543 Leuchorum
1440 485 1776 558 episcopus,
1813 480 2000 536 Eccle-

340 584 493 640 siam
526 597 696 637 suam
723 580 784 634 in
834 576 999 632 omni
1043 575 1250 631 ordine
1300 573 1602 644 religionis
1653 570 1904 627 fundare
1943 574 1998 623 et

339 671 597 728 exaltare
626 667 880 731 laborat,
914 663 1196 719 maternis
1230 661 1558 716 visceribus
1600 657 1993 730 gratulamur,

339 765 395 815 et
421 763 484 813 ut
525 771 809 830 prospere
861 751 1151 825 proﬁciat,
1184 750 1417 806 Domini
1466 746 1842 803 clementiam
1867 761 1999 800 exo-

336 862 563 902 ramus.
591 842 755 900 Unde
782 842 932 897 sicut
959 839 1086 912 ipse
1116 838 1458 911 postulavit,
1506 835 1895 892 libentissime
1926 850 1997 888 ex

338 934 685 992 auctoritate
719 930 912 987 sancti
943 929 1105 985 Petri.
1124 927 1376 1000 apostoli
1407 932 1463 981 et
1509 931 1712 980 nostra
1738 923 1998 978 decrevi—

338 1041 474 1080 mus
498 1017 1018 1078 corroborandum
1048 1015 1342 1089 quidquid
1372 1015 1498 1086 ipse
1524 1017 1662 1085 post
1692 1027 1754 1066 se
1775 1011 1848 1066 de
1877 1010 1998 1065 suis

337 1109 713 1168 monasteriis
735 1104 1178 1162 observandum
1197 1102 1825 1172 censuit.Quapropter
1840 1115 1998 1153 com-

337 1199 625 1256 mittimus
647 1194 909 1262 tibi,ﬁlia
937 1191 1248 1263 Rotbildis,
1270 1191 1504 1262 tuisque
1528 1186 1994 1251 successoribus,

337 1287 670 1361 puellarum
724 1283 946 1345 locum,
1006 1296 1188 1352 quem
1230 1279 1356 1351 ipse
1396 1277 1678 1350 praefatus
1727 1273 1998 1331 charissi-

336 1393 472 1432 mus
521 1375 698 1431 frater
756 1377 956 1427 noster
1003 1369 1322 1441 episcopus
1380 1372 1572 1423 totum
1647 1364 1994 1430 construxit,

337 1483 475 1522 cum
505 1463 762 1520 ofﬁcinis
792 1458 1288 1529 congruentibus,
1346 1456 1404 1511 in
1452 1455 1738 1528 proclivio
1778 1453 1997 1508 montis

337 1571 518 1627 super
547 1553 682 1608 villa
719 1566 854 1622 quae
885 1548 1102 1604 dicitur
1154 1545 1457 1614 Buxerias,
1509 1545 1775 1599 dicatum
1805 1543 1865 1597 in
1895 1541 1998 1596 ho-

335 1658 481 1699 nore
511 1644 728 1697 sanctae
762 1637 860 1693 Dei
892 1635 1192 1706 genitricis
1224 1634 1435 1703 Mariae,
1465 1640 1520 1688 et
1549 1632 1996 1702 eleemosynam

338 1731 611 1787 omnium
639 1727 1130 1790 Christianorum,
1153 1723 1232 1778 ad
1263 1723 1552 1778 tuendum
1579 1725 1637 1776 et
1666 1719 1997 1789 regendum

338 1825 397 1876 et
424 1816 889 1889 gubernandum
921 1813 1255 1868 secundum
1284 1811 1556 1880 regulam
1590 1809 1778 1864 sancti
1825 1811 1997 1862 Bene-

337 1907 500 1974 dicti,
523 1912 580 1961 et
605 1903 1002 1960 institutiones
1033 1905 1380 1956 sanctorum
1413 1902 1672 1961 Patrum,
1699 1901 1996 1969 quatenus

338 1995 611 2066 religiose
641 1991 1059 2048 conversando
1083 1990 1319 2044 lucrum
1359 1987 1702 2043 animarum
1755 1989 1874 2041 Deo
1915 1984 1998 2039 ibi

339 2083 681 2157 acquiratis,
735 2087 792 2137 et
838 2080 1070 2135 debitas
1095 2080 1278 2134 horas
1307 2078 1403 2132 die
1446 2082 1744 2147 noctuque
1775 2073 1998 2147 persol-

338 2174 509 2230 vatis.
546 2175 612 2228 Ut
631 2177 832 2227 autem
863 2171 976 2224 hoc
1006 2168 1176 2223 hilari
1208 2171 1405 2222 mente
1435 2164 1999 2238 perﬁciatis,conce—

338 2263 539 2318 dimus
593 2259 764 2316 vobis
821 2275 960 2314 cum
1022 2272 1321 2312 consensu
1388 2253 1676 2333 omnium
1727 2252 1996 2307 ﬁdelium

339 2354 559 2406 sanctis
591 2352 872 2404 Romanas
904 2346 1080 2412 sedis,
1111 2344 1404 2418 quidquid
1465 2342 1625 2398 idem
1676 2357 1995 2413 episcopus

338 2439 520 2503 dedit,
551 2438 614 2494 id
643 2443 750 2506 est,
781 2435 1098 2491 ecclesiam
1135 2438 1190 2489 S.
1235 2433 1458 2489 Martini
1483 2448 1622 2487 cum
1652 2431 1818 2486 omni
1857 2431 1998 2485 inte-

339 2528 570 2599 gritate,
599 2533 656 2582 et
674 2525 970 2599 quidquid
999 2525 1060 2579 in
1088 2524 1222 2597 ipsa
1243 2522 1380 2578 villa
1396 2527 1637 2578 sanctus
1658 2521 1995 2592 Stephanus

338 2617 560 2673 habere
609 2616 891 2670 noscitur.
926 2613 1253 2669 Ecclesium
1303 2627 1546 2684 quoque
1591 2611 1664 2664 de
1707 2608 1996 2665 Sasiriaco

338 2721 480 2762 cum
509 2704 796 2761 omnibus
827 2703 1207 2776 appenditiis,
1251 2708 1308 2756 et
1345 2699 1610 2756 alodium
1653 2697 1992 2764 Hersendis.

335 2795 735 2850 Concedimus
788 2807 1034 2864 quoque
1085 2791 1255 2846 vobis
1294 2789 1611 2845 ecclesiam
1655 2803 1840 2860 quam
1891 2789 1995 2842 Be-

335 2884 592 2941 rhardus
649 2881 1025 2955 primicerius
1082 2879 1144 2935 in
1201 2879 1403 2935 Giruni
1451 2877 1591 2933 villa
1619 2877 1680 2932 in
1710 2877 1996 2932 comitatu

338 2972 588 3028 Bedensi
619 2987 798 3044 super
829 2969 1081 3024 ﬂuvium
1123 2971 1366 3036 Mosam,
1423 2965 1708 3038 praedicto
1748 2963 1997 3020 contulit

336 3062 491 3132 loco,
523 3067 579 3116 et
607 3058 900 3132 quidquid
930 3057 1008 3114 ad
1038 3073 1108 3112 ea
1137 3056 1408 3128 pertinet,
1441 3059 1497 3109 et
1518 3054 1756 3109 vineam
1783 3068 1995 3126 quam-

2031 1660 2072 1716 Β

2033 3010 2073 3060 C

2109 390 2294 445 modo
2328 390 2406 444 ab
2437 389 2563 444 aliis
2590 389 2787 444 eidem
2812 387 2964 454 loco,
3023 387 3253 459 absque
3302 388 3425 444 ulla
3477 392 3782 447 contradi-

2107 478 2301 534 ctione
2333 477 2668 550 perenniter
2685 475 3484 549 possideatis.0bsecramus
3517 479 3783 553 denique

2108 566 2432 637 gloriosam
2481 566 2763 638 pietatem
2817 563 3087 637 praedicti
3143 565 3467 637 pontiﬁcis,
3525 573 3591 622 ut
3639 571 3784 640 quia

2108 656 2296 712 nescit
2323 656 2486 727 quod
2519 655 2786 710 futurum
2815 659 2904 710 est
2924 659 3060 726 post
3091 670 3252 721 eum,
3295 671 3367 710 ne
3398 655 3786 726 refrigeretur

2109 762 2146 801 a
2203 746 2582 800 miseratione
2645 745 2802 800 illius
2847 745 2981 800 loci.
3013 748 3436 802 Contestamur
3459 746 3650 802 etiam
3678 763 3784 820 per

2106 833 2472 890 ineffabilem
2498 834 2851 890 charitatem
2885 850 3259 890 omnes.......
3291 834 3566 904 comites,
3595 835 3782 891 abba-

2110 930 2214 993 tes,
2260 931 2313 979 et
2358 938 2568 980 omnes
2625 923 2834 996 patriae
2886 923 3044 979 illius
3091 924 3270 996 cives,
3298 930 3424 981 tam
3450 930 3782 997 praesentes

2106 1027 2294 1083 quam
2326 1012 2578 1077 futuros,
2606 1018 2672 1067 ut
2698 1012 2983 1068 eumdem
3015 1011 3218 1068 locum
3248 1029 3356 1084 pro
3419 1012 3520 1068 Dei
3577 1029 3782 1067 amore

2108 1101 2459 1171 sustineant,
2491 1107 2547 1156 et
2573 1101 2697 1156 suis
2729 1100 3161 1158 donationibus
3191 1107 3458 1172 augeant
3516 1107 3571 1158 et
3625 1103 3782 1158 hanc

2108 1195 2377 1246 nostram
2430 1189 2862 1246 institutionem
2920 1207 3160 1263 semper
3223 1191 3520 1247 illibatam
3596 1197 3786 1247 custo-

2107 1279 2309 1346 diant;
2370 1284 2614 1334 cunctos
2675 1295 2816 1335 vero
2865 1280 2938 1335 de
2989 1280 3399 1352 qualicunque
3449 1280 3667 1335 ordine
3697 1281 3786 1336 vel

2107 1368 2302 1437 gradu
2335 1366 2779 1440 qualiscunque
2832 1384 3094 1440 persona
3150 1368 3221 1424 sit
3269 1372 3375 1441 qui
3428 1374 3644 1424 contra
3673 1369 3785 1423 hoc

2107 1456 2449 1528 apostolicae
2500 1456 2883 1512 institutionis
2931 1455 3308 1528 privilegium
3356 1457 3567 1512 venire
3606 1463 3788 1513 tenta-

2105 1544 2273 1615 verit,
2328 1549 2432 1600 aut
2486 1545 2920 1600 monasterium
2970 1545 3333 1617 oppresserit
3377 1561 3489 1617 per
3530 1561 3788 1617 praesen-

2108 1635 2252 1688 tiam
2283 1650 2478 1699 suam,
2511 1633 2604 1688 vel
2655 1649 2750 1688 res
2808 1650 3018 1690 earum
3065 1634 3298 1698 laeserit,
3327 1640 3433 1690 aut
3473 1635 3786 1706 quiescere

2107 1738 2231 1778 non
2262 1722 2616 1794 permiserit,
2652 1739 2844 1794 usque
2881 1722 2943 1778 in
2989 1723 3151 1779 diem
3192 1723 3406 1794 judicii
3435 1740 3785 1778 excommu-

2107 1811 2414 1877 nicamus;
2464 1816 2521 1866 et
2575 1813 2921 1884 quicunque
2969 1812 3275 1882 adjutores
3302 1812 3624 1880 extiterint,
3651 1813 3782 1879 hos,

2106 1904 2402 1972 quantum
2436 1899 2765 1971 apostolica
2793 1904 3057 1972 potestas
3097 1900 3437 1971 indulserit,
3467 1901 3784 1956 absolutos

2107 2003 2236 2043 esse
2265 1987 2661 2043 decernimus.
2697 1989 2808 2044 Per
2830 1988 3096 2054 singulos
3122 1994 3325 2045 autem
3384 2005 3583 2045 annos
3634 2006 3782 2061 pon-

2109 2076 2248 2132 tiﬁci
2305 2076 2680 2132 Leuchorum
2737 2077 2800 2132 in
2849 2077 3029 2133 missa
3077 2077 3515 2134 Puriticationis
3559 2084 3783 2134 sancta

2108 2165 2300 2222 Mariis
2350 2182 2556 2221 cereus
2612 2165 2871 2221 duarum
2926 2167 3217 2224 librarum
3273 2167 3672 2241 persolvatur.
3721 2170 3787 2222 Ut

2093 2260 2310 2312 autem
2338 2254 2573 2310 interim
2612 2242 3032 2312 inviolabiliter
3085 2257 3507 2313 custodiantur
3555 2273 3692 2329 quae
3723 2256 3783 2310 in

2106 2343 2221 2397 hoc
2251 2342 2562 2414 privilegio
2587 2342 2810 2415 scripta
2838 2349 2993 2411 sunt,
3045 2343 3237 2414 sigillo
3288 2351 3502 2400 nostro
3553 2345 3782 2399 subter-

2107 2431 2347 2487 tirmare
2372 2431 2684 2501 jussimus.
2728 2435 2883 2488 Bene
2917 2433 3129 2490 valete.

2182 2522 2478 2592 Scriptum
2509 2537 2615 2592 per
2634 2537 2887 2577 manum
2915 2522 3199 2594 Stephani
3232 2523 3536 2579 scriniarii
3558 2528 3782 2578 sanctae

2109 2611 2389 2663 Romanas
2423 2609 2714 2672 Ecclesiae,
2745 2625 2807 2664 in
2840 2626 3047 2666 mense
3079 2611 3415 2678 Decembri,
3455 2610 3781 2666 indictione

2106 2697 2317 2769 quinta
2345 2696 2599 2752 decima.
2635 2700 2850 2754 Datum
2879 2715 2985 2771 per
3019 2715 3270 2755 manum
3302 2699 3530 2755 Nicolai
3579 2699 3780 2772 primi-

2105 2786 2245 2842 cerii
2301 2786 2646 2858 apostolicae
2692 2787 2851 2843 sedis
2897 2788 2955 2842 in
3007 2789 3252 2844 nomine
3312 2788 3555 2844 Domini
3594 2788 3775 2844 nostri

2103 2877 2242 2930 Jesu
2271 2875 2502 2946 Christi,
2534 2891 2694 2932 anno
2725 2879 2844 2932 Deo
2873 2877 3130 2950 propitio
3158 2877 3553 2950 pontificatus
3587 2877 3776 2933 Domi-

2105 2964 2165 3019 ni
2195 2963 2380 3019 nostri
2409 2964 2692 3036 Stephani
2713 2965 2936 3021 summi
2967 2967 3285 3038 pontificis,
3320 2972 3380 3022 et
3410 2966 3772 3023 universalis

2104 3067 2279 3124 papas
2310 3051 2367 3106 in
2395 3051 2804 3113 sacratissima.
2820 3054 2959 3110 sede
2988 3055 3147 3110 beati
3177 3054 3340 3121 Petri
3355 3054 3773 3128 apostolorum

336 3151 481 3206 dam
512 3164 700 3221 quam
730 3147 890 3202 idem
919 3145 1083 3200 dedit
1111 3145 1172 3199 in
1203 3148 1403 3199 monte
1435 3143 1732 3211 Barrisno,
1788 3142 1850 3196 in
1900 3157 1996 3196 co-
2103 3140 2280 3214 primi
2335 3140 2394 3194 in
2454 3157 2663 3196 mense
2746 3143 3076 3213 Decembri,
3147 3142 3480 3199 indictione
3565 3144 3773 3214 quinta

339 3239 551 3294 mitatu
575 3235 858 3302 Tullensi;
882 3232 1180 3306 quidquid
1205 3231 1385 3286 etiam
1427 3231 1504 3286 ab
1550 3229 1684 3298 ipso
1709 3229 1993 3302 episcopo
2103 3228 2356 3285 decima.

341 3369 3759 3405 ὼ

1751 3479 1952 3598 IN
1956 3479 2350 3598 DEI!
3255 3549 3260 3554 ε

337 3687 502 3802 AD
578 3685 1004 3800 LIBROS
1077 3678 1739 3796 REGINONIS
1793 3676 1958 3793 DE
2011 3677 2971 3792 ECGLESIASTIGIS
3039 3680 3767 3796 DISGIPLINIS

1449 3860 1674 3947 Hujus
1723 3858 2091 3926 voluminis
2139 3858 2267 3926 col.
2326 3861 2644 3929 185-483.

891 4009 1228 4063 Ite-vocatur
1250 4005 1462 4059 Lector
1490 4001 1570 4057 ad
1599 4015 1873 4057 numeros
1902 4002 2186 4057 crassiori
2212 4001 2563 4058 charactere
2592 4005 2787 4059 textu-4'
2813 4004 3197 4060 intermixtos.

850 4232 899 4281 A

411 4375 660 4430 Abbates
692 4372 746 4424 in
798 4370 1201 4441 episcOporum
1249 4372 1408 4437 pote-

339 4452 486 4502 state
515 4444 854 4506 consistant,
893 4441 1001 4497 396
1038 4446 1090 4496 et
1120 4455 1238 4510 seq.
1293 4441 1405 4492 Ab-

339 4521 531 4572 batum
583 4515 873 4570 institutio
927 4519 982 4565 et
1031 4512 1315 4582 depositio
1349 4512 1404 4562 in

337 4595 622 4660 potestate
651 4587 992 4658 principum,
1028 4582 1152 4660 524.

410 4653 809 4726 Abbatia—quae
839 4653 940 4726 per
968 4671 1029 4707 se
1069 4653 1405 4706 electionem

340 4731 531 4796 habet,
568 4729 692 4782 410.

409 4795 743 4873 Abbatissa
777 4798 844 4873 de
902 4795 1248 4849 monasterio
1289 4809 1403 4873 non

340 4871 670 4951 egrediatur
690 4869 804 4951 nisi
826 4881 1258 4951 cumconsena's‘u
1290 4869 1403 4934 epi-

341 4936 498 5014 sEOpi
527 4950 626 4996 aut
651 4940 1108 5022 regiajussione,
1135 4936 1260 4989 274.

413 5011 855 5067 Abbatis-Villaa
903 5015 1066 5061 vetus
1107 5013 1406 5061 consuetu-

341 5085 412 5138 do
443 5085 598 5137 circa
627 5080 1010 5140 matrimonia,
1041 5078 1166 5144 586,
1197 5077 1320 5131 657.

412 5157 633 5206 Absens
668 5170 828 5206 nemo
854 5149 1162 5222 judicetur,
1192 5146 1315 5202 326.

412 5223 648 5284 Absida,
690 5225 804 5284 134,
836 5221 962 5276 570.

414 5295 710 5349 Absolutse
754 5291 1150 5349 ordinationes
1194 5291 1398 5350 vetitae,

345 5368 443 5423 176
473 5371 526 5423 et
555 5381 670 5436 seq.
1022 5435 1029 5438 _
1169 5435 1176 5438 _

410 5432 716 5494 Absolutio
749 5435 1088 5506 peccatoris,
1131 5432 1244 5499 137,
1283 5432 1400 5487 148.

339 5505 776 5568 Absolutionum
807 5506 943 5560 olim
973 5505 1131 5560 varia
1168 5521 1397 5572 genera,

334 5584 459 5638 571.
491 5582 724 5639 Veteres
751 5578 1036 5639 formulae,
1063 5578 1184 5632 654.

410 5658 688 5710 Accusare
715 5653 810 5724 qui
842 5651 1088 5723 possint,
1121 5647 1244 5703 443.
1297 5650 1400 5700 Ac-

1512 4224 1736 4277 cusatio
1769 4239 1881 4293 quo
1910 4225 2110 4278 ordine
2141 4223 2419 4288 facienda,
2452 4222 2578 4288 390,

1511 4295 1618 4350 392
1643 4301 1697 4350 et
1720 4309 1839 4366 seq.

1586 4369 1970 4420 Accusatores
2001 4367 2242 4420 fratrum
2267 4382 2582 4420 excommu-

1513 4438 1761 4499 nicandi,
1795 4439 1919 4493 338.

1585 4509 1811 4563 Accolae
1835 4508 1924 4565 23.

1585 4579 1907 4634 Acunictile
1943 4579 2061 4633 171.

1549 4649 1874 4773 2#dalbero
1923 4652 2230 4721 episcopus
2282 4649 2576 4711 Metensis,

1588 4789 1914 4844 Adalwinus
1972 4794 2310 4848 Juvavensis
2364 4793 2578 4847 archie-

1516 4863 1786 4932 piscopus
1813 4863 1937 4933 416,
1963 4863 2090 4919 595.

1587 4935 1901 4989 Ademarus
1933 4935 2244 4991 vicecomes
2261 4934 2575 4996 Scalarum,

1511 5004 1637 5065 557,
1659 5004 1783 5058 628.

1584 5077 1911 5148 Admonitio
1970 5077 2262 5148 sydonalis
2319 5079 2578 5147 antiqua,

1512 5146 1638 5210 531,
1673 5153 1725 5201 cl
1754 5163 1868 5218 seq.
1902 5146 2025 5208 537—,
2054 5148 2180 5212 602,
2211 5149 2336 5206 607.
2362 5146 2487 5204 611.

1584 5220 1706 5270 Ado
1767 5219 2236 5290 archiepiscopus
2301 5219 2581 5272 Viennen-

1514 5289 1614 5351 sis,

1583 5361 1881 5413 Adramita
1911 5372 2290 5424 sacramenta,
2321 5362 2446 5416 331.

1583 5431 1969 5502 Adrisphach,
2005 5433 2121 5494 173,
2153 5433 2276 5488 573.

1582 5504 1873 5556 Adruinus
1907 5504 2222 5575 presbyter,
2261 5503 2378 5558 198.

1581 5575 1826 5630 Adulter
1857 5576 2452 5647 uxoremphaberenon
2480 5594 2576 5647 po-

1509 5655 1624 5701 test
1650 5664 1772 5699 eam
1805 5663 1972 5715 quam
2013 5645 2177 5717 prius
2231 5643 2436 5716 polluit
2476 5643 2576 5717 per

2689 4223 3034 4278 adulterium
3064 4223 3172 4280 300
3200 4229 3256 4280 et
3284 4239 3409 4296 5°q.
3458 4225 3762 4282 Adultero-

2689 4296 3211 4369 rumpoenitentiae,
3365 4302 3425 4369 et
3448 4312 3608 4369 seqq.
3643 4297 3756 4351 142.

2688 4367 2989 4420 Adulteria
3015 4368 3252 4428 incesta,
3283 4366 3411 4421 311.
3457 4366 3762 4422 Adulteria

2689 4437 3004 4508 prohibita,
3039 4440 3162 4494 468.
3214 4437 3527 4492 Adulteria
3569 4441 3762 4493 vidua-

2690 4526 2835 4576 rum,
2865 4509 2969 4564 434
2997 4515 3051 4564 et
3074 4524 3230 4579 seqq.
3265 4509 3389 4563 394.

2759 4579 3063 4640 Adulterii,
3097 4582 3373 4640 incestus,
3417 4589 3476 4636 et
3521 4583 3758 4636 fornica-

2691 4651 2867 4724 tionis
2900 4651 3294 4724 crimina,207
3334 4658 3389 4706 et
3417 4667 3540 4724 seq.
3589 4651 3762 4708 Adul-

2687 4722 2896 4794 terium
2928 4723 3065 4778 facit
3096 4723 3266 4776 vidua
3317 4739 3448 4792 quae
3491 4722 3632 4794 post
3674 4741 3761 4776 ca-

2690 4793 2904 4874 stitatis
2932 4795 3356 4874 professionem
3395 4793 3582 4861 nubit,

2688 4865 3043 4935 Adulterium
3075 4866 3132 4918 in
3163 4869 3413 4935 utroque
3435 4883 3577 4919 sexu
3600 4866 3760 4918 Chri-

2688 4935 2880 4989 stiana
2929 4933 3136 5003 religio
3193 4933 3336 5006 pari“
3372 4939 3598 4991 ratione
3628 4956 3758 4992 con-

2689 5006 2934 5068 demnat,
3126 5008 3492 5088 Adulterium
3523 5010 3622 5079 qui
3672 5027 3760 5062 ac-

2688 5095 2890 5132 cusare
2921 5079 3167 5160 possint,
3198 5079 3303 5134 266
3331 5085 3386 5134 et
3417 5095 3579 5161 seqq.

2760 5151 3005 5201 Advenze
3037 5167 3134 5219 qui
3166 5167 3201 5202 a
3230 5149 3578 5203 Normanms
3611 5151 3705 5206 vel
3727 5169 3759 5204 ι

2689 5219 2982 5273 Britannis
3012 5222 3379 5288 aufugerunt,
3406 5221 3512 5274 370
3543 5228 3598 5275 et
3637 5238 3755 5292 seq.

2760 5292 3015 5344 Africani
3073 5308 3321 5344 canones
3381 5309 3580 5344 omnes
3645 5309 3758 5345 non

2688 5369 2938 5425 exstant,
2968 5363 3092 5416 595.

2759 5435 2961 5502 Agano
3019 5434 3321 5503 episcopus
3389 5436 3758 5503 Augustodu-

2689 5507 2905 5568 nensis,
2936 5505 3059 5568 575,
3091 5503 3212 5559 641.

2759 5578 2956 5648 Agape
2983 5593 3093 5630 non
3125 5576 3389 5629 facienda
3408 5576 3755 5648 in_occleaia.

2684 5647 2769 5700 52.
2802 5645 3000 5718 Agape
3024 5663 3361 5717 pauperum,
3391 5645 3521 5703 370.
