  <div class='ocr_page' id='page_1' title='image "/cluster/home/n/w/nwhite01/storage/ocr_20150623/132/hvd.32044054759931/552.png"; bbox 0 0 4014 6198; ppageno 0'>
   <div class='ocr_carea' id='block_1_1' title="bbox 272 185 436 244">
    <p class='ocr_par' dir='ltr' id='par_1_1' title="bbox 272 185 436 244">
     <span class='ocr_line' id='line_1_1' title="bbox 272 185 436 244; baseline 0 0"><span class='ocrx_word' id='word_1_1' title='bbox 272 204 277 223; x_wconf 76' lang='grc'><em>‹</em></span> <span class='ocrx_word' id='word_1_2' title='bbox 296 185 436 244; x_wconf 70' lang='lat' dir='ltr'><strong>mea</strong></span> 
     </span>
    </p>
   </div>
   <div class='ocr_carea' id='block_1_2' title="bbox 272 307 797 378">
    <p class='ocr_par' dir='ltr' id='par_1_2' title="bbox 272 307 797 378">
     <span class='ocr_line' id='line_1_2' title="bbox 272 307 797 378; baseline 0.002 -18"><span class='ocrx_word' id='word_1_3' title='bbox 272 332 277 339; x_wconf 58' lang='grc' dir='ltr'>ι</span> <span class='ocrx_word' id='word_1_4' title='bbox 366 308 682 378; x_wconf 83' lang='lat' dir='ltr'><strong>Agathosa,</strong></span> <span class='ocrx_word' id='word_1_5' title='bbox 709 307 797 361; x_wconf 90' lang='lat'><strong>48.</strong></span> 
     </span>
    </p>
   </div>
   <div class='ocr_carea' id='block_1_3' title="bbox 367 378 1326 448">
    <p class='ocr_par' dir='ltr' id='par_1_3' title="bbox 367 378 1326 448">
     <span class='ocr_line' id='line_1_3' title="bbox 367 378 1326 448; baseline -0.001 -15"><span class='ocrx_word' id='word_1_6' title='bbox 367 379 604 448; x_wconf 83' lang='lat' dir='ltr'><strong>Agenda</strong></span> <span class='ocrx_word' id='word_1_7' title='bbox 632 380 1051 441; x_wconf 84' lang='lat' dir='ltr'><strong>defunctorum,</strong></span> <span class='ocrx_word' id='word_1_8' title='bbox 1077 378 1166 445; x_wconf 84' lang='lat'><strong>29,</strong></span> <span class='ocrx_word' id='word_1_9' title='bbox 1199 379 1326 434; x_wconf 90' lang='lat'><strong>541.</strong></span> 
     </span>
    </p>
   </div>
   <div class='ocr_carea' id='block_1_4' title="bbox 368 449 1364 519">
    <p class='ocr_par' dir='ltr' id='par_1_4' title="bbox 368 449 1364 519">
     <span class='ocr_line' id='line_1_4' title="bbox 368 449 1364 519; baseline 0.002 -15"><span class='ocrx_word' id='word_1_10' title='bbox 368 453 505 519; x_wconf 85' lang='lat' dir='ltr'><strong>Agri</strong></span> <span class='ocrx_word' id='word_1_11' title='bbox 537 450 891 511; x_wconf 88' lang='lat' dir='ltr'><strong>dominicati,</strong></span> <span class='ocrx_word' id='word_1_12' title='bbox 929 449 1018 505; x_wconf 85' lang='lat'><strong>49.</strong></span> <span class='ocrx_word' id='word_1_13' title='bbox 1078 452 1218 518; x_wconf 83' lang='lat' dir='ltr'><strong>Agri</strong></span> <span class='ocrx_word' id='word_1_14' title='bbox 1278 468 1364 506; x_wconf 90' lang='lat' dir='ltr'><strong>ec-</strong></span> 
     </span>
    </p>
   </div>
   <div class='ocr_carea' id='block_1_5' title="bbox 294 521 1365 592">
    <p class='ocr_par' dir='ltr' id='par_1_5' title="bbox 294 521 1365 592">
     <span class='ocr_line' id='line_1_5' title="bbox 294 521 1365 592; baseline -0.002 -15"><span class='ocrx_word' id='word_1_15' title='bbox 294 523 604 577; x_wconf 89' lang='lat' dir='ltr'><strong>clesiastici</strong></span> <span class='ocrx_word' id='word_1_16' title='bbox 628 521 902 574; x_wconf 87' lang='lat' dir='ltr'><strong>immunes</strong></span> <span class='ocrx_word' id='word_1_17' title='bbox 927 538 960 574; x_wconf 92' lang='lat' dir='ltr'><strong>a</strong></span> <span class='ocrx_word' id='word_1_18' title='bbox 979 522 1365 592; x_wconf 81' lang='lat' dir='ltr'><strong>pensitatione</strong></span> 
     </span>
    </p>
   </div>
   <div class='ocr_carea' id='block_1_6' title="bbox 293 592 817 656">
    <p class='ocr_par' dir='ltr' id='par_1_6' title="bbox 293 592 817 656">
     <span class='ocr_line' id='line_1_6' title="bbox 293 592 817 656; baseline -0.01 -9"><span class='ocrx_word' id='word_1_19' title='bbox 293 596 664 656; x_wconf 83' lang='lat' dir='ltr'><strong>tributorum,</strong></span> <span class='ocrx_word' id='word_1_20' title='bbox 695 592 817 646; x_wconf 83' lang='lat'><strong>545.</strong></span> 
     </span>
    </p>
   </div>
   <div class='ocr_carea' id='block_1_7' title="bbox 276 663 1361 733">
    <p class='ocr_par' dir='ltr' id='par_1_7' title="bbox 276 663 1361 733">
     <span class='ocr_line' id='line_1_7' title="bbox 276 663 1361 733; baseline -0.001 -16"><span class='ocrx_word' id='word_1_21' title='bbox 276 702 281 707; x_wconf 59' lang='grc' dir='ltr'><em>ρ</em></span> <span class='ocrx_word' id='word_1_22' title='bbox 368 664 513 717; x_wconf 85' lang='lat' dir='ltr'><strong>Alba</strong></span> <span class='ocrx_word' id='word_1_23' title='bbox 562 664 617 716; x_wconf 91' lang='lat' dir='ltr'><strong>in</strong></span> <span class='ocrx_word' id='word_1_24' title='bbox 676 680 817 716; x_wconf 88' lang='lat' dir='ltr'><strong>usus</strong></span> <span class='ocrx_word' id='word_1_25' title='bbox 848 663 1240 733; x_wconf 87' lang='lat' dir='ltr'><strong>quotidianos,</strong></span> <span class='ocrx_word' id='word_1_26' title='bbox 1268 664 1361 730; x_wconf 86' lang='lat'><strong>27,</strong></span> 
     </span>
    </p>
   </div>
   <div class='ocr_carea' id='block_1_8' title="bbox 290 734 1364 803">
    <p class='ocr_par' dir='ltr' id='par_1_8' title="bbox 290 734 1364 803">
     <span class='ocr_line' id='line_1_8' title="bbox 290 734 1364 803; baseline -0.003 -12"><span class='ocrx_word' id='word_1_27' title='bbox 290 737 419 791; x_wconf 89' lang='lat'><strong>603.</strong></span> <span class='ocrx_word' id='word_1_28' title='bbox 475 735 624 787; x_wconf 88' lang='lat' dir='ltr'><strong>Alba</strong></span> <span class='ocrx_word' id='word_1_29' title='bbox 678 751 901 803; x_wconf 82' lang='lat' dir='ltr'><strong>semper</strong></span> <span class='ocrx_word' id='word_1_30' title='bbox 967 735 1153 788; x_wconf 87' lang='lat' dir='ltr'><strong>induti</strong></span> <span class='ocrx_word' id='word_1_31' title='bbox 1226 734 1364 789; x_wconf 89' lang='lat' dir='ltr'><strong>olim</strong></span> 
     </span>
    </p>
   </div>
   <div class='ocr_carea' id='block_1_9' title="bbox 294 804 977 876">
    <p class='ocr_par' dir='ltr' id='par_1_9' title="bbox 294 804 977 876">
     <span class='ocr_line' id='line_1_9' title="bbox 294 804 977 876; baseline -0.004 -16"><span class='ocrx_word' id='word_1_32' title='bbox 294 811 460 861; x_wconf 89' lang='lat' dir='ltr'><strong>erant</strong></span> <span class='ocrx_word' id='word_1_33' title='bbox 484 804 831 876; x_wconf 76' lang='lat' dir='ltr'><strong>presbyteri,</strong></span> <span class='ocrx_word' id='word_1_34' title='bbox 850 805 977 860; x_wconf 90' lang='lat'><strong>538.</strong></span> 
     </span>
    </p>
   </div>
   <div class='ocr_carea' id='block_1_10' title="bbox 365 875 1365 945">
    <p class='ocr_par' dir='ltr' id='par_1_10' title="bbox 365 875 1365 945">
     <span class='ocr_line' id='line_1_10' title="bbox 365 875 1365 945; baseline -0.006 -14"><span class='ocrx_word' id='word_1_35' title='bbox 365 875 672 931; x_wconf 84' lang='lat' dir='ltr'><strong>Albericus</strong></span> <span class='ocrx_word' id='word_1_36' title='bbox 702 875 1018 928; x_wconf 90' lang='lat' dir='ltr'><strong>cardinalis</strong></span> <span class='ocrx_word' id='word_1_37' title='bbox 1057 875 1365 945; x_wconf 77' lang='lat' dir='ltr'><strong>Apostolu-</strong></span> 
     </span>
    </p>
   </div>
   <div class='ocr_carea' id='block_1_11' title="bbox 282 945 969 1010">
    <p class='ocr_par' dir='ltr' id='par_1_11' title="bbox 282 945 969 1010">
     <span class='ocr_line' id='line_1_11' title="bbox 282 945 969 1010; baseline -0.007 -6"><span class='ocrx_word' id='word_1_38' title='bbox 282 967 422 1004; x_wconf 91' lang='lat' dir='ltr'><strong>-rum</strong></span> <span class='ocrx_word' id='word_1_39' title='bbox 452 949 522 1001; x_wconf 91' lang='lat' dir='ltr'><strong>ad</strong></span> <span class='ocrx_word' id='word_1_40' title='bbox 554 945 809 1010; x_wconf 89' lang='lat' dir='ltr'><strong>vincula,</strong></span> <span class='ocrx_word' id='word_1_41' title='bbox 843 946 969 1001; x_wconf 87' lang='lat'><strong>632.</strong></span> 
     </span>
    </p>
   </div>
   <div class='ocr_carea' id='block_1_12' title="bbox 369 1016 1364 1074">
    <p class='ocr_par' dir='ltr' id='par_1_12' title="bbox 369 1016 1364 1074">
     <span class='ocr_line' id='line_1_12' title="bbox 369 1016 1364 1074; baseline -0.004 0"><span class='ocrx_word' id='word_1_42' title='bbox 369 1019 631 1074; x_wconf 84' lang='lat' dir='ltr'><strong>Albertus</strong></span> <span class='ocrx_word' id='word_1_43' title='bbox 669 1016 977 1072; x_wconf 89' lang='lat' dir='ltr'><strong>cardinalis</strong></span> <span class='ocrx_word' id='word_1_44' title='bbox 1017 1024 1229 1072; x_wconf 79' lang='lat' dir='ltr'><strong>sanctae</strong></span> <span class='ocrx_word' id='word_1_45' title='bbox 1267 1018 1364 1071; x_wconf 86' lang='lat' dir='ltr'><strong>Sa-</strong></span> 
     </span>
    </p>
   </div>
   <div class='ocr_carea' id='block_1_13' title="bbox 296 1089 614 1145">
    <p class='ocr_par' dir='ltr' id='par_1_13' title="bbox 296 1089 614 1145">
     <span class='ocr_line' id='line_1_13' title="bbox 296 1089 614 1145; baseline -0.009 0"><span class='ocrx_word' id='word_1_46' title='bbox 296 1092 444 1145; x_wconf 85' lang='lat' dir='ltr'><strong>binae</strong></span> <span class='ocrx_word' id='word_1_47' title='bbox 467 1089 614 1143; x_wconf 70' lang='lat' dir='ltr'><strong>Ibid.</strong></span> 
     </span>
    </p>
   </div>
   <div class='ocr_carea' id='block_1_14' title="bbox 368 1158 1232 1223">
    <p class='ocr_par' dir='ltr' id='par_1_14' title="bbox 368 1158 1232 1223">
     <span class='ocr_line' id='line_1_14' title="bbox 368 1158 1232 1223; baseline -0.006 -7"><span class='ocrx_word' id='word_1_48' title='bbox 368 1161 715 1216; x_wconf 84' lang='lat' dir='ltr'><strong>Aldebertus</strong></span> <span class='ocrx_word' id='word_1_49' title='bbox 747 1158 1076 1223; x_wconf 77' lang='lat' dir='ltr'><strong>haereticus,</strong></span> <span class='ocrx_word' id='word_1_50' title='bbox 1107 1159 1232 1214; x_wconf 86' lang='lat'><strong>594.</strong></span> 
     </span>
    </p>
   </div>
   <div class='ocr_carea' id='block_1_15' title="bbox 367 1229 1365 1286">
    <p class='ocr_par' dir='ltr' id='par_1_15' title="bbox 367 1229 1365 1286">
     <span class='ocr_line' id='line_1_15' title="bbox 367 1229 1365 1286; baseline -0.004 -1"><span class='ocrx_word' id='word_1_51' title='bbox 367 1230 757 1286; x_wconf 84' lang='lat' dir='ltr'><strong>Alienaliones</strong></span> <span class='ocrx_word' id='word_1_52' title='bbox 770 1232 1052 1283; x_wconf 88' lang='lat' dir='ltr'><strong>bonorum</strong></span> <span class='ocrx_word' id='word_1_53' title='bbox 1071 1229 1365 1283; x_wconf 90' lang='lat' dir='ltr'><strong>ecclesias-</strong></span> 
     </span>
    </p>
   </div>
   <div class='ocr_carea' id='block_1_16' title="bbox 270 1301 1360 1372">
    <p class='ocr_par' dir='ltr' id='par_1_16' title="bbox 270 1301 1360 1372">
     <span class='ocr_line' id='line_1_16' title="bbox 270 1301 1360 1372; baseline -0.004 -14"><span class='ocrx_word' id='word_1_54' title='bbox 270 1307 537 1358; x_wconf 60' lang='lat' dir='ltr'><strong>ticarum</strong></span> <span class='ocrx_word' id='word_1_55' title='bbox 584 1303 792 1361; x_wconf 80' lang='lat' dir='ltr'><strong>vetitae,</strong></span> <span class='ocrx_word' id='word_1_56' title='bbox 851 1301 950 1355; x_wconf 89' lang='lat'><strong>160</strong></span> <span class='ocrx_word' id='word_1_57' title='bbox 977 1311 1027 1356; x_wconf 76' lang='lat' dir='ltr'><strong>et</strong></span> <span class='ocrx_word' id='word_1_58' title='bbox 1067 1319 1202 1372; x_wconf 73' lang='lat' dir='ltr'><strong>seq.,</strong></span> <span class='ocrx_word' id='word_1_59' title='bbox 1241 1301 1360 1365; x_wconf 85' lang='lat'><strong>166,</strong></span> 
     </span>
    </p>
   </div>
   <div class='ocr_carea' id='block_1_17' title="bbox 365 1441 1363 1514">
    <p class='ocr_par' dir='ltr' id='par_1_17' title="bbox 365 1441 1363 1514">
     <span class='ocr_line' id='line_1_17' title="bbox 365 1441 1363 1514; baseline -0.004 -15"><span class='ocrx_word' id='word_1_60' title='bbox 365 1446 561 1499; x_wconf 87' lang='lat' dir='ltr'><strong>Altare</strong></span> <span class='ocrx_word' id='word_1_61' title='bbox 615 1441 908 1514; x_wconf 88' lang='lat' dir='ltr'><strong>portatile,</strong></span> <span class='ocrx_word' id='word_1_62' title='bbox 1138 1443 1363 1498; x_wconf 85' lang='lat' dir='ltr'><strong>Altaria</strong></span> 
     </span>
    </p>
   </div>
   <div class='ocr_carea' id='block_1_18' title="bbox 292 1514 1363 1585">
    <p class='ocr_par' dir='ltr' id='par_1_18' title="bbox 292 1514 1363 1585">
     <span class='ocr_line' id='line_1_18' title="bbox 292 1514 1363 1585; baseline -0.006 -14"><span class='ocrx_word' id='word_1_63' title='bbox 292 1519 561 1585; x_wconf 84' lang='lat' dir='ltr'><strong>ambigua</strong></span> <span class='ocrx_word' id='word_1_64' title='bbox 590 1516 659 1567; x_wconf 91' lang='lat' dir='ltr'><strong>de</strong></span> <span class='ocrx_word' id='word_1_65' title='bbox 688 1514 1127 1568; x_wconf 81' lang='lat' dir='ltr'><strong>consecratione</strong></span> <span class='ocrx_word' id='word_1_66' title='bbox 1165 1530 1363 1568; x_wconf 90' lang='lat' dir='ltr'><strong>conse-</strong></span> 
     </span>
    </p>
   </div>
   <div class='ocr_carea' id='block_1_19' title="bbox 292 1584 1357 1655">
    <p class='ocr_par' dir='ltr' id='par_1_19' title="bbox 292 1584 1357 1655">
     <span class='ocr_line' id='line_1_19' title="bbox 292 1584 1357 1655; baseline -0.006 -12"><span class='ocrx_word' id='word_1_67' title='bbox 292 1584 539 1648; x_wconf 88' lang='lat' dir='ltr'><strong>crentur,</strong></span> <span class='ocrx_word' id='word_1_68' title='bbox 579 1593 633 1638; x_wconf 85' lang='lat' dir='ltr'><strong>et</strong></span> <span class='ocrx_word' id='word_1_69' title='bbox 648 1585 939 1655; x_wconf 79' lang='lat' dir='ltr'><strong>superﬂua</strong></span> <span class='ocrx_word' id='word_1_70' title='bbox 960 1584 1357 1646; x_wconf 79' lang='lat' dir='ltr'><strong>destruantur,</strong></span> 
     </span>
    </p>
   </div>
   <div class='ocr_carea' id='block_1_20' title="bbox 292 1656 1360 1715">
    <p class='ocr_par' dir='ltr' id='par_1_20' title="bbox 292 1656 1360 1715">
     <span class='ocr_line' id='line_1_20' title="bbox 292 1656 1360 1715; baseline -0.007 -1"><span class='ocrx_word' id='word_1_71' title='bbox 292 1660 380 1715; x_wconf 83' lang='lat'><strong>43.</strong></span> <span class='ocrx_word' id='word_1_72' title='bbox 443 1656 1121 1711; x_wconf 78' lang='lat' dir='ltr'><strong>Altaria&#39;mundissimis</strong></span> <span class='ocrx_word' id='word_1_73' title='bbox 1166 1656 1360 1710; x_wconf 83' lang='lat' dir='ltr'><strong>linteis</strong></span> 
     </span>
    </p>
   </div>
   <div class='ocr_carea' id='block_1_21' title="bbox 291 1726 1362 1800">
    <p class='ocr_par' dir='ltr' id='par_1_21' title="bbox 291 1726 1362 1800">
     <span class='ocr_line' id='line_1_21' title="bbox 291 1726 1362 1800; baseline -0.007 -14"><span class='ocrx_word' id='word_1_74' title='bbox 291 1729 717 1800; x_wconf 82' lang='lat' dir='ltr'><strong>cooperiantur,</strong></span> <span class='ocrx_word' id='word_1_75' title='bbox 736 1728 825 1783; x_wconf 89' lang='lat'><strong>53.</strong></span> <span class='ocrx_word' id='word_1_76' title='bbox 846 1726 1075 1800; x_wconf 80' lang='lat' dir='ltr'><strong>Altaria</strong></span> <span class='ocrx_word' id='word_1_77' title='bbox 1097 1745 1219 1800; x_wconf 84' lang='lat' dir='ltr'><strong>non</strong></span> <span class='ocrx_word' id='word_1_78' title='bbox 1244 1728 1362 1779; x_wconf 86' lang='lat' dir='ltr'><strong>sint</strong></span> 
     </span>
    </p>
   </div>
   <div class='ocr_carea' id='block_1_22' title="bbox 292 1796 1364 1873">
    <p class='ocr_par' dir='ltr' id='par_1_22' title="bbox 292 1796 1364 1873">
     <span class='ocr_line' id='line_1_22' title="bbox 292 1796 1364 1873; baseline -0.003 -18"><span class='ocrx_word' id='word_1_79' title='bbox 292 1796 490 1873; x_wconf 75' lang='lat' dir='ltr'><strong>pervia</strong></span> <span class='ocrx_word' id='word_1_80' title='bbox 518 1800 778 1873; x_wconf 80' lang='lat' dir='ltr'><strong>canibus,</strong></span> <span class='ocrx_word' id='word_1_81' title='bbox 800 1798 892 1851; x_wconf 88' lang='lat'><strong>44.</strong></span> <span class='ocrx_word' id='word_1_82' title='bbox 920 1796 1143 1873; x_wconf 75' lang='lat' dir='ltr'><strong>_Altaris</strong></span> <span class='ocrx_word' id='word_1_83' title='bbox 1172 1815 1364 1873; x_wconf 72' lang='lat' dir='ltr'><strong>sacra-</strong></span> 
     </span>
    </p>
   </div>
   <div class='ocr_carea' id='block_1_23' title="bbox 293 1869 1357 1939">
    <p class='ocr_par' dir='ltr' id='par_1_23' title="bbox 293 1869 1357 1939">
     <span class='ocr_line' id='line_1_23' title="bbox 293 1869 1357 1939; baseline -0.007 -13"><span class='ocrx_word' id='word_1_84' title='bbox 293 1869 484 1927; x_wconf 69' lang='lat' dir='ltr'><strong>inenta</strong></span> <span class='ocrx_word' id='word_1_85' title='bbox 512 1888 545 1922; x_wconf 88' lang='lat' dir='ltr'><strong>a</strong></span> <span class='ocrx_word' id='word_1_86' title='bbox 588 1870 808 1939; x_wconf 86' lang='lat' dir='ltr'><strong>jejunis</strong></span> <span class='ocrx_word' id='word_1_87' title='bbox 853 1869 1234 1933; x_wconf 79' lang='lat' dir='ltr'><strong>celebrentur,</strong></span> <span class='ocrx_word' id='word_1_88' title='bbox 1266 1870 1357 1923; x_wconf 86' lang='lat'><strong>95.</strong></span> 
     </span>
    </p>
   </div>
   <div class='ocr_carea' id='block_1_24' title="bbox 292 1940 1089 2004">
    <p class='ocr_par' dir='ltr' id='par_1_24' title="bbox 292 1940 1089 2004">
     <span class='ocr_line' id='line_1_24' title="bbox 292 1940 1089 2004; baseline -0.005 -7"><span class='ocrx_word' id='word_1_89' title='bbox 292 1943 583 1999; x_wconf 85' lang='lat' dir='ltr'><strong>Altarium</strong></span> <span class='ocrx_word' id='word_1_90' title='bbox 616 1941 969 2004; x_wconf 90' lang='lat' dir='ltr'><strong>indumenta,</strong></span> <span class='ocrx_word' id='word_1_91' title='bbox 998 1940 1089 1993; x_wconf 89' lang='lat'><strong>22.</strong></span> 
     </span>
    </p>
   </div>
   <div class='ocr_carea' id='block_1_25' title="bbox 272 2010 1361 2082">
    <p class='ocr_par' dir='ltr' id='par_1_25' title="bbox 272 2010 1361 2082">
     <span class='ocr_line' id='line_1_25' title="bbox 272 2010 1361 2082; baseline -0.004 -15"><span class='ocrx_word' id='word_1_92' title='bbox 272 2038 316 2058; x_wconf 81' lang='lat'><strong>-</strong></span> <span class='ocrx_word' id='word_1_93' title='bbox 363 2013 651 2067; x_wconf 88' lang='lat' dir='ltr'><strong>Altfridus</strong></span> <span class='ocrx_word' id='word_1_94' title='bbox 695 2012 999 2082; x_wconf 86' lang='lat' dir='ltr'><strong>episcopus</strong></span> <span class='ocrx_word' id='word_1_95' title='bbox 1038 2010 1361 2064; x_wconf 85' lang='lat' dir='ltr'><strong>Hildeshei-</strong></span> 
     </span>
    </p>
   </div>
   <div class='ocr_carea' id='block_1_26' title="bbox 292 2082 680 2145">
    <p class='ocr_par' dir='ltr' id='par_1_26' title="bbox 292 2082 680 2145">
     <span class='ocr_line' id='line_1_26' title="bbox 292 2082 680 2145; baseline -0.01 -5"><span class='ocrx_word' id='word_1_96' title='bbox 292 2085 525 2145; x_wconf 84' lang='lat' dir='ltr'><strong>mensis,</strong></span> <span class='ocrx_word' id='word_1_97' title='bbox 555 2082 680 2139; x_wconf 88' lang='grc'>600.</span> 
     </span>
    </p>
   </div>
   <div class='ocr_carea' id='block_1_27' title="bbox 363 2154 1361 2224">
    <p class='ocr_par' dir='ltr' id='par_1_27' title="bbox 363 2154 1361 2224">
     <span class='ocr_line' id='line_1_27' title="bbox 363 2154 1361 2224; baseline -0.002 -15"><span class='ocrx_word' id='word_1_98' title='bbox 363 2156 607 2209; x_wconf 87' lang='lat' dir='ltr'><strong>Altheus</strong></span> <span class='ocrx_word' id='word_1_99' title='bbox 639 2155 946 2224; x_wconf 86' lang='lat' dir='ltr'><strong>episcOpus</strong></span> <span class='ocrx_word' id='word_1_100' title='bbox 984 2154 1361 2222; x_wconf 88' lang='lat' dir='ltr'><strong>Augustodu-</strong></span> 
     </span>
    </p>
   </div>
   <div class='ocr_carea' id='block_1_28' title="bbox 276 2224 665 2289">
    <p class='ocr_par' dir='ltr' id='par_1_28' title="bbox 276 2224 665 2289">
     <span class='ocr_line' id='line_1_28' title="bbox 276 2224 665 2289; baseline -0.008 -8"><span class='ocrx_word' id='word_1_101' title='bbox 276 2227 506 2289; x_wconf 82' lang='lat' dir='ltr'><strong>nensis,</strong></span> <span class='ocrx_word' id='word_1_102' title='bbox 538 2224 665 2279; x_wconf 97' lang='lat'><strong>622.</strong></span> 
     </span>
    </p>
   </div>
   <div class='ocr_carea' id='block_1_29' title="bbox 363 2293 1359 2350">
    <p class='ocr_par' dir='ltr' id='par_1_29' title="bbox 363 2293 1359 2350">
     <span class='ocr_line' id='line_1_29' title="bbox 363 2293 1359 2350; baseline -0.006 0"><span class='ocrx_word' id='word_1_103' title='bbox 363 2298 689 2350; x_wconf 86' lang='lat' dir='ltr'><strong>Amalricus</strong></span> <span class='ocrx_word' id='word_1_104' title='bbox 739 2293 1095 2346; x_wconf 82' lang='lat' dir='ltr'><strong>Turonensis</strong></span> <span class='ocrx_word' id='word_1_105' title='bbox 1141 2293 1359 2345; x_wconf 89' lang='lat' dir='ltr'><strong>archie-</strong></span> 
     </span>
    </p>
   </div>
   <div class='ocr_carea' id='block_1_30' title="bbox 290 2363 737 2438">
    <p class='ocr_par' dir='ltr' id='par_1_30' title="bbox 290 2363 737 2438">
     <span class='ocr_line' id='line_1_30' title="bbox 290 2363 737 2438; baseline -0.009 -18"><span class='ocrx_word' id='word_1_106' title='bbox 290 2370 579 2438; x_wconf 84' lang='lat' dir='ltr'><strong>piscopus,</strong></span> <span class='ocrx_word' id='word_1_107' title='bbox 608 2363 737 2421; x_wconf 83' lang='lat'><strong>392.</strong></span> 
     </span>
    </p>
   </div>
   <div class='ocr_carea' id='block_1_31' title="bbox 364 2433 1360 2504">
    <p class='ocr_par' dir='ltr' id='par_1_31' title="bbox 364 2433 1360 2504">
     <span class='ocr_line' id='line_1_31' title="bbox 364 2433 1360 2504; baseline -0.005 -13"><span class='ocrx_word' id='word_1_108' title='bbox 364 2433 619 2491; x_wconf 72' lang='lat' dir='ltr'><strong>Ambitio</strong></span> <span class='ocrx_word' id='word_1_109' title='bbox 656 2434 835 2488; x_wconf 90' lang='lat' dir='ltr'><strong>vetita</strong></span> <span class='ocrx_word' id='word_1_110' title='bbox 879 2450 985 2504; x_wconf 87' lang='lat' dir='ltr'><strong>pro</strong></span> <span class='ocrx_word' id='word_1_111' title='bbox 1028 2433 1360 2503; x_wconf 77' lang='lat' dir='ltr'><strong>episcopatu</strong></span> 
     </span>
    </p>
   </div>
   <div class='ocr_carea' id='block_1_32' title="bbox 296 2504 1019 2579">
    <p class='ocr_par' dir='ltr' id='par_1_32' title="bbox 296 2504 1019 2579">
     <span class='ocr_line' id='line_1_32' title="bbox 296 2504 1019 2579; baseline -0.007 -17"><span class='ocrx_word' id='word_1_112' title='bbox 296 2506 663 2579; x_wconf 81' lang='lat' dir='ltr'><strong>acquirendo,</strong></span> <span class='ocrx_word' id='word_1_113' title='bbox 828 2514 1019 2579; x_wconf 79' lang='lat' dir='ltr'><strong>et_s_eq.</strong></span> 
     </span>
    </p>
   </div>
   <div class='ocr_carea' id='block_1_33' title="bbox 366 2574 999 2642">
    <p class='ocr_par' dir='ltr' id='par_1_33' title="bbox 366 2574 999 2642">
     <span class='ocr_line' id='line_1_33' title="bbox 366 2574 999 2642; baseline -0.008 -11"><span class='ocrx_word' id='word_1_114' title='bbox 366 2574 571 2641; x_wconf 80' lang='lat' dir='ltr'><strong>Ambo,</strong></span> <span class='ocrx_word' id='word_1_115' title='bbox 604 2578 693 2642; x_wconf 89' lang='lat'><strong>43,</strong></span> <span class='ocrx_word' id='word_1_116' title='bbox 729 2574 849 2638; x_wconf 88' lang='lat'><strong>181,</strong></span> <span class='ocrx_word' id='word_1_117' title='bbox 882 2574 999 2630; x_wconf 90' lang='lat'><strong>186.</strong></span> 
     </span>
    </p>
   </div>
   <div class='ocr_carea' id='block_1_34' title="bbox 364 2647 1360 2719">
    <p class='ocr_par' dir='ltr' id='par_1_34' title="bbox 364 2647 1360 2719">
     <span class='ocr_line' id='line_1_34' title="bbox 364 2647 1360 2719; baseline -0.005 -16"><span class='ocrx_word' id='word_1_118' title='bbox 364 2648 654 2719; x_wconf 70' lang='lat' dir='ltr'><strong>Ampullze</strong></span> <span class='ocrx_word' id='word_1_119' title='bbox 681 2647 803 2701; x_wconf 88' lang='lat' dir='ltr'><strong>duae</strong></span> <span class='ocrx_word' id='word_1_120' title='bbox 826 2647 885 2700; x_wconf 90' lang='lat' dir='ltr'><strong>in</strong></span> <span class='ocrx_word' id='word_1_121' title='bbox 914 2664 1074 2700; x_wconf 85' lang='lat' dir='ltr'><strong>coena</strong></span> <span class='ocrx_word' id='word_1_122' title='bbox 1109 2647 1360 2712; x_wconf 88' lang='lat' dir='ltr'><strong>Domini,</strong></span> 
     </span>
    </p>
   </div>
   <div class='ocr_carea' id='block_1_35' title="bbox 363 2788 1361 2859">
    <p class='ocr_par' dir='ltr' id='par_1_35' title="bbox 363 2788 1361 2859">
     <span class='ocr_line' id='line_1_35' title="bbox 363 2788 1361 2859; baseline -0.002 -15"><span class='ocrx_word' id='word_1_123' title='bbox 363 2792 707 2844; x_wconf 81' lang='lat' dir='ltr'><strong>Anastasius</strong></span> <span class='ocrx_word' id='word_1_124' title='bbox 754 2788 1221 2859; x_wconf 79' lang='lat' dir='ltr'><strong>archiepiscopus</strong></span> <span class='ocrx_word' id='word_1_125' title='bbox 1268 2790 1361 2842; x_wconf 89' lang='lat' dir='ltr'><strong>Se-</strong></span> 
     </span>
    </p>
   </div>
   <div class='ocr_carea' id='block_1_36' title="bbox 293 2860 742 2926">
    <p class='ocr_par' dir='ltr' id='par_1_36' title="bbox 293 2860 742 2926">
     <span class='ocr_line' id='line_1_36' title="bbox 293 2860 742 2926; baseline -0.004 -13"><span class='ocrx_word' id='word_1_126' title='bbox 293 2863 591 2926; x_wconf 88' lang='lat' dir='ltr'><strong>nonensis,</strong></span> <span class='ocrx_word' id='word_1_127' title='bbox 616 2860 742 2916; x_wconf 90' lang='lat'><strong>638.</strong></span> 
     </span>
    </p>
   </div>
   <div class='ocr_carea' id='block_1_37' title="bbox 351 2929 1356 2993">
    <p class='ocr_par' dir='ltr' id='par_1_37' title="bbox 351 2929 1356 2993">
     <span class='ocr_line' id='line_1_37' title="bbox 351 2929 1356 2993; baseline -0.002 -7"><span class='ocrx_word' id='word_1_128' title='bbox 351 2932 688 2986; x_wconf 88' lang='lat' dir='ltr'><strong>Anastasius</strong></span> <span class='ocrx_word' id='word_1_129' title='bbox 710 2929 1216 2993; x_wconf 77' lang='lat' dir='ltr'><strong>Bibliothecarius,</strong></span> <span class='ocrx_word' id='word_1_130' title='bbox 1230 2930 1356 2984; x_wconf 88' lang='grc'><strong>599.</strong></span> 
     </span>
    </p>
   </div>
   <div class='ocr_carea' id='block_1_38' title="bbox 363 3004 1357 3058">
    <p class='ocr_par' dir='ltr' id='par_1_38' title="bbox 363 3004 1357 3058">
     <span class='ocr_line' id='line_1_38' title="bbox 363 3004 1357 3058; baseline -0.005 0"><span class='ocrx_word' id='word_1_131' title='bbox 363 3005 682 3058; x_wconf 89' lang='lat' dir='ltr'><strong>Adathema</strong></span> <span class='ocrx_word' id='word_1_132' title='bbox 729 3009 816 3054; x_wconf 88' lang='lat' dir='ltr'><strong>est</strong></span> <span class='ocrx_word' id='word_1_133' title='bbox 875 3006 1099 3055; x_wconf 61' lang='lat' dir='ltr'><strong>aeternae</strong></span> <span class='ocrx_word' id='word_1_134' title='bbox 1154 3004 1357 3056; x_wconf 88' lang='lat' dir='ltr'><strong>mortis</strong></span> 
     </span>
    </p>
   </div>
   <div class='ocr_carea' id='block_1_39' title="bbox 292 3072 1358 3138">
    <p class='ocr_par' dir='ltr' id='par_1_39' title="bbox 292 3072 1358 3138">
     <span class='ocr_line' id='line_1_39' title="bbox 292 3072 1358 3138; baseline -0.004 -9"><span class='ocrx_word' id='word_1_135' title='bbox 292 3074 609 3138; x_wconf 75' lang='lat' dir='ltr'><strong>damnatio,</strong></span> <span class='ocrx_word' id='word_1_136' title='bbox 639 3072 763 3128; x_wconf 78' lang='lat'><strong>327.</strong></span> <span class='ocrx_word' id='word_1_137' title='bbox 797 3072 1196 3126; x_wconf 87' lang='lat' dir='ltr'><strong>Anathematis</strong></span> <span class='ocrx_word' id='word_1_138' title='bbox 1224 3090 1358 3127; x_wconf 87' lang='lat' dir='ltr'><strong>con-</strong></span> 
     </span>
    </p>
   </div>
   <div class='ocr_carea' id='block_1_40' title="bbox 291 3145 669 3203">
    <p class='ocr_par' dir='ltr' id='par_1_40' title="bbox 291 3145 669 3203">
     <span class='ocr_line' id='line_1_40' title="bbox 291 3145 669 3203; baseline -0.005 -4"><span class='ocrx_word' id='word_1_139' title='bbox 291 3147 500 3201; x_wconf 88' lang='lat' dir='ltr'><strong>clusio.</strong></span> <span class='ocrx_word' id='word_1_140' title='bbox 542 3145 669 3203; x_wconf 93' lang='lat'><strong>361.</strong></span> 
     </span>
    </p>
   </div>
   <div class='ocr_carea' id='block_1_41' title="bbox 362 3215 1354 3281">
    <p class='ocr_par' dir='ltr' id='par_1_41' title="bbox 362 3215 1354 3281">
     <span class='ocr_line' id='line_1_41' title="bbox 362 3215 1354 3281; baseline -0.004 -9"><span class='ocrx_word' id='word_1_141' title='bbox 362 3216 594 3272; x_wconf 89' lang='lat' dir='ltr'><strong>Ancilla</strong></span> <span class='ocrx_word' id='word_1_142' title='bbox 659 3215 934 3269; x_wconf 89' lang='lat' dir='ltr'><strong>vestiaria</strong></span> <span class='ocrx_word' id='word_1_143' title='bbox 991 3222 1047 3269; x_wconf 93' lang='lat' dir='ltr'><strong>et</strong></span> <span class='ocrx_word' id='word_1_144' title='bbox 1100 3216 1354 3281; x_wconf 86' lang='lat' dir='ltr'><strong>genecia,</strong></span> 
     </span>
    </p>
   </div>
   <div class='ocr_carea' id='block_1_42' title="bbox 290 3285 1356 3357">
    <p class='ocr_par' dir='ltr' id='par_1_42' title="bbox 290 3285 1356 3357">
     <span class='ocr_line' id='line_1_42' title="bbox 290 3285 1356 3357; baseline -0.006 -12"><span class='ocrx_word' id='word_1_145' title='bbox 290 3291 415 3346; x_wconf 91' lang='lat'><strong>568.</strong></span> <span class='ocrx_word' id='word_1_146' title='bbox 441 3286 670 3342; x_wconf 89' lang='lat' dir='ltr'><strong>Ancilla</strong></span> <span class='ocrx_word' id='word_1_147' title='bbox 692 3285 983 3357; x_wconf 84' lang='lat' dir='ltr'><strong>perzelum</strong></span> <span class='ocrx_word' id='word_1_148' title='bbox 1001 3288 1206 3357; x_wconf 88' lang='lat' dir='ltr'><strong>occisa,</strong></span> <span class='ocrx_word' id='word_1_149' title='bbox 1230 3286 1356 3342; x_wconf 91' lang='lat'><strong>473.</strong></span> 
     </span>
    </p>
   </div>
   <div class='ocr_carea' id='block_1_43' title="bbox 362 3356 1356 3429">
    <p class='ocr_par' dir='ltr' id='par_1_43' title="bbox 362 3356 1356 3429">
     <span class='ocr_line' id='line_1_43' title="bbox 362 3356 1356 3429; baseline -0.003 -16"><span class='ocrx_word' id='word_1_150' title='bbox 362 3360 687 3429; x_wconf 78' lang='lat' dir='ltr'><strong>Anglorum</strong></span> <span class='ocrx_word' id='word_1_151' title='bbox 702 3356 863 3426; x_wconf 81' lang='lat' dir='ltr'><strong>gens</strong></span> <span class='ocrx_word' id='word_1_152' title='bbox 878 3374 1064 3427; x_wconf 87' lang='lat' dir='ltr'><strong>nuper</strong></span> <span class='ocrx_word' id='word_1_153' title='bbox 1092 3356 1164 3409; x_wconf 90' lang='lat' dir='ltr'><strong>ad</strong></span> <span class='ocrx_word' id='word_1_154' title='bbox 1188 3358 1356 3410; x_wconf 90' lang='lat' dir='ltr'><strong>ﬁdem</strong></span> 
     </span>
    </p>
   </div>
   <div class='ocr_carea' id='block_1_44' title="bbox 293 3428 742 3493">
    <p class='ocr_par' dir='ltr' id='par_1_44' title="bbox 293 3428 742 3493">
     <span class='ocr_line' id='line_1_44' title="bbox 293 3428 742 3493; baseline -0.009 -7"><span class='ocrx_word' id='word_1_155' title='bbox 293 3447 589 3493; x_wconf 89' lang='lat' dir='ltr'><strong>conversa,</strong></span> <span class='ocrx_word' id='word_1_156' title='bbox 618 3428 742 3483; x_wconf 89' lang='lat'><strong>395.</strong></span> 
     </span>
    </p>
   </div>
   <div class='ocr_carea' id='block_1_45' title="bbox 362 3497 1357 3565">
    <p class='ocr_par' dir='ltr' id='par_1_45' title="bbox 362 3497 1357 3565">
     <span class='ocr_line' id='line_1_45' title="bbox 362 3497 1357 3565; baseline -0.006 -9"><span class='ocrx_word' id='word_1_157' title='bbox 362 3501 808 3556; x_wconf 88' lang='lat' dir='ltr'><strong>Anniversarius</strong></span> <span class='ocrx_word' id='word_1_158' title='bbox 838 3499 983 3565; x_wconf 83' lang='lat' dir='ltr'><strong>dies,</strong></span> <span class='ocrx_word' id='word_1_159' title='bbox 1031 3497 1150 3552; x_wconf 88' lang='lat'><strong>107.</strong></span> <span class='ocrx_word' id='word_1_160' title='bbox 1183 3500 1357 3552; x_wconf 89' lang='lat' dir='ltr'><strong>Anni-</strong></span> 
     </span>
    </p>
   </div>
   <div class='ocr_carea' id='block_1_46' title="bbox 291 3569 1354 3634">
    <p class='ocr_par' dir='ltr' id='par_1_46' title="bbox 291 3569 1354 3634">
     <span class='ocr_line' id='line_1_46' title="bbox 291 3569 1354 3634; baseline -0.005 -7"><span class='ocrx_word' id='word_1_161' title='bbox 291 3573 583 3627; x_wconf 90' lang='lat' dir='ltr'><strong>versarius</strong></span> <span class='ocrx_word' id='word_1_162' title='bbox 620 3572 739 3624; x_wconf 89' lang='lat' dir='ltr'><strong>dies</strong></span> <span class='ocrx_word' id='word_1_163' title='bbox 786 3569 1056 3632; x_wconf 82' lang='lat' dir='ltr'><strong>defuncti,</strong></span> <span class='ocrx_word' id='word_1_164' title='bbox 1098 3570 1189 3634; x_wconf 89' lang='lat'><strong>25,</strong></span> <span class='ocrx_word' id='word_1_165' title='bbox 1234 3570 1354 3634; x_wconf 89' lang='lat'><strong>107,</strong></span> 
     </span>
    </p>
   </div>
   <div class='ocr_carea' id='block_1_47' title="bbox 362 3710 1351 3779">
    <p class='ocr_par' dir='ltr' id='par_1_47' title="bbox 362 3710 1351 3779">
     <span class='ocr_line' id='line_1_47' title="bbox 362 3710 1351 3779; baseline -0.005 -10"><span class='ocrx_word' id='word_1_166' title='bbox 362 3718 626 3779; x_wconf 78' lang='lat' dir='ltr'><strong>Annona,</strong></span> <span class='ocrx_word' id='word_1_167' title='bbox 667 3713 724 3764; x_wconf 92' lang='lat' dir='ltr'><strong>id</strong></span> <span class='ocrx_word' id='word_1_168' title='bbox 749 3718 839 3765; x_wconf 91' lang='lat' dir='ltr'><strong>est</strong></span> <span class='ocrx_word' id='word_1_169' title='bbox 861 3710 1229 3776; x_wconf 83' lang='lat' dir='ltr'><strong>frumentum,</strong></span> <span class='ocrx_word' id='word_1_170' title='bbox 1263 3710 1351 3764; x_wconf 90' lang='lat'><strong>49.</strong></span> 
     </span>
    </p>
   </div>
   <div class='ocr_carea' id='block_1_48' title="bbox 291 3780 1270 3844">
    <p class='ocr_par' dir='ltr' id='par_1_48' title="bbox 291 3780 1270 3844">
     <span class='ocr_line' id='line_1_48' title="bbox 291 3780 1270 3844; baseline -0.006 -3"><span class='ocrx_word' id='word_1_171' title='bbox 291 3789 415 3841; x_wconf 81' lang='lat' dir='ltr'><strong>Non</strong></span> <span class='ocrx_word' id='word_1_172' title='bbox 436 3785 776 3839; x_wconf 90' lang='lat' dir='ltr'><strong>recondatur</strong></span> <span class='ocrx_word' id='word_1_173' title='bbox 802 3782 862 3834; x_wconf 92' lang='lat' dir='ltr'><strong>in</strong></span> <span class='ocrx_word' id='word_1_174' title='bbox 887 3780 1145 3844; x_wconf 86' lang='lat' dir='ltr'><strong>ecclesia,</strong></span> <span class='ocrx_word' id='word_1_175' title='bbox 1179 3780 1270 3835; x_wconf 89' lang='lat'><strong>51.</strong></span> 
     </span>
    </p>
   </div>
   <div class='ocr_carea' id='block_1_49' title="bbox 362 3850 1354 3919">
    <p class='ocr_par' dir='ltr' id='par_1_49' title="bbox 362 3850 1354 3919">
     <span class='ocr_line' id='line_1_49' title="bbox 362 3850 1354 3919; baseline -0.006 -7"><span class='ocrx_word' id='word_1_176' title='bbox 362 3856 644 3917; x_wconf 90' lang='lat' dir='ltr'><strong>Annulus,</strong></span> <span class='ocrx_word' id='word_1_177' title='bbox 700 3854 756 3906; x_wconf 93' lang='lat' dir='ltr'><strong>id</strong></span> <span class='ocrx_word' id='word_1_178' title='bbox 793 3857 881 3906; x_wconf 90' lang='lat' dir='ltr'><strong>est</strong></span> <span class='ocrx_word' id='word_1_179' title='bbox 918 3850 1200 3919; x_wconf 89' lang='lat' dir='ltr'><strong>sigillum,</strong></span> <span class='ocrx_word' id='word_1_180' title='bbox 1234 3851 1354 3906; x_wconf 89' lang='lat'><strong>196.</strong></span> 
     </span>
    </p>
   </div>
   <div class='ocr_carea' id='block_1_50' title="bbox 361 3922 1094 3999">
    <p class='ocr_par' dir='ltr' id='par_1_50' title="bbox 361 3922 1094 3999">
     <span class='ocr_line' id='line_1_50' title="bbox 361 3922 1094 3999; baseline -0.007 -17"><span class='ocrx_word' id='word_1_181' title='bbox 361 3926 807 3999; x_wconf 87' lang='lat' dir='ltr'><strong>Antiphonaria,</strong></span> <span class='ocrx_word' id='word_1_182' title='bbox 837 3922 929 3999; x_wconf 72' lang='lat'><strong>22,</strong></span> <span class='ocrx_word' id='word_1_183' title='bbox 969 3923 1094 3978; x_wconf 75' lang='lat'><strong>697.</strong></span> 
     </span>
    </p>
   </div>
   <div class='ocr_carea' id='block_1_51' title="bbox 360 3994 1357 4070">
    <p class='ocr_par' dir='ltr' id='par_1_51' title="bbox 360 3994 1357 4070">
     <span class='ocr_line' id='line_1_51' title="bbox 360 3994 1357 4070; baseline -0.007 -16"><span class='ocrx_word' id='word_1_184' title='bbox 360 3994 710 4070; x_wconf 74' lang='lat' dir='ltr'><strong>Apostolicae</strong></span> <span class='ocrx_word' id='word_1_185' title='bbox 794 3995 969 4070; x_wconf 53' lang='lat' dir='ltr'><strong>sedis</strong></span> <span class='ocrx_word' id='word_1_186' title='bbox 1014 3994 1357 4050; x_wconf 80' lang='lat' dir='ltr'><strong>auctoritate</strong></span> 
     </span>
    </p>
   </div>
   <div class='ocr_carea' id='block_1_52' title="bbox 289 4065 997 4141">
    <p class='ocr_par' dir='ltr' id='par_1_52' title="bbox 289 4065 997 4141">
     <span class='ocr_line' id='line_1_52' title="bbox 289 4065 997 4141; baseline -0.007 -16"><span class='ocrx_word' id='word_1_187' title='bbox 289 4065 475 4141; x_wconf 68' lang='lat' dir='ltr'><strong>majér</strong></span> <span class='ocrx_word' id='word_1_188' title='bbox 526 4068 690 4141; x_wconf 91' lang='lat' dir='ltr'><strong>nulla</strong></span> <span class='ocrx_word' id='word_1_189' title='bbox 719 4073 827 4130; x_wconf 91' lang='lat' dir='ltr'><strong>est,</strong></span> <span class='ocrx_word' id='word_1_190' title='bbox 868 4065 997 4121; x_wconf 87' lang='lat'><strong>255.</strong></span> 
     </span>
    </p>
   </div>
   <div class='ocr_carea' id='block_1_53' title="bbox 361 4135 1358 4212">
    <p class='ocr_par' dir='ltr' id='par_1_53' title="bbox 361 4135 1358 4212">
     <span class='ocr_line' id='line_1_53' title="bbox 361 4135 1358 4212; baseline -0.009 -16"><span class='ocrx_word' id='word_1_191' title='bbox 361 4135 771 4212; x_wconf 79' lang='lat' dir='ltr'><strong>Apostolicoru</strong></span> <span class='ocrx_word' id='word_1_192' title='bbox 778 4155 857 4212; x_wconf 23' lang='lat' dir='ltr'><strong>mg</strong></span> <span class='ocrx_word' id='word_1_193' title='bbox 868 4208 895 4212; x_wconf 30' lang='grc' dir='ltr'>μ</span> <span class='ocrx_word' id='word_1_194' title='bbox 907 4153 1185 4212; x_wconf 79' lang='lat' dir='ltr'><strong>canonum</strong></span> <span class='ocrx_word' id='word_1_195' title='bbox 1267 4135 1358 4188; x_wconf 83' lang='lat' dir='ltr'><strong>du-</strong></span> 
     </span>
    </p>
   </div>
   <div class='ocr_carea' id='block_1_54' title="bbox 290 4208 962 4283">
    <p class='ocr_par' dir='ltr' id='par_1_54' title="bbox 290 4208 962 4283">
     <span class='ocr_line' id='line_1_54' title="bbox 290 4208 962 4283; baseline -0.003 -17"><span class='ocrx_word' id='word_1_196' title='bbox 290 4208 433 4283; x_wconf 73' lang='lat' dir='ltr'><strong>plei</strong></span> <span class='ocrx_word' id='word_1_197' title='bbox 437 4212 570 4267; x_wconf 89' lang='lat' dir='ltr'><strong>olim</strong></span> <span class='ocrx_word' id='word_1_198' title='bbox 603 4210 804 4283; x_wconf 82' lang='lat' dir='ltr'><strong>editio,</strong></span> <span class='ocrx_word' id='word_1_199' title='bbox 828 4208 962 4264; x_wconf 91' lang='lat'><strong>555.</strong></span> 
     </span>
    </p>
   </div>
   <div class='ocr_carea' id='block_1_55' title="bbox 360 4277 1350 4355">
    <p class='ocr_par' dir='ltr' id='par_1_55' title="bbox 360 4277 1350 4355">
     <span class='ocr_line' id='line_1_55' title="bbox 360 4277 1350 4355; baseline -0.005 -17"><span class='ocrx_word' id='word_1_200' title='bbox 360 4284 526 4355; x_wconf 87' lang='lat' dir='ltr'><strong>Aqua</strong></span> <span class='ocrx_word' id='word_1_201' title='bbox 593 4282 908 4355; x_wconf 75' lang='lat' dir='ltr'><strong>benedicta,</strong></span> <span class='ocrx_word' id='word_1_202' title='bbox 957 4280 1047 4342; x_wconf 91' lang='lat'><strong>24,</strong></span> <span class='ocrx_word' id='word_1_203' title='bbox 1094 4278 1186 4344; x_wconf 81' lang='lat'><strong>71,</strong></span> <span class='ocrx_word' id='word_1_204' title='bbox 1236 4277 1350 4340; x_wconf 90' lang='lat'><strong>106,</strong></span> 
     </span>
    </p>
   </div>
   <div class='ocr_carea' id='block_1_56' title="bbox 293 4352 1309 4432">
    <p class='ocr_par' dir='ltr' id='par_1_56' title="bbox 293 4352 1309 4432">
     <span class='ocr_line' id='line_1_56' title="bbox 293 4352 1309 4432; baseline 0.007 -23"><span class='ocrx_word' id='word_1_205' title='bbox 293 4352 1030 4432; x_wconf 50' lang='lat'><strong>135,—604,609,612.___</strong></span> <span class='ocrx_word' id='word_1_206' title='bbox 1124 4422 1163 4432; x_wconf 46' lang='grc' dir='ltr'><strong>Μ</strong></span> <span class='ocrx_word' id='word_1_207' title='bbox 1256 4420 1309 4432; x_wconf 46' lang='grc' dir='ltr'>η</span> 
     </span>
    </p>
   </div>
   <div class='ocr_carea' id='block_1_57' title="bbox 361 4422 1355 4496">
    <p class='ocr_par' dir='ltr' id='par_1_57' title="bbox 361 4422 1355 4496">
     <span class='ocr_line' id='line_1_57' title="bbox 361 4422 1355 4496; baseline -0.009 -16"><span class='ocrx_word' id='word_1_208' title='bbox 361 4429 525 4496; x_wconf 85' lang='lat' dir='ltr'><strong>Aqua</strong></span> <span class='ocrx_word' id='word_1_209' title='bbox 556 4422 701 4496; x_wconf 88' lang='lat' dir='ltr'><strong>pura</strong></span> <span class='ocrx_word' id='word_1_210' title='bbox 730 4442 844 4478; x_wconf 90' lang='lat' dir='ltr'><strong>non</strong></span> <span class='ocrx_word' id='word_1_211' title='bbox 875 4424 1041 4477; x_wconf 87' lang='lat' dir='ltr'><strong>debet</strong></span> <span class='ocrx_word' id='word_1_212' title='bbox 1079 4422 1355 4496; x_wconf 71' lang='lat' dir='ltr'><strong>oﬁ‘erriin</strong></span> 
     </span>
    </p>
   </div>
   <div class='ocr_carea' id='block_1_58' title="bbox 289 4492 1353 4563">
    <p class='ocr_par' dir='ltr' id='par_1_58' title="bbox 289 4492 1353 4563">
     <span class='ocr_line' id='line_1_58' title="bbox 289 4492 1353 4563; baseline -0.007 -13"><span class='ocrx_word' id='word_1_213' title='bbox 289 4492 657 4559; x_wconf 75' lang='lat' dir='ltr'><strong>eucharistia,</strong></span> <span class='ocrx_word' id='word_1_214' title='bbox 699 4496 790 4549; x_wconf 88' lang='lat'><strong>55.</strong></span> <span class='ocrx_word' id='word_1_215' title='bbox 845 4496 1013 4563; x_wconf 85' lang='lat' dir='ltr'><strong>Aqua</strong></span> <span class='ocrx_word' id='word_1_216' title='bbox 1050 4493 1182 4546; x_wconf 90' lang='lat' dir='ltr'><strong>vino</strong></span> <span class='ocrx_word' id='word_1_217' title='bbox 1214 4492 1353 4545; x_wconf 86' lang='lat' dir='ltr'><strong>mis-</strong></span> 
     </span>
    </p>
   </div>
   <div class='ocr_carea' id='block_1_59' title="bbox 288 4563 1356 4633">
    <p class='ocr_par' dir='ltr' id='par_1_59' title="bbox 288 4563 1356 4633">
     <span class='ocr_line' id='line_1_59' title="bbox 288 4563 1356 4633; baseline -0.007 -12"><span class='ocrx_word' id='word_1_218' title='bbox 288 4567 467 4621; x_wconf 90' lang='lat' dir='ltr'><strong>cenda</strong></span> <span class='ocrx_word' id='word_1_219' title='bbox 493 4566 553 4619; x_wconf 92' lang='lat' dir='ltr'><strong>in</strong></span> <span class='ocrx_word' id='word_1_220' title='bbox 582 4566 888 4626; x_wconf 86' lang='lat' dir='ltr'><strong>sacriﬁcio,</strong></span> <span class='ocrx_word' id='word_1_221' title='bbox 917 4564 1011 4617; x_wconf 91' lang='lat'><strong>27.</strong></span> <span class='ocrx_word' id='word_1_222' title='bbox 1038 4565 1218 4633; x_wconf 87' lang='lat' dir='ltr'><strong>Aquae</strong></span> <span class='ocrx_word' id='word_1_223' title='bbox 1248 4563 1356 4615; x_wconf 85' lang='lat' dir='ltr'><strong>fer-</strong></span> 
     </span>
    </p>
   </div>
   <div class='ocr_carea' id='block_1_60' title="bbox 287 4633 1349 4709">
    <p class='ocr_par' dir='ltr' id='par_1_60' title="bbox 287 4633 1349 4709">
     <span class='ocr_line' id='line_1_60' title="bbox 287 4633 1349 4709; baseline -0.004 -17"><span class='ocrx_word' id='word_1_224' title='bbox 287 4639 477 4709; x_wconf 76' lang='lat' dir='ltr'><strong>ventis</strong></span> <span class='ocrx_word' id='word_1_225' title='bbox 506 4642 607 4690; x_wconf 90' lang='lat' dir='ltr'><strong>aut</strong></span> <span class='ocrx_word' id='word_1_226' title='bbox 640 4636 866 4704; x_wconf 84' lang='lat' dir='ltr'><strong>frigidae</strong></span> <span class='ocrx_word' id='word_1_227' title='bbox 888 4635 1186 4705; x_wconf 89' lang='lat' dir='ltr'><strong>judicium,</strong></span> <span class='ocrx_word' id='word_1_228' title='bbox 1221 4633 1349 4696; x_wconf 86' lang='lat'><strong>225,</strong></span> 
     </span>
    </p>
   </div>
   <div class='ocr_carea' id='block_1_61' title="bbox 286 4709 584 4775">
    <p class='ocr_par' dir='ltr' id='par_1_61' title="bbox 286 4709 584 4775">
     <span class='ocr_line' id='line_1_61' title="bbox 286 4709 584 4775; baseline -0.02 -8"><span class='ocrx_word' id='word_1_229' title='bbox 286 4710 416 4775; x_wconf 87' lang='lat'><strong>326,</strong></span> <span class='ocrx_word' id='word_1_230' title='bbox 455 4709 584 4764; x_wconf 92' lang='lat'><strong>593.</strong></span> 
     </span>
    </p>
   </div>
   <div class='ocr_carea' id='block_1_62' title="bbox 358 4777 1355 4835">
    <p class='ocr_par' dir='ltr' id='par_1_62' title="bbox 358 4777 1355 4835">
     <span class='ocr_line' id='line_1_62' title="bbox 358 4777 1355 4835; baseline -0.006 0"><span class='ocrx_word' id='word_1_231' title='bbox 358 4781 612 4835; x_wconf 88' lang='lat' dir='ltr'><strong>Arbores</strong></span> <span class='ocrx_word' id='word_1_232' title='bbox 659 4777 1013 4832; x_wconf 75' lang='lat' dir='ltr'><strong>daemonibus</strong></span> <span class='ocrx_word' id='word_1_233' title='bbox 1060 4792 1355 4830; x_wconf 86' lang='lat' dir='ltr'><strong>consecra-</strong></span> 
     </span>
    </p>
   </div>
   <div class='ocr_carea' id='block_1_63' title="bbox 286 4846 1354 4915">
    <p class='ocr_par' dir='ltr' id='par_1_63' title="bbox 286 4846 1354 4915">
     <span class='ocr_line' id='line_1_63' title="bbox 286 4846 1354 4915; baseline -0.008 -7"><span class='ocrx_word' id='word_1_234' title='bbox 286 4858 379 4915; x_wconf 76' lang='lat' dir='ltr'><strong>tae,</strong></span> <span class='ocrx_word' id='word_1_235' title='bbox 410 4851 535 4908; x_wconf 91' lang='lat'><strong>342.</strong></span> <span class='ocrx_word' id='word_1_236' title='bbox 575 4850 713 4903; x_wconf 78' lang='lat' dir='ltr'><strong>Vide</strong></span> <span class='ocrx_word' id='word_1_237' title='bbox 734 4847 908 4903; x_wconf 83' lang='lat' dir='ltr'><strong>Vota.</strong></span> <span class='ocrx_word' id='word_1_238' title='bbox 944 4849 1232 4902; x_wconf 86' lang='lat' dir='ltr'><strong>Arborum</strong></span> <span class='ocrx_word' id='word_1_239' title='bbox 1264 4846 1354 4900; x_wconf 88' lang='lat' dir='ltr'><strong>vel</strong></span> 
     </span>
    </p>
   </div>
   <div class='ocr_carea' id='block_1_64' title="bbox 290 4919 1075 4989">
    <p class='ocr_par' dir='ltr' id='par_1_64' title="bbox 290 4919 1075 4989">
     <span class='ocr_line' id='line_1_64' title="bbox 290 4919 1075 4989; baseline -0.008 -14"><span class='ocrx_word' id='word_1_240' title='bbox 290 4923 530 4981; x_wconf 85' lang='lat' dir='ltr'><strong>fontium</strong></span> <span class='ocrx_word' id='word_1_241' title='bbox 564 4921 829 4989; x_wconf 88' lang='lat' dir='ltr'><strong>auguria,</strong></span> <span class='ocrx_word' id='word_1_242' title='bbox 858 4919 985 4975; x_wconf 87' lang='lat'><strong>591.</strong></span> <span class='ocrx_word' id='word_1_243' title='bbox 1074 4964 1075 4969; x_wconf 45' lang='grc' dir='ltr'><strong>η</strong></span> 
     </span>
    </p>
   </div>
   <div class='ocr_carea' id='block_1_65' title="bbox 358 4990 1352 5048">
    <p class='ocr_par' dir='ltr' id='par_1_65' title="bbox 358 4990 1352 5048">
     <span class='ocr_line' id='line_1_65' title="bbox 358 4990 1352 5048; baseline -0.004 -2"><span class='ocrx_word' id='word_1_244' title='bbox 358 4992 819 5048; x_wconf 88' lang='lat' dir='ltr'><strong>Archambaldus</strong></span> <span class='ocrx_word' id='word_1_245' title='bbox 849 4991 1164 5045; x_wconf 88' lang='lat' dir='ltr'><strong>vicecomes</strong></span> <span class='ocrx_word' id='word_1_246' title='bbox 1192 4990 1352 5043; x_wconf 91' lang='lat' dir='ltr'><strong>Com-</strong></span> 
     </span>
    </p>
   </div>
   <div class='ocr_carea' id='block_1_66' title="bbox 288 5062 1047 5132">
    <p class='ocr_par' dir='ltr' id='par_1_66' title="bbox 288 5062 1047 5132">
     <span class='ocr_line' id='line_1_66' title="bbox 288 5062 1047 5132; baseline -0.007 -14"><span class='ocrx_word' id='word_1_247' title='bbox 288 5064 614 5132; x_wconf 90' lang='lat' dir='ltr'><strong>bornensis,</strong></span> <span class='ocrx_word' id='word_1_248' title='bbox 648 5062 745 5118; x_wconf 89' lang='lat'><strong>561</strong></span> <span class='ocrx_word' id='word_1_249' title='bbox 761 5102 773 5115; x_wconf 95' lang='lat'><strong>.</strong></span> <span class='ocrx_word' id='word_1_250' title='bbox 1042 5110 1047 5113; x_wconf 39' lang='grc' dir='ltr'><strong>ς</strong></span> 
     </span>
    </p>
   </div>
   <div class='ocr_carea' id='block_1_67' title="bbox 357 5133 1355 5199">
    <p class='ocr_par' dir='ltr' id='par_1_67' title="bbox 357 5133 1355 5199">
     <span class='ocr_line' id='line_1_67' title="bbox 357 5133 1355 5199; baseline -0.003 -12"><span class='ocrx_word' id='word_1_251' title='bbox 357 5134 784 5199; x_wconf 89' lang='lat' dir='ltr'><strong>Archidiaconi,</strong></span> <span class='ocrx_word' id='word_1_252' title='bbox 841 5134 930 5186; x_wconf 88' lang='lat'><strong>47.</strong></span> <span class='ocrx_word' id='word_1_253' title='bbox 988 5133 1355 5186; x_wconf 86' lang='lat' dir='ltr'><strong>Archidiaco-</strong></span> 
     </span>
    </p>
   </div>
   <div class='ocr_carea' id='block_1_68' title="bbox 285 5203 1354 5276">
    <p class='ocr_par' dir='ltr' id='par_1_68' title="bbox 285 5203 1354 5276">
     <span class='ocr_line' id='line_1_68' title="bbox 285 5203 1354 5276; baseline -0.004 -17"><span class='ocrx_word' id='word_1_254' title='bbox 285 5204 418 5271; x_wconf 87' lang='lat' dir='ltr'><strong>nus,</strong></span> <span class='ocrx_word' id='word_1_255' title='bbox 455 5206 721 5258; x_wconf 86' lang='lat' dir='ltr'><strong>minister</strong></span> <span class='ocrx_word' id='word_1_256' title='bbox 758 5205 1054 5276; x_wconf 81' lang='lat' dir='ltr'><strong>episcopi,</strong></span> <span class='ocrx_word' id='word_1_257' title='bbox 1080 5203 1206 5257; x_wconf 85' lang='lat'><strong>530.</strong></span> <span class='ocrx_word' id='word_1_258' title='bbox 1250 5206 1354 5255; x_wconf 86' lang='lat' dir='ltr'><strong>Ar-</strong></span> 
     </span>
    </p>
   </div>
   <div class='ocr_carea' id='block_1_69' title="bbox 283 5275 1349 5345">
    <p class='ocr_par' dir='ltr' id='par_1_69' title="bbox 283 5275 1349 5345">
     <span class='ocr_line' id='line_1_69' title="bbox 283 5275 1349 5345; baseline -0.004 -15"><span class='ocrx_word' id='word_1_259' title='bbox 283 5276 651 5331; x_wconf 88' lang='lat' dir='ltr'><strong>chidiaconus</strong></span> <span class='ocrx_word' id='word_1_260' title='bbox 675 5275 978 5345; x_wconf 85' lang='lat' dir='ltr'><strong>parochias</strong></span> <span class='ocrx_word' id='word_1_261' title='bbox 1009 5275 1203 5329; x_wconf 87' lang='lat' dir='ltr'><strong>visitat</strong></span> <span class='ocrx_word' id='word_1_262' title='bbox 1222 5291 1349 5327; x_wconf 88' lang='lat' dir='ltr'><strong>cum</strong></span> 
     </span>
    </p>
   </div>
   <div class='ocr_carea' id='block_1_70' title="bbox 283 5346 746 5418">
    <p class='ocr_par' dir='ltr' id='par_1_70' title="bbox 283 5346 746 5418">
     <span class='ocr_line' id='line_1_70' title="bbox 283 5346 746 5418; baseline -0.006 -16"><span class='ocrx_word' id='word_1_263' title='bbox 283 5349 577 5418; x_wconf 84' lang='lat' dir='ltr'><strong>episc0po,</strong></span> <span class='ocrx_word' id='word_1_264' title='bbox 620 5346 746 5401; x_wconf 91' lang='lat'><strong>203.</strong></span> 
     </span>
    </p>
   </div>
   <div class='ocr_carea' id='block_1_71' title="bbox 357 5418 1353 5490">
    <p class='ocr_par' dir='ltr' id='par_1_71' title="bbox 357 5418 1353 5490">
     <span class='ocr_line' id='line_1_71' title="bbox 357 5418 1353 5490; baseline -0.003 -18"><span class='ocrx_word' id='word_1_265' title='bbox 357 5418 874 5490; x_wconf 77' lang='lat' dir='ltr'><strong>Archipresbyter,</strong></span> <span class='ocrx_word' id='word_1_266' title='bbox 900 5418 1160 5490; x_wconf 83' lang='lat' dir='ltr'><strong>minister</strong></span> <span class='ocrx_word' id='word_1_267' title='bbox 1203 5418 1353 5490; x_wconf 52' lang='lat' dir='ltr'><strong>episf</strong></span> 
     </span>
    </p>
   </div>
   <div class='ocr_carea' id='block_1_72' title="bbox 284 5487 1349 5562">
    <p class='ocr_par' dir='ltr' id='par_1_72' title="bbox 284 5487 1349 5562">
     <span class='ocr_line' id='line_1_72' title="bbox 284 5487 1349 5562; baseline -0.004 -17"><span class='ocrx_word' id='word_1_268' title='bbox 284 5491 435 5562; x_wconf 91' lang='lat' dir='ltr'><strong>copi,</strong></span> <span class='ocrx_word' id='word_1_269' title='bbox 480 5487 606 5548; x_wconf 70' lang='lat'><strong>530.</strong></span> <span class='ocrx_word' id='word_1_270' title='bbox 668 5489 806 5562; x_wconf 79' lang='lat'><strong>657._</strong></span> <span class='ocrx_word' id='word_1_271' title='bbox 854 5487 1349 5562; x_wconf 80' lang='lat' dir='ltr'><strong>Archipresbyteri</strong></span> 
     </span>
    </p>
   </div>
   <div class='ocr_carea' id='block_1_73' title="bbox 285 5559 1348 5630">
    <p class='ocr_par' dir='ltr' id='par_1_73' title="bbox 285 5559 1348 5630">
     <span class='ocr_line' id='line_1_73' title="bbox 285 5559 1348 5630; baseline -0.005 -14"><span class='ocrx_word' id='word_1_272' title='bbox 285 5559 681 5617; x_wconf 74' lang='lat' dir='ltr'><strong>ecclesiarum.</strong></span> <span class='ocrx_word' id='word_1_273' title='bbox 712 5560 827 5616; x_wconf 89' lang='lat'><strong>135.</strong></span> <span class='ocrx_word' id='word_1_274' title='bbox 851 5559 1348 5630; x_wconf 86' lang='lat' dir='ltr'><strong>Archipresbyteri</strong></span> 
     </span>
    </p>
   </div>
   <div class='ocr_carea' id='block_1_74' title="bbox 283 5629 1350 5705">
    <p class='ocr_par' dir='ltr' id='par_1_74' title="bbox 283 5629 1350 5705">
     <span class='ocr_line' id='line_1_74' title="bbox 283 5629 1350 5705; baseline -0.004 -18"><span class='ocrx_word' id='word_1_275' title='bbox 283 5636 713 5705; x_wconf 67' lang='lat' dir='ltr'><strong>reprmsentare</strong></span> <span class='ocrx_word' id='word_1_276' title='bbox 731 5632 1002 5701; x_wconf 85' lang='lat' dir='ltr'><strong>episcOpo</strong></span> <span class='ocrx_word' id='word_1_277' title='bbox 1030 5629 1233 5683; x_wconf 85' lang='lat' dir='ltr'><strong>debent</strong></span> <span class='ocrx_word' id='word_1_278' title='bbox 1262 5648 1350 5686; x_wconf 90' lang='lat' dir='ltr'><strong>or-</strong></span> 
     </span>
    </p>
   </div>
   <div class='ocr_carea' id='block_1_75' title="bbox 285 5702 743 5772">
    <p class='ocr_par' dir='ltr' id='par_1_75' title="bbox 285 5702 743 5772">
     <span class='ocr_line' id='line_1_75' title="bbox 285 5702 743 5772; baseline 0 -15"><span class='ocrx_word' id='word_1_279' title='bbox 285 5702 588 5772; x_wconf 80' lang='lat' dir='ltr'><strong>dinandos,</strong></span> <span class='ocrx_word' id='word_1_280' title='bbox 627 5702 743 5758; x_wconf 88' lang='lat'><strong>199.</strong></span> 
     </span>
    </p>
   </div>
   <div class='ocr_carea' id='block_1_76' title="bbox 1671 186 2335 250">
    <p class='ocr_par' dir='ltr' id='par_1_76' title="bbox 1671 186 2335 250">
     <span class='ocr_line' id='line_1_76' title="bbox 1671 186 2335 250; baseline 0.014 -11"><span class='ocrx_word' id='word_1_281' title='bbox 1671 188 1763 240; x_wconf 84' lang='lat' dir='ltr'><strong>DE</strong></span> <span class='ocrx_word' id='word_1_282' title='bbox 1800 186 1994 242; x_wconf 91' lang='lat' dir='ltr'><strong>ECCL.</strong></span> <span class='ocrx_word' id='word_1_283' title='bbox 2037 188 2335 250; x_wconf 87' lang='lat' dir='ltr'><strong>DISCIPL.</strong></span> 
     </span>
    </p>
   </div>
   <div class='ocr_carea' id='block_1_77' title="bbox 1545 309 1972 372">
    <p class='ocr_par' dir='ltr' id='par_1_77' title="bbox 1545 309 1972 372">
     <span class='ocr_line' id='line_1_77' title="bbox 1545 309 1972 372; baseline 0 -8"><span class='ocrx_word' id='word_1_284' title='bbox 1545 311 1814 372; x_wconf 86' lang='lat' dir='ltr'><strong>Ardosia,</strong></span> <span class='ocrx_word' id='word_1_285' title='bbox 1846 309 1972 364; x_wconf 90' lang='lat'><strong>562.</strong></span> 
     </span>
    </p>
   </div>
   <div class='ocr_carea' id='block_1_78' title="bbox 1545 381 2510 453">
    <p class='ocr_par' dir='ltr' id='par_1_78' title="bbox 1545 381 2510 453">
     <span class='ocr_line' id='line_1_78' title="bbox 1545 381 2510 453; baseline -0.015 -19"><span class='ocrx_word' id='word_1_286' title='bbox 1545 382 1787 435; x_wconf 89' lang='lat' dir='ltr'><strong>Aredius</strong></span> <span class='ocrx_word' id='word_1_287' title='bbox 1820 381 2018 453; x_wconf 84' lang='lat' dir='ltr'><strong>abbas,</strong></span> <span class='ocrx_word' id='word_1_288' title='bbox 2048 383 2193 438; x_wconf 19' lang='lat'><strong>539,.</strong></span> <span class='ocrx_word' id='word_1_289' title='bbox 2446 418 2449 421; x_wconf 72' lang='lat'><strong>,</strong></span> <span class='ocrx_word' id='word_1_290' title='bbox 2492 443 2510 453; x_wconf 46' lang='lat'><strong><em>.</em></strong></span> 
     </span>
    </p>
   </div>
   <div class='ocr_carea' id='block_1_79' title="bbox 1545 452 2541 524">
    <p class='ocr_par' dir='ltr' id='par_1_79' title="bbox 1545 452 2541 524">
     <span class='ocr_line' id='line_1_79' title="bbox 1545 452 2541 524; baseline 0.009 -21"><span class='ocrx_word' id='word_1_291' title='bbox 1545 456 1721 524; x_wconf 85' lang='lat' dir='ltr'><strong>Arma</strong></span> <span class='ocrx_word' id='word_1_292' title='bbox 1749 452 2073 524; x_wconf 83' lang='lat' dir='ltr'><strong>interdicta</strong></span> <span class='ocrx_word' id='word_1_293' title='bbox 2126 458 2541 524; x_wconf 81' lang='lat' dir='ltr'><strong>paenitentibus</strong></span> 
     </span>
    </p>
   </div>
   <div class='ocr_carea' id='block_1_80' title="bbox 1474 523 2465 595">
    <p class='ocr_par' dir='ltr' id='par_1_80' title="bbox 1474 523 2465 595">
     <span class='ocr_line' id='line_1_80' title="bbox 1474 523 2465 595; baseline 0.003 -18"><span class='ocrx_word' id='word_1_294' title='bbox 1474 530 1530 577; x_wconf 89' lang='lat' dir='ltr'><strong>et</strong></span> <span class='ocrx_word' id='word_1_295' title='bbox 1566 523 1813 587; x_wconf 84' lang='lat' dir='ltr'><strong>clericis,</strong></span> <span class='ocrx_word' id='word_1_296' title='bbox 1845 523 1915 575; x_wconf 90' lang='lat'><strong>90</strong></span> <span class='ocrx_word' id='word_1_297' title='bbox 1943 534 1994 595; x_wconf 78' lang='lat' dir='ltr'><strong>et</strong></span> <span class='ocrx_word' id='word_1_298' title='bbox 2023 523 2158 594; x_wconf 47' lang='lat' dir='ltr'><strong>seqi,</strong></span> <span class='ocrx_word' id='word_1_299' title='bbox 2191 527 2309 595; x_wconf 87' lang='lat'><strong>158,</strong></span> <span class='ocrx_word' id='word_1_300' title='bbox 2340 528 2465 582; x_wconf 86' lang='lat'><strong>287.</strong></span> 
     </span>
    </p>
   </div>
   <div class='ocr_carea' id='block_1_81' title="bbox 1537 594 2205 657">
    <p class='ocr_par' dir='ltr' id='par_1_81' title="bbox 1537 594 2205 657">
     <span class='ocr_line' id='line_1_81' title="bbox 1537 594 2205 657; baseline 0.006 -11"><span class='ocrx_word' id='word_1_301' title='bbox 1537 595 1895 655; x_wconf 73' lang='lat' dir='ltr'><strong>-Armiscara,</strong></span> <span class='ocrx_word' id='word_1_302' title='bbox 1932 594 2050 657; x_wconf 89' lang='lat'><strong>118,</strong></span> <span class='ocrx_word' id='word_1_303' title='bbox 2078 596 2205 651; x_wconf 87' lang='lat'><strong>566.</strong></span> 
     </span>
    </p>
   </div>
   <div class='ocr_carea' id='block_1_82' title="bbox 1546 664 2463 736">
    <p class='ocr_par' dir='ltr' id='par_1_82' title="bbox 1546 664 2463 736">
     <span class='ocr_line' id='line_1_82' title="bbox 1546 664 2463 736; baseline 0.007 -18"><span class='ocrx_word' id='word_1_304' title='bbox 1546 664 1823 719; x_wconf 87' lang='lat' dir='ltr'><strong>Arnulfus</strong></span> <span class='ocrx_word' id='word_1_305' title='bbox 1853 682 1953 716; x_wconf 79' lang='lat' dir='ltr'><strong>rex</strong></span> <span class='ocrx_word' id='word_1_306' title='bbox 1969 666 2306 736; x_wconf 62' lang='lat' dir='ltr'><strong>Germania,</strong></span> <span class='ocrx_word' id='word_1_307' title='bbox 2338 670 2463 724; x_wconf 83' lang='lat'><strong>527.</strong></span> 
     </span>
    </p>
   </div>
   <div class='ocr_carea' id='block_1_83' title="bbox 1546 738 2534 806">
    <p class='ocr_par' dir='ltr' id='par_1_83' title="bbox 1546 738 2534 806">
     <span class='ocr_line' id='line_1_83' title="bbox 1546 738 2534 806; baseline 0.007 -17"><span class='ocrx_word' id='word_1_308' title='bbox 1546 738 1858 806; x_wconf 64' lang='lat' dir='ltr'><strong>Aruspices</strong></span> <span class='ocrx_word' id='word_1_309' title='bbox 1881 753 1995 789; x_wconf 91' lang='lat' dir='ltr'><strong>non</strong></span> <span class='ocrx_word' id='word_1_310' title='bbox 2027 742 2387 803; x_wconf 88' lang='lat' dir='ltr'><strong>consulendi,</strong></span> <span class='ocrx_word' id='word_1_311' title='bbox 2416 740 2534 795; x_wconf 89' lang='lat'><strong>143.</strong></span> 
     </span>
    </p>
   </div>
   <div class='ocr_carea' id='block_1_84' title="bbox 1545 806 2539 878">
    <p class='ocr_par' dir='ltr' id='par_1_84' title="bbox 1545 806 2539 878">
     <span class='ocr_line' id='line_1_84' title="bbox 1545 806 2539 878; baseline 0.006 -18"><span class='ocrx_word' id='word_1_312' title='bbox 1545 806 1847 878; x_wconf 81' lang='lat' dir='ltr'><strong>Athanasii</strong></span> <span class='ocrx_word' id='word_1_313' title='bbox 1903 809 2157 878; x_wconf 82' lang='lat' dir='ltr'><strong>episcOpi</strong></span> <span class='ocrx_word' id='word_1_314' title='bbox 2222 829 2409 865; x_wconf 89' lang='lat' dir='ltr'><strong>sermo</strong></span> <span class='ocrx_word' id='word_1_315' title='bbox 2468 814 2539 866; x_wconf 90' lang='lat' dir='ltr'><strong>de</strong></span> 
     </span>
    </p>
   </div>
   <div class='ocr_carea' id='block_1_85' title="bbox 1473 877 2212 940">
    <p class='ocr_par' dir='ltr' id='par_1_85' title="bbox 1473 877 2212 940">
     <span class='ocr_line' id='line_1_85' title="bbox 1473 877 2212 940; baseline 0.001 -9"><span class='ocrx_word' id='word_1_316' title='bbox 1473 879 1627 939; x_wconf 85' lang='lat' dir='ltr'><strong>Fide,</strong></span> <span class='ocrx_word' id='word_1_317' title='bbox 1659 877 1749 940; x_wconf 92' lang='lat'><strong>29,</strong></span> <span class='ocrx_word' id='word_1_318' title='bbox 1775 878 1897 935; x_wconf 66' lang='lat' dir='ltr'><strong>L306.</strong></span> <span class='ocrx_word' id='word_1_319' title='bbox 1929 877 2036 933; x_wconf 89' lang='lat'><strong>610</strong></span> <span class='ocrx_word' id='word_1_320' title='bbox 2087 877 2212 935; x_wconf 86' lang='lat'><strong>614.</strong></span> 
     </span>
    </p>
   </div>
   <div class='ocr_carea' id='block_1_86' title="bbox 1545 949 2534 1019">
    <p class='ocr_par' dir='ltr' id='par_1_86' title="bbox 1545 949 2534 1019">
     <span class='ocr_line' id='line_1_86' title="bbox 1545 949 2534 1019; baseline 0.009 -18"><span class='ocrx_word' id='word_1_321' title='bbox 1545 949 1784 1009; x_wconf 70' lang='lat' dir='ltr'><strong>Atrium,</strong></span> <span class='ocrx_word' id='word_1_322' title='bbox 1834 950 1921 1000; x_wconf 80' lang='lat'><strong>80.</strong></span> <span class='ocrx_word' id='word_1_323' title='bbox 1974 951 2195 1004; x_wconf 90' lang='lat' dir='ltr'><strong>Atrium</strong></span> <span class='ocrx_word' id='word_1_324' title='bbox 2255 954 2534 1019; x_wconf 64' lang='lat' dir='ltr'><strong>ecclesiae,</strong></span> 
     </span>
    </p>
   </div>
   <div class='ocr_carea' id='block_1_87' title="bbox 1472 1019 2538 1094">
    <p class='ocr_par' dir='ltr' id='par_1_87' title="bbox 1472 1019 2538 1094">
     <span class='ocr_line' id='line_1_87' title="bbox 1472 1019 2538 1094; baseline 0.004 -22"><span class='ocrx_word' id='word_1_325' title='bbox 1472 1021 1597 1086; x_wconf 87' lang='lat'><strong>226,</strong></span> <span class='ocrx_word' id='word_1_326' title='bbox 1625 1019 1752 1094; x_wconf 83' lang='lat'><strong>228,</strong></span> <span class='ocrx_word' id='word_1_327' title='bbox 1762 1020 1876 1094; x_wconf 88' lang='lat'><strong>_559</strong></span> <span class='ocrx_word' id='word_1_328' title='bbox 1895 1031 1943 1073; x_wconf 87' lang='lat' dir='ltr'><strong>et</strong></span> <span class='ocrx_word' id='word_1_329' title='bbox 1966 1039 2075 1094; x_wconf 79' lang='lat' dir='ltr'><strong>seq.</strong></span> <span class='ocrx_word' id='word_1_330' title='bbox 2100 1023 2185 1075; x_wconf 87' lang='lat' dir='ltr'><strong>Sit</strong></span> <span class='ocrx_word' id='word_1_331' title='bbox 2206 1040 2338 1094; x_wconf 88' lang='lat' dir='ltr'><strong>sepe</strong></span> <span class='ocrx_word' id='word_1_332' title='bbox 2363 1025 2538 1078; x_wconf 90' lang='lat' dir='ltr'><strong>muni-</strong></span> 
     </span>
    </p>
   </div>
   <div class='ocr_carea' id='block_1_88' title="bbox 1472 1091 2532 1163">
    <p class='ocr_par' dir='ltr' id='par_1_88' title="bbox 1472 1091 2532 1163">
     <span class='ocr_line' id='line_1_88' title="bbox 1472 1091 2532 1163; baseline 0.007 -19"><span class='ocrx_word' id='word_1_333' title='bbox 1472 1096 1611 1153; x_wconf 90' lang='lat' dir='ltr'><strong>tum,</strong></span> <span class='ocrx_word' id='word_1_334' title='bbox 1638 1091 1728 1163; x_wconf 27' lang='lat'><strong>23‘.</strong></span> <span class='ocrx_word' id='word_1_335' title='bbox 1760 1091 1821 1142; x_wconf 90' lang='lat' dir='ltr'><strong>In</strong></span> <span class='ocrx_word' id='word_1_336' title='bbox 1852 1107 1918 1144; x_wconf 92' lang='lat' dir='ltr'><strong>eo</strong></span> <span class='ocrx_word' id='word_1_337' title='bbox 1957 1091 2119 1163; x_wconf 82' lang='lat' dir='ltr'><strong>plebs</strong></span> <span class='ocrx_word' id='word_1_338' title='bbox 2165 1091 2286 1148; x_wconf 78' lang='lat' dir='ltr'><strong>non</strong></span> <span class='ocrx_word' id='word_1_339' title='bbox 2327 1100 2532 1161; x_wconf 81' lang='lat' dir='ltr'><strong>cantet,</strong></span> 
     </span>
    </p>
   </div>
   <div class='ocr_carea' id='block_1_89' title="bbox 1474 1160 2531 1231">
    <p class='ocr_par' dir='ltr' id='par_1_89' title="bbox 1474 1160 2531 1231">
     <span class='ocr_line' id='line_1_89' title="bbox 1474 1160 2531 1231; baseline 0.008 -17"><span class='ocrx_word' id='word_1_340' title='bbox 1474 1179 1654 1231; x_wconf 89' lang='lat' dir='ltr'><strong>neque</strong></span> <span class='ocrx_word' id='word_1_341' title='bbox 1674 1160 1881 1214; x_wconf 89' lang='lat' dir='ltr'><strong>choros</strong></span> <span class='ocrx_word' id='word_1_342' title='bbox 1900 1160 2211 1218; x_wconf 76' lang='lat' dir='ltr'><strong>mulierum</strong></span> <span class='ocrx_word' id='word_1_343' title='bbox 2233 1167 2423 1227; x_wconf 86' lang='lat' dir='ltr'><strong>ducat,</strong></span> <span class='ocrx_word' id='word_1_344' title='bbox 2450 1160 2531 1222; x_wconf 89' lang='lat'><strong>17.</strong></span> 
     </span>
    </p>
   </div>
   <div class='ocr_carea' id='block_1_90' title="bbox 1544 1234 2532 1307">
    <p class='ocr_par' dir='ltr' id='par_1_90' title="bbox 1544 1234 2532 1307">
     <span class='ocr_line' id='line_1_90' title="bbox 1544 1234 2532 1307; baseline 0.006 -21"><span class='ocrx_word' id='word_1_345' title='bbox 1544 1236 1895 1307; x_wconf 73' lang='lat' dir='ltr'><strong>Auctoritas,</strong></span> <span class='ocrx_word' id='word_1_346' title='bbox 1932 1234 1987 1285; x_wconf 88' lang='lat' dir='ltr'><strong>id</strong></span> <span class='ocrx_word' id='word_1_347' title='bbox 2030 1242 2118 1288; x_wconf 89' lang='lat' dir='ltr'><strong>est</strong></span> <span class='ocrx_word' id='word_1_348' title='bbox 2166 1244 2532 1307; x_wconf 86' lang='lat' dir='ltr'><strong>praeceptum,</strong></span> 
     </span>
    </p>
   </div>
   <div class='ocr_carea' id='block_1_91' title="bbox 1474 1303 2282 1375">
    <p class='ocr_par' dir='ltr' id='par_1_91' title="bbox 1474 1303 2282 1375">
     <span class='ocr_line' id='line_1_91' title="bbox 1474 1303 2282 1375; baseline 0.009 -20"><span class='ocrx_word' id='word_1_349' title='bbox 1474 1303 1746 1373; x_wconf 83' lang='lat' dir='ltr'><strong>diploma,</strong></span> <span class='ocrx_word' id='word_1_350' title='bbox 1796 1303 1885 1357; x_wconf 89' lang='lat'><strong>181</strong></span> <span class='ocrx_word' id='word_1_351' title='bbox 1919 1314 1968 1375; x_wconf 71' lang='lat' dir='ltr'><strong>et</strong></span> <span class='ocrx_word' id='word_1_352' title='bbox 1992 1323 2126 1375; x_wconf 78' lang='lat' dir='ltr'><strong>seq.,</strong></span> <span class='ocrx_word' id='word_1_353' title='bbox 2156 1303 2282 1361; x_wconf 82' lang='lat'><strong>388.</strong></span> 
     </span>
    </p>
   </div>
   <div class='ocr_carea' id='block_1_92' title="bbox 1542 1374 2193 1439">
    <p class='ocr_par' dir='ltr' id='par_1_92' title="bbox 1542 1374 2193 1439">
     <span class='ocr_line' id='line_1_92' title="bbox 1542 1374 2193 1439; baseline 0.006 -12"><span class='ocrx_word' id='word_1_354' title='bbox 1542 1375 1853 1427; x_wconf 83' lang='lat' dir='ltr'><strong>Audientes</strong></span> <span class='ocrx_word' id='word_1_355' title='bbox 1907 1374 2034 1439; x_wconf 87' lang='lat'><strong>223,</strong></span> <span class='ocrx_word' id='word_1_356' title='bbox 2053 1374 2193 1431; x_wconf 28' lang='lat'><strong>7229.</strong></span> 
     </span>
    </p>
   </div>
   <div class='ocr_carea' id='block_1_93' title="bbox 1543 1445 2533 1519">
    <p class='ocr_par' dir='ltr' id='par_1_93' title="bbox 1543 1445 2533 1519">
     <span class='ocr_line' id='line_1_93' title="bbox 1543 1445 2533 1519; baseline 0.005 -21"><span class='ocrx_word' id='word_1_357' title='bbox 1543 1445 1803 1519; x_wconf 75' lang='lat' dir='ltr'><strong>Auguria</strong></span> <span class='ocrx_word' id='word_1_358' title='bbox 1827 1449 2039 1519; x_wconf 72' lang='lat' dir='ltr'><strong>vetita,</strong></span> <span class='ocrx_word' id='word_1_359' title='bbox 2096 1448 2212 1502; x_wconf 94' lang='lat'><strong>171.</strong></span> <span class='ocrx_word' id='word_1_360' title='bbox 2257 1452 2533 1519; x_wconf 82' lang='lat' dir='ltr'><strong>Auguriis</strong></span> 
     </span>
    </p>
   </div>
   <div class='ocr_carea' id='block_1_94' title="bbox 1471 1517 2531 1587">
    <p class='ocr_par' dir='ltr' id='par_1_94' title="bbox 1471 1517 2531 1587">
     <span class='ocr_line' id='line_1_94' title="bbox 1471 1517 2531 1587; baseline 0.007 -19"><span class='ocrx_word' id='word_1_361' title='bbox 1471 1523 1526 1570; x_wconf 90' lang='lat' dir='ltr'><strong>et</strong></span> <span class='ocrx_word' id='word_1_362' title='bbox 1566 1517 2049 1571; x_wconf 84' lang='lat' dir='ltr'><strong>incantationibus</strong></span> <span class='ocrx_word' id='word_1_363' title='bbox 2082 1536 2247 1573; x_wconf 89' lang='lat' dir='ltr'><strong>nemo</strong></span> <span class='ocrx_word' id='word_1_364' title='bbox 2294 1517 2531 1587; x_wconf 83' lang='lat' dir='ltr'><strong>serviat,</strong></span> 
     </span>
    </p>
   </div>
   <div class='ocr_carea' id='block_1_95' title="bbox 1469 1587 1787 1657">
    <p class='ocr_par' dir='ltr' id='par_1_95' title="bbox 1469 1587 1787 1657">
     <span class='ocr_line' id='line_1_95' title="bbox 1469 1587 1787 1657; baseline -0.006 -16"><span class='ocrx_word' id='word_1_365' title='bbox 1469 1587 1566 1641; x_wconf 89' lang='lat'><strong>341</strong></span> <span class='ocrx_word' id='word_1_366' title='bbox 1600 1596 1650 1640; x_wconf 77' lang='lat' dir='ltr'><strong>ct</strong></span> <span class='ocrx_word' id='word_1_367' title='bbox 1679 1604 1787 1657; x_wconf 82' lang='lat' dir='ltr'><strong>seq.</strong></span> 
     </span>
    </p>
   </div>
   <div class='ocr_carea' id='block_1_96' title="bbox 1541 1658 2191 1727">
    <p class='ocr_par' dir='ltr' id='par_1_96' title="bbox 1541 1658 2191 1727">
     <span class='ocr_line' id='line_1_96' title="bbox 1541 1658 2191 1727; baseline 0.005 -15"><span class='ocrx_word' id='word_1_368' title='bbox 1541 1658 2034 1727; x_wconf 83' lang='lat' dir='ltr'><strong>Augustidunum,</strong></span> <span class='ocrx_word' id='word_1_369' title='bbox 2068 1660 2191 1715; x_wconf 87' lang='lat'><strong>642.</strong></span> 
     </span>
    </p>
   </div>
   <div class='ocr_carea' id='block_1_97' title="bbox 1541 1729 2536 1804">
    <p class='ocr_par' dir='ltr' id='par_1_97' title="bbox 1541 1729 2536 1804">
     <span class='ocr_line' id='line_1_97' title="bbox 1541 1729 2536 1804; baseline 0.005 -22"><span class='ocrx_word' id='word_1_370' title='bbox 1541 1729 1907 1804; x_wconf 60' lang='lat' dir='ltr'><strong>Augustinus</strong></span> <span class='ocrx_word' id='word_1_371' title='bbox 1952 1733 2275 1804; x_wconf 80' lang='lat' dir='ltr'><strong>Anglorum</strong></span> <span class='ocrx_word' id='word_1_372' title='bbox 2317 1734 2536 1804; x_wconf 90' lang='lat' dir='ltr'><strong>episco-</strong></span> 
     </span>
    </p>
   </div>
   <div class='ocr_carea' id='block_1_98' title="bbox 1471 1800 2069 1871">
    <p class='ocr_par' dir='ltr' id='par_1_98' title="bbox 1471 1800 2069 1871">
     <span class='ocr_line' id='line_1_98' title="bbox 1471 1800 2069 1871; baseline -0.002 -17"><span class='ocrx_word' id='word_1_373' title='bbox 1471 1818 1603 1871; x_wconf 87' lang='lat' dir='ltr'><strong>pus,</strong></span> <span class='ocrx_word' id='word_1_374' title='bbox 1629 1801 1755 1863; x_wconf 90' lang='lat'><strong>288,</strong></span> <span class='ocrx_word' id='word_1_375' title='bbox 1786 1800 1913 1865; x_wconf 82' lang='lat'><strong>394,</strong></span> <span class='ocrx_word' id='word_1_376' title='bbox 1945 1803 2069 1856; x_wconf 87' lang='lat'><strong>557.</strong></span> 
     </span>
    </p>
   </div>
   <div class='ocr_carea' id='block_1_99' title="bbox 1542 1873 2534 1939">
    <p class='ocr_par' dir='ltr' id='par_1_99' title="bbox 1542 1873 2534 1939">
     <span class='ocr_line' id='line_1_99' title="bbox 1542 1873 2534 1939; baseline 0.005 -15"><span class='ocrx_word' id='word_1_377' title='bbox 1542 1873 1891 1939; x_wconf 81' lang='lat' dir='ltr'><strong>Augustinus</strong></span> <span class='ocrx_word' id='word_1_378' title='bbox 1948 1873 2261 1927; x_wconf 87' lang='lat' dir='ltr'><strong>cardinalis</strong></span> <span class='ocrx_word' id='word_1_379' title='bbox 2312 1882 2534 1929; x_wconf 87' lang='lat' dir='ltr'><strong>sancto-</strong></span> 
     </span>
    </p>
   </div>
   <div class='ocr_carea' id='block_1_100' title="bbox 1470 1943 2493 2011">
    <p class='ocr_par' dir='ltr' id='par_1_100' title="bbox 1470 1943 2493 2011">
     <span class='ocr_line' id='line_1_100' title="bbox 1470 1943 2493 2011; baseline 0.005 -16"><span class='ocrx_word' id='word_1_380' title='bbox 1470 1960 1597 1996; x_wconf 88' lang='lat' dir='ltr'><strong>rum</strong></span> <span class='ocrx_word' id='word_1_381' title='bbox 1628 1946 1871 2011; x_wconf 89' lang='lat' dir='ltr'><strong>quatuor</strong></span> <span class='ocrx_word' id='word_1_382' title='bbox 1897 1943 2337 2011; x_wconf 87' lang='lat' dir='ltr'><strong>Coronatorum,</strong></span> <span class='ocrx_word' id='word_1_383' title='bbox 2369 1946 2493 2001; x_wconf 87' lang='lat'><strong>652.</strong></span> 
     </span>
    </p>
   </div>
   <div class='ocr_carea' id='block_1_101' title="bbox 1540 2014 2528 2083">
    <p class='ocr_par' dir='ltr' id='par_1_101' title="bbox 1540 2014 2528 2083">
     <span class='ocr_line' id='line_1_101' title="bbox 1540 2014 2528 2083; baseline 0.002 -17"><span class='ocrx_word' id='word_1_384' title='bbox 1540 2014 1893 2083; x_wconf 80' lang='lat' dir='ltr'><strong>Augustinus</strong></span> <span class='ocrx_word' id='word_1_385' title='bbox 1908 2023 2109 2069; x_wconf 88' lang='lat' dir='ltr'><strong>contra</strong></span> <span class='ocrx_word' id='word_1_386' title='bbox 2119 2015 2391 2083; x_wconf 87' lang='lat' dir='ltr'><strong>haereses,</strong></span> <span class='ocrx_word' id='word_1_387' title='bbox 2404 2016 2508 2073; x_wconf 76' lang='lat'><strong>627</strong></span> <span class='ocrx_word' id='word_1_388' title='bbox 2517 2056 2528 2068; x_wconf 94' lang='lat'><strong>.</strong></span> 
     </span>
    </p>
   </div>
   <div class='ocr_carea' id='block_1_102' title="bbox 1539 2085 2534 2158">
    <p class='ocr_par' dir='ltr' id='par_1_102' title="bbox 1539 2085 2534 2158">
     <span class='ocr_line' id='line_1_102' title="bbox 1539 2085 2534 2158; baseline 0.005 -22"><span class='ocrx_word' id='word_1_389' title='bbox 1539 2085 1808 2158; x_wconf 85' lang='lat' dir='ltr'><strong>Aurelius</strong></span> <span class='ocrx_word' id='word_1_390' title='bbox 1867 2086 2171 2158; x_wconf 53' lang='lat' dir='ltr'><strong>episcopus</strong></span> <span class='ocrx_word' id='word_1_391' title='bbox 2229 2088 2534 2156; x_wconf 88' lang='lat' dir='ltr'><strong>Carthagi-</strong></span> 
     </span>
    </p>
   </div>
   <div class='ocr_carea' id='block_1_103' title="bbox 1471 2156 2131 2223">
    <p class='ocr_par' dir='ltr' id='par_1_103' title="bbox 1471 2156 2131 2223">
     <span class='ocr_line' id='line_1_103' title="bbox 1471 2156 2131 2223; baseline 0 -15"><span class='ocrx_word' id='word_1_392' title='bbox 1471 2158 1688 2223; x_wconf 90' lang='lat' dir='ltr'><strong>nensis,</strong></span> <span class='ocrx_word' id='word_1_393' title='bbox 1729 2156 1854 2210; x_wconf 78' lang='lat'><strong>405.</strong></span> <span class='ocrx_word' id='word_1_394' title='bbox 2063 2156 2079 2158; x_wconf 63' lang='grc'>⁷</span> <span class='ocrx_word' id='word_1_395' title='bbox 2124 2204 2131 2208; x_wconf 88' lang='grc'>.</span> 
     </span>
    </p>
   </div>
   <div class='ocr_carea' id='block_1_104' title="bbox 1540 2225 2223 2289">
    <p class='ocr_par' dir='ltr' id='par_1_104' title="bbox 1540 2225 2223 2289">
     <span class='ocr_line' id='line_1_104' title="bbox 1540 2225 2223 2289; baseline 0.006 -11"><span class='ocrx_word' id='word_1_396' title='bbox 1540 2225 1814 2278; x_wconf 76' lang='lat' dir='ltr'><strong>Avaritiae</strong></span> <span class='ocrx_word' id='word_1_397' title='bbox 1837 2225 2069 2289; x_wconf 89' lang='lat' dir='ltr'><strong>malum,</strong></span> <span class='ocrx_word' id='word_1_398' title='bbox 2100 2226 2223 2281; x_wconf 90' lang='lat'><strong>618.</strong></span> 
     </span>
    </p>
   </div>
   <div class='ocr_carea' id='block_1_105' title="bbox 1542 2296 2529 2360">
    <p class='ocr_par' dir='ltr' id='par_1_105' title="bbox 1542 2296 2529 2360">
     <span class='ocr_line' id='line_1_105' title="bbox 1542 2296 2529 2360; baseline 0.003 -13"><span class='ocrx_word' id='word_1_399' title='bbox 1542 2298 1691 2347; x_wconf 87' lang='lat' dir='ltr'><strong>Aves</strong></span> <span class='ocrx_word' id='word_1_400' title='bbox 1724 2312 1835 2348; x_wconf 92' lang='lat' dir='ltr'><strong>non</strong></span> <span class='ocrx_word' id='word_1_401' title='bbox 1862 2296 2153 2349; x_wconf 88' lang='lat' dir='ltr'><strong>nidiﬁcent</strong></span> <span class='ocrx_word' id='word_1_402' title='bbox 2182 2297 2240 2349; x_wconf 91' lang='lat' dir='ltr'><strong>in</strong></span> <span class='ocrx_word' id='word_1_403' title='bbox 2266 2298 2529 2360; x_wconf 87' lang='lat' dir='ltr'><strong>ecciesia,</strong></span> 
     </span>
    </p>
   </div>
   <div class='ocr_carea' id='block_1_106' title="bbox 1468 2365 1558 2419">
    <p class='ocr_par' dir='ltr' id='par_1_106' title="bbox 1468 2365 1558 2419">
     <span class='ocr_line' id='line_1_106' title="bbox 1468 2365 1558 2419; baseline -0.022 0"><span class='ocrx_word' id='word_1_404' title='bbox 1468 2365 1558 2419; x_wconf 91' lang='lat'><strong>22.</strong></span> 
     </span>
    </p>
   </div>
   <div class='ocr_carea' id='block_1_107' title="bbox 1978 2460 2030 2523">
    <p class='ocr_par' dir='ltr' id='par_1_107' title="bbox 1978 2460 2030 2523">
     <span class='ocr_line' id='line_1_107' title="bbox 1978 2460 2030 2523; baseline 0 0"><span class='ocrx_word' id='word_1_405' title='bbox 1978 2460 2030 2523; x_wconf 94' lang='lat' dir='ltr'><strong>B</strong></span> 
     </span>
    </p>
   </div>
   <div class='ocr_carea' id='block_1_108' title="bbox 1542 2578 2536 2653">
    <p class='ocr_par' dir='ltr' id='par_1_108' title="bbox 1542 2578 2536 2653">
     <span class='ocr_line' id='line_1_108' title="bbox 1542 2578 2536 2653; baseline 0.007 -24"><span class='ocrx_word' id='word_1_406' title='bbox 1542 2578 1859 2653; x_wconf 82' lang='lat' dir='ltr'><strong>Balduinus</strong></span> <span class='ocrx_word' id='word_1_407' title='bbox 1877 2579 2363 2653; x_wconf 61' lang='lat' dir='ltr'><strong>archiepiscopus</strong></span> <span class='ocrx_word' id='word_1_408' title='bbox 2393 2583 2536 2636; x_wconf 89' lang='lat' dir='ltr'><strong>Can-</strong></span> 
     </span>
    </p>
   </div>
   <div class='ocr_carea' id='block_1_109' title="bbox 1470 2648 1960 2715">
    <p class='ocr_par' dir='ltr' id='par_1_109' title="bbox 1470 2648 1960 2715">
     <span class='ocr_line' id='line_1_109' title="bbox 1470 2648 1960 2715; baseline 0.002 -13"><span class='ocrx_word' id='word_1_409' title='bbox 1470 2649 1802 2715; x_wconf 89' lang='lat' dir='ltr'><strong>tuariensis,</strong></span> <span class='ocrx_word' id='word_1_410' title='bbox 1835 2648 1960 2703; x_wconf 86' lang='lat'><strong>525.</strong></span> 
     </span>
    </p>
   </div>
   <div class='ocr_carea' id='block_1_110' title="bbox 1542 2720 2129 2783">
    <p class='ocr_par' dir='ltr' id='par_1_110' title="bbox 1542 2720 2129 2783">
     <span class='ocr_line' id='line_1_110' title="bbox 1542 2720 2129 2783; baseline 0.009 -11"><span class='ocrx_word' id='word_1_411' title='bbox 1542 2720 1786 2773; x_wconf 88' lang='lat' dir='ltr'><strong>Bannire</strong></span> <span class='ocrx_word' id='word_1_412' title='bbox 1798 2760 1811 2781; x_wconf 93' lang='lat'><strong>,</strong></span> <span class='ocrx_word' id='word_1_413' title='bbox 1855 2720 1974 2783; x_wconf 90' lang='lat'><strong>175,</strong></span> <span class='ocrx_word' id='word_1_414' title='bbox 2004 2723 2129 2777; x_wconf 89' lang='lat'><strong>576.</strong></span> 
     </span>
    </p>
   </div>
   <div class='ocr_carea' id='block_1_111' title="bbox 1544 2791 2535 2868">
    <p class='ocr_par' dir='ltr' id='par_1_111' title="bbox 1544 2791 2535 2868">
     <span class='ocr_line' id='line_1_111' title="bbox 1544 2791 2535 2868; baseline 0.007 -25"><span class='ocrx_word' id='word_1_415' title='bbox 1544 2791 2082 2868; x_wconf 65' lang='lat' dir='ltr'><strong>Bannumepiseom</strong></span> <span class='ocrx_word' id='word_1_416' title='bbox 2116 2799 2215 2849; x_wconf 88' lang='lat' dir='ltr'><strong>aut</strong></span> <span class='ocrx_word' id='word_1_417' title='bbox 2244 2797 2535 2867; x_wconf 89' lang='lat' dir='ltr'><strong>presbyte-</strong></span> 
     </span>
    </p>
   </div>
   <div class='ocr_carea' id='block_1_112' title="bbox 1470 2862 2003 2924">
    <p class='ocr_par' dir='ltr' id='par_1_112' title="bbox 1470 2862 2003 2924">
     <span class='ocr_line' id='line_1_112' title="bbox 1470 2862 2003 2924; baseline 0 -9"><span class='ocrx_word' id='word_1_418' title='bbox 1470 2863 1541 2923; x_wconf 87' lang='lat' dir='ltr'><strong>ri,</strong></span> <span class='ocrx_word' id='word_1_419' title='bbox 1574 2862 1697 2924; x_wconf 88' lang='lat'><strong>214,</strong></span> <span class='ocrx_word' id='word_1_420' title='bbox 1725 2864 1850 2921; x_wconf 74' lang='grc'>324.</span> <span class='ocrx_word' id='word_1_421' title='bbox 1878 2862 2003 2919; x_wconf 73' lang='grc'>368.</span> 
     </span>
    </p>
   </div>
   <div class='ocr_carea' id='block_1_113' title="bbox 1541 2934 2532 3005">
    <p class='ocr_par' dir='ltr' id='par_1_113' title="bbox 1541 2934 2532 3005">
     <span class='ocr_line' id='line_1_113' title="bbox 1541 2934 2532 3005; baseline 0.005 -20"><span class='ocrx_word' id='word_1_422' title='bbox 1541 2935 1771 2987; x_wconf 84' lang='lat' dir='ltr'><strong>Bannus</strong></span> <span class='ocrx_word' id='word_1_423' title='bbox 1796 2934 2140 2994; x_wconf 87' lang='lat' dir='ltr'><strong>dominicus,</strong></span> <span class='ocrx_word' id='word_1_424' title='bbox 2167 2936 2253 2996; x_wconf 86' lang='lat'><strong>49,</strong></span> <span class='ocrx_word' id='word_1_425' title='bbox 2288 2936 2403 3005; x_wconf 83' lang='lat'><strong>118,</strong></span> <span class='ocrx_word' id='word_1_426' title='bbox 2427 2938 2532 2992; x_wconf 88' lang='lat'><strong>370</strong></span> 
     </span>
    </p>
   </div>
   <div class='ocr_carea' id='block_1_114' title="bbox 1466 3005 2525 3075">
    <p class='ocr_par' dir='ltr' id='par_1_114' title="bbox 1466 3005 2525 3075">
     <span class='ocr_line' id='line_1_114' title="bbox 1466 3005 2525 3075; baseline 0.007 -19"><span class='ocrx_word' id='word_1_427' title='bbox 1466 3014 1517 3056; x_wconf 82' lang='lat' dir='ltr'><strong>et</strong></span> <span class='ocrx_word' id='word_1_428' title='bbox 1546 3021 1681 3073; x_wconf 83' lang='lat' dir='ltr'><strong>seq.,</strong></span> <span class='ocrx_word' id='word_1_429' title='bbox 1710 3005 1834 3067; x_wconf 84' lang='lat'><strong>546,</strong></span> <span class='ocrx_word' id='word_1_430' title='bbox 1868 3007 2005 3059; x_wconf 52' lang='lat'><strong>587-</strong></span> <span class='ocrx_word' id='word_1_431' title='bbox 2046 3006 2273 3059; x_wconf 90' lang='lat' dir='ltr'><strong>Bannus</strong></span> <span class='ocrx_word' id='word_1_432' title='bbox 2315 3009 2525 3075; x_wconf 77' lang='lat' dir='ltr'><strong>regius.</strong></span> 
     </span>
    </p>
   </div>
   <div class='ocr_carea' id='block_1_115' title="bbox 1467 3075 2526 3201">
    <p class='ocr_par' dir='ltr' id='par_1_115' title="bbox 1467 3075 2526 3201">
     <span class='ocr_line' id='line_1_115' title="bbox 1467 3075 2526 3201; baseline 0.004 -72"><span class='ocrx_word' id='word_1_433' title='bbox 1467 3075 1695 3201; x_wconf 43' lang='lat'><strong>33,3225</strong></span> <span class='ocrx_word' id='word_1_434' title='bbox 1722 3086 1771 3129; x_wconf 81' lang='lat' dir='ltr'><strong>et</strong></span> <span class='ocrx_word' id='word_1_435' title='bbox 1803 3092 1912 3146; x_wconf 86' lang='lat' dir='ltr'><strong>seq.</strong></span> <span class='ocrx_word' id='word_1_436' title='bbox 1939 3077 2066 3139; x_wconf 83' lang='lat'><strong>284,</strong></span> <span class='ocrx_word' id='word_1_437' title='bbox 2099 3077 2227 3142; x_wconf 78' lang='lat'><strong>315,</strong></span> <span class='ocrx_word' id='word_1_438' title='bbox 2258 3077 2383 3146; x_wconf 85' lang='lat'><strong>317,</strong></span> <span class='ocrx_word' id='word_1_439' title='bbox 2403 3079 2526 3142; x_wconf 85' lang='lat'><strong>332,</strong></span> 
     </span>
    </p>
   </div>
   <div class='ocr_carea' id='block_1_116' title="bbox 1538 3216 2349 3287">
    <p class='ocr_par' dir='ltr' id='par_1_116' title="bbox 1538 3216 2349 3287">
     <span class='ocr_line' id='line_1_116' title="bbox 1538 3216 2349 3287; baseline 0.007 -18"><span class='ocrx_word' id='word_1_440' title='bbox 1538 3216 1920 3287; x_wconf 89' lang='lat' dir='ltr'><strong>Baptismales</strong></span> <span class='ocrx_word' id='word_1_441' title='bbox 1952 3217 2229 3283; x_wconf 84' lang='lat' dir='ltr'><strong>ecclesiae,</strong></span> <span class='ocrx_word' id='word_1_442' title='bbox 2259 3219 2349 3275; x_wconf 89' lang='lat'><strong>50.</strong></span> 
     </span>
    </p>
   </div>
   <div class='ocr_carea' id='block_1_117' title="bbox 1539 3288 2527 3359">
    <p class='ocr_par' dir='ltr' id='par_1_117' title="bbox 1539 3288 2527 3359">
     <span class='ocr_line' id='line_1_117' title="bbox 1539 3288 2527 3359; baseline 0.002 -19"><span class='ocrx_word' id='word_1_443' title='bbox 1539 3288 1909 3359; x_wconf 87' lang='lat' dir='ltr'><strong>Baptismatis</strong></span> <span class='ocrx_word' id='word_1_444' title='bbox 1969 3291 2338 3344; x_wconf 86' lang='lat' dir='ltr'><strong>traditionem</strong></span> <span class='ocrx_word' id='word_1_445' title='bbox 2397 3291 2527 3343; x_wconf 84' lang='lat' dir='ltr'><strong>ﬁdei</strong></span> 
     </span>
    </p>
   </div>
   <div class='ocr_carea' id='block_1_118' title="bbox 1466 3359 2121 3429">
    <p class='ocr_par' dir='ltr' id='par_1_118' title="bbox 1466 3359 2121 3429">
     <span class='ocr_line' id='line_1_118' title="bbox 1466 3359 2121 3429; baseline 0.003 -18"><span class='ocrx_word' id='word_1_446' title='bbox 1466 3359 1650 3429; x_wconf 84' lang='lat' dir='ltr'><strong>pietas</strong></span> <span class='ocrx_word' id='word_1_447' title='bbox 1681 3359 1963 3421; x_wconf 81' lang='lat' dir='ltr'><strong>imitatur,</strong></span> <span class='ocrx_word' id='word_1_448' title='bbox 1997 3360 2121 3413; x_wconf 87' lang='lat'><strong>421.</strong></span> 
     </span>
    </p>
   </div>
   <div class='ocr_carea' id='block_1_119' title="bbox 1536 3430 2533 3499">
    <p class='ocr_par' dir='ltr' id='par_1_119' title="bbox 1536 3430 2533 3499">
     <span class='ocr_line' id='line_1_119' title="bbox 1536 3430 2533 3499; baseline 0.004 -18"><span class='ocrx_word' id='word_1_449' title='bbox 1536 3430 1861 3499; x_wconf 89' lang='lat' dir='ltr'><strong>Baptismus</strong></span> <span class='ocrx_word' id='word_1_450' title='bbox 1904 3431 1962 3483; x_wconf 92' lang='lat' dir='ltr'><strong>in</strong></span> <span class='ocrx_word' id='word_1_451' title='bbox 2006 3431 2285 3487; x_wconf 80' lang='lat' dir='ltr'><strong>Paschate</strong></span> <span class='ocrx_word' id='word_1_452' title='bbox 2313 3439 2366 3486; x_wconf 78' lang='lat' dir='ltr'><strong>et</strong></span> <span class='ocrx_word' id='word_1_453' title='bbox 2392 3434 2533 3486; x_wconf 89' lang='lat' dir='ltr'><strong>Pen-</strong></span> 
     </span>
    </p>
   </div>
   <div class='ocr_carea' id='block_1_120' title="bbox 1465 3501 2532 3571">
    <p class='ocr_par' dir='ltr' id='par_1_120' title="bbox 1465 3501 2532 3571">
     <span class='ocr_line' id='line_1_120' title="bbox 1465 3501 2532 3571; baseline 0 -18"><span class='ocrx_word' id='word_1_454' title='bbox 1465 3506 1683 3553; x_wconf 89' lang='lat' dir='ltr'><strong>tecoste</strong></span> <span class='ocrx_word' id='word_1_455' title='bbox 1712 3508 1955 3562; x_wconf 90' lang='lat' dir='ltr'><strong>tantum,</strong></span> <span class='ocrx_word' id='word_1_456' title='bbox 2007 3501 2124 3565; x_wconf 77' lang='grc'>126,</span> <span class='ocrx_word' id='word_1_457' title='bbox 2164 3501 2283 3557; x_wconf 91' lang='lat'><strong>128.</strong></span> <span class='ocrx_word' id='word_1_458' title='bbox 2316 3503 2532 3571; x_wconf 81' lang='lat' dir='ltr'><strong>Baptis-</strong></span> 
     </span>
    </p>
   </div>
   <div class='ocr_carea' id='block_1_121' title="bbox 1464 3571 2531 3711">
    <p class='ocr_par' dir='ltr' id='par_1_121' title="bbox 1464 3571 2531 3711">
     <span class='ocr_line' id='line_1_121' title="bbox 1468 3571 2527 3641; baseline 0.001 -19"><span class='ocrx_word' id='word_1_459' title='bbox 1468 3587 1594 3623; x_wconf 90' lang='lat' dir='ltr'><strong>mus</strong></span> <span class='ocrx_word' id='word_1_460' title='bbox 1646 3587 1757 3640; x_wconf 91' lang='lat' dir='ltr'><strong>quo</strong></span> <span class='ocrx_word' id='word_1_461' title='bbox 1822 3574 2081 3641; x_wconf 89' lang='lat' dir='ltr'><strong>tempore</strong></span> <span class='ocrx_word' id='word_1_462' title='bbox 2137 3571 2527 3633; x_wconf 86' lang='lat' dir='ltr'><strong>celebrandus,</strong></span> 
     </span>
     <span class='ocr_line' id='line_1_122' title="bbox 1464 3640 2531 3711; baseline 0.002 -20"><span class='ocrx_word' id='word_1_463' title='bbox 1464 3641 1588 3694; x_wconf 86' lang='lat'><strong>604.</strong></span> <span class='ocrx_word' id='word_1_464' title='bbox 1622 3640 1951 3710; x_wconf 80' lang='lat' dir='ltr'><strong>Baptismus</strong></span> <span class='ocrx_word' id='word_1_465' title='bbox 1985 3643 2271 3695; x_wconf 84' lang='lat' dir='ltr'><strong>tribuatur</strong></span> <span class='ocrx_word' id='word_1_466' title='bbox 2318 3642 2531 3711; x_wconf 88' lang='lat' dir='ltr'><strong>absque</strong></span> 
     </span>
    </p>
   </div>
   <div class='ocr_carea' id='block_1_122' title="bbox 1465 3711 2038 3780">
    <p class='ocr_par' dir='ltr' id='par_1_122' title="bbox 1465 3711 2038 3780">
     <span class='ocr_line' id='line_1_123' title="bbox 1465 3711 2038 3780; baseline 0.007 -18"><span class='ocrx_word' id='word_1_467' title='bbox 1465 3711 1673 3780; x_wconf 87' lang='lat' dir='ltr'><strong>pretio,</strong></span> <span class='ocrx_word' id='word_1_468' title='bbox 1705 3711 1795 3777; x_wconf 74' lang='lat'><strong>23,</strong></span> <span class='ocrx_word' id='word_1_469' title='bbox 1826 3711 1917 3771; x_wconf 87' lang='grc'>78,</span> <span class='ocrx_word' id='word_1_470' title='bbox 1950 3712 2038 3766; x_wconf 85' lang='grc'><strong>81.</strong></span> 
     </span>
    </p>
   </div>
   <div class='ocr_carea' id='block_1_123' title="bbox 1535 3781 2532 3867">
    <p class='ocr_par' dir='ltr' id='par_1_123' title="bbox 1535 3781 2532 3867">
     <span class='ocr_line' id='line_1_124' title="bbox 1535 3781 2532 3867; baseline 0.003 -34"><span class='ocrx_word' id='word_1_471' title='bbox 1535 3781 1869 3867; x_wconf 73' lang='lat' dir='ltr'><strong>Baptizandi</strong></span> <span class='ocrx_word' id='word_1_472' title='bbox 1902 3783 2186 3867; x_wconf 55' lang='lat' dir='ltr'><strong>ordo,n29,</strong></span> <span class='ocrx_word' id='word_1_473' title='bbox 2209 3783 2307 3866; x_wconf 66' lang='lat'><strong>33.</strong></span> <span class='ocrx_word' id='word_1_474' title='bbox 2343 3785 2532 3867; x_wconf 59' lang='lat' dir='ltr'><strong>Bapti-</strong></span> 
     </span>
    </p>
   </div>
   <div class='ocr_carea' id='block_1_124' title="bbox 1446 3853 2530 3921">
    <p class='ocr_par' dir='ltr' id='par_1_124' title="bbox 1446 3853 2530 3921">
     <span class='ocr_line' id='line_1_125' title="bbox 1446 3853 2530 3921; baseline 0.002 -16"><span class='ocrx_word' id='word_1_475' title='bbox 1446 3854 1705 3906; x_wconf 90' lang='lat' dir='ltr'><strong>.zandum</strong></span> <span class='ocrx_word' id='word_1_476' title='bbox 1728 3853 1787 3905; x_wconf 93' lang='lat' dir='ltr'><strong>in</strong></span> <span class='ocrx_word' id='word_1_477' title='bbox 1809 3854 2041 3908; x_wconf 88' lang='lat' dir='ltr'><strong>nomine</strong></span> <span class='ocrx_word' id='word_1_478' title='bbox 2067 3854 2278 3919; x_wconf 91' lang='lat' dir='ltr'><strong>Patris,</strong></span> <span class='ocrx_word' id='word_1_479' title='bbox 2307 3860 2362 3908; x_wconf 89' lang='lat' dir='ltr'><strong>et</strong></span> <span class='ocrx_word' id='word_1_480' title='bbox 2380 3853 2530 3921; x_wconf 87' lang='lat' dir='ltr'><strong>Filii,</strong></span> 
     </span>
    </p>
   </div>
   <div class='ocr_carea' id='block_1_125' title="bbox 1466 3924 2531 3997">
    <p class='ocr_par' dir='ltr' id='par_1_125' title="bbox 1466 3924 2531 3997">
     <span class='ocr_line' id='line_1_126' title="bbox 1466 3924 2531 3997; baseline 0.005 -21"><span class='ocrx_word' id='word_1_481' title='bbox 1466 3929 1522 3977; x_wconf 91' lang='lat' dir='ltr'><strong>et</strong></span> <span class='ocrx_word' id='word_1_482' title='bbox 1551 3924 1800 3994; x_wconf 88' lang='lat' dir='ltr'><strong>Spiritus</strong></span> <span class='ocrx_word' id='word_1_483' title='bbox 1829 3927 2033 3992; x_wconf 87' lang='lat' dir='ltr'><strong>sancti,</strong></span> <span class='ocrx_word' id='word_1_484' title='bbox 2080 3924 2198 3980; x_wconf 89' lang='lat'><strong>126.</strong></span> <span class='ocrx_word' id='word_1_485' title='bbox 2233 3926 2531 3997; x_wconf 87' lang='lat' dir='ltr'><strong>Baptizan-</strong></span> 
     </span>
    </p>
   </div>
   <div class='ocr_carea' id='block_1_126' title="bbox 1467 3997 2526 4065">
    <p class='ocr_par' dir='ltr' id='par_1_126' title="bbox 1467 3997 2526 4065">
     <span class='ocr_line' id='line_1_127' title="bbox 1467 3997 2526 4065; baseline 0.003 -16"><span class='ocrx_word' id='word_1_486' title='bbox 1467 3997 1601 4049; x_wconf 90' lang='lat' dir='ltr'><strong>dum</strong></span> <span class='ocrx_word' id='word_1_487' title='bbox 1651 4012 1763 4049; x_wconf 92' lang='lat' dir='ltr'><strong>non</strong></span> <span class='ocrx_word' id='word_1_488' title='bbox 1823 4002 1913 4050; x_wconf 89' lang='lat' dir='ltr'><strong>est</strong></span> <span class='ocrx_word' id='word_1_489' title='bbox 1970 3997 2388 4065; x_wconf 72' lang='lat' dir='ltr'><strong>indifferenter,</strong></span> <span class='ocrx_word' id='word_1_490' title='bbox 2437 3998 2526 4052; x_wconf 90' lang='lat'><strong>26.</strong></span> 
     </span>
    </p>
   </div>
   <div class='ocr_carea' id='block_1_127' title="bbox 1466 4066 2530 4137">
    <p class='ocr_par' dir='ltr' id='par_1_127' title="bbox 1466 4066 2530 4137">
     <span class='ocr_line' id='line_1_128' title="bbox 1466 4066 2530 4137; baseline 0.003 -18"><span class='ocrx_word' id='word_1_491' title='bbox 1466 4066 1843 4137; x_wconf 89' lang='lat' dir='ltr'><strong>Baptizandus</strong></span> <span class='ocrx_word' id='word_1_492' title='bbox 1913 4084 2121 4121; x_wconf 91' lang='lat' dir='ltr'><strong>nomen</strong></span> <span class='ocrx_word' id='word_1_493' title='bbox 2171 4085 2334 4122; x_wconf 91' lang='lat' dir='ltr'><strong>suum</strong></span> <span class='ocrx_word' id='word_1_494' title='bbox 2396 4070 2530 4123; x_wconf 89' lang='lat' dir='ltr'><strong>dare</strong></span> 
     </span>
    </p>
   </div>
   <div class='ocr_carea' id='block_1_128' title="bbox 1466 4136 1811 4199">
    <p class='ocr_par' dir='ltr' id='par_1_128' title="bbox 1466 4136 1811 4199">
     <span class='ocr_line' id='line_1_129' title="bbox 1466 4136 1811 4199; baseline 0.006 -9"><span class='ocrx_word' id='word_1_495' title='bbox 1466 4136 1652 4199; x_wconf 86' lang='lat' dir='ltr'><strong>debet,</strong></span> <span class='ocrx_word' id='word_1_496' title='bbox 1686 4136 1811 4194; x_wconf 90' lang='lat'><strong>391.</strong></span> 
     </span>
    </p>
   </div>
   <div class='ocr_carea' id='block_1_129' title="bbox 1536 4206 2525 4279">
    <p class='ocr_par' dir='ltr' id='par_1_129' title="bbox 1536 4206 2525 4279">
     <span class='ocr_line' id='line_1_130' title="bbox 1536 4206 2525 4279; baseline 0.004 -18"><span class='ocrx_word' id='word_1_497' title='bbox 1536 4209 1837 4279; x_wconf 86' lang='lat' dir='ltr'><strong>Baptizare</strong></span> <span class='ocrx_word' id='word_1_498' title='bbox 1927 4206 2331 4273; x_wconf 77' lang='lat' dir='ltr'><strong>indifferenter,</strong></span> <span class='ocrx_word' id='word_1_499' title='bbox 2399 4210 2525 4265; x_wconf 88' lang='lat'><strong>538.</strong></span> 
     </span>
    </p>
   </div>
   <div class='ocr_carea' id='block_1_130' title="bbox 1465 4280 2530 4350">
    <p class='ocr_par' dir='ltr' id='par_1_130' title="bbox 1465 4280 2530 4350">
     <span class='ocr_line' id='line_1_131' title="bbox 1465 4280 2530 4350; baseline 0 -13"><span class='ocrx_word' id='word_1_500' title='bbox 1465 4280 1760 4350; x_wconf 88' lang='lat' dir='ltr'><strong>Baptizare</strong></span> <span class='ocrx_word' id='word_1_501' title='bbox 1789 4284 1982 4350; x_wconf 89' lang='lat' dir='ltr'><strong>potest</strong></span> <span class='ocrx_word' id='word_1_502' title='bbox 2003 4280 2272 4335; x_wconf 86' lang='lat' dir='ltr'><strong>diaconus</strong></span> <span class='ocrx_word' id='word_1_503' title='bbox 2295 4284 2530 4337; x_wconf 86' lang='lat' dir='ltr'><strong>absente</strong></span> 
     </span>
    </p>
   </div>
   <div class='ocr_carea' id='block_1_131' title="bbox 1465 4351 2365 4423">
    <p class='ocr_par' dir='ltr' id='par_1_131' title="bbox 1465 4351 2365 4423">
     <span class='ocr_line' id='line_1_132' title="bbox 1465 4351 2365 4423; baseline 0.003 -19"><span class='ocrx_word' id='word_1_504' title='bbox 1465 4351 1734 4423; x_wconf 91' lang='lat' dir='ltr'><strong>episcopo</strong></span> <span class='ocrx_word' id='word_1_505' title='bbox 1767 4356 1826 4407; x_wconf 90' lang='lat' dir='ltr'><strong>et</strong></span> <span class='ocrx_word' id='word_1_506' title='bbox 1853 4353 2210 4423; x_wconf 84' lang='lat' dir='ltr'><strong>presbytero,</strong></span> <span class='ocrx_word' id='word_1_507' title='bbox 2248 4352 2365 4407; x_wconf 85' lang='lat'><strong>127.</strong></span> 
     </span>
    </p>
   </div>
   <div class='ocr_carea' id='block_1_132' title="bbox 1535 4423 2533 4495">
    <p class='ocr_par' dir='ltr' id='par_1_132' title="bbox 1535 4423 2533 4495">
     <span class='ocr_line' id='line_1_133' title="bbox 1535 4423 2533 4495; baseline 0.004 -20"><span class='ocrx_word' id='word_1_508' title='bbox 1535 4423 1817 4493; x_wconf 87' lang='lat' dir='ltr'><strong>Baptizati</strong></span> <span class='ocrx_word' id='word_1_509' title='bbox 1845 4425 1915 4495; x_wconf 88' lang='lat' dir='ltr'><strong>ab</strong></span> <span class='ocrx_word' id='word_1_510' title='bbox 1943 4423 2229 4495; x_wconf 84' lang='lat' dir='ltr'><strong>haereticis</strong></span> <span class='ocrx_word' id='word_1_511' title='bbox 2256 4440 2373 4479; x_wconf 92' lang='lat' dir='ltr'><strong>non</strong></span> <span class='ocrx_word' id='word_1_512' title='bbox 2398 4442 2533 4495; x_wconf 90' lang='lat' dir='ltr'><strong>pos-</strong></span> 
     </span>
    </p>
   </div>
   <div class='ocr_carea' id='block_1_133' title="bbox 1466 4494 2212 4564">
    <p class='ocr_par' dir='ltr' id='par_1_133' title="bbox 1466 4494 2212 4564">
     <span class='ocr_line' id='line_1_134' title="bbox 1466 4494 2212 4564; baseline 0.004 -18"><span class='ocrx_word' id='word_1_513' title='bbox 1466 4502 1603 4548; x_wconf 90' lang='lat' dir='ltr'><strong>sunt</strong></span> <span class='ocrx_word' id='word_1_514' title='bbox 1628 4511 1753 4547; x_wconf 87' lang='lat' dir='ltr'><strong>esse</strong></span> <span class='ocrx_word' id='word_1_515' title='bbox 1781 4494 2212 4564; x_wconf 86' lang='lat' dir='ltr'><strong>episcopi,401.</strong></span> 
     </span>
    </p>
   </div>
   <div class='ocr_carea' id='block_1_134' title="bbox 1536 4563 2532 4635">
    <p class='ocr_par' dir='ltr' id='par_1_134' title="bbox 1536 4563 2532 4635">
     <span class='ocr_line' id='line_1_135' title="bbox 1536 4563 2532 4635; baseline 0.003 -18"><span class='ocrx_word' id='word_1_516' title='bbox 1536 4565 1778 4619; x_wconf 88' lang='lat' dir='ltr'><strong>Barbam</strong></span> <span class='ocrx_word' id='word_1_517' title='bbox 1811 4563 1867 4618; x_wconf 75' lang='lat' dir='ltr'><strong>et</strong></span> <span class='ocrx_word' id='word_1_518' title='bbox 1910 4563 2152 4635; x_wconf 83' lang='lat' dir='ltr'><strong>capillos</strong></span> <span class='ocrx_word' id='word_1_519' title='bbox 2184 4566 2404 4619; x_wconf 89' lang='lat' dir='ltr'><strong>nutrire</strong></span> <span class='ocrx_word' id='word_1_520' title='bbox 2439 4567 2532 4620; x_wconf 89' lang='lat' dir='ltr'><strong>de-</strong></span> 
     </span>
    </p>
   </div>
   <div class='ocr_carea' id='block_1_135' title="bbox 1465 4636 2527 4706">
    <p class='ocr_par' dir='ltr' id='par_1_135' title="bbox 1465 4636 2527 4706">
     <span class='ocr_line' id='line_1_136' title="bbox 1465 4636 2527 4706; baseline 0.003 -17"><span class='ocrx_word' id='word_1_521' title='bbox 1465 4637 1600 4691; x_wconf 88' lang='lat' dir='ltr'><strong>bent</strong></span> <span class='ocrx_word' id='word_1_522' title='bbox 1635 4637 1694 4689; x_wconf 91' lang='lat' dir='ltr'><strong>hi</strong></span> <span class='ocrx_word' id='word_1_523' title='bbox 1748 4636 1840 4706; x_wconf 90' lang='lat' dir='ltr'><strong>qui</strong></span> <span class='ocrx_word' id='word_1_524' title='bbox 1871 4636 2265 4706; x_wconf 80' lang='lat' dir='ltr'><strong>paenitentiam</strong></span> <span class='ocrx_word' id='word_1_525' title='bbox 2301 4644 2527 4705; x_wconf 89' lang='lat' dir='ltr'><strong>gerunt,</strong></span> 
     </span>
    </p>
   </div>
   <div class='ocr_carea' id='block_1_136' title="bbox 1535 4777 2529 4849">
    <p class='ocr_par' dir='ltr' id='par_1_136' title="bbox 1535 4777 2529 4849">
     <span class='ocr_line' id='line_1_137' title="bbox 1535 4777 2529 4849; baseline 0.004 -21"><span class='ocrx_word' id='word_1_526' title='bbox 1535 4777 1798 4849; x_wconf 79' lang='lat' dir='ltr'><strong>Basilicas</strong></span> <span class='ocrx_word' id='word_1_527' title='bbox 1819 4782 2146 4849; x_wconf 83' lang='lat' dir='ltr'><strong>martyrum,</strong></span> <span class='ocrx_word' id='word_1_528' title='bbox 2172 4779 2291 4839; x_wconf 83' lang='grc'>123.</span> <span class='ocrx_word' id='word_1_529' title='bbox 2323 4780 2529 4834; x_wconf 88' lang='lat' dir='ltr'><strong>Basili-</strong></span> 
     </span>
    </p>
   </div>
   <div class='ocr_carea' id='block_1_137' title="bbox 1465 4848 2525 4972">
    <p class='ocr_par' dir='ltr' id='par_1_137' title="bbox 1465 4848 2525 4972">
     <span class='ocr_line' id='line_1_138' title="bbox 1465 4848 2525 4972; baseline 0.003 -71"><span class='ocrx_word' id='word_1_530' title='bbox 1465 4865 1544 4972; x_wconf 50' lang='grc' dir='ltr'><strong>ἕξ</strong></span> <span class='ocrx_word' id='word_1_531' title='bbox 1575 4848 1695 4902; x_wconf 86' lang='lat' dir='ltr'><strong>sint</strong></span> <span class='ocrx_word' id='word_1_532' title='bbox 1714 4850 1773 4901; x_wconf 92' lang='lat' dir='ltr'><strong>in</strong></span> <span class='ocrx_word' id='word_1_533' title='bbox 1792 4848 2075 4919; x_wconf 85' lang='lat' dir='ltr'><strong>potestate</strong></span> <span class='ocrx_word' id='word_1_534' title='bbox 2106 4851 2525 4921; x_wconf 92' lang='lat' dir='ltr'><strong>episc0porum,</strong></span> 
     </span>
    </p>
   </div>
   <div class='ocr_carea' id='block_1_138' title="bbox 1534 4991 2231 5058">
    <p class='ocr_par' dir='ltr' id='par_1_138' title="bbox 1534 4991 2231 5058">
     <span class='ocr_line' id='line_1_139' title="bbox 1534 4991 2231 5058; baseline 0.007 -16"><span class='ocrx_word' id='word_1_535' title='bbox 1534 4991 1917 5058; x_wconf 85' lang='lat' dir='ltr'><strong>Bastiniacus,</strong></span> <span class='ocrx_word' id='word_1_536' title='bbox 1949 4991 2073 5054; x_wconf 90' lang='lat'><strong>315,</strong></span> <span class='ocrx_word' id='word_1_537' title='bbox 2109 4993 2231 5047; x_wconf 86' lang='lat'><strong>588.</strong></span> 
     </span>
    </p>
   </div>
   <div class='ocr_carea' id='block_1_139' title="bbox 1534 5062 2529 5134">
    <p class='ocr_par' dir='ltr' id='par_1_139' title="bbox 1534 5062 2529 5134">
     <span class='ocr_line' id='line_1_140' title="bbox 1534 5062 2529 5134; baseline 0.003 -18"><span class='ocrx_word' id='word_1_538' title='bbox 1534 5062 1877 5134; x_wconf 86' lang='lat' dir='ltr'><strong>Bathuricus</strong></span> <span class='ocrx_word' id='word_1_539' title='bbox 1920 5064 2222 5134; x_wconf 84' lang='lat' dir='ltr'><strong>episc0pus</strong></span> <span class='ocrx_word' id='word_1_540' title='bbox 2264 5063 2529 5119; x_wconf 81' lang='lat' dir='ltr'><strong>Ratisbo-</strong></span> 
     </span>
    </p>
   </div>
   <div class='ocr_carea' id='block_1_140' title="bbox 1465 5132 1833 5194">
    <p class='ocr_par' dir='ltr' id='par_1_140' title="bbox 1465 5132 1833 5194">
     <span class='ocr_line' id='line_1_141' title="bbox 1465 5132 1833 5194; baseline 0.008 -10"><span class='ocrx_word' id='word_1_541' title='bbox 1465 5133 1679 5194; x_wconf 90' lang='lat' dir='ltr'><strong>nensis,</strong></span> <span class='ocrx_word' id='word_1_542' title='bbox 1710 5132 1833 5187; x_wconf 87' lang='lat'><strong>563.</strong></span> 
     </span>
    </p>
   </div>
   <div class='ocr_carea' id='block_1_141' title="bbox 1535 5202 2145 5268">
    <p class='ocr_par' dir='ltr' id='par_1_141' title="bbox 1535 5202 2145 5268">
     <span class='ocr_line' id='line_1_142' title="bbox 1535 5202 2145 5268; baseline 0.002 -10"><span class='ocrx_word' id='word_1_543' title='bbox 1535 5205 1761 5258; x_wconf 86' lang='lat' dir='ltr'><strong>Battere</strong></span> <span class='ocrx_word' id='word_1_544' title='bbox 1792 5202 1995 5268; x_wconf 88' lang='lat' dir='ltr'><strong>linum,</strong></span> <span class='ocrx_word' id='word_1_545' title='bbox 2029 5206 2145 5259; x_wconf 88' lang='lat'><strong>171.</strong></span> 
     </span>
    </p>
   </div>
   <div class='ocr_carea' id='block_1_142' title="bbox 1532 5274 2272 5331">
    <p class='ocr_par' dir='ltr' id='par_1_142' title="bbox 1532 5274 2272 5331">
     <span class='ocr_line' id='line_1_143' title="bbox 1532 5274 2272 5331; baseline 0.007 -5"><span class='ocrx_word' id='word_1_546' title='bbox 1532 5274 1698 5327; x_wconf 85' lang='lat' dir='ltr'><strong>Bedae</strong></span> <span class='ocrx_word' id='word_1_547' title='bbox 1728 5274 2152 5331; x_wconf 81' lang='lat' dir='ltr'><strong>Poenitentiale.</strong></span> <span class='ocrx_word' id='word_1_548' title='bbox 2185 5277 2272 5331; x_wconf 90' lang='lat'><strong>30.</strong></span> 
     </span>
    </p>
   </div>
   <div class='ocr_carea' id='block_1_143' title="bbox 1532 5345 2187 5414">
    <p class='ocr_par' dir='ltr' id='par_1_143' title="bbox 1532 5345 2187 5414">
     <span class='ocr_line' id='line_1_144' title="bbox 1532 5345 2187 5414; baseline 0.003 -17"><span class='ocrx_word' id='word_1_549' title='bbox 1532 5345 1872 5409; x_wconf 90' lang='lat' dir='ltr'><strong>Beliniacus,</strong></span> <span class='ocrx_word' id='word_1_550' title='bbox 1904 5347 2032 5414; x_wconf 88' lang='lat'><strong>641,</strong></span> <span class='ocrx_word' id='word_1_551' title='bbox 2062 5349 2187 5407; x_wconf 87' lang='grc'>643.</span> 
     </span>
    </p>
   </div>
   <div class='ocr_carea' id='block_1_144' title="bbox 1532 5416 2526 5489">
    <p class='ocr_par' dir='ltr' id='par_1_144' title="bbox 1532 5416 2526 5489">
     <span class='ocr_line' id='line_1_145' title="bbox 1532 5416 2526 5489; baseline 0.002 -20"><span class='ocrx_word' id='word_1_552' title='bbox 1532 5416 1754 5470; x_wconf 72' lang='lat' dir='ltr'><strong>Bellum</strong></span> <span class='ocrx_word' id='word_1_553' title='bbox 1805 5435 1876 5489; x_wconf 80' lang='lat' dir='ltr'><strong>an</strong></span> <span class='ocrx_word' id='word_1_554' title='bbox 1930 5435 2056 5471; x_wconf 89' lang='lat' dir='ltr'><strong>esse</strong></span> <span class='ocrx_word' id='word_1_555' title='bbox 2085 5419 2274 5489; x_wconf 86' lang='lat' dir='ltr'><strong>possit</strong></span> <span class='ocrx_word' id='word_1_556' title='bbox 2317 5420 2526 5489; x_wconf 83' lang='lat' dir='ltr'><strong>absque</strong></span> 
     </span>
    </p>
   </div>
   <div class='ocr_carea' id='block_1_145' title="bbox 1461 5438 2527 5561">
    <p class='ocr_par' dir='ltr' id='par_1_145' title="bbox 1461 5438 2527 5561">
     <span class='ocr_line' id='line_1_146' title="bbox 1532 5438 2526 5489; baseline 0.002 -20"><span class='ocrx_word' id='word_1_557' title='bbox 1532 5438 1754 5470; x_wconf 83' lang='lat' dir='ltr'><strong>neuum</strong></span> <span class='ocrx_word' id='word_1_558' title='bbox 1805 5438 1876 5470; x_wconf 87' lang='lat' dir='ltr'><strong>an</strong></span> <span class='ocrx_word' id='word_1_559' title='bbox 1930 5438 2056 5471; x_wconf 88' lang='lat' dir='ltr'><strong>esse</strong></span> <span class='ocrx_word' id='word_1_560' title='bbox 2126 5438 2274 5473; x_wconf 78' lang='lat' dir='ltr'><strong>ossu.</strong></span> <span class='ocrx_word' id='word_1_561' title='bbox 2317 5438 2526 5489; x_wconf 78' lang='lat' dir='ltr'><strong>aesque</strong></span> 
     </span>
     <span class='ocr_line' id='line_1_147' title="bbox 1461 5438 2527 5561; baseline 0.004 -21"><span class='ocrx_word' id='word_1_562' title='bbox 1461 5492 1713 5561; x_wconf 83' lang='lat' dir='ltr'><strong>peccato,</strong></span> <span class='ocrx_word' id='word_1_563' title='bbox 1743 5488 1850 5543; x_wconf 89' lang='lat'><strong>532</strong></span> <span class='ocrx_word' id='word_1_564' title='bbox 1872 5500 1921 5543; x_wconf 82' lang='lat' dir='ltr'><strong>et</strong></span> <span class='ocrx_word' id='word_1_565' title='bbox 1949 5507 2060 5561; x_wconf 84' lang='lat' dir='ltr'><strong>seq.</strong></span> <span class='ocrx_word' id='word_1_566' title='bbox 2085 5438 2305 5543; x_wconf 58' lang='lat' dir='ltr'><strong>gallum</strong></span> <span class='ocrx_word' id='word_1_567' title='bbox 2337 5490 2527 5561; x_wconf 89' lang='lat' dir='ltr'><strong>publi-</strong></span> 
     </span>
    </p>
   </div>
   <div class='ocr_carea' id='block_1_146' title="bbox 1461 5559 1741 5613">
    <p class='ocr_par' dir='ltr' id='par_1_146' title="bbox 1461 5559 1741 5613">
     <span class='ocr_line' id='line_1_148' title="bbox 1461 5559 1741 5613; baseline 0 -1"><span class='ocrx_word' id='word_1_568' title='bbox 1461 5577 1585 5613; x_wconf 89' lang='lat' dir='ltr'><strong>cum</strong></span> <span class='ocrx_word' id='word_1_569' title='bbox 1618 5559 1741 5613; x_wconf 90' lang='lat'><strong>474.</strong></span> 
     </span>
    </p>
   </div>
   <div class='ocr_carea' id='block_1_147' title="bbox 1531 5630 2525 5701">
    <p class='ocr_par' dir='ltr' id='par_1_147' title="bbox 1531 5630 2525 5701">
     <span class='ocr_line' id='line_1_149' title="bbox 1531 5630 2525 5701; baseline 0.001 -16"><span class='ocrx_word' id='word_1_570' title='bbox 1531 5630 1862 5685; x_wconf 78' lang='lat' dir='ltr'><strong>Benedictio</strong></span> <span class='ocrx_word' id='word_1_571' title='bbox 1899 5633 2229 5701; x_wconf 86' lang='lat' dir='ltr'><strong>conjugum,</strong></span> <span class='ocrx_word' id='word_1_572' title='bbox 2428 5633 2525 5686; x_wconf 91' lang='lat' dir='ltr'><strong>Be-</strong></span> 
     </span>
    </p>
   </div>
   <div class='ocr_carea' id='block_1_148' title="bbox 1460 5701 2273 5773">
    <p class='ocr_par' dir='ltr' id='par_1_148' title="bbox 1460 5701 2273 5773">
     <span class='ocr_line' id='line_1_150' title="bbox 1460 5701 2273 5773; baseline 0 -16"><span class='ocrx_word' id='word_1_573' title='bbox 1460 5701 1711 5757; x_wconf 85' lang='lat' dir='ltr'><strong>nedictio</strong></span> <span class='ocrx_word' id='word_1_574' title='bbox 1739 5702 2107 5773; x_wconf 89' lang='lat' dir='ltr'><strong>episcopalis,</strong></span> <span class='ocrx_word' id='word_1_575' title='bbox 2148 5702 2273 5760; x_wconf 86' lang='lat'><strong>353.</strong></span> 
     </span>
    </p>
   </div>
   <div class='ocr_carea' id='block_1_149' title="bbox 3577 198 3712 258">
    <p class='ocr_par' dir='ltr' id='par_1_149' title="bbox 3577 198 3712 258">
     <span class='ocr_line' id='line_1_151' title="bbox 3577 198 3712 258; baseline 0.03 -4"><span class='ocrx_word' id='word_1_576' title='bbox 3577 198 3712 258; x_wconf 80' lang='lat'><strong>1094</strong></span> 
     </span>
    </p>
   </div>
   <div class='ocr_carea' id='block_1_150' title="bbox 2723 316 3707 388">
    <p class='ocr_par' dir='ltr' id='par_1_150' title="bbox 2723 316 3707 388">
     <span class='ocr_line' id='line_1_152' title="bbox 2723 316 3707 388; baseline 0.012 -20"><span class='ocrx_word' id='word_1_577' title='bbox 2723 316 3085 388; x_wconf 84' lang='lat' dir='ltr'><strong>Beneﬁcium,</strong></span> <span class='ocrx_word' id='word_1_578' title='bbox 3141 321 3232 386; x_wconf 89' lang='lat'><strong>35,</strong></span> <span class='ocrx_word' id='word_1_579' title='bbox 3291 321 3383 386; x_wconf 72' lang='lat'><strong>~15,</strong></span> <span class='ocrx_word' id='word_1_580' title='bbox 3436 323 3523 387; x_wconf 93' lang='lat'><strong>47,</strong></span> <span class='ocrx_word' id='word_1_581' title='bbox 3581 322 3707 388; x_wconf 89' lang='lat'><strong>221,</strong></span> 
     </span>
    </p>
   </div>
   <div class='ocr_carea' id='block_1_151' title="bbox 2651 387 3566 460">
    <p class='ocr_par' dir='ltr' id='par_1_151' title="bbox 2651 387 3566 460">
     <span class='ocr_line' id='line_1_153' title="bbox 2651 387 3566 460; baseline 0.008 -19"><span class='ocrx_word' id='word_1_582' title='bbox 2651 387 2775 460; x_wconf 84' lang='lat'><strong>260.</strong></span> <span class='ocrx_word' id='word_1_583' title='bbox 2811 388 2924 441; x_wconf 89' lang='lat' dir='ltr'><strong>Pro</strong></span> <span class='ocrx_word' id='word_1_584' title='bbox 2949 391 3135 453; x_wconf 89' lang='lat' dir='ltr'><strong>feudo,</strong></span> <span class='ocrx_word' id='word_1_585' title='bbox 3165 392 3255 457; x_wconf 89' lang='lat'><strong>49,</strong></span> <span class='ocrx_word' id='word_1_586' title='bbox 3284 392 3410 460; x_wconf 84' lang='lat'><strong>546,</strong></span> <span class='ocrx_word' id='word_1_587' title='bbox 3440 395 3566 448; x_wconf 90' lang='lat'><strong>644.</strong></span> 
     </span>
    </p>
   </div>
   <div class='ocr_carea' id='block_1_152' title="bbox 2724 456 3164 526">
    <p class='ocr_par' dir='ltr' id='par_1_152' title="bbox 2724 456 3164 526">
     <span class='ocr_line' id='line_1_154' title="bbox 2724 456 3164 526; baseline 0.005 -14"><span class='ocrx_word' id='word_1_588' title='bbox 2724 456 3005 526; x_wconf 80' lang='lat' dir='ltr'><strong>Berbices,</strong></span> <span class='ocrx_word' id='word_1_589' title='bbox 3045 461 3164 517; x_wconf 83' lang='lat'><strong>171.</strong></span> 
     </span>
    </p>
   </div>
   <div class='ocr_carea' id='block_1_153' title="bbox 2721 530 3706 603">
    <p class='ocr_par' dir='ltr' id='par_1_153' title="bbox 2721 530 3706 603">
     <span class='ocr_line' id='line_1_155' title="bbox 2721 530 3706 603; baseline 0.008 -21"><span class='ocrx_word' id='word_1_590' title='bbox 2721 530 3047 603; x_wconf 82' lang='lat' dir='ltr'><strong>Bernardus</strong></span> <span class='ocrx_word' id='word_1_591' title='bbox 3125 533 3302 585; x_wconf 88' lang='lat' dir='ltr'><strong>abbas</strong></span> <span class='ocrx_word' id='word_1_592' title='bbox 3359 534 3706 603; x_wconf 88' lang='lat' dir='ltr'><strong>Tutelensis,</strong></span> 
     </span>
    </p>
   </div>
   <div class='ocr_carea' id='block_1_154' title="bbox 2719 671 3709 730">
    <p class='ocr_par' dir='ltr' id='par_1_154' title="bbox 2719 671 3709 730">
     <span class='ocr_line' id='line_1_156' title="bbox 2719 671 3709 730; baseline 0.007 -7"><span class='ocrx_word' id='word_1_593' title='bbox 2719 671 3048 726; x_wconf 86' lang='lat' dir='ltr'><strong>Bernardus</strong></span> <span class='ocrx_word' id='word_1_594' title='bbox 3126 672 3441 727; x_wconf 85' lang='lat' dir='ltr'><strong>cardinalis</strong></span> <span class='ocrx_word' id='word_1_595' title='bbox 3525 677 3709 730; x_wconf 90' lang='lat' dir='ltr'><strong>sancti</strong></span> 
     </span>
    </p>
   </div>
   <div class='ocr_carea' id='block_1_155' title="bbox 2647 742 3195 813">
    <p class='ocr_par' dir='ltr' id='par_1_155' title="bbox 2647 742 3195 813">
     <span class='ocr_line' id='line_1_157' title="bbox 2647 742 3195 813; baseline 0.007 -19"><span class='ocrx_word' id='word_1_596' title='bbox 2647 742 3026 813; x_wconf 81' lang='lat' dir='ltr'><strong>Chrysogoni,</strong></span> <span class='ocrx_word' id='word_1_597' title='bbox 3068 744 3195 798; x_wconf 82' lang='lat'><strong>652.</strong></span> 
     </span>
    </p>
   </div>
   <div class='ocr_carea' id='block_1_156' title="bbox 2719 813 3710 870">
    <p class='ocr_par' dir='ltr' id='par_1_156' title="bbox 2719 813 3710 870">
     <span class='ocr_line' id='line_1_158' title="bbox 2719 813 3710 870; baseline 0.005 -5"><span class='ocrx_word' id='word_1_598' title='bbox 2719 813 3044 867; x_wconf 90' lang='lat' dir='ltr'><strong>Bernardus</strong></span> <span class='ocrx_word' id='word_1_599' title='bbox 3096 831 3284 867; x_wconf 90' lang='lat' dir='ltr'><strong>comes</strong></span> <span class='ocrx_word' id='word_1_600' title='bbox 3331 814 3710 870; x_wconf 90' lang='lat' dir='ltr'><strong>Barcinonen-</strong></span> 
     </span>
    </p>
   </div>
   <div class='ocr_carea' id='block_1_157' title="bbox 2648 885 2915 946">
    <p class='ocr_par' dir='ltr' id='par_1_157' title="bbox 2648 885 2915 946">
     <span class='ocr_line' id='line_1_159' title="bbox 2648 885 2915 946; baseline 0 -10"><span class='ocrx_word' id='word_1_601' title='bbox 2648 885 2751 946; x_wconf 89' lang='lat' dir='ltr'><strong>sis,</strong></span> <span class='ocrx_word' id='word_1_602' title='bbox 2789 886 2915 939; x_wconf 78' lang='lat'><strong>564.</strong></span> 
     </span>
    </p>
   </div>
   <div class='ocr_carea' id='block_1_158' title="bbox 2717 955 3713 1011">
    <p class='ocr_par' dir='ltr' id='par_1_158' title="bbox 2717 955 3713 1011">
     <span class='ocr_line' id='line_1_160' title="bbox 2717 955 3713 1011; baseline 0.004 -5"><span class='ocrx_word' id='word_1_603' title='bbox 2717 955 2919 1009; x_wconf 89' lang='lat' dir='ltr'><strong>Bibere</strong></span> <span class='ocrx_word' id='word_1_604' title='bbox 2941 956 2998 1008; x_wconf 92' lang='lat' dir='ltr'><strong>in</strong></span> <span class='ocrx_word' id='word_1_605' title='bbox 3023 956 3239 1009; x_wconf 90' lang='lat' dir='ltr'><strong>honore</strong></span> <span class='ocrx_word' id='word_1_606' title='bbox 3261 956 3462 1010; x_wconf 85' lang='lat' dir='ltr'><strong>animae</strong></span> <span class='ocrx_word' id='word_1_607' title='bbox 3487 957 3713 1011; x_wconf 87' lang='lat' dir='ltr'><strong>defunc-</strong></span> 
     </span>
    </p>
   </div>
   <div class='ocr_carea' id='block_1_159' title="bbox 2645 1025 3708 1087">
    <p class='ocr_par' dir='ltr' id='par_1_159' title="bbox 2645 1025 3708 1087">
     <span class='ocr_line' id='line_1_161' title="bbox 2645 1025 3708 1087; baseline 0.005 -10"><span class='ocrx_word' id='word_1_608' title='bbox 2645 1025 2712 1087; x_wconf 91' lang='lat' dir='ltr'><strong>ti,</strong></span> <span class='ocrx_word' id='word_1_609' title='bbox 2744 1026 2835 1082; x_wconf 88' lang='lat'><strong>25.</strong></span> <span class='ocrx_word' id='word_1_610' title='bbox 2867 1026 2992 1081; x_wconf 89' lang='lat'><strong>537.</strong></span> <span class='ocrx_word' id='word_1_611' title='bbox 3025 1026 3223 1081; x_wconf 88' lang='lat' dir='ltr'><strong>Bibere</strong></span> <span class='ocrx_word' id='word_1_612' title='bbox 3254 1026 3309 1079; x_wconf 91' lang='lat' dir='ltr'><strong>in</strong></span> <span class='ocrx_word' id='word_1_613' title='bbox 3342 1043 3533 1081; x_wconf 87' lang='lat' dir='ltr'><strong>amore</strong></span> <span class='ocrx_word' id='word_1_614' title='bbox 3552 1044 3708 1082; x_wconf 83' lang='lat' dir='ltr'><strong>sanc-</strong></span> 
     </span>
    </p>
   </div>
   <div class='ocr_carea' id='block_1_160' title="bbox 2645 1097 3708 1161">
    <p class='ocr_par' dir='ltr' id='par_1_160' title="bbox 2645 1097 3708 1161">
     <span class='ocr_line' id='line_1_162' title="bbox 2645 1097 3708 1161; baseline 0.003 -11"><span class='ocrx_word' id='word_1_615' title='bbox 2645 1103 2854 1158; x_wconf 87' lang='lat' dir='ltr'><strong>torum,</strong></span> <span class='ocrx_word' id='word_1_616' title='bbox 2895 1097 3013 1161; x_wconf 92' lang='lat'><strong>108,</strong></span> <span class='ocrx_word' id='word_1_617' title='bbox 3039 1098 3163 1152; x_wconf 83' lang='lat'><strong>537.</strong></span> <span class='ocrx_word' id='word_1_618' title='bbox 3201 1098 3395 1151; x_wconf 89' lang='lat' dir='ltr'><strong>Bibere</strong></span> <span class='ocrx_word' id='word_1_619' title='bbox 3425 1114 3589 1153; x_wconf 87' lang='lat' dir='ltr'><strong>nemo</strong></span> <span class='ocrx_word' id='word_1_620' title='bbox 3618 1117 3708 1154; x_wconf 87' lang='lat' dir='ltr'><strong>ce-</strong></span> 
     </span>
    </p>
   </div>
   <div class='ocr_carea' id='block_1_161' title="bbox 2644 1167 3109 1235">
    <p class='ocr_par' dir='ltr' id='par_1_161' title="bbox 2644 1167 3109 1235">
     <span class='ocr_line' id='line_1_163' title="bbox 2644 1167 3109 1235; baseline 0.002 -16"><span class='ocrx_word' id='word_1_621' title='bbox 2644 1173 2834 1235; x_wconf 88' lang='lat' dir='ltr'><strong>gatur,</strong></span> <span class='ocrx_word' id='word_1_622' title='bbox 2864 1169 2955 1231; x_wconf 91' lang='lat'><strong>85,</strong></span> <span class='ocrx_word' id='word_1_623' title='bbox 2986 1167 3109 1223; x_wconf 88' lang='grc'>562.</span> 
     </span>
    </p>
   </div>
   <div class='ocr_carea' id='block_1_162' title="bbox 2716 1237 3438 1304">
    <p class='ocr_par' dir='ltr' id='par_1_162' title="bbox 2716 1237 3438 1304">
     <span class='ocr_line' id='line_1_164' title="bbox 2716 1237 3438 1304; baseline 0.007 -15"><span class='ocrx_word' id='word_1_624' title='bbox 2716 1237 2970 1304; x_wconf 87' lang='lat' dir='ltr'><strong>Biberes,</strong></span> <span class='ocrx_word' id='word_1_625' title='bbox 3009 1238 3125 1300; x_wconf 91' lang='lat'><strong>109,</strong></span> <span class='ocrx_word' id='word_1_626' title='bbox 3158 1240 3283 1299; x_wconf 86' lang='lat'><strong>565,</strong></span> <span class='ocrx_word' id='word_1_627' title='bbox 3314 1239 3438 1294; x_wconf 90' lang='lat'><strong>576.</strong></span> 
     </span>
    </p>
   </div>
   <div class='ocr_carea' id='block_1_163' title="bbox 2624 1309 3703 1381">
    <p class='ocr_par' dir='ltr' id='par_1_163' title="bbox 2624 1309 3703 1381">
     <span class='ocr_line' id='line_1_165' title="bbox 2624 1309 3703 1381; baseline 0.005 -20"><span class='ocrx_word' id='word_1_628' title='bbox 2624 1340 2633 1343; x_wconf 53' lang='grc' dir='ltr'>λ</span> <span class='ocrx_word' id='word_1_629' title='bbox 2717 1309 2937 1377; x_wconf 89' lang='lat' dir='ltr'><strong>Bigami</strong></span> <span class='ocrx_word' id='word_1_630' title='bbox 2996 1326 3111 1363; x_wconf 92' lang='lat' dir='ltr'><strong>non</strong></span> <span class='ocrx_word' id='word_1_631' title='bbox 3173 1311 3497 1364; x_wconf 89' lang='lat' dir='ltr'><strong>ordinandi.</strong></span> <span class='ocrx_word' id='word_1_632' title='bbox 3576 1312 3703 1381; x_wconf 88' lang='lat'><strong>399,</strong></span> 
     </span>
    </p>
   </div>
   <div class='ocr_carea' id='block_1_164' title="bbox 2719 1449 3707 1522">
    <p class='ocr_par' dir='ltr' id='par_1_164' title="bbox 2719 1449 3707 1522">
     <span class='ocr_line' id='line_1_166' title="bbox 2719 1449 3707 1522; baseline -0.002 -16"><span class='ocrx_word' id='word_1_633' title='bbox 2719 1453 2872 1506; x_wconf 90' lang='lat' dir='ltr'><strong>Bona</strong></span> <span class='ocrx_word' id='word_1_634' title='bbox 2896 1449 3266 1504; x_wconf 88' lang='lat' dir='ltr'><strong>ecclesiarum</strong></span> <span class='ocrx_word' id='word_1_635' title='bbox 3288 1458 3423 1506; x_wconf 90' lang='lat' dir='ltr'><strong>sunt</strong></span> <span class='ocrx_word' id='word_1_636' title='bbox 3438 1453 3707 1522; x_wconf 87' lang='lat' dir='ltr'><strong>patrimo-</strong></span> 
     </span>
    </p>
   </div>
   <div class='ocr_carea' id='block_1_165' title="bbox 2646 1522 3709 1592">
    <p class='ocr_par' dir='ltr' id='par_1_165' title="bbox 2646 1522 3709 1592">
     <span class='ocr_line' id='line_1_167' title="bbox 2646 1522 3709 1592; baseline 0.003 -19"><span class='ocrx_word' id='word_1_637' title='bbox 2646 1522 2741 1592; x_wconf 87' lang='lat' dir='ltr'><strong>nia</strong></span> <span class='ocrx_word' id='word_1_638' title='bbox 2771 1538 3104 1592; x_wconf 89' lang='lat' dir='ltr'><strong>pauperum,</strong></span> <span class='ocrx_word' id='word_1_639' title='bbox 3133 1522 3257 1577; x_wconf 93' lang='lat'><strong>318.</strong></span> <span class='ocrx_word' id='word_1_640' title='bbox 3290 1522 3583 1576; x_wconf 88' lang='lat' dir='ltr'><strong>Bonorum</strong></span> <span class='ocrx_word' id='word_1_641' title='bbox 3621 1540 3709 1576; x_wconf 89' lang='lat' dir='ltr'><strong>ec-</strong></span> 
     </span>
    </p>
   </div>
   <div class='ocr_carea' id='block_1_166' title="bbox 2643 1591 3707 1658">
    <p class='ocr_par' dir='ltr' id='par_1_166' title="bbox 2643 1591 3707 1658">
     <span class='ocr_line' id='line_1_168' title="bbox 2643 1591 3707 1658; baseline 0.001 -14"><span class='ocrx_word' id='word_1_642' title='bbox 2643 1591 3096 1646; x_wconf 80' lang='lat' dir='ltr'><strong>clesiasticarum</strong></span> <span class='ocrx_word' id='word_1_643' title='bbox 3139 1594 3522 1658; x_wconf 87' lang='lat' dir='ltr'><strong>venditiones,</strong></span> <span class='ocrx_word' id='word_1_644' title='bbox 3572 1594 3707 1647; x_wconf 87' lang='lat' dir='ltr'><strong>alie-</strong></span> 
     </span>
    </p>
   </div>
   <div class='ocr_carea' id='block_1_167' title="bbox 2646 1665 3709 1725">
    <p class='ocr_par' dir='ltr' id='par_1_167' title="bbox 2646 1665 3709 1725">
     <span class='ocr_line' id='line_1_169' title="bbox 2646 1665 3709 1725; baseline 0.004 -11"><span class='ocrx_word' id='word_1_645' title='bbox 2646 1666 2925 1725; x_wconf 77' lang='lat' dir='ltr'><strong>nationes,</strong></span> <span class='ocrx_word' id='word_1_646' title='bbox 2973 1670 3028 1715; x_wconf 87' lang='lat' dir='ltr'><strong>et</strong></span> <span class='ocrx_word' id='word_1_647' title='bbox 3056 1665 3530 1719; x_wconf 90' lang='lat' dir='ltr'><strong>commutationes</strong></span> <span class='ocrx_word' id='word_1_648' title='bbox 3570 1666 3709 1718; x_wconf 85' lang='lat' dir='ltr'><strong>veti-</strong></span> 
     </span>
    </p>
   </div>
   <div class='ocr_carea' id='block_1_168' title="bbox 2644 1733 3085 1804">
    <p class='ocr_par' dir='ltr' id='par_1_168' title="bbox 2644 1733 3085 1804">
     <span class='ocr_line' id='line_1_170' title="bbox 2644 1733 3085 1804; baseline -0.005 -15"><span class='ocrx_word' id='word_1_649' title='bbox 2644 1742 2741 1799; x_wconf 85' lang='lat' dir='ltr'><strong>tae,</strong></span> <span class='ocrx_word' id='word_1_650' title='bbox 2774 1733 2871 1788; x_wconf 91' lang='lat'><strong>160</strong></span> <span class='ocrx_word' id='word_1_651' title='bbox 2900 1739 2953 1788; x_wconf 78' lang='lat' dir='ltr'><strong>et</strong></span> <span class='ocrx_word' id='word_1_652' title='bbox 2974 1751 3085 1804; x_wconf 81' lang='lat' dir='ltr'><strong>seq.</strong></span> 
     </span>
    </p>
   </div>
   <div class='ocr_carea' id='block_1_169' title="bbox 2714 1806 3299 1871">
    <p class='ocr_par' dir='ltr' id='par_1_169' title="bbox 2714 1806 3299 1871">
     <span class='ocr_line' id='line_1_171' title="bbox 2714 1806 3299 1871; baseline 0.003 -13"><span class='ocrx_word' id='word_1_653' title='bbox 2714 1806 3019 1867; x_wconf 87' lang='lat' dir='ltr'><strong>Bonvaria,</strong></span> <span class='ocrx_word' id='word_1_654' title='bbox 3051 1806 3142 1871; x_wconf 89' lang='lat'><strong>23,</strong></span> <span class='ocrx_word' id='word_1_655' title='bbox 3174 1806 3299 1862; x_wconf 86' lang='lat'><strong>536.</strong></span> 
     </span>
    </p>
   </div>
   <div class='ocr_carea' id='block_1_170' title="bbox 2713 1875 3708 1932">
    <p class='ocr_par' dir='ltr' id='par_1_170' title="bbox 2713 1875 3708 1932">
     <span class='ocr_line' id='line_1_172' title="bbox 2713 1875 3708 1932; baseline 0.004 -4"><span class='ocrx_word' id='word_1_656' title='bbox 2713 1875 3009 1930; x_wconf 88' lang='lat' dir='ltr'><strong>Breviaria</strong></span> <span class='ocrx_word' id='word_1_657' title='bbox 3054 1877 3265 1932; x_wconf 89' lang='lat' dir='ltr'><strong>notarii</strong></span> <span class='ocrx_word' id='word_1_658' title='bbox 3297 1893 3409 1930; x_wconf 91' lang='lat' dir='ltr'><strong>non</strong></span> <span class='ocrx_word' id='word_1_659' title='bbox 3438 1877 3708 1932; x_wconf 87' lang='lat' dir='ltr'><strong>deberent</strong></span> 
     </span>
    </p>
   </div>
   <div class='ocr_carea' id='block_1_171' title="bbox 2642 1947 3123 2009">
    <p class='ocr_par' dir='ltr' id='par_1_171' title="bbox 2642 1947 3123 2009">
     <span class='ocr_line' id='line_1_173' title="bbox 2642 1947 3123 2009; baseline 0.002 -9"><span class='ocrx_word' id='word_1_660' title='bbox 2642 1948 2985 2009; x_wconf 85' lang='lat' dir='ltr'><strong>accentibus,</strong></span> <span class='ocrx_word' id='word_1_661' title='bbox 3016 1947 3123 2001; x_wconf 87' lang='lat'><strong>540</strong></span> 
     </span>
    </p>
   </div>
   <div class='ocr_carea' id='block_1_172' title="bbox 2626 2018 3147 2080">
    <p class='ocr_par' dir='ltr' id='par_1_172' title="bbox 2626 2018 3147 2080">
     <span class='ocr_line' id='line_1_174' title="bbox 2626 2018 3147 2080; baseline 0.004 -12"><span class='ocrx_word' id='word_1_662' title='bbox 2626 2052 2631 2053; x_wconf 39' lang='grc' dir='ltr'><em>γ</em></span> <span class='ocrx_word' id='word_1_663' title='bbox 2713 2018 2992 2080; x_wconf 86' lang='lat' dir='ltr'><strong>Britanni,</strong></span> <span class='ocrx_word' id='word_1_664' title='bbox 3023 2018 3147 2073; x_wconf 89' lang='lat'><strong>370.</strong></span> 
     </span>
    </p>
   </div>
   <div class='ocr_carea' id='block_1_173' title="bbox 2620 2087 3417 2155">
    <p class='ocr_par' dir='ltr' id='par_1_173' title="bbox 2620 2087 3417 2155">
     <span class='ocr_line' id='line_1_175' title="bbox 2620 2087 3417 2155; baseline -0.003 -11"><span class='ocrx_word' id='word_1_665' title='bbox 2620 2138 2629 2144; x_wconf 91' lang='lat'><strong>.</strong></span> <span class='ocrx_word' id='word_1_666' title='bbox 2714 2089 3005 2141; x_wconf 89' lang='lat' dir='ltr'><strong>Brivensis</strong></span> <span class='ocrx_word' id='word_1_667' title='bbox 3035 2089 3270 2155; x_wconf 88' lang='lat' dir='ltr'><strong>vicaria,</strong></span> <span class='ocrx_word' id='word_1_668' title='bbox 3292 2087 3417 2142; x_wconf 88' lang='lat'><strong>629.</strong></span> 
     </span>
    </p>
   </div>
   <div class='ocr_carea' id='block_1_174' title="bbox 2715 2158 3560 2214">
    <p class='ocr_par' dir='ltr' id='par_1_174' title="bbox 2715 2158 3560 2214">
     <span class='ocr_line' id='line_1_176' title="bbox 2715 2158 3560 2214; baseline -0.001 -4"><span class='ocrx_word' id='word_1_669' title='bbox 2715 2158 2975 2213; x_wconf 89' lang='lat' dir='ltr'><strong>Bubulci.</strong></span> <span class='ocrx_word' id='word_1_670' title='bbox 3006 2159 3149 2214; x_wconf 75' lang='lat' dir='ltr'><strong>Vide</strong></span> <span class='ocrx_word' id='word_1_671' title='bbox 3178 2158 3469 2213; x_wconf 71' lang='lat' dir='ltr'><strong>Porcarii:</strong></span> <span class='ocrx_word' id='word_1_672' title='bbox 3553 2203 3560 2209; x_wconf 95' lang='lat'><strong>.</strong></span> 
     </span>
    </p>
   </div>
   <div class='ocr_carea' id='block_1_175' title="bbox 2714 2227 3445 2290">
    <p class='ocr_par' dir='ltr' id='par_1_175' title="bbox 2714 2227 3445 2290">
     <span class='ocr_line' id='line_1_177' title="bbox 2714 2227 3445 2290; baseline 0.008 -11"><span class='ocrx_word' id='word_1_673' title='bbox 2714 2227 2965 2290; x_wconf 91' lang='lat' dir='ltr'><strong>Bullare,</strong></span> <span class='ocrx_word' id='word_1_674' title='bbox 2996 2227 3112 2282; x_wconf 79' lang='lat'><strong>197.</strong></span> <span class='ocrx_word' id='word_1_675' title='bbox 3440 2274 3445 2279; x_wconf 88' lang='lat'><strong>.</strong></span> 
     </span>
    </p>
   </div>
   <div class='ocr_carea' id='block_1_176' title="bbox 2715 2299 3706 2355">
    <p class='ocr_par' dir='ltr' id='par_1_176' title="bbox 2715 2299 3706 2355">
     <span class='ocr_line' id='line_1_178' title="bbox 2715 2299 3706 2355; baseline 0.004 -5"><span class='ocrx_word' id='word_1_676' title='bbox 2715 2299 3033 2352; x_wconf 89' lang='lat' dir='ltr'><strong>Burchardi</strong></span> <span class='ocrx_word' id='word_1_677' title='bbox 3082 2299 3561 2355; x_wconf 86' lang='lat' dir='ltr'><strong>hallucinationes</strong></span> <span class='ocrx_word' id='word_1_678' title='bbox 3601 2300 3706 2354; x_wconf 89' lang='lat' dir='ltr'><strong>ali-</strong></span> 
     </span>
    </p>
   </div>
   <div class='ocr_carea' id='block_1_177' title="bbox 2640 2370 3698 2495">
    <p class='ocr_par' dir='ltr' id='par_1_177' title="bbox 2640 2370 3698 2495">
     <span class='ocr_line' id='line_1_179' title="bbox 2640 2370 3698 2495; baseline 0.004 -73"><span class='ocrx_word' id='word_1_679' title='bbox 2640 2374 2776 2495; x_wconf 58' lang='grc' dir='ltr'><strong>ἒὲἕῐ</strong></span> <span class='ocrx_word' id='word_1_680' title='bbox 2807 2370 3174 2439; x_wconf 78' lang='lat' dir='ltr'><strong>detegantur,</strong></span> <span class='ocrx_word' id='word_1_681' title='bbox 3197 2371 3322 2439; x_wconf 90' lang='lat'><strong>576,</strong></span> <span class='ocrx_word' id='word_1_682' title='bbox 3350 2370 3447 2425; x_wconf 85' lang='grc'>681</span> <span class='ocrx_word' id='word_1_683' title='bbox 3483 2381 3535 2425; x_wconf 78' lang='lat' dir='ltr'><strong>et</strong></span> <span class='ocrx_word' id='word_1_684' title='bbox 3563 2389 3698 2443; x_wconf 85' lang='lat' dir='ltr'><strong>seq.,</strong></span> 
     </span>
    </p>
   </div>
   <div class='ocr_carea' id='block_1_178' title="bbox 3137 2533 3191 2598">
    <p class='ocr_par' dir='ltr' id='par_1_178' title="bbox 3137 2533 3191 2598">
     <span class='ocr_line' id='line_1_180' title="bbox 3137 2533 3191 2598; baseline 0 0"><span class='ocrx_word' id='word_1_685' title='bbox 3137 2533 3191 2598; x_wconf 89' lang='lat' dir='ltr'><strong>C</strong></span> 
     </span>
    </p>
   </div>
   <div class='ocr_carea' id='block_1_179' title="bbox 2715 2654 3627 2718">
    <p class='ocr_par' dir='ltr' id='par_1_179' title="bbox 2715 2654 3627 2718">
     <span class='ocr_line' id='line_1_181' title="bbox 2715 2654 3627 2718; baseline 0.004 -10"><span class='ocrx_word' id='word_1_686' title='bbox 2715 2654 3097 2708; x_wconf 89' lang='lat' dir='ltr'><strong>Cadurcensis</strong></span> <span class='ocrx_word' id='word_1_687' title='bbox 3135 2656 3464 2718; x_wconf 83' lang='lat' dir='ltr'><strong>comitatus,</strong></span> <span class='ocrx_word' id='word_1_688' title='bbox 3505 2656 3627 2712; x_wconf 87' lang='lat'><strong>630.</strong></span> 
     </span>
    </p>
   </div>
   <div class='ocr_carea' id='block_1_180' title="bbox 2713 2726 3706 2798">
    <p class='ocr_par' dir='ltr' id='par_1_180' title="bbox 2713 2726 3706 2798">
     <span class='ocr_line' id='line_1_182' title="bbox 2713 2726 3706 2798; baseline 0 -18"><span class='ocrx_word' id='word_1_689' title='bbox 2713 2727 2897 2798; x_wconf 68' lang='lat' dir='ltr'><strong>Caedis</strong></span> <span class='ocrx_word' id='word_1_690' title='bbox 2968 2726 3333 2798; x_wconf 76' lang='lat' dir='ltr'><strong>mandatores</strong></span> <span class='ocrx_word' id='word_1_691' title='bbox 3394 2730 3706 2798; x_wconf 81' lang='lat' dir='ltr'><strong>puniantur</strong></span> 
     </span>
    </p>
   </div>
   <div class='ocr_carea' id='block_1_181' title="bbox 2645 2796 3210 2858">
    <p class='ocr_par' dir='ltr' id='par_1_181' title="bbox 2645 2796 3210 2858">
     <span class='ocr_line' id='line_1_183' title="bbox 2645 2796 3210 2858; baseline 0.002 -9"><span class='ocrx_word' id='word_1_692' title='bbox 2645 2805 2707 2851; x_wconf 92' lang='lat' dir='ltr'><strong>ut</strong></span> <span class='ocrx_word' id='word_1_693' title='bbox 2734 2796 3057 2858; x_wconf 88' lang='lat' dir='ltr'><strong>homicidae,</strong></span> <span class='ocrx_word' id='word_1_694' title='bbox 3085 2796 3210 2851; x_wconf 89' lang='lat'><strong>244.</strong></span> 
     </span>
    </p>
   </div>
   <div class='ocr_carea' id='block_1_182' title="bbox 2713 2867 3705 2930">
    <p class='ocr_par' dir='ltr' id='par_1_182' title="bbox 2713 2867 3705 2930">
     <span class='ocr_line' id='line_1_184' title="bbox 2713 2867 3705 2930; baseline 0.003 -10"><span class='ocrx_word' id='word_1_695' title='bbox 2713 2868 3022 2922; x_wconf 62' lang='lat' dir='ltr'><strong>Celibatus</strong></span> <span class='ocrx_word' id='word_1_696' title='bbox 3092 2867 3457 2930; x_wconf 85' lang='lat' dir='ltr'><strong>clericorum,</strong></span> <span class='ocrx_word' id='word_1_697' title='bbox 3528 2868 3601 2923; x_wconf 84' lang='lat'><strong>64</strong></span> <span class='ocrx_word' id='word_1_698' title='bbox 3654 2880 3705 2923; x_wconf 81' lang='lat' dir='ltr'><strong>et</strong></span> 
     </span>
    </p>
   </div>
   <div class='ocr_carea' id='block_1_183' title="bbox 2641 2937 3211 3009">
    <p class='ocr_par' dir='ltr' id='par_1_183' title="bbox 2641 2937 3211 3009">
     <span class='ocr_line' id='line_1_185' title="bbox 2641 2937 3211 3009; baseline -0.007 -17"><span class='ocrx_word' id='word_1_699' title='bbox 2641 2957 2776 3009; x_wconf 81' lang='lat' dir='ltr'><strong>seq.,</strong></span> <span class='ocrx_word' id='word_1_700' title='bbox 2806 2937 2910 2993; x_wconf 81' lang='lat'><strong>492</strong></span> <span class='ocrx_word' id='word_1_701' title='bbox 2938 2948 2990 2991; x_wconf 84' lang='lat' dir='ltr'><strong>et</strong></span> <span class='ocrx_word' id='word_1_702' title='bbox 3016 2956 3149 3009; x_wconf 18' lang='lat' dir='ltr'><strong>sequ</strong></span> <span class='ocrx_word' id='word_1_703' title='bbox 3207 2985 3211 2988; x_wconf 84' lang='lat'>.</span> 
     </span>
    </p>
   </div>
   <div class='ocr_carea' id='block_1_184' title="bbox 2712 3007 3219 3080">
    <p class='ocr_par' dir='ltr' id='par_1_184' title="bbox 2712 3007 3219 3080">
     <span class='ocr_line' id='line_1_186' title="bbox 2712 3007 3219 3080; baseline -0.004 -18"><span class='ocrx_word' id='word_1_704' title='bbox 2712 3007 2852 3080; x_wconf 75' lang='lat' dir='ltr'><strong>Cain</strong></span> <span class='ocrx_word' id='word_1_705' title='bbox 2879 3007 3219 3080; x_wconf 38' lang='lat' dir='ltr'><strong>poema—478.</strong></span> 
     </span>
    </p>
   </div>
   <div class='ocr_carea' id='block_1_185' title="bbox 2712 3078 3089 3152">
    <p class='ocr_par' dir='ltr' id='par_1_185' title="bbox 2712 3078 3089 3152">
     <span class='ocr_line' id='line_1_187' title="bbox 2712 3078 3089 3152; baseline -0.003 -18"><span class='ocrx_word' id='word_1_706' title='bbox 2712 3078 2935 3152; x_wconf 76' lang='lat' dir='ltr'><strong>Calays,</strong></span> <span class='ocrx_word' id='word_1_707' title='bbox 2963 3078 3089 3135; x_wconf 88' lang='lat'><strong>653.</strong></span> 
     </span>
    </p>
   </div>
   <div class='ocr_carea' id='block_1_186' title="bbox 2712 3151 3706 3207">
    <p class='ocr_par' dir='ltr' id='par_1_186' title="bbox 2712 3151 3706 3207">
     <span class='ocr_line' id='line_1_188' title="bbox 2712 3151 3706 3207; baseline 0.001 -3"><span class='ocrx_word' id='word_1_708' title='bbox 2712 3151 2978 3205; x_wconf 88' lang='lat' dir='ltr'><strong>Calcaria</strong></span> <span class='ocrx_word' id='word_1_709' title='bbox 3024 3152 3201 3204; x_wconf 87' lang='lat' dir='ltr'><strong>vetita</strong></span> <span class='ocrx_word' id='word_1_710' title='bbox 3232 3151 3288 3203; x_wconf 91' lang='lat' dir='ltr'><strong>in</strong></span> <span class='ocrx_word' id='word_1_711' title='bbox 3317 3152 3706 3207; x_wconf 83' lang='lat' dir='ltr'><strong>celebratione</strong></span> 
     </span>
    </p>
   </div>
   <div class='ocr_carea' id='block_1_187' title="bbox 2641 3221 3014 3285">
    <p class='ocr_par' dir='ltr' id='par_1_187' title="bbox 2641 3221 3014 3285">
     <span class='ocr_line' id='line_1_189' title="bbox 2641 3221 3014 3285; baseline -0.005 -10"><span class='ocrx_word' id='word_1_712' title='bbox 2641 3221 2858 3285; x_wconf 88' lang='lat' dir='ltr'><strong>missae,</strong></span> <span class='ocrx_word' id='word_1_713' title='bbox 2888 3221 3014 3276; x_wconf 91' lang='lat'><strong>608.</strong></span> 
     </span>
    </p>
   </div>
   <div class='ocr_carea' id='block_1_188' title="bbox 2704 3291 3703 3356">
    <p class='ocr_par' dir='ltr' id='par_1_188' title="bbox 2704 3291 3703 3356">
     <span class='ocr_line' id='line_1_190' title="bbox 2704 3291 3703 3356; baseline 0.002 -10"><span class='ocrx_word' id='word_1_714' title='bbox 2704 3292 3126 3356; x_wconf 80' lang='lat' dir='ltr'><strong>Calceamentis</strong></span> <span class='ocrx_word' id='word_1_715' title='bbox 3193 3291 3383 3347; x_wconf 89' lang='lat' dir='ltr'><strong>clerici</strong></span> <span class='ocrx_word' id='word_1_716' title='bbox 3446 3294 3703 3348; x_wconf 90' lang='lat' dir='ltr'><strong>decorem</strong></span> 
     </span>
    </p>
   </div>
   <div class='ocr_carea' id='block_1_189' title="bbox 2612 3363 3221 3434">
    <p class='ocr_par' dir='ltr' id='par_1_189' title="bbox 2612 3363 3221 3434">
     <span class='ocr_line' id='line_1_191' title="bbox 2612 3363 3221 3434; baseline 0.003 -18"><span class='ocrx_word' id='word_1_717' title='bbox 2612 3396 2621 3401; x_wconf 87' lang='lat'><strong>-</strong></span> <span class='ocrx_word' id='word_1_718' title='bbox 2642 3380 2755 3417; x_wconf 90' lang='lat' dir='ltr'><strong>non</strong></span> <span class='ocrx_word' id='word_1_719' title='bbox 2784 3369 3064 3434; x_wconf 88' lang='lat' dir='ltr'><strong>quaerant,</strong></span> <span class='ocrx_word' id='word_1_720' title='bbox 3104 3363 3221 3418; x_wconf 89' lang='lat'><strong>158.</strong></span> 
     </span>
    </p>
   </div>
   <div class='ocr_carea' id='block_1_190' title="bbox 2713 3434 3704 3488">
    <p class='ocr_par' dir='ltr' id='par_1_190' title="bbox 2713 3434 3704 3488">
     <span class='ocr_line' id='line_1_192' title="bbox 2713 3434 3704 3488; baseline 0 -2"><span class='ocrx_word' id='word_1_721' title='bbox 2713 3434 2877 3487; x_wconf 81' lang='lat' dir='ltr'><strong>Calix</strong></span> <span class='ocrx_word' id='word_1_722' title='bbox 2897 3434 3123 3487; x_wconf 89' lang='lat' dir='ltr'><strong>Domini</strong></span> <span class='ocrx_word' id='word_1_723' title='bbox 3145 3434 3493 3487; x_wconf 89' lang='lat' dir='ltr'><strong>omnimodis</strong></span> <span class='ocrx_word' id='word_1_724' title='bbox 3515 3451 3585 3488; x_wconf 86' lang='lat' dir='ltr'><strong>ex</strong></span> <span class='ocrx_word' id='word_1_725' title='bbox 3615 3453 3704 3488; x_wconf 87' lang='lat' dir='ltr'><strong>ar-</strong></span> 
     </span>
    </p>
   </div>
   <div class='ocr_carea' id='block_1_191' title="bbox 2642 3504 3707 3574">
    <p class='ocr_par' dir='ltr' id='par_1_191' title="bbox 2642 3504 3707 3574">
     <span class='ocr_line' id='line_1_193' title="bbox 2642 3504 3707 3574; baseline 0.003 -19"><span class='ocrx_word' id='word_1_726' title='bbox 2642 3511 2816 3570; x_wconf 82' lang='lat' dir='ltr'><strong>gento</strong></span> <span class='ocrx_word' id='word_1_727' title='bbox 2846 3505 2968 3564; x_wconf 88' lang='lat' dir='ltr'><strong>ﬁat,</strong></span> <span class='ocrx_word' id='word_1_728' title='bbox 2998 3504 3072 3559; x_wconf 85' lang='lat'><strong>56</strong></span> <span class='ocrx_word' id='word_1_729' title='bbox 3097 3513 3150 3556; x_wconf 85' lang='lat' dir='ltr'><strong>et</strong></span> <span class='ocrx_word' id='word_1_730' title='bbox 3174 3521 3284 3574; x_wconf 82' lang='lat' dir='ltr'><strong>seq.</strong></span> <span class='ocrx_word' id='word_1_731' title='bbox 3320 3506 3448 3558; x_wconf 77' lang='lat' dir='ltr'><strong>Non</strong></span> <span class='ocrx_word' id='word_1_732' title='bbox 3477 3506 3707 3563; x_wconf 85' lang='lat' dir='ltr'><strong>traden-</strong></span> 
     </span>
    </p>
   </div>
   <div class='ocr_carea' id='block_1_192' title="bbox 2643 3574 3706 3639">
    <p class='ocr_par' dir='ltr' id='par_1_192' title="bbox 2643 3574 3706 3639">
     <span class='ocr_line' id='line_1_194' title="bbox 2643 3574 3706 3639; baseline 0.004 -14"><span class='ocrx_word' id='word_1_733' title='bbox 2643 3574 2750 3627; x_wconf 90' lang='lat' dir='ltr'><strong>dus</strong></span> <span class='ocrx_word' id='word_1_734' title='bbox 2791 3574 2953 3627; x_wconf 90' lang='lat' dir='ltr'><strong>laicis</strong></span> <span class='ocrx_word' id='word_1_735' title='bbox 2986 3574 3078 3626; x_wconf 88' lang='lat' dir='ltr'><strong>vel</strong></span> <span class='ocrx_word' id='word_1_736' title='bbox 3103 3574 3355 3639; x_wconf 88' lang='lat' dir='ltr'><strong>feminis,</strong></span> <span class='ocrx_word' id='word_1_737' title='bbox 3395 3574 3514 3629; x_wconf 78' lang='lat'><strong>101.</strong></span> <span class='ocrx_word' id='word_1_738' title='bbox 3542 3575 3706 3629; x_wconf 81' lang='lat' dir='ltr'><strong>Calix</strong></span> 
     </span>
    </p>
   </div>
   <div class='ocr_carea' id='block_1_193' title="bbox 2643 3644 3703 3716">
    <p class='ocr_par' dir='ltr' id='par_1_193' title="bbox 2643 3644 3703 3716">
     <span class='ocr_line' id='line_1_195' title="bbox 2643 3644 3703 3716; baseline 0.003 -20"><span class='ocrx_word' id='word_1_739' title='bbox 2643 3645 2972 3716; x_wconf 80' lang='lat' dir='ltr'><strong>Dominicus</strong></span> <span class='ocrx_word' id='word_1_740' title='bbox 3008 3644 3141 3716; x_wconf 82' lang='lat' dir='ltr'><strong>vino</strong></span> <span class='ocrx_word' id='word_1_741' title='bbox 3174 3652 3231 3699; x_wconf 89' lang='lat' dir='ltr'><strong>et</strong></span> <span class='ocrx_word' id='word_1_742' title='bbox 3277 3662 3425 3714; x_wconf 86' lang='lat' dir='ltr'><strong>aqua</strong></span> <span class='ocrx_word' id='word_1_743' title='bbox 3472 3646 3703 3716; x_wconf 90' lang='lat' dir='ltr'><strong>permis-</strong></span> 
     </span>
    </p>
   </div>
   <div class='ocr_carea' id='block_1_194' title="bbox 2640 3714 3704 3785">
    <p class='ocr_par' dir='ltr' id='par_1_194' title="bbox 2640 3714 3704 3785">
     <span class='ocr_line' id='line_1_196' title="bbox 2640 3714 3704 3785; baseline 0.003 -17"><span class='ocrx_word' id='word_1_744' title='bbox 2640 3721 2757 3777; x_wconf 90' lang='lat' dir='ltr'><strong>tus,</strong></span> <span class='ocrx_word' id='word_1_745' title='bbox 2802 3714 2894 3769; x_wconf 88' lang='lat'><strong>56.</strong></span> <span class='ocrx_word' id='word_1_746' title='bbox 2927 3714 3088 3768; x_wconf 86' lang='lat' dir='ltr'><strong>Calix</strong></span> <span class='ocrx_word' id='word_1_747' title='bbox 3116 3722 3172 3769; x_wconf 92' lang='lat' dir='ltr'><strong>et</strong></span> <span class='ocrx_word' id='word_1_748' title='bbox 3199 3718 3422 3785; x_wconf 84' lang='lat' dir='ltr'><strong>patena,</strong></span> <span class='ocrx_word' id='word_1_749' title='bbox 3456 3714 3544 3770; x_wconf 83' lang='lat'><strong>22.</strong></span> <span class='ocrx_word' id='word_1_750' title='bbox 3580 3717 3704 3771; x_wconf 85' lang='lat' dir='ltr'><strong>Non</strong></span> 
     </span>
    </p>
   </div>
   <div class='ocr_carea' id='block_1_195' title="bbox 2643 3786 3702 3849">
    <p class='ocr_par' dir='ltr' id='par_1_195' title="bbox 2643 3786 3702 3849">
     <span class='ocr_line' id='line_1_197' title="bbox 2643 3786 3702 3849; baseline 0.004 -12"><span class='ocrx_word' id='word_1_751' title='bbox 2643 3786 2850 3840; x_wconf 90' lang='lat' dir='ltr'><strong>dentur</strong></span> <span class='ocrx_word' id='word_1_752' title='bbox 2874 3786 2934 3838; x_wconf 93' lang='lat' dir='ltr'><strong>in</strong></span> <span class='ocrx_word' id='word_1_753' title='bbox 2956 3786 3203 3847; x_wconf 87' lang='lat' dir='ltr'><strong>vadium,</strong></span> <span class='ocrx_word' id='word_1_754' title='bbox 3231 3786 3323 3849; x_wconf 90' lang='grc'>24,</span> <span class='ocrx_word' id='word_1_755' title='bbox 3344 3786 3431 3841; x_wconf 91' lang='grc'><strong>62.</strong></span> <span class='ocrx_word' id='word_1_756' title='bbox 3459 3787 3702 3841; x_wconf 87' lang='lat' dir='ltr'><strong>Calicem</strong></span> 
     </span>
    </p>
   </div>
   <div class='ocr_carea' id='block_1_196' title="bbox 2642 3856 3703 3925">
    <p class='ocr_par' dir='ltr' id='par_1_196' title="bbox 2642 3856 3703 3925">
     <span class='ocr_line' id='line_1_198' title="bbox 2642 3856 3703 3925; baseline 0.004 -18"><span class='ocrx_word' id='word_1_757' title='bbox 2642 3857 2852 3910; x_wconf 88' lang='lat' dir='ltr'><strong>femina</strong></span> <span class='ocrx_word' id='word_1_758' title='bbox 2877 3873 2992 3910; x_wconf 92' lang='lat' dir='ltr'><strong>non</strong></span> <span class='ocrx_word' id='word_1_759' title='bbox 3022 3860 3245 3925; x_wconf 87' lang='lat' dir='ltr'><strong>tangat,</strong></span> <span class='ocrx_word' id='word_1_760' title='bbox 3266 3856 3355 3913; x_wconf 87' lang='lat'><strong>25.</strong></span> <span class='ocrx_word' id='word_1_761' title='bbox 3382 3856 3544 3911; x_wconf 81' lang='lat' dir='ltr'><strong>Calix</strong></span> <span class='ocrx_word' id='word_1_762' title='bbox 3565 3856 3703 3911; x_wconf 90' lang='lat' dir='ltr'><strong>olim</strong></span> 
     </span>
    </p>
   </div>
   <div class='ocr_carea' id='block_1_197' title="bbox 2641 3927 3700 3992">
    <p class='ocr_par' dir='ltr' id='par_1_197' title="bbox 2641 3927 3700 3992">
     <span class='ocr_line' id='line_1_199' title="bbox 2641 3927 3700 3992; baseline 0 -10"><span class='ocrx_word' id='word_1_763' title='bbox 2641 3928 2889 3982; x_wconf 90' lang='lat' dir='ltr'><strong>traditus</strong></span> <span class='ocrx_word' id='word_1_764' title='bbox 2948 3927 3114 3981; x_wconf 89' lang='lat' dir='ltr'><strong>laicis</strong></span> <span class='ocrx_word' id='word_1_765' title='bbox 3170 3929 3230 3980; x_wconf 90' lang='lat' dir='ltr'><strong>in</strong></span> <span class='ocrx_word' id='word_1_766' title='bbox 3287 3933 3700 3992; x_wconf 89' lang='lat' dir='ltr'><strong>communione,</strong></span> 
     </span>
    </p>
   </div>
   <div class='ocr_carea' id='block_1_198' title="bbox 2639 3998 3700 4069">
    <p class='ocr_par' dir='ltr' id='par_1_198' title="bbox 2639 3998 3700 4069">
     <span class='ocr_line' id='line_1_200' title="bbox 2639 3998 3700 4069; baseline 0.001 -16"><span class='ocrx_word' id='word_1_767' title='bbox 2639 3999 2763 4053; x_wconf 89' lang='lat'><strong>552.</strong></span> <span class='ocrx_word' id='word_1_768' title='bbox 2796 3998 2960 4069; x_wconf 82' lang='lat' dir='ltr'><strong>Calix</strong></span> <span class='ocrx_word' id='word_1_769' title='bbox 2991 3999 3203 4069; x_wconf 89' lang='lat' dir='ltr'><strong>vitreus</strong></span> <span class='ocrx_word' id='word_1_770' title='bbox 3242 4004 3298 4054; x_wconf 90' lang='lat' dir='ltr'><strong>et</strong></span> <span class='ocrx_word' id='word_1_771' title='bbox 3327 4000 3577 4067; x_wconf 89' lang='lat' dir='ltr'><strong>ligneus,</strong></span> <span class='ocrx_word' id='word_1_772' title='bbox 3606 4000 3700 4069; x_wconf 91' lang='lat'><strong>57,</strong></span> 
     </span>
    </p>
   </div>
   <div class='ocr_carea' id='block_1_199' title="bbox 2641 4068 3228 4136">
    <p class='ocr_par' dir='ltr' id='par_1_199' title="bbox 2641 4068 3228 4136">
     <span class='ocr_line' id='line_1_201' title="bbox 2641 4068 3228 4136; baseline -0.003 -12"><span class='ocrx_word' id='word_1_773' title='bbox 2641 4070 2766 4136; x_wconf 86' lang='lat'><strong>550,</strong></span> <span class='ocrx_word' id='word_1_774' title='bbox 2792 4068 2922 4135; x_wconf 87' lang='lat'><strong>603,</strong></span> <span class='ocrx_word' id='word_1_775' title='bbox 2948 4069 3074 4134; x_wconf 90' lang='lat'><strong>608,</strong></span> <span class='ocrx_word' id='word_1_776' title='bbox 3103 4068 3228 4123; x_wconf 88' lang='lat'><strong>612.</strong></span> 
     </span>
    </p>
   </div>
   <div class='ocr_carea' id='block_1_200' title="bbox 2712 4140 3701 4211">
    <p class='ocr_par' dir='ltr' id='par_1_200' title="bbox 2712 4140 3701 4211">
     <span class='ocr_line' id='line_1_202' title="bbox 2712 4140 3701 4211; baseline 0.004 -17"><span class='ocrx_word' id='word_1_777' title='bbox 2712 4140 3028 4203; x_wconf 90' lang='lat' dir='ltr'><strong>Calumnia,</strong></span> <span class='ocrx_word' id='word_1_778' title='bbox 3062 4141 3121 4194; x_wconf 91' lang='lat' dir='ltr'><strong>id</strong></span> <span class='ocrx_word' id='word_1_779' title='bbox 3151 4147 3258 4205; x_wconf 91' lang='lat' dir='ltr'><strong>est,</strong></span> <span class='ocrx_word' id='word_1_780' title='bbox 3290 4141 3385 4203; x_wconf 92' lang='lat' dir='ltr'><strong>lis,</strong></span> <span class='ocrx_word' id='word_1_781' title='bbox 3418 4142 3545 4211; x_wconf 85' lang='lat'><strong>645,</strong></span> <span class='ocrx_word' id='word_1_782' title='bbox 3576 4143 3701 4198; x_wconf 90' lang='grc'>649.</span> 
     </span>
    </p>
   </div>
   <div class='ocr_carea' id='block_1_201' title="bbox 2711 4211 3708 4269">
    <p class='ocr_par' dir='ltr' id='par_1_201' title="bbox 2711 4211 3708 4269">
     <span class='ocr_line' id='line_1_203' title="bbox 2711 4211 3708 4269; baseline 0.004 -4"><span class='ocrx_word' id='word_1_783' title='bbox 2711 4211 3172 4266; x_wconf 87' lang='lat' dir='ltr'><strong>Calumniatores</strong></span> <span class='ocrx_word' id='word_1_784' title='bbox 3223 4215 3708 4269; x_wconf 80' lang='lat' dir='ltr'><strong>excommunicen-</strong></span> 
     </span>
    </p>
   </div>
   <div class='ocr_carea' id='block_1_202' title="bbox 2639 4281 3294 4354">
    <p class='ocr_par' dir='ltr' id='par_1_202' title="bbox 2639 4281 3294 4354">
     <span class='ocr_line' id='line_1_204' title="bbox 2639 4281 3294 4354; baseline 0 -16"><span class='ocrx_word' id='word_1_785' title='bbox 2639 4288 2755 4346; x_wconf 90' lang='lat' dir='ltr'><strong>tur,</strong></span> <span class='ocrx_word' id='word_1_786' title='bbox 2787 4281 2891 4339; x_wconf 84' lang='lat'><strong>337</strong></span> <span class='ocrx_word' id='word_1_787' title='bbox 2916 4293 2967 4337; x_wconf 77' lang='lat' dir='ltr'><strong>et</strong></span> <span class='ocrx_word' id='word_1_788' title='bbox 2986 4300 3095 4354; x_wconf 82' lang='lat' dir='ltr'><strong>seq.</strong></span> <span class='ocrx_word' id='word_1_789' title='bbox 3284 4297 3294 4303; x_wconf 85' lang='lat'>&#39;</span> 
     </span>
    </p>
   </div>
   <div class='ocr_carea' id='block_1_203' title="bbox 2715 4354 3417 4421">
    <p class='ocr_par' dir='ltr' id='par_1_203' title="bbox 2715 4354 3417 4421">
     <span class='ocr_line' id='line_1_205' title="bbox 2715 4354 3417 4421; baseline -0.003 -10"><span class='ocrx_word' id='word_1_790' title='bbox 2715 4356 3017 4411; x_wconf 89' lang='lat' dir='ltr'><strong>Camerata</strong></span> <span class='ocrx_word' id='word_1_791' title='bbox 3041 4354 3304 4421; x_wconf 90' lang='lat' dir='ltr'><strong>ecclesia,</strong></span> <span class='ocrx_word' id='word_1_792' title='bbox 3326 4355 3417 4409; x_wconf 85' lang='grc'><strong>21.</strong></span> 
     </span>
    </p>
   </div>
   <div class='ocr_carea' id='block_1_204' title="bbox 2712 4425 3158 4488">
    <p class='ocr_par' dir='ltr' id='par_1_204' title="bbox 2712 4425 3158 4488">
     <span class='ocr_line' id='line_1_206' title="bbox 2712 4425 3158 4488; baseline 0.002 -10"><span class='ocrx_word' id='word_1_793' title='bbox 2712 4426 3001 4488; x_wconf 79' lang='lat' dir='ltr'><strong>Camfwic,</strong></span> <span class='ocrx_word' id='word_1_794' title='bbox 3033 4425 3158 4479; x_wconf 91' lang='lat'><strong>584.</strong></span> 
     </span>
    </p>
   </div>
   <div class='ocr_carea' id='block_1_205' title="bbox 2711 4495 3705 4551">
    <p class='ocr_par' dir='ltr' id='par_1_205' title="bbox 2711 4495 3705 4551">
     <span class='ocr_line' id='line_1_207' title="bbox 2711 4495 3705 4551; baseline 0.002 -2"><span class='ocrx_word' id='word_1_795' title='bbox 2711 4496 2939 4550; x_wconf 76' lang='lat' dir='ltr'><strong>Camisa</strong></span> <span class='ocrx_word' id='word_1_796' title='bbox 2959 4497 3031 4549; x_wconf 91' lang='lat' dir='ltr'><strong>ad</strong></span> <span class='ocrx_word' id='word_1_797' title='bbox 3054 4495 3297 4550; x_wconf 82' lang='lat' dir='ltr'><strong>Textum</strong></span> <span class='ocrx_word' id='word_1_798' title='bbox 3328 4502 3385 4549; x_wconf 89' lang='lat' dir='ltr'><strong>et</strong></span> <span class='ocrx_word' id='word_1_799' title='bbox 3406 4497 3705 4551; x_wconf 88' lang='lat' dir='ltr'><strong>Missalem</strong></span> 
     </span>
    </p>
   </div>
   <div class='ocr_carea' id='block_1_206' title="bbox 2713 4637 3703 4709">
    <p class='ocr_par' dir='ltr' id='par_1_206' title="bbox 2713 4637 3703 4709">
     <span class='ocr_line' id='line_1_208' title="bbox 2713 4637 3703 4709; baseline 0.003 -19"><span class='ocrx_word' id='word_1_800' title='bbox 2713 4637 3004 4708; x_wconf 89' lang='lat' dir='ltr'><strong>Campioni</strong></span> <span class='ocrx_word' id='word_1_801' title='bbox 3036 4639 3186 4692; x_wconf 88' lang='lat' dir='ltr'><strong>victo</strong></span> <span class='ocrx_word' id='word_1_802' title='bbox 3232 4641 3471 4709; x_wconf 86' lang='lat' dir='ltr'><strong>prepter</strong></span> <span class='ocrx_word' id='word_1_803' title='bbox 3516 4642 3703 4709; x_wconf 86' lang='lat' dir='ltr'><strong>perju-</strong></span> 
     </span>
    </p>
   </div>
   <div class='ocr_carea' id='block_1_207' title="bbox 2638 4707 3702 4835">
    <p class='ocr_par' dir='ltr' id='par_1_207' title="bbox 2638 4707 3702 4835">
     <span class='ocr_line' id='line_1_209' title="bbox 2638 4707 3702 4835; baseline 0 -73"><span class='ocrx_word' id='word_1_804' title='bbox 2638 4707 2786 4835; x_wconf 54' lang='grc' dir='ltr'><strong>ἒὲξῖω</strong></span> <span class='ocrx_word' id='word_1_805' title='bbox 2826 4707 3066 4764; x_wconf 82' lang='lat' dir='ltr'><strong>dextera</strong></span> <span class='ocrx_word' id='word_1_806' title='bbox 3110 4707 3313 4763; x_wconf 88' lang='lat' dir='ltr'><strong>manus</strong></span> <span class='ocrx_word' id='word_1_807' title='bbox 3344 4707 3702 4779; x_wconf 66' lang='lat' dir='ltr'><strong>amputetur,</strong></span> 
     </span>
    </p>
   </div>
   <div class='ocr_carea' id='block_1_208' title="bbox 2710 4850 3454 4921">
    <p class='ocr_par' dir='ltr' id='par_1_208' title="bbox 2710 4850 3454 4921">
     <span class='ocr_line' id='line_1_210' title="bbox 2710 4850 3454 4921; baseline 0.005 -18"><span class='ocrx_word' id='word_1_808' title='bbox 2710 4851 2973 4921; x_wconf 89' lang='lat' dir='ltr'><strong>Campus,</strong></span> <span class='ocrx_word' id='word_1_809' title='bbox 3014 4850 3140 4911; x_wconf 90' lang='lat'><strong>241,</strong></span> <span class='ocrx_word' id='word_1_810' title='bbox 3172 4850 3299 4915; x_wconf 82' lang='lat'><strong>337,</strong></span> <span class='ocrx_word' id='word_1_811' title='bbox 3329 4851 3454 4907; x_wconf 85' lang='lat'><strong>584.</strong></span> 
     </span>
    </p>
   </div>
   <div class='ocr_carea' id='block_1_209' title="bbox 2714 4921 3706 4990">
    <p class='ocr_par' dir='ltr' id='par_1_209' title="bbox 2714 4921 3706 4990">
     <span class='ocr_line' id='line_1_211' title="bbox 2714 4921 3706 4990; baseline 0.002 -15"><span class='ocrx_word' id='word_1_812' title='bbox 2714 4921 2972 4976; x_wconf 90' lang='lat' dir='ltr'><strong>Canones</strong></span> <span class='ocrx_word' id='word_1_813' title='bbox 3003 4921 3278 4990; x_wconf 87' lang='lat' dir='ltr'><strong>ignorare</strong></span> <span class='ocrx_word' id='word_1_814' title='bbox 3326 4921 3470 4976; x_wconf 90' lang='lat' dir='ltr'><strong>nulli</strong></span> <span class='ocrx_word' id='word_1_815' title='bbox 3522 4940 3706 4979; x_wconf 87' lang='lat' dir='ltr'><strong>sacer-</strong></span> 
     </span>
    </p>
   </div>
   <div class='ocr_carea' id='block_1_210' title="bbox 2641 4992 3705 5057">
    <p class='ocr_par' dir='ltr' id='par_1_210' title="bbox 2641 4992 3705 5057">
     <span class='ocr_line' id='line_1_212' title="bbox 2641 4992 3705 5057; baseline 0.004 -12"><span class='ocrx_word' id='word_1_816' title='bbox 2641 4993 2839 5048; x_wconf 89' lang='lat' dir='ltr'><strong>dotum</strong></span> <span class='ocrx_word' id='word_1_817' title='bbox 2871 4992 3026 5057; x_wconf 89' lang='lat' dir='ltr'><strong>licet,</strong></span> <span class='ocrx_word' id='word_1_818' title='bbox 3057 4992 3182 5048; x_wconf 91' lang='lat'><strong>531.</strong></span> <span class='ocrx_word' id='word_1_819' title='bbox 3211 4994 3470 5046; x_wconf 89' lang='lat' dir='ltr'><strong>Canones</strong></span> <span class='ocrx_word' id='word_1_820' title='bbox 3510 4995 3705 5049; x_wconf 90' lang='lat' dir='ltr'><strong>Orien-</strong></span> 
     </span>
    </p>
   </div>
   <div class='ocr_carea' id='block_1_211' title="bbox 2639 5063 3284 5129">
    <p class='ocr_par' dir='ltr' id='par_1_211' title="bbox 2639 5063 3284 5129">
     <span class='ocr_line' id='line_1_213' title="bbox 2639 5063 3284 5129; baseline -0.002 -12"><span class='ocrx_word' id='word_1_821' title='bbox 2639 5063 2836 5129; x_wconf 82' lang='lat' dir='ltr'><strong>talium</strong></span> <span class='ocrx_word' id='word_1_822' title='bbox 2866 5063 3103 5119; x_wconf 90' lang='lat' dir='ltr'><strong>Patrum</strong></span> <span class='ocrx_word' id='word_1_823' title='bbox 3115 5104 3128 5127; x_wconf 94' lang='lat'><strong>,</strong></span> <span class='ocrx_word' id='word_1_824' title='bbox 3158 5063 3284 5117; x_wconf 86' lang='lat'><strong>594.</strong></span> 
     </span>
    </p>
   </div>
   <div class='ocr_carea' id='block_1_212' title="bbox 2705 5134 3704 5206">
    <p class='ocr_par' dir='ltr' id='par_1_212' title="bbox 2705 5134 3704 5206">
     <span class='ocr_line' id='line_1_214' title="bbox 2705 5134 3704 5206; baseline 0.004 -19"><span class='ocrx_word' id='word_1_825' title='bbox 2705 5134 2993 5188; x_wconf 89' lang='lat' dir='ltr'><strong>Canonica</strong></span> <span class='ocrx_word' id='word_1_826' title='bbox 3030 5135 3343 5206; x_wconf 76' lang='lat' dir='ltr'><strong>auctoritas</strong></span> <span class='ocrx_word' id='word_1_827' title='bbox 3390 5152 3515 5188; x_wconf 90' lang='lat' dir='ltr'><strong>cum</strong></span> <span class='ocrx_word' id='word_1_828' title='bbox 3576 5137 3704 5206; x_wconf 86' lang='lat' dir='ltr'><strong>lege</strong></span> 
     </span>
    </p>
   </div>
   <div class='ocr_carea' id='block_1_213' title="bbox 2635 5204 3704 5271">
    <p class='ocr_par' dir='ltr' id='par_1_213' title="bbox 2635 5204 3704 5271">
     <span class='ocr_line' id='line_1_215' title="bbox 2635 5204 3704 5271; baseline 0.003 -13"><span class='ocrx_word' id='word_1_829' title='bbox 2635 5205 2894 5260; x_wconf 87' lang='lat' dir='ltr'><strong>Romana</strong></span> <span class='ocrx_word' id='word_1_830' title='bbox 2922 5204 3252 5271; x_wconf 88' lang='lat' dir='ltr'><strong>concordat,</strong></span> <span class='ocrx_word' id='word_1_831' title='bbox 3284 5204 3409 5259; x_wconf 91' lang='lat'><strong>245.</strong></span> <span class='ocrx_word' id='word_1_832' title='bbox 3462 5204 3704 5261; x_wconf 84' lang='lat' dir='ltr'><strong>Canoni-</strong></span> 
     </span>
    </p>
   </div>
   <div class='ocr_carea' id='block_1_214' title="bbox 2635 5274 3705 5347">
    <p class='ocr_par' dir='ltr' id='par_1_214' title="bbox 2635 5274 3705 5347">
     <span class='ocr_line' id='line_1_216' title="bbox 2635 5274 3705 5347; baseline 0.002 -17"><span class='ocrx_word' id='word_1_833' title='bbox 2635 5293 2714 5330; x_wconf 83' lang='lat' dir='ltr'><strong>cae</strong></span> <span class='ocrx_word' id='word_1_834' title='bbox 2741 5274 3085 5341; x_wconf 73' lang='lat' dir='ltr'><strong>littera9193,</strong></span> <span class='ocrx_word' id='word_1_835' title='bbox 3115 5286 3166 5329; x_wconf 82' lang='lat' dir='ltr'><strong>et</strong></span> <span class='ocrx_word' id='word_1_836' title='bbox 3194 5294 3329 5347; x_wconf 84' lang='lat' dir='ltr'><strong>seq.,</strong></span> <span class='ocrx_word' id='word_1_837' title='bbox 3368 5276 3489 5333; x_wconf 92' lang='lat'><strong>196.</strong></span> <span class='ocrx_word' id='word_1_838' title='bbox 3522 5279 3705 5333; x_wconf 91' lang='lat' dir='ltr'><strong>Cano-</strong></span> 
     </span>
    </p>
   </div>
   <div class='ocr_carea' id='block_1_215' title="bbox 2633 5348 3702 5489">
    <p class='ocr_par' dir='ltr' id='par_1_215' title="bbox 2633 5348 3702 5489">
     <span class='ocr_line' id='line_1_217' title="bbox 2636 5348 3702 5418; baseline 0.002 -19"><span class='ocrx_word' id='word_1_839' title='bbox 2636 5349 2724 5400; x_wconf 87' lang='lat' dir='ltr'><strong>nis</strong></span> <span class='ocrx_word' id='word_1_840' title='bbox 2756 5349 3041 5418; x_wconf 81' lang='lat' dir='ltr'><strong>praefatio,</strong></span> <span class='ocrx_word' id='word_1_841' title='bbox 3069 5348 3157 5403; x_wconf 92' lang='lat'><strong>28.</strong></span> <span class='ocrx_word' id='word_1_842' title='bbox 3209 5348 3506 5405; x_wconf 88' lang='lat' dir='ltr'><strong>Canonum</strong></span> <span class='ocrx_word' id='word_1_843' title='bbox 3537 5366 3702 5418; x_wconf 89' lang='lat' dir='ltr'><strong>apos-</strong></span> 
     </span>
     <span class='ocr_line' id='line_1_218' title="bbox 2633 5418 3697 5489; baseline -0.002 -17"><span class='ocrx_word' id='word_1_844' title='bbox 2633 5418 2939 5473; x_wconf 91' lang='lat' dir='ltr'><strong>tolicorum</strong></span> <span class='ocrx_word' id='word_1_845' title='bbox 3004 5418 3212 5489; x_wconf 81' lang='lat' dir='ltr'><strong>duplex</strong></span> <span class='ocrx_word' id='word_1_846' title='bbox 3274 5420 3417 5474; x_wconf 88' lang='lat' dir='ltr'><strong>olim</strong></span> <span class='ocrx_word' id='word_1_847' title='bbox 3497 5419 3697 5489; x_wconf 81' lang='lat' dir='ltr'><strong>editio,</strong></span> 
     </span>
    </p>
   </div>
   <div class='ocr_carea' id='block_1_216' title="bbox 2631 5488 3700 5614">
    <p class='ocr_par' dir='ltr' id='par_1_216' title="bbox 2631 5488 3700 5614">
     <span class='ocr_line' id='line_1_219' title="bbox 2631 5488 3700 5614; baseline -0.005 -70"><span class='ocrx_word' id='word_1_848' title='bbox 2631 5489 3078 5614; x_wconf 61' lang='lat' dir='ltr'><strong>355.3ganonum</strong></span> <span class='ocrx_word' id='word_1_849' title='bbox 3134 5496 3348 5546; x_wconf 87' lang='lat' dir='ltr'><strong>statuta</strong></span> <span class='ocrx_word' id='word_1_850' title='bbox 3380 5488 3700 5544; x_wconf 83' lang='lat' dir='ltr'><strong>custodien-</strong></span> 
     </span>
     <span class='ocr_line' id='line_1_220' title="bbox 2675 5579 2844 5614; baseline -0.012 0"><span class='ocrx_word' id='word_1_851' title='bbox 2675 5579 2727 5614; x_wconf 88' lang='lat' dir='ltr'><strong>a.</strong></span> <span class='ocrx_word' id='word_1_852' title='bbox 2833 5601 2844 5612; x_wconf 93' lang='lat'>.</span> 
     </span>
    </p>
   </div>
   <div class='ocr_carea' id='block_1_217' title="bbox 2635 5562 3419 5625">
    <p class='ocr_par' dir='ltr' id='par_1_217' title="bbox 2635 5562 3419 5625">
     <span class='ocr_line' id='line_1_221' title="bbox 2635 5562 3419 5625; baseline 0.004 -11"><span class='ocrx_word' id='word_1_853' title='bbox 2635 5562 2727 5625; x_wconf 88' lang='lat' dir='ltr'><strong>da,</strong></span> <span class='ocrx_word' id='word_1_854' title='bbox 2755 5562 2844 5614; x_wconf 91' lang='lat'><strong>30.</strong></span> <span class='ocrx_word' id='word_1_855' title='bbox 3418 5614 3419 5617; x_wconf 45' lang='grc' dir='ltr'><strong>η</strong></span> 
     </span>
    </p>
   </div>
   <div class='ocr_carea' id='block_1_218' title="bbox 2703 5632 3325 5704">
    <p class='ocr_par' dir='ltr' id='par_1_218' title="bbox 2703 5632 3325 5704">
     <span class='ocr_line' id='line_1_222' title="bbox 2703 5632 3325 5704; baseline -0.005 -17"><span class='ocrx_word' id='word_1_856' title='bbox 2703 5632 2936 5688; x_wconf 84' lang='lat' dir='ltr'><strong>Cantica</strong></span> <span class='ocrx_word' id='word_1_857' title='bbox 2968 5634 3178 5704; x_wconf 89' lang='lat' dir='ltr'><strong>turpia,</strong></span> <span class='ocrx_word' id='word_1_858' title='bbox 3201 5632 3325 5685; x_wconf 89' lang='lat'><strong>215.</strong></span> 
     </span>
    </p>
   </div>
   <div class='ocr_carea' id='block_1_219' title="bbox 2704 5698 3703 5770">
    <p class='ocr_par' dir='ltr' id='par_1_219' title="bbox 2704 5698 3703 5770">
     <span class='ocr_line' id='line_1_223' title="bbox 2704 5698 3703 5770; baseline -0.003 -13"><span class='ocrx_word' id='word_1_859' title='bbox 2704 5704 2911 5759; x_wconf 88' lang='lat' dir='ltr'><strong>Cantus</strong></span> <span class='ocrx_word' id='word_1_860' title='bbox 2978 5698 3289 5758; x_wconf 75' lang='lat' dir='ltr'><strong>noéturnus</strong></span> <span class='ocrx_word' id='word_1_861' title='bbox 3345 5704 3517 5770; x_wconf 80' lang='lat' dir='ltr'><strong>atque</strong></span> <span class='ocrx_word' id='word_1_862' title='bbox 3549 5698 3703 5754; x_wconf 82' lang='lat' dir='ltr'><strong>diur-</strong></span> 
     </span>
    </p>
   </div>
  </div>
