4014 6198
218 148 359 219 1101

300 269 653 337 Frigiditatis
718 265 1009 319 accusatio
1050 274 1293 332 quomo-

231 343 304 394 do
336 341 644 399 probanda.
666 337 790 399 303.

348 403 684 465 rotmundus
707 422 901 460 comes
923 403 1289 467 Senonensis,

300 551 601 619 Fugitivus
632 547 900 608 clericus,
934 550 1059 600 425.

304 615 416 676 Fur
449 627 550 675 aut
578 620 729 673 latro
759 626 958 688 captus
990 619 1046 669 in
1080 615 1293 688 praeda,

232 692 355 747 393.
391 694 507 745 Fur
548 686 891 743 necessitate
921 692 1120 747 factus,
1167 686 1292 741 378.

234 765 403 817 Fures
429 770 487 815 et
506 761 761 815 latrones
801 761 849 813 si
879 760 935 811 in
968 758 1211 812 furendo
1242 760 1299 808 et

232 834 545 905 praedando
561 832 908 905 occidantur,
936 831 1059 905 246.
1082 830 1291 882 Furum

232 901 595 976 poenitentia,
627 901 751 976 I42,
781 903 899 976 144.
923 901 1046 957 312.

304 975 533 1029 Furiosi
585 982 680 1027 aut
725 974 958 1025 furiosae
1008 970 1297 1024 matrimo-

234 1048 393 1099 nium
424 1063 494 1097 an
528 1044 929 1103 separandum,
950 1043 1072 1097 261.
1098 1042 1223 1095 5L5.

306 1118 466 1170 Furti
502 1114 780 1177 deﬁnitio,
805 1119 833 1170 3
852 1146 858 1161 ι
876 1120 905 1169 3
931 1120 987 1171 et
1014 1129 1133 1183 seq.

753 1221 794 1275 G

303 1326 603 1395 Gardingi,
636 1328 760 1379 441.

304 1399 655 1451 Gausbertus
672 1397 1059 1450 Cadurcorum
1078 1396 1276 1465 episco

236 1486 367 1540 pus,
404 1468 530 1524 543.
679 1511 684 1515 .

308 1539 522 1593 Gausla
541 1556 686 1593 uxor
704 1540 970 1592 Ademari
997 1540 1035 1585 Υ
1048 1540 1306 1593 icecomi-

238 1610 313 1666 tis
341 1609 648 1668 Scalarum.
674 1610 780 1664 630
810 1616 865 1665 et
892 1624 1012 1680 seq.

307 1682 586 1737 Genecite.
614 1683 739 1734 568.

311 1753 682 1814 Geneciarim,
714 1754 838 1805 209.

311 1823 665 1885 Geniculum,
697 1824 821 1877 587.

299 1895 654 1951 Θθυὶῐίίινίεε.
706 1894 824 1958 120,
858 1894 982 1947 277.
1015 1893 1139 1955 567,
1176 1891 1303 1946 586.

311 1965 630 2023 Genu.587.
657 1964 814 2017 Genu
842 1980 952 2017 non
969 1966 1307 2018 ﬂectendum

242 2038 299 2089 in
331 2037 423 2087 die
455 2036 759 2098 dominico,
790 2036 904 2089 173.
932 2036 1184 2088 Genuum
1217 2037 1309 2087 ﬂe-

241 2109 445 2161 xiones
475 2124 579 2176 pro
612 2108 969 2176 pauitantia,
1013 2107 1125 2161 τ49.

312 2176 884 2247 (ἰθεῐαροηιὶἰὶθᾶϋε,
917 2178 1042 2233 599.

311 2249 668 2303 Gislemanus
707 2250 1030 2318 presbyter.
1064 2248 1180 2301 196.

320 2319 668 2371 Gislemarus
718 2320 1015 2388 presbyter
1046 2319 1310 2370 indoctus

251 2393 504 2447 notatus,
536 2388 659 2439 530.

316 2457 646 2521 Gradualia,
679 2454 804 2512 607.

318 2530 507 2583 Grana
535 2529 866 2583 comburere
905 2528 1001 2582 ubi
1054 2535 1311 2582 mortuus

246 2608 335 2654 est
355 2599 548 2663 homo,
578 2600 698 2654 344.

316 2670 530 2725 Gratiae
561 2669 672 2724 Deo
696 2668 1018 2725 referendae
1062 2676 1195 2740 post
1236 2669 1312 2723 ci-

248 2746 399 2804 bum,
429 2740 517 2794 95.

318 2812 565 2867 Gravidi
596 2811 936 2881 baptizanda
967 2813 1193 2883 quando
1216 2828 1314 2864 vo-

248 2884 441 2947 luerit,
482 2883 597 2937 127.

316 2954 583 3021 Gregorii
629 2951 703 3006 IV
744 2952 992 3025 epistola
1039 2953 1107 3006 de
1154 2954 1307 3007 resti-

248 3025 466 3080 tutione
494 3025 738 3079 Ebbonis
770 3026 1038 3093 arguitur
1092 3025 1315 3079 falsita-

250 3098 347 3153 tis.
376 3097 501 3149 599.

323 3166 585 3233 Gregorii
615 3165 885 3229 homilim,
915 3166 1002 3220 30.

321 3238 633 3305 Gregorius
663 3234 761 3291 VII
788 3253 850 3288 se
879 3240 1095 3308 purgat
1128 3238 1316 3308 abob-

244 3310 422 3378 jectis
446 3304 582 3361 cum
627 3304 1141 3377 corpwe'Domini,
1190 3304 1313 3361 588.

321 3378 737 3447 Gunebodigni,
766 3378 890 3433 590.

761 3480 810 3539 Η

327 3591 564 3644 Habitus
595 3589 916 3658 religionis,
964 3593 1019 3655 4,
1068 3589 1154 3645 34.
1205 3591 1321 3644 Sce-

253 3662 489 3724 cularis,
529 3661 647 3717 153.

327 3731 527 3786 Harsa
557 3731 742 3800 patris
782 3747 895 3784 non
936 3735 1024 3781 ρςι
1053 3729 1240 3783 omnis
1264 3732 1322 3781 ﬁ-

256 3804 390 3863 lius,
423 3800 546 3855 280.

329 3870 572 3943 Harioli,
605 3871 703 3925 341
740 3876 795 3943 et
816 3886 934 3943 seq.

328 3942 715 4007 Harmiscara,
746 3942 864 4005 118,
890 3941 1024 3997 370.
1059 3941 1184 3997 566.

328 4013 630 4075 Hemiolia,
654 4013 710 4065 id
740 4022 828 4068 est
867 4014 1153 4083 sescupla,
1198 4012 1318 4067 lll.

330 4085 701 4138 Hibernicum
729 4083 1056 4151 concilium,
1091 4085 1213 4139 572.

331 4153 749 4226 Hildebrandus
767 4156 1072 4226 episcOpus
1086 4157 1324 4225 Sagien-

262 4225 363 4288 sis,
398 4224 522 4291 546,
551 4226 674 4281 625.

332 4294 733 4350 Hiltineshaim
782 4300 840 4351 in
888 4300 1152 4359 Saxonis,
1192 4297 1318 4354 600.

334 4367 669 4442 Hincmarus
689 4370 1158 4442 archiepiscopus
1176 4369 1326 4423 Rhe-

262 4439 500 4495 mensis.
530 4437 655 4493 578.

336 4509 635 4562 Homicida
685 4512 1017 4581 quandoque
1092 4512 1325 4581 punien-

266 4581 394 4640 dus,
464 4581 830 4649 quandoque
915 4580 1324 4645 absoIVendus,

264 4650 389 4706 244.
424 4648 735 4704 Homicida:
789 4652 885 4723 qui
916 4653 1138 4721 seipsos
1171 4668 1328 4723 pere-

264 4726 498 4791 merunt
530 4735 644 4774 non
677 4723 1027 4791 sepeliantur
1047 4736 1173 4777 cum
1205 4739 1329 4777 can-

264 4790 420 4855 ticis,
454 4791 578 4846 246.
628 4790 1051 4848 Homicidarum
1104 4794 1330 4847 diversa

271 4877 500 4935 genera,
531 4861 657 4935 231.
692 4863 1120 4919 Homicidarum
1150 4867 1332 4935 poeni-

270 4931 470 5007 tentia,
526 4934 643 4992 I41.
686 4936 794 4991 216
819 4943 875 4992 et
903 4950 1021 5007 seq.
1073 4931 1195 4991 472.
1245 4937 1333 4991 Sit

269 5004 481 5073 ubique
537 5007 755 5069 eadem,
813 5008 940 5062 215.
974 5004 991 5007 “
1018 5007 1330 5062 Homicidia

271 5093 386 5131 non
418 5079 965 5139 communicandum,
1000 5077 1126 5133 240.

345 5142 655 5200 Homicidii
709 5149 972 5204 clausula
1000 5152 1055 5202 in
1102 5151 1337 5202 canoni-

272 5218 383 5270 bus
415 5218 772 5287 apostolicis,
814 5222 937 5275 555.
992 5221 1338 5274 Homicidia-

276 5301 401 5357 rum
433 5284 664 5341 diversa
691 5284 922 5357 genera,
980 5293 1087 5347 205
1130 5297 1187 5348 et
1215 5306 1332 5357 seq.

348 5355 663 5433 Hominum
676 5355 817 5433 ’ἰήιε
848 5378 1073 5433 semper
1101 5355 1338 5433 querula

278 5436 386 5501 est,
443 5431 569 5501 643.
646 5430 828 5483 Homo
892 5430 1337 5501 ecclesiasticus,

285 5495 404 5554 169.
435 5500 618 5555 Homo
647 5518 759 5554 non
793 5504 1086 5559 occidatur
1116 5504 1231 5559 nisi
1263 5495 1341 5559 1e;

279 5582 354 5637 ge
371 5571 631 5639 jubente,
662 5573 785 5626 240.

1614 135 1703 188 DE
1748 98 1937 187 seet.
1980 124 2260 185 DISCIPL.

1474 260 1669 313 Honor
1707 256 2015 314 cathedra.
2057 256 2143 309 35.

1474 331 1645 384 Horae
1683 330 1996 385 canonicae,
2024 328 2149 380 274.

1474 400 1851 471 Hospitalitas
1871 399 2320 471 commendatur,
2348 396 2465 459 105,

1404 474 1526 537 369,
1548 470 1673 529 604,
1706 472 1830 526 6021.
1870 470 1995 525 612.

1476 544 1692 601 Hostis,
1765 544 1819 595 id
1867 548 1955 595 est
2012 541 2315 602 exercitus,
2374 540 2467 601 85,

1404 614 1527 675 217,
1567 615 1692 669 562.

1476 686 1643 753 Hugo
1678 686 1787 737 dux
1814 683 2314 750 Burgundionum,
2341 681 2467 753 642.

1479 757 1643 824 Hugo
1669 755 1927 809 Lotharii
1951 755 2107 822 regis
2133 752 2308 814 ﬁlius,
2341 752 2464 805 527.

1479 825 1811 880 Hunbaldus
1834 826 2162 878 Uriacensis
2177 824 2467 882 dominus,

1407 899 1512 953 646
1542 904 1595 953 et
1623 913 1779 967 seqq.

1478 970 1677 1039 Hymni
1715 967 1999 1027 matutini,
2032 968 2120 1019 94.

1937 1075 1956 1126 I

1482 1182 1636 1249 Ignis
1666 1181 2064 1252 paenitudinis,
2099 1179 2222 1252 272.

1484 1248 1685 1307 llzicita
1744 1252 1843 1322 qui
1882 1251 2189 1322 commisit,
2217 1267 2256 1322 τι
2297 1248 2473 1322 licitis

1411 1326 1579 1377 etiam
1615 1320 1920 1381 abstineat,
1961 1322 2077 1377 153.
2138 1320 2260 1375 381.
2308 1320 2475 1373 Illici-

1413 1406 1603 1450 torum
1628 1396 1847 1448 veniam
1876 1393 2178 1463 postulans
2218 1410 2251 1443 ιι
2281 1390 2474 1443 multis

1417 1468 1590 1520 licitis
1622 1466 1912 1518 abstinere
1934 1466 2119 1531 debet,
2148 1463 2270 1515 498.

1487 1537 1775 1591 Illitterati
1801 1553 1913 1588 non
1955 1534 2316 1587 ordinentur.
2355 1531 2471 1585 187.

1413 1610 1536 1661 Non
1571 1614 1812 1678 possunt
1864 1624 1989 1658 esse
2043 1602 2474 1675 episcopi,40!.

1487 1679 1769 1747 Imagines
1820 1695 1933 1731 non
1984 1683 2270 1748 ponantur
2308 1689 2481 1748 super

1414 1750 1583 1804 altari
1627 1750 1683 1801 in
1728 1764 1840 1818 quo
1887 1746 2095 1818 corpus
2129 1746 2479 1801 Dominicum

1417 1826 1804 1883 consecratur,
1852 1820 1977 1875 549.

1487 1892 1825 1961 Impotentia
1854 1888 2091 1943 coeundi
2132 1904 2259 1941 cum
2290 1887 2480 1940 uxori-

1417 1965 1545 2031 bus,
1589 1962 1692 2017 302
1729 1968 1783 2016 et
1813 1976 1929 2032 seq.

1488 2029 1800 2105 Impunitas
1866 2029 2133 2103 peccandi
2183 2029 2478 2091 illecebra,

1414 2107 1538 2165 325,
1570 2106 1694 2159 589.

1488 2177 1897 2234 lui-antatcres,
1933 2173 2058 2227 351.

1486 2247 1767 2298 Incendial
1784 2244 1972 2295 iorum
1988 2240 2347 2311 poenitentia.
2361 2240 2481 2297 143.

1491 2386 1788 2439 Incensum
1816 2382 2169 2437 oﬂ‘erendum
2197 2380 2256 2433 in
2287 2379 2481 2443 altari,

1418 2458 1509 2509 55.

1494 2532 1711 2581 Incesta
1743 2524 2051 2583 adulteria,
2081 2522 2203 2578 311.

1497 2604 1719 2652 incesta:
1765 2596 1998 2665 nuptiae,
2040 2597 2150 2649 180.

1492 2670 1696 2722 Incesti
1748 2664 1907 2720 varia
1966 2683 2196 2733 genera,
2280 2664 2385 2718 285
2430 2669 2486 2722 et

1420 2756 1602 2812 θείῃ..
1810 2740 1879 2791 Et
1910 2738 2279 2812 poenitential
2296 2734 2402 2812 287
2433 2740 2487 2789 et

1421 2806 1602 2883 seqq"
1628 2810 1732 2864 296
1759 2816 1813 2883 et
1846 2806 2029 2878 seqq..
2056 2808 2185 2867 305,
2216 2806 2341 2861 601.

1493 2877 1799 2937 Incestuosi
1852 2877 2146 2937 peccatum
2198 2892 2311 2931 non
2353 2877 2489 2929 reti-

1494 2899 1799 2937 IDCCSEUOSI
1892 2899 2146 2933 eccatum
2198 2899 2311 2931 non
2354 2899 2488 2929 reu-

1421 2954 1679 3011 cendum.
1852 2899 2327 3005 Iincestuosorum
2363 2965 2488 3019 pec—

1422 3031 1567 3091 cata,
1599 3023 1889 3094 episcopis
1922 3020 2229 3075 revelanda
2271 3038 2305 3073 a
2331 3035 2490 3094 pres-

1423 3092 1667 3167 byteris,
1698 3095 1812 3167 107.
1845 3093 2307 3146 Incestuosorum
2330 3092 2490 3167 jura-

1426 3162 1694 3232 rnentum,
1728 3165 1851 3218 298.
1913 3170 2273 3218 Incestuosos
2310 3162 2491 3215 susci-

1427 3238 1703 3308 pientium
1731 3249 1918 3306 poena,
1935 3236 2059 3289 587.

1497 3304 1932 3377 Incorporamur
1953 3323 2075 3359 cum
2100 3305 2333 3358 Christo
2355 3304 2487 3355 dum

1424 3379 1736 3433 chrismate
1766 3378 2054 3443 ung'nnur,
2087 3377 2173 3430 58.

1502 3448 1807 3515 lndiculus,
1837 3453 1960 3509 331,
1992 3448 2115 3502 591.

1502 3522 1884 3574 Indiﬂ'erenter
1936 3515 2332 3586 baptizandum
2376 3531 2486 3568 non

1427 3600 1535 3649 est,
1569 3592 1657 3655 26,
1688 3590 1794 3642 538

1503 3661 1830 3713 Indumenta
1857 3658 2153 3724 altarium,
2184 3656 2272 3709 22.

1492 3729 1690 3800 Infans
1758 3746 1791 3780 a
1857 3729 2133 3800 sanguine
2203 3725 2487 3800 nutritus,

1427 3798 1549 3857 239.
1574 3800 1763 3853 Infans
1786 3804 2037 3853 mortuus
2062 3799 2182 3851 sine
2202 3798 2488 3867 baptismo

1429 3890 1531 3942 per
1558 3870 1963 3939 negligentiam
2016 3868 2365 3942 presbyteri,
2382 3871 2487 3942 aut

1431 3937 1652 4009 matris,
1713 3937 1810 3994 aut
1841 3937 2160 4011 parentum,
2193 3937 2296 4005 ⁷23,
2337 3937 2401 3991 81
2435 3940 2492 3993 et

1428 4031 1569 4085 seq.,
1591 4015 1706 4067 145.
1735 4014 1984 4085 Infantes
2010 4012 2231 4064 incaute
2257 4026 2492 4085 oppresf

1431 4080 1515 4154 si,
1534 4086 1657 4150 206,
1691 4085 1814 4139 235.
1841 4084 2091 4135 Infantes
2112 4080 2489 4154 conﬁrmandi

1430 4152 1957 4212 etcommunicandi
1982 4154 2174 4207 statim
2199 4158 2334 4223 post
2357 4152 2431 4204 ba

1430 4231 1685 4297 tismum,
1743 4226 1868 4291 551,
1925 4225 2058 4297 554.
2112 4224 2372 4297 Infantes
2423 4224 2489 4273 de

1430 4316 1555 4371 quo:
1570 4294 1973 4371 um'baptismp
2031 4296 2331 4350 dubitatur
2359 4294 2494 4363 bap-

1432 4368 1578 4427 tizan
1587 4371 1641 4423 di
1662 4380 1817 4437 sunt,
1849 4368 1967 4423 127.

1504 4441 1717 4495 Inﬁrmi
1792 4433 2078 4509 quomodo
2133 4433 2492 4509 admonendi,

1431 4513 1521 4568 71.
1559 4512 1767 4566 Inﬁrmi
1798 4506 2047 4577 ﬁngendi
2099 4507 2247 4573 oleo,
2277 4511 2369 4571 23,
2400 4506 2494 4569 29,

1434 4584 1526 4651 59,
1572 4584 1646 4637 75
1666 4588 1721 4639 et
1752 4594 1894 4653 seq.,
1932 4579 2211 4648 603,68,
2247 4578 2352 4653 612
2404 4577 2495 4630 In-

1434 4649 1658 4709 ﬁrmum
1727 4649 2023 4723 presbyter
2092 4667 2194 4722 per
2243 4649 2495 4719 seipsum

1436 4725 1842 4788 communicet,
1871 4724 1961 4777 77.

1508 4796 1756 4863 Ingenua
1783 4794 2056 4859 conditio,
2114 4794 2200 4846 28.
2226 4791 2503 4863 Ingenus

1439 4862 1604 4920 servo
1642 4882 1705 4917 se
1758 4867 1997 4919 miscens
2027 4862 2353 4931 capitaliter
2402 4877 2504 4931 pu-

1441 4939 1656 5007 niatur,
1686 4935 1808 4991 266.

1512 5001 1888 5075 Ingenuitatis
1909 5006 2129 5069 charta,
2152 5001 2377 5071 titulus,
2407 5020 2508 5073 pa-

1441 5080 1600 5149 gina,
1634 5078 1735 5133 182
1763 5082 1816 5134 et
1846 5092 1990 5149 seq..
2020 5077 2145 5149 539.

1516 5144 1822 5217 Ingenuns,
1882 5144 1940 5201 id
1971 5153 2059 5201 est
2104 5148 2268 5211 liber,
2328 5144 2427 5217 lsu
2452 5148 2507 5199 et

1442 5214 1605 5292 seq,
1632 5222 1757 5275 539.
1811 5214 2095 5292 Ingenuus
2146 5220 2194 5270 si
2242 5214 2511 5292 ancillam

1445 5288 1681 5346 uiorem
1714 5291 2018 5361 acceperit,
2044 5292 2251 5358 putans
2274 5304 2401 5341 eam
2423 5288 2511 5338 1n-

1446 5378 1707 5432 genuam,
1748 5362 1872 5416 257.

1520 5434 1752 5503 Injuriae
1773 5448 1887 5485 non
1918 5432 2255 5503 referendae,
2279 5428 2407 5483 617.
2433 5427 2519 5480 In-

1442 5499 1728 5575 juriarum
1761 5518 1989 5558 suarum
2025 5499 2245 5556 ultores
2277 5515 2391 5553 non
2420 5515 2516 5552 or-

1452 5576 1704 5642 dinandi,
1746 5575 1836 5631 91.

3507 140 3640 195 1102

2652 255 2986 339 Innocentes
3037 258 3397 339 custodiendi
3447 261 3643 314 adver-

2581 344 2681 380 sus
2714 332 3023 397 perniciem
3064 332 3465 397 accusantium,
3514 332 3639 385 442.

2653 395 2950 468 Inquisitio
2992 395 3051 449 in
3090 398 3415 455 visitatione
3443 402 3644 457 dioece-

2581 467 2738 535 secs,
2766 467 2870 524 530
2901 474 2955 524 et
2985 482 3100 539 seq.

2649 539 2945 592 Insaniens
2986 538 3035 591 si
3058 538 3201 609 quis
3241 538 3523 596 hominem
3550 560 3645 599 oc-

2580 611 2803 678 ciderit,
2834 611 2959 665 247.

2653 684 3035 735 Instrumenta.
3065 680 3344 749 ecclesiae,
3384 684 3501 737 164.

2653 752 3113 822 Internuptarum
3154 753 3345 806 mariti
3400 773 3510 811 non
3563 772 3651 808 ora

2582 824 2834 892 dinandi,
2866 823 2991 879 399.

2654 894 2897 949 Intincta
2935 894 3173 963 oblatio,
3204 895 3293 949 58.

2656 966 2967 1027 Invadiare,
2999 965 3124 1021 537.

2656 1037 2874 1109 Inridia
2921 1040 3194 1109 quantum
3236 1037 3470 1109 malum,
3522 1038 3647 1094 6A7.

2586 1108 2821 1162 Invidiae
2842 1107 3202 1177 pcnnitentia,
3249 1108 3364 1164 I46.

2656 1178 2861 1231 Isidori
2893 1178 3279 1248 etymologia,
3310 1181 3435 1235 288.

3101 1302 3130 1354 J

2655 1410 3025 1477 Jejunandum
3056 1425 3169 1461 non
3218 1415 3307 1463 est
3359 1412 3653 1465 Dominico

2754 1481 2876 1535 387.
2954 1481 3329 1549 Jejunandum
3387 1483 3653 1551 Sabbato,

2658 1622 2845 1694 Jej_uni
2880 1621 2997 1674 sint
3025 1622 3259 1677 comites
3289 1638 3437 1694 cum
3479 1623 3658 1694 placi-

2590 1700 2709 1748 tum
2741 1692 2970 1759 habent,
2991 1693 3079 1747 85.
3113 1693 3299 1763 Jejuni
3324 1692 3442 1747 sint
3473 1692 3569 1764 qui
3598 1695 3654 1748 in

2587 1764 2801 1817 sanctis
2830 1764 3041 1817 debent
3062 1766 3281 1833 jurare,
3314 1764 3440 1820 330.
3624 1778 3636 1795 ’

2658 1836 2889 1901 Jejunia
2918 1833 3181 1901 legitima
3212 1852 3323 1888 non
3371 1844 3509 1890 sunt
3536 1836 3655 1890 801·-

2588 1905 2789 1976 venda,
2832 1905 2954 1961 389.
3002 1906 3231 1977 Jejnnia
3262 1908 3657 1961 extraordina-

2589 1978 2677 2030 ria
2723 1977 3009 2047 quomodo
3056 1977 3270 2031 indicta
3329 1977 3487 2041 olim,
3528 1978 3655 2033 569.

2588 2050 2879 2116 Jejunium
2955 2048 3227 2101 indictum
3289 2050 3655 2114 servandum,

2596 2118 2713 2180 132,
2753 2117 2870 2183 144,
2897 2116 3024 2170 211.
3055 2118 3335 2183 Jejunium
3396 2119 3658 2180 Quatuor

2591 2189 2959 2258 Temporum,
2990 2187 3078 2255 26,
3109 2187 3236 2251 604,
3264 2187 3389 2253 609,
3421 2189 3543 2242 613.
3574 2191 3661 2242 Je-

2586 2261 2816 2329 juninm
2848 2258 3195 2326 vigiliarum,
3236 2258 3351 2314 132.

2663 2330 2910 2383 Joannes
2961 2329 3136 2383 abbas
3215 2328 3548 2384 Tutelensis
3604 2336 3661 2385 et

2594 2400 3039 2469 Aureliacensis,
3067 2400 3193 2455 635.

2664 2472 2916 2525 Joannes
2936 2472 3021 2527 X11
3049 2478 3349 2526 accusatus
3369 2473 3521 2542 quod
3546 2486 3658 2527 non

2595 2542 3065 2596 communicasset
3096 2542 3154 2595 in
3185 2543 3383 2609 missa,
3411 2544 3534 2599 538.

2630 2614 2911 2740 9.(lsoannes
2941 2615 3192 2685 scriptor
3221 2614 3367 2669 Vitas
3393 2612 3449 2670 S.
3482 2615 3653 2684 Greg.

2667 2758 2803 2811 Joca
2848 2761 2906 2809 et
2952 2754 3312 2820 saltationes,
3376 2756 3493 2810 174.
3521 2758 3661 2810 Joca

2596 2830 2808 2898 turpia,
2838 2827 2931 2890 25,
2965 2826 3083 2893 108,
3115 2826 3240 2883 537.

2639 2901 2866 3024 ὦσαι-θ
2919 2898 3155 2953 vetitum
3208 2914 3331 2951 cum
3376 2899 3656 2969 parvulis,

2667 3043 2842 3097 Jonas
2908 3040 3206 3111 episcOpus
3295 3040 3662 3109 Augustodu-

2600 3112 2815 3169 nensis.
2843 3113 2969 3180 544,
3000 3112 3124 3167 622.

2669 3184 2855 3237 Judaei
2893 3200 2964 3235 ne
2996 3198 3196 3236 servos
3246 3181 3450 3236 alienae
3479 3181 3665 3237 natio-

2599 3255 2690 3308 nis
2767 3254 3194 3315 circumcidant,
3276 3253 3401 3308 245.
3456 3253 3660 3308 Judaao

2599 3343 2710 3382 non
2797 3326 2936 3379 licet
3020 3324 3230 3378 habere
3315 3325 3663 3396 mancipium

2601 3397 3012 3457 Christianum,
3037 3396 3159 3450 340.
3184 3396 3410 3458 Judaeos
3430 3396 3582 3449 inter
3606 3401 3665 3449 et

2600 3468 2960 3523 Christianos
3040 3467 3214 3519 vetita
3276 3466 3662 3533 matrimonia,

2669 3606 2891 3659 Judicia
2937 3605 3210 3673 agitanda
3242 3621 3369 3658 'non
3430 3611 3566 3659 sunt
3606 3604 3665 3658 in

2600 3678 2689 3731 die
2739 3681 2904 3746 festo,
2943 3675 3068 3728 575.
3110 3675 3336 3728 Judicia
3367 3691 3483 3730 non
3527 3680 3666 3730 sunt

2600 3748 2925 3814 dividenda,
2954 3746 3077 3803 327.

2669 3820 2887 3874 Judicis
2916 3818 3151 3873 alterius
3209 3816 3494 3871 sententis
3543 3815 3665 3872 nisi

2601 3891 2686 3944 sui
2716 3889 2909 3944 nullus
2938 3894 3219 3957 teneatur,
3252 3890 3374 3943 326.

2670 3961 2955 4016 Judicium
3023 3960 3142 4021 Dei,
3200 3960 3321 4015 351.
3376 3958 3665 4014 Judicium

2600 4034 3080 4097 ecclesiasticum,
3141 4031 3265 4099 301,
3322 4032 3448 4086 498.
3502 4029 3667 4084 Jndi-

2603 4106 2749 4160 cium
2813 4104 3160 4174 episcopale,
3214 4102 3667 4174 332._Judicium

2603 4172 2903 4244 sanguinis
2934 4172 3154 4243 agit-ire
3178 4190 3296 4227 non
3330 4172 3537 4227 debent
3567 4173 3667 4243 qui

2602 4266 2769 4302 sacra.
2797 4252 3070 4309 tractant,
3110 4245 3235 4301 234.
3264 4245 3544 4299 Judicium
3576 4261 3669 4316 sy-

2604 4317 2828 4379 nodale,
2863 4316 2985 4375 396.

2673 4390 2933 4444 Jndicum
3008 4387 3318 4441 electorum
3385 4385 3671 4440 sententia

2605 4479 2717 4516 non
2745 4467 2832 4513 est
2863 4459 3106 4513 obnoxia
3133 4454 3669 4527 appellationi,i254

2604 4539 2662 4604 et
2687 4546 2805 4604 seq.
2838 4530 3099 4585 Jndicum
3130 4526 3440 4582 auctoritas
3469 4543 3503 4579 a
3530 4526 3667 4591 Deo,

2676 4672 2875 4728 Judith
2903 4670 3027 4725 ﬁlia
3057 4669 3251 4726 Caroli
3286 4668 3468 4733 Calvi,
3496 4669 3675 4736 nupta

2611 4744 2916 4808 Balduino,
2946 4743 3072 4797 282.

2681 4818 3013 4870 Juramenta
3040 4814 3096 4865 in
3121 4811 3291 4864 altari
3319 4826 3420 4863 seu
3453 4811 3678 4861 sancto-

2613 4905 2741 4943 rum
2814 4884 3111 4955 reliquiis,‘
3157 4881 3281 4937 330.
3344 4883 3680 4955 Juramenta

2616 4978 2791 5025 super
2838 4949 3215 5025 Evangelium
3270 4959 3339 5025 et
3376 4949 3674 5025 reliquias,

2615 5019 2738 5084 500.
2772 5019 3163 5082 Juramentum
3191 5023 3343 5090 exigi
3365 5038 3481 5075 non
3505 5019 3680 5072 debet

2618 5102 2731 5155 nisi
2762 5117 2864 5170 pro
2894 5099 3005 5151 ﬁde
3030 5102 3202 5156 recta,
3233 5096 3365 5170 419.
3393 5093 3684 5170 Juralien-
3747 5146 3749 5150 .

2618 5164 3080 5227 tum-incautum
3140 5166 3490 5230 mutandum,
3557 5164 3679 5217 334.

2620 5246 3012 5299 Juramentum
3038 5240 3105 5290 de
3127 5233 3437 5308 parentels,

2693 5315 2894 5367 Jurare
2922 5304 3173 5381 episcopi
3198 5324 3307 5381 non
3335 5304 3687 5381 compellan—

2625 5392 2739 5447 tur,
2773 5370 3179 5438 428.Ji1ratn'ri
3209 5370 3530 5449 sintjejuni,
3560 5370 3685 5435 330.

2698 5452 2998 5517 Juvavum,
3081 5451 3204 5506 596.
