4014 6198
387 160 522 212 H28

448 272 780 333 CCCCXXI.
813 274 892 329 De
916 268 1237 336 transfugis
1268 266 1520 320 clericis.

449 343 801 403 CCCCXXII.
828 344 905 395 De
928 340 1117 393 eadem
1146 332 1236 391 re.
1925 332 2029 385 274

450 416 828 473 CCCCXXIII.
862 415 938 465 De
960 412 1159 465 eadem
1182 427 1264 462 re.
1925 403 2029 456 274

449 486 831 543 CCCCXXIV.
866 483 940 536 Ut
967 481 1161 535 clerici
1192 496 1320 534 cum
1350 478 1615 550 epistolis
1651 476 1909 547 episcopi
1936 474 2028 550 sui

382 559 875 631 proﬁciscant_ur._
1028 626 1042 631 _
1383 545 1402 550 ”
1690 545 1701 547 ἡ

450 613 812 683 Ccccxxv.
841 625 917 677 De
941 626 1141 678 eadem
1166 640 1245 676 re.
1926 613 2031 669 274

451 695 835 753 CCCCXXVI.
866 695 944 751 De
976 696 1169 748 eadem
1198 711 1283 747 re.
1928 686 2031 741 274

451 765 861 823 CCCCXXVII.
897 766 974 819 De
1006 766 1202 819 eadem
1235 781 1316 817 re.
1928 758 2032 812 275

450 837 887 895 CCCCXXV’III.
930 837 1009 891 De
1042 837 1237 889 eadem
1270 853 1351 888 re.
1927 829 2033 881 275

450 909 841 967 CCCCXXIX.
872 910 950 960 De
972 908 1165 961 eadem
1201 924 1282 961 re.
1926 900 2034 954 275

450 981 815 1035 CCCCXXX.
844 980 919 1031 De
948 980 1143 1032 eadem
1183 995 1264 1031 re.
1927 971 2032 1024 275

450 1048 840 1108 CCCCXXXI.
873 1050 951 1103 De
981 1050 1177 1103 eadem
1207 1064 1290 1102 re.
1923 1042 2030 1094 275

451 1120 868 1179 CCCCXXXII.
904 1122 981 1174 De
1006 1120 1203 1173 eadem
1236 1138 1317 1174 re.
1927 1113 2032 1166 275

453 1190 895 1247 CCCCXXXIII.
928 1192 1006 1244 De
1033 1192 1229 1244 eadem
1256 1208 1337 1244 re.
1927 1183 2033 1237 275

453 1263 896 1317 CCCCXXXIV.
923 1263 1001 1314 De
1028 1262 1227 1316 eadem
1253 1278 1338 1316 re.
1929 1254 2034 1308 275

452 1333 875 1388 CCCCXXXV.
907 1334 984 1385 De
1016 1333 1208 1385 eadem
1238 1350 1321 1390 re.
1928 1326 2032 1379 275

452 1402 896 1470 CCCCXXXVI.
928 1405 1006 1456 De
1028 1404 1223 1457 eadem
1248 1422 1324 1457 re.
1928 1398 2029 1450 27;“)

451 1475 882 1532 CCCCXXXVII.
906 1475 1133 1528 Nicaeus.
1149 1475 1397 1544 synodus
1431 1476 1579 1527 hunc
1603 1473 1859 1526 ordinem
1884 1470 2033 1523 inter

381 1549 681 1618 episcOpos
709 1548 768 1600 in
797 1546 1076 1600 faciendis
1116 1543 1379 1615 epistolis
1427 1543 1873 1605 censervandum
1907 1555 2033 1618 esse

381 1610 654 1673 instituit.
1151 1610 1167 1615 ’
1928 1610 2035 1664 276

453 1687 898 1744 CCCCXXXVIII.
927 1686 1234 1757 Exemplar
1262 1687 1522 1757 epistolae
1545 1687 1830 1741 formatae.

453 1758 870 1813 f‘CCCXXXlX.
906 1758 1041 1813 Item
1073 1752 1191 1829 alia
1228 1752 1498 1829 epistola.
1931 1752 2035 1829 277

455 1829 733 1884 CCCCXL.
764 1829 841 1880 De
870 1824 1278 1882 ordinationef
1930 1824 2034 1877 1:78

454 1898 754 1955 CCCCXLI.
780 1899 1039 1961 Qualiter
1074 1900 1375 1969 episcopus
1418 1899 1583 1953 debet
1631 1899 1885 1952 ordinem

454 1984 530 2018 re.

382 1984 530 2024 cere.
1212 2024 1221 2029 .

451 2038 739 2095 CCCCLII.
768 2039 844 2092 De
876 2040 1068 2093 eadem
1097 2057 1177 2092 re.
1930 2036 2036 2089 279

450 2108 763 2232 (ECCCLIII.
796 2110 1053 2173 Qualiter
1076 2112 1395 2181 episcopus
1427 2110 1775 2164 ordinandus
1822 2108 2037 2232 θιαὲξὲ

450 2206 453 2229 |
480 2199 579 2232 ur.
1522 2192 1537 2197 “

382 2190 517 2237 netu
529 2200 579 2235 r.
1522 2192 1537 2197 ‘

452 2250 712 2305 INCIPIT
753 2251 962 2306 LIBER
1000 2253 1395 2308 SECUNDUS.
1931 2249 2035 2304 280

452 2323 493 2377 1.
522 2322 779 2387 Qualiter
806 2324 1110 2395 episcopus
1161 2341 1321 2378 suam
1352 2323 1687 2394 parochiam
1733 2324 1901 2376 debet
1926 2320 2011 2395 cii-1

382 2396 613 2449 cumire.
843 2391 851 2393 ἡ
1002 2391 1022 2395 “
1353 2391 1373 2394 “
1930 2391 2036 2445 280

452 2466 518 2520 11.
552 2465 629 2517 De
650 2466 1012 2534 juratoribus
1044 2465 1266 2536 synodi.

454 2536 540 2590 Ill.
573 2532 1000 2607 sacramentum
1029 2532 1322 2607 sjnodsle.

454 2608 550 2661 IV.
584 2606 874 2660 Allocutio
904 2602 1179 2677 episcopi.

453 2679 523 2731 V.
558 2678 697 2732 Post
716 2677 840 2731 hmo
865 2674 955 2730 itif
976 2695 1078 2747 per
1102 2674 1359 2733 ordinem
1382 2679 1725 2745 interroget.

454 2748 546 2801 Vl.
578 2748 653 2800 De
684 2746 1027 2803 Poenitentia
1057 2748 1496 2803 homicidarum.
1928 2746 2032 2800 287

453 2820 571 2873 Vll.
605 2820 746 2882 Quid
777 2819 834 2872 in
865 2820 1049 2889 primo
1081 2838 1230 2875 anno
1260 2821 1571 2875 observare
1593 2820 1779 2874 debet.
1927 2815 2031 2871 287

418 2926 431 2941 .
454 2889 593 2945 Vlll.
626 2890 766 2952 Quid
793 2891 850 2943 in
880 2890 1014 2944 aliis
1045 2891 1268 2946 duobus
1299 2892 1467 2945 annis
1500 2893 1807 2945 observare
1842 2890 2030 3013 deb2est;

2009 2979 2023 3010 Ι

452 3030 550 3150 ξΧ.
574 3031 716 3094 Quid
745 3031 803 3083 in
834 3028 1071 3100 reliquis
1101 3036 1350 3101 quatuor
1380 3032 1543 3085 annis
1577 3034 1883 3086 observare

383 3106 495 3158 bet.
766 3146 775 3151 .
1927 3102 1999 3155 28

452 3173 526 3225 X.
561 3172 637 3224 De
658 3189 724 3226 eo
756 3172 855 3240 qui
875 3172 1203 3226 voluntarie
1237 3174 1603 3228 homicidium
1634 3175 1785 3227 fecit.
1926 3172 2033 3226 288

452 3243 551 3296 X1.
582 3243 659 3294 De
690 3242 888 3294 eadem
910 3258 991 3295 re.
1927 3244 2033 3296 288

450 3311 574 3365 X11.
609 3312 686 3364 De
717 3312 914 3365 eadem
940 3329 1020 3365 re.
1927 3312 2033 3367 288

449 3382 595 3436 Xlll.
626 3383 704 3436 De
730 3382 928 3436 eadem
952 3399 1035 3437 re.
1926 3384 2033 3437 288

450 3452 598 3509 XIV.
632 3453 710 3507 De
735 3454 929 3506 eadem
962 3469 1023 3506 re
1926 3454 2031 3508 283

450 3523 579 3594 XV.
614 3525 691 3577 De
719 3524 1050 3578 homicidiis
1082 3540 1193 3578 non
1224 3530 1429 3594 sponte
1459 3526 1803 3580 commissis.
1926 3524 2032 3579 289

448 3593 601 3650 XVI.
634 3596 712 3648 De
738 3596 933 3649 eadem
963 3612 1044 3649 re.
1261 3593 1273 3594 ί
1924 3594 2032 3650 289

448 3665 608 3733 XVII.
644 3666 719 3720 De
741 3666 936 3720 eadem
964 3683 1047 3722 re.
1927 3666 2032 3720 289

447 3736 648 3792 XVIII.
679 3737 758 3791 De
787 3737 982 3791 eadem
1014 3754 1094 3790 re.
1926 3736 2032 3791 289

452 3806 605 3861 XIX.
634 3808 712 3861 De
743 3808 938 3862 eadem
968 3825 1048 3862 re.
1926 3806 2032 3862 289

448 3878 583 3934 XX.
608 3879 686 3931 De
715 3880 913 3932 eadem
944 3896 1024 3932 re.
1925 3877 2032 3934 290

448 3949 606 4005 XXI.
642 3950 723 4003 De
754 3950 949 4003 eadem
977 3966 1057 4003 re.
1926 3949 2031 4004 290

450 4021 633 4075 XXII.
658 4022 737 4073 De
767 4021 963 4075 eadem
996 4037 1079 4074 re.
1923 4020 2030 4075 290

449 4090 657 4162 XXIII.
690 4092 800 4162 Qui
831 4109 934 4162 per
962 4091 1171 4146 faidsm
1198 4090 1484 4145 hominem
1511 4092 1804 4145 occiderit.
1925 4091 2031 4162 290

449 4160 660 4215 XXIV.
685 4161 762 4215 De
783 4160 979 4216 eadem
1000 4178 1081 4215 re.
1924 4160 2031 4218 290

450 4231 636 4287 XXV.
670 4233 749 4284 De
771 4234 970 4285 eadem
996 4250 1078 4286 re.
1924 4233 2030 4287 290

447 4302 670 4357 XXVI.
703 4302 783 4357 De
813 4302 905 4357 his
932 4304 1031 4375 qui
1059 4320 1258 4357 servos
1287 4319 1423 4357 suos
1453 4309 1661 4359 necant
1695 4310 1860 4359 extra
1876 4305 2031 4375 judi-y

376 4392 681 4502 ceXXVII.
708 4445 787 4498 De
812 4443 1110 4515 patricidis
1141 4448 1196 4498 et
1220 4446 1558 4501 fratricidis.

447 4516 728 4599 XXVIII;
748 4516 884 4599 Item
906 4517 975 4568 de
1004 4516 1333 4599 parricidis.
1423 4593 1430 4599 ι
1584 4590 1595 4599 _
1689 4587 1700 4598 .

418 4584 658 4671 .XXIX.
690 4587 850 4643 Ouod
870 4584 1174 4658 parricidis
1198 4602 1356 4642 arma
1384 4593 1441 4642 et
1470 4587 1803 4657 conjugium
1857 4588 2030 4671 inter:

378 4658 619 4713 dicatur.
1925 4660 2023 4714 291

447 4729 635 4785 XXX.
659 4729 766 4790 Qui
789 4729 1077 4785 hominem
1104 4729 1391 4800 publicam
1419 4730 1815 4801 paenitentiam
1863 4747 2031 4799 agen-

374 4806 489 4855 tem
517 4801 808 4855 interﬁcit.

441 4869 659 4926 XXXI.
692 4871 770 4924 De
807 4887 873 4926 eo
901 4872 996 4941 qui
1020 4869 1307 4925 hominem
1336 4871 1397 4924 in
1427 4872 1673 4926 ecclesia
1726 4872 2024 4929 interﬁcit.

444 5013 684 5069 XXXII.
718 5015 797 5067 De
826 5013 1057 5085 injuriis
1104 5013 1462 5068 sacerdotum
1509 5014 1599 5067 vel
1657 4945 2024 5071 clericoru2tgl.

1920 5088 2029 5142 292

1925 4374 2032 4430 290

1923 4446 2031 4500 290

1925 4517 2023 4572 291

1923 4802 2021 4857 291

445 5153 708 5209 XXXIII.
740 5156 819 5209 De
846 5156 981 5210 ictu.
1923 5158 2028 5213 292

444 5223 712 5298 XXXIV.
745 5229 804 5281 Si
828 5227 959 5298 quis
987 5225 1257 5298 clericum
1286 5225 1717 5296 exspoliaverit.
1919 5228 2029 5283 292

446 5294 690 5368 XXXV.
716 5298 775 5352 Si
804 5294 932 5368 quis
948 5297 1219 5354 clericum
1245 5294 1659 5365 verberaverit,
1919 5300 2028 5354 292

446 5364 715 5422 XXXVI.
746 5364 840 5421 De_
853 5370 1046 5424 eadem
1075 5388 1157 5434 re,
1647 5364 1651 5365 γ
1918 5371 2028 5428 292

404 5436 734 5510 QXXXVII.
796 5438 875 5491 De
922 5457 1112 5510 pugna
1159 5448 1219 5497 et
1273 5442 1585 5497 homicidio
1648 5444 1704 5495 in
1758 5443 2023 5498 ecclesia:

375 5509 545 5565 atrio.
935 5509 938 5510 ⁷
1921 5515 2027 5569 293

445 5576 759 5637 XXXVIII.
787 5578 868 5635 De
892 5596 1085 5651 pugna
1112 5582 1168 5635 in
1195 5583 1460 5639 ecclesia.
1915 5586 2024 5641 293

1869 138 2058 194 0RDO
2100 140 2335 197 RERUM

3656 143 3761 201 1124

2212 264 2483 317 XXXIX.
2521 265 2699 325 Quod.
2732 264 2863 316 laici
2927 264 2997 316 de
3057 263 3383 316 substantia
3431 266 3763 323 morientium

2141 337 2603 405 presbyterorum
2635 352 2869 389 suorum
2898 336 3119 388 nullam
3140 337 3464 405 portionem
3493 338 3761 406 accipiant.

3681 410 3760 467 293

2212 478 2328 531 XL.
2361 478 2435 529 De
2461 477 2877 548 compositione
2904 476 3240 546 presbyteri,
3277 477 3326 528 si
3344 460 3577 531 occisus
3603 460 3764 534 fuerit.

2211 616 2352 673 XLI.
2392 619 2465 670 De
2486 619 2676 670 eadem
2712 634 2792 670 re.
3684 623 3765 674 293

2216 689 2375 742 XLII.
2396 689 2475 743 De
2505 706 2570 741 eo
2604 690 2698 758 qui
2735 692 3083 743 sacerdotem
3108 692 3402 746 occiderit.
3681 694 3767 746 293

2214 759 2403 814 XLIII.
2434 761 2515 813 De
2546 762 2742 813 eadem
2776 778 2854 815 re.
3682 764 3763 818 294

2141 902 2173 953 d
2215 832 2407 953 XtLlV.
2437 832 2516 883 De
2547 848 2613 884 eo
2645 832 2741 901 qui
2770 832 3169 902 presbyterum
3215 833 3595 900 degradatum

2180 918 2261 953 eri
2293 944 2304 953 .
3716 928 3727 953 Α

2180 903 2304 956 erit.
3682 906 3758 959 274

2213 973 2384 1027 XLV.
2416 974 2493 1025 De
2522 973 2849 1026 homicidiis
2871 972 3227 1028 clericO'um.
3679 977 3754 1029 294

2215 1044 2407 1097 XLVI.
2438 1044 2496 1097 Si
2535 1043 2745 1114 aliquis
2803 1045 3102 1099 ordinatus
3155 1045 3528 1099 homicidium
3581 1048 3757 1101 fecerit.

2211 1184 2434 1239 XLVII.
2466 1186 2520 1238 Si
2555 1185 2683 1254 quis
2714 1189 3073 1240 consenserit
3103 1192 3203 1241 aut
3231 1186 3581 1243 conciliatus
3623 1190 3757 1241 fuerit

2140 1262 2205 1310 ut
2226 1257 2394 1310 homo
2426 1258 2827 1312 interﬁciatur.
3681 1260 3756 1312 294

2210 1326 2452 1381 XLVIII.
2500 1328 2557 1380 Si
2607 1329 2738 1396 quis
2788 1329 3275 1397 consanguineum
3314 1345 3486 1383 suum
3535 1330 3755 1385 occiderit

2142 1406 2243 1452 aut
2274 1398 2579 1451 seniorem.
3678 1403 3755 1454 iQ-I

2215 1475 2413 1522 XLIX.
2452 1475 2530 1523 Ex
2559 1475 2729 1522 dictis
2762 1475 3036 1524 Ferrandi
3072 1475 3312 1526 diaconi.
3678 1475 3752 1526 2:4

2299 1541 2375 1592 De
2408 1539 2620 1625 bisqui
2656 1557 2758 1609 pro
2817 1540 3001 1595 nihilo
3040 1541 3251 1596 ducunt
3313 1542 3750 1625 homicidium‘ip

2212 1469 2413 1522 XLIX.
2452 1471 2530 1523 Ex
2559 1469 2729 1522 dictis
2761 1469 3036 1524 Ferrandi
3072 1471 3312 1526 diaconi.
3678 1475 3688 1524 ἓ

3678 1475 3702 1526 2

2143 1612 2293 1667 bello
2326 1616 2734 1681 perpetratum.
3422 1634 3431 1659 ι
3672 1613 3751 1666 295

2213 1681 2297 1733 LI.
2319 1683 2396 1733 De
2417 1682 2610 1734 eadem
2645 1699 2724 1734 re.
3667 1683 3749 1738 Μ

2216 1750 2320 1823 LII.
2349 1753 2426 1805 De
2458 1752 2667 1806 clerico
2699 1753 2794 1822 qui
2823 1755 3149 1823 proximum
3179 1753 3414 1808 occidit.
3669 1754 3747 1809 2%

2214 1819 2348 1877 Llll.
2384 1826 2519 1877 Item
2552 1824 2619 1876 de
2647 1819 2973 1894 parricidis.
3664 1824 3745 1880 296

2213 1895 2351 1949 LIV.
2382 1895 2490 1955 Qui
2521 1894 2807 1948 hominem
2856 1895 3264 1950 debilitaverit.
3663 1896 3742 1950 296

2215 1965 2328 2018 LV.
2368 1965 2442 2018 De
2469 1967 2924 2019 truncationibus
2955 1968 3362 2022 membrorum.
3655 1968 3739 2021 296

2214 2036 2350 2090 LVI.
2384 2038 2520 2097 Quae
2551 2038 2754 2092 debeat
2777 2038 3046 2092 discretio
3072 2039 3449 2092 ecclesiarum
3472 2041 3735 2093 rectoribus

2142 2122 2269 2160 esse
2298 2124 2365 2159 ne
2396 2126 2495 2176 per
2523 2108 2868 2162 inconditum
2895 2109 3263 2179 disciplinam
3288 2112 3520 2164 subeant
3540 2109 3729 2162 homici-

2144 2179 2221 2232 dii
2249 2183 2461 2232 notam.
3638 2179 3722 2231 296

2214 2248 2374 2302 LVII.
2412 2248 2544 2302 Item
2574 2250 2640 2301 de
2672 2250 3008 2319 parricidio.

2214 2319 2397 2374 LVIII.
2435 2320 2510 2373 De
2532 2318 2761 2375 domina
2788 2336 2916 2390 quae
2945 2321 3221 2375 ancillam
3243 2323 3466 2377 occidit.
3637 2318 3719 2371 296

2214 2392 2357 2446 LIX.
2392 2392 2446 2444 Si
2476 2398 2672 2444 servus
2704 2392 2986 2447 occiditur
3012 2411 3045 2444 a
3076 2394 3309 2447 domino
3361 2396 3485 2446 dum
3532 2391 3726 2444 verberi-

2145 2465 2251 2518 bus
2282 2464 2618 2531 castigatur.

2214 2533 2334 2587 LX.
2362 2530 2846 2604 Dereppressione
2870 2533 3177 2589 infantum.
3650 2530 3728 2604 297

2213 2604 2355 2659 LXI.
2388 2606 2441 2659 Si
2473 2602 2573 2675 per
2600 2605 3006 2672 negligentiam
3048 2607 3250 2659 matris
3305 2606 3491 2658 infans
3538 2602 3734 2675 moritur

2145 2693 2257 2729 non
2288 2672 2626 2745 baptizatus.
3659 2672 3730 2725 297

2215 2745 2380 2800 LXII.
2412 2747 2489 2799 De
2517 2747 2731 2818 femina
2788 2751 2949 2818 cujus
2993 2748 3166 2809 ﬁlius,
3220 2764 3322 2817 per
3376 2745 3733 2818 negligentiam}

2143 2818 2353 2872 abierit
2374 2832 2497 2872 non'
2515 2813 2868 2887 baptizatus:
3220 2813 3238 2817 ’
3458 2813 3471 2815 ἡ

2213 2887 2402 2961 LX111.
2436 2889 2512 2961 De
2540 2883 2885 2955 mulieribus
2908 2906 3033 2961 qua
3055 2896 3253 2959 partus
3265 2906 3401 2944 suos
3426 2894 3638 2941 necant.

2212 2958 2407 3014 LXIV.
2444 2960 2521 3011 De
2551 2961 2748 3012 eadem
2770 2953 2854 3014 re.
2926 2953 2946 2961 “
3055 2953 3073 2959 ’
3663 2953 3737 3007 297

2214 3031 2383 3085 LXV.
2413 3030 2490 3083 De
2519 3033 2714 3083 eadem
2743 3046 2824 3084 re.
3662 3025 3738 3079 297

2214 3100 2410 3156 LXVI.
2440 3103 2494 3154 Si
2520 3119 2633 3171 qua
2656 3103 2864 3156 mulier
2885 3106 3093 3172 partum
3115 3116 3277 3172 suum
3298 3100 3638 3172 excusserit.
3662 3096 3737 3150 298

2211 3173 2433 3227 LXVII.
2464 3173 2519 3226 Si
2540 3170 2661 3243 qua
2690 3170 2902 3227 muliei
2922 3172 3100 3226 ﬁlium
3128 3170 3219 3225 vel
3254 3171 3436 3224 ﬁliam
3491 3170 3734 3243 occiderit:

2214 3313 2451 3369 LXVIII.
2495 3318 2573 3366 De
2606 3315 2801 3368 eadem
2836 3332 2915 3369 re.
3650 3308 3733 3363 293

2210 3384 2411 3438 LXIX.
2440 3386 2517 3440 Ut
2534 3394 2667 3440 ante
2686 3389 2926 3455 januam
2955 3384 3219 3439 ecclesia
3250 3384 3483 3440 adulteri
3528 3382 3726 3455 infantes

2140 3464 2516 3579 “LXXXIIII;
2529 3527 2722 3580 eadem
2754 3544 2831 3581 re.
3637 3449 3729 3572 ἐξ

2212 3596 2413 3650 LXXI.
2449 3599 2527 3650 De
2547 3600 2742 3651 eadem
2774 3615 2855 3651 re.
3627 3587 3718 3641 299

2213 3667 2434 3724 LXXII.
2465 3670 2545 3722 De
2590 3670 2789 3722 eadem
2827 3685 2907 3722 re.
3620 3657 3711 3710 299

2210 3735 2459 3792 LXXIII.
2494 3741 2572 3792 De
2603 3740 2949 3793 homicidiis.
3626 3726 3713 3781 29°

2210 3809 2463 3864 LXXIV.
2496 3811 2573 3862 De
2597 3810 2687 3863 his
2713 3810 2809 3880 qui
2838 3826 3044 3865 uxores
3080 3809 3359 3864 occidunt.
3635 3797 3722 3880 ἓξ

2210 3880 2442 3935 LXXV.
2474 3882 2551 3935 De
2572 3868 2767 3936 eadem
2799 3898 2878 3937 re.
3638 3868 3721 3921 299

2214 3951 2462 4006 LXXVI.
2499 3954 2577 4005 De
2601 3954 2799 4007 eadem
2831 3967 2913 4005 re.
3639 3938 3723 3994 299

2212 4022 2487 4077 LXXVII.
2523 4024 2599 4076 De
2626 4040 2823 4095 pugna
2853 4025 3117 4083 duorum.
3153 4021 3303 4090 quod
3328 4017 3496 4074 nostri
3514 4026 3724 4095 08111992

2140 4095 2438 4163 appellant
2628 4080 2643 4095 ι
2707 4080 2739 4091 υ
3110 4080 3115 4083 ⁷
3169 4080 3187 4090 ⁵

2212 4151 2483 4220 LXXVIII.
2515 4166 2594 4219 De
2626 4165 2821 4219 eadem
2853 4180 2934 4219 re.
3648 4151 3729 4210 (Μ)

2209 4235 2469 4291 LXXIX.
2503 4237 2580 4289 De
2610 4236 2938 4321 parricidis.
3028 4306 3038 4316 .
3122 4230 3165 4315 .'
3648 4220 3732 4280 310

2214 4306 2442 4351 LXXX,
2472 4309 2549 4351 Dn
2580 4308 2670 4351 his
2692 4308 2787 4351 nni
2812 4307 2966 4351 farm
2989 4312 3345 4351 vinciuntur-
3643 4294 3728 4351 (ἴω

2213 4306 2445 4376 LXXX.
2472 4309 2549 4361 De
2580 4304 2670 4361 his
2692 4308 2791 4376 qui
2812 4307 2966 4361 ferro
2989 4304 3345 4359 vinciuntur.

2210 4375 2469 4433 LXXXI.
2504 4378 2582 4432 De
2622 4375 2799 4432 faidis
2829 4376 3175 4433 coercendis.

2210 4448 2492 4503 LXXXII.
2526 4450 2604 4503 De
2648 4448 2857 4502 femina
2892 4464 3019 4519 quae
3064 4448 3250 4500 virum
3300 4463 3407 4517 per
3453 4438 3733 4519 ωιὶοθοίᾘῖξ

2140 4519 2435 4574 interﬁcit.
2908 4504 2927 4519 ⁸
3300 4504 3321 4517 ⁸
3656 4504 3732 4564 301

2209 4590 2518 4646 LXXXIII.
2561 4593 2640 4645 De
2670 4591 2863 4645 eadem
2895 4606 2976 4644 re.
3659 4576 3735 4634 301

2209 4661 2521 4714 LXXXIV.
2558 4665 2636 4718 De
2660 4663 2858 4716 eadem
2889 4677 2970 4715 re.
3651 4646 3725 4706 301

2210 4732 2503 4808 929995
2532 4734 2612 4808 D9
2636 4734 2835 4808 eadem
2855 4748 2941 4808 r9:
3069 4802 3080 4808 _
3378 4801 3393 4808 -
3649 4718 3731 4808 .39..“

2209 4803 2521 4859 LXXXVI.
2566 4805 2645 4858 De
2675 4803 2765 4859 his
2794 4803 2895 4874 qui
2928 4802 3215 4856 hominem
3246 4801 3499 4856 suadent
3522 4794 3735 4916 inuris}?i

2208 4943 2547 5000 LXXXVII.
2591 4946 2669 4999 De
2700 4946 2897 4999 eadem
2928 4962 3012 4998 re.
3660 4929 3739 5000 30!

2210 4998 2568 5072 LXXXVIII.
2597 4998 2675 5070 De
2694 4998 2763 5072 eo
2792 5016 2889 5087 qui
2908 5015 3195 5071 hominem
3218 5012 3574 5070 castraverit.

2210 5070 2527 5142 LXXXIX:
2556 5070 2633 5141 De
2666 5070 2861 5142 eadem
2895 5070 2975 5140 re.
3668 5070 3741 5142 ml

2208 5159 2328 5235 XC.
2359 5159 2440 5235 D_e_
2464 5141 3226 5235 hisquircircumciduntur.
3319 5229 3331 5235 _
3425 5228 3436 5235 _
3534 5224 3545 5235 .

2209 5229 2355 5344 ἐρ.
2385 5230 2445 5283 Si
2466 5228 2699 5285 Judmus
2720 5247 2950 5284 servum
2975 5229 3176 5284 alienus
3211 5228 3471 5284 nationis
3500 5228 3750 5344 circnmﬁi

2140 5301 2304 5356 derit.

2413 5373 2489 5453 9e
2517 5372 2607 5453 his
2632 5372 2734 5442 qui
2763 5371 3104 5453 semetipso‘s
3128 5371 3589 5453 interﬁciunthm
3675 5353 3755 5453 ἕξ

2208 5425 2396 5497 XCIII.
2420 5444 2497 5496 De
2527 5425 2617 5497 his
2647 5425 2745 5512 ἦὶιι
2775 5425 3127 5512 inpetibqu
3155 5441 3612 5512 suspenduntur.
3676 5425 3754 5512 ῃ

2210 5495 2405 5569 XCIV.
2424 5495 2518 5567 be
2540 5495 2765 5570 furibus
2779 5495 2850 5569 et
2864 5495 3201 5568 latronibus
3215 5495 3221 5497 ⁷
3233 5495 3625 5570 deprehensis.
3679 5495 3755 5554 θα

2212 5531 2375 5568 AUIV
2394 5557 2405 5569 .
2440 5531 2518 5567 ue
2540 5531 2765 5570 Iurinus
2792 5531 2850 5569 et
2875 5531 3201 5568 Iatronious
3233 5531 3302 5566 ae
3345 5531 3625 5565 renes-Is.
3679 5531 3754 5554 w-

2208 5585 2379 5643 XCV.
2409 5586 2519 5650 Qui
2545 5593 2783 5657 propter
2815 5585 3187 5657 cupiditatem
3213 5531 3475 5638 Juiﬁeum
3507 5577 3594 5634 vel
3622 5586 3754 5647 μοι·
