4122 6448
334 403 3578 467 W

1170 591 1845 706 MONlTUM
1948 591 2740 710 EDITORUM.

408 955 715 1021 Homilies
749 972 909 1033 quas
942 954 1019 1013 R.
1047 950 1117 1012 Ρ.
1152 953 1378 1014 Franc.
1430 952 1724 1023 Scorsus,
1757 950 2278 1021 Panormitanus,
2314 968 2484 1012 anno
2531 952 2684 1013 161th
2720 954 2976 1016 Parisiis
3008 957 3223 1020 Graece
3274 966 3335 1021 et
3363 963 3576 1024 Latini

332 1056 557 1126 edidit,
594 1054 663 1114 in
698 1048 1126 1113 nobilissimis
1182 1047 1515 1109 codicibus
1544 1044 1901 1123 Hispaniae,
1933 1047 2136 1108 ltalite
2166 1056 2228 1109 et
2256 1047 2480 1109 Gallim
2517 1056 2768 1110 exstant
2818 1053 2940 1112 sub
2972 1056 3236 1116 nomine
3285 1050 3585 1135 Gregorii

334 1151 667 1222 Ceramei,
727 1144 1194 1224 archiepiscopi
1278 1141 1831 1205 Tauromenitani.
1908 1142 2086 1204 Unde
2155 1151 2299 1205 nata
2363 1151 2462 1205 est
2518 1146 2819 1220 qumstio,
2888 1145 3198 1209 hactenus
3272 1154 3580 1227 pendens,

335 1258 548 1308 utrum
583 1242 1009 1321 Theophanes
1042 1242 1386 1302 Cerameus
1429 1238 1929 1316 distinguendus
1981 1237 2061 1298 sit
2088 1255 2167 1299 an
2202 1255 2330 1300 non
2389 1256 2423 1301 a
2466 1240 2777 1318 Gregorio
2823 1243 3160 1317 Cetameo,
3200 1246 3303 1306 cui
3366 1251 3579 1309 eadem

330 1359 525 1421 opera
552 1341 956 1403 tribuuntur.
995 1336 1123 1397 Alii
1159 1334 1510 1412 opinantur
1548 1332 2005 1411 Theophanem
2041 1336 2195 1396 olim
2234 1340 2467 1397 nomen
2501 1338 2796 1415 Gregorii
2820 1340 3126 1417 gessisse,
3159 1344 3330 1420 quod
3369 1354 3581 1422 postea

330 1440 428 1501 vel
472 1439 771 1509 mutavit,
808 1435 904 1498 vel
937 1434 1332 1511 dereliquit;
1368 1432 1477 1493 alii
1506 1432 1905 1493 contendunt
1929 1432 2314 1507 Gregorium
2340 1434 2717 1494 Cerameum
2753 1435 3024 1497 omnino
3055 1436 3582 1516 distinguendum

331 1553 473 1596 esse
500 1552 533 1594 a
569 1531 988 1610 TheOphane,
1021 1545 1390 1608 quanquam
1435 1545 1647 1605 neque
1690 1527 1852 1588 hanc
1881 1527 2256 1605 opinionem
2293 1528 2426 1587 ullo
2461 1526 2741 1605 positivo
2773 1539 3155 1607 argumento
3191 1534 3588 1594 conﬁrment.

330 1630 667 1701 Petavius,
706 1629 859 1691 dum
900 1643 1007 1688 an.
1043 1628 1200 1688 1616
1232 1625 1635 1685 Breviarium
1664 1623 2042 1684 historicum
2073 1624 2137 1683 S.
2172 1622 2517 1699 Nicephori
2554 1624 2929 1699 patriarchae
2967 1627 3085 1685 (ΖΡ.
3126 1626 3343 1689 Greece
3374 1638 3434 1689 et
3468 1631 3589 1689 La-

332 1726 468 1788 tine
507 1724 770 1786 Parisiis
810 1724 1064 1797 ederet,
1100 1722 1346 1797 eidem,
1381 1718 1763 1799 speciminis
1815 1718 2040 1796 gratia,
2080 1718 2327 1779 addidit
2355 1718 2688 1779 homiliam
2738 1720 2806 1779 in
2840 1718 3223 1782 Indictionis
3268 1725 3396 1784 sive
3438 1726 3592 1785 anni

324 1822 749 1900 principium,
784 1819 982 1881 veluti
1025 1835 1188 1895 Opus
1229 1817 1527 1896 Gregorii
1578 1823 1984 1894 cognomento
2033 1813 2286 1892 Figuli,
2343 1815 2867 1875 Tauromenitani
2900 1817 2967 1875 in
3000 1816 3229 1877 Sicilia
3267 1821 3589 1897 archiepi-

332 1918 544 1995 scopi,
580 1932 767 1995 quam
806 1914 1137 1975 homiliam
1173 1914 1242 1974 P.
1279 1914 1545 1975 Scorsus
1585 1911 1783 1973 veluti
1829 1911 2099 1989 primam
2136 1926 2171 1971 a
2203 1909 2598 1988 Theophane
2645 1911 2946 1989 scriptam
2996 1914 3245 1974 caeteris
3290 1916 3591 1977 omnibus

332 2014 710 2094 praeposuit.
776 2013 974 2074 Porro
1033 2010 1362 2084 Petavius,
1398 2011 1465 2070 in
1518 2009 1688 2070 notis
1748 2009 1825 2070 ad
1887 2005 2331 2083 S.Nicephori
2400 2006 2827 2080 Breviarium,
2880 2024 3023 2086 pag.
3087 2008 3196 2081 10,
3250 2018 3589 2089 postquam

330 2110 600 2171 dixisset
632 2110 885 2170 Grascos
925 2105 1321 2168 Indictiones
1354 2122 1501 2166 suas
1535 2104 1688 2164 olim
1727 2119 1761 2165 a
1796 2121 1955 2163 xnv
1993 2102 2390 2180 Septembris
2413 2147 2428 2174 ,
2474 2111 2690 2180 postea
2730 2120 2878 2164 vero
2911 2120 2943 2164 a
2978 2104 3287 2165 Kalendis
3324 2123 3590 2168 exorsos

334 2222 503 2278 esse,
523 2204 700 2266 illico
719 2203 935 2266 subdit
967 2225 982 2263 :
1023 2223 1053 2257 at
1092 2201 1275 2275 Quod
1310 2202 1655 2279 posterius,
1679 2209 1749 2262 ut
1775 2201 1938 2261 alios
1961 2198 2269 2271 omittam,
2295 2199 2643 2276 Gregorius
2668 2209 2981 2278 Κεραμεὺο,
3009 2203 3589 2264 Tauromenitanus

334 2300 892 2380 archiepiscOpus,
935 2298 1172 2359 indicat
1220 2296 1289 2357 in
1320 2296 1591 2358 homilia
1631 2307 1735 2372 Εὶς
1783 2304 1899 2373 τὴν
1927 2304 1962 2369 ἀ

1962 2305 2127 2373 ρχὴν
2156 2304 2268 2371 τῆς
2318 2304 2641 2372 Ἰνδίκτου,
2672 2304 2805 2374 ἤτοι
2845 2307 2953 2360 τοῦ
2994 2306 3138 2360 νέου
3163 2307 3360 2374 ἔτους,
3404 2318 3590 2378 quam

337 2422 495 2475 nos,
540 2421 665 2465 una
704 2421 847 2465 cum
888 2403 1034 2465 aliis
1070 2401 1366 2480 plurimis
1408 2401 1697 2479 ejusdem
1775 2400 2116 2478 scriptoris
2180 2400 2465 2460 nondum
2516 2401 2867 2479 evulgatis,
2902 2403 3287 2479 accepimus
3341 2420 3374 2464 a
3407 2406 3482 2464 It.
3520 2405 3590 2465 P.

334 2503 576 2563 Jacobo
604 2501 948 2561 Sirmondo
972 2545 988 2574 ,
1024 2498 1162 2560 viro
1215 2496 1589 2576 pererudito
1615 2539 1631 2569 ,
1668 2495 1819 2574 qui,
1857 2495 2006 2574 quia
2059 2496 2285 2558 crebro
2317 2512 2351 2555 a
2400 2495 2589 2557 nobis
2644 2513 2862 2559 earum
2921 2497 3274 2559 editionem
3323 2498 3591 2578 ﬂagitat,

335 2606 407 2658 ut
457 2596 517 2657 ei
558 2595 776 2674 aliqua
833 2612 912 2655 ex
968 2601 1143 2672 parte
1202 2591 1505 2667 satisﬁat,
1552 2591 1729 2654 velut
1781 2591 2117 2668 Specimen
2169 2592 2519 2671 quoddam,
2559 2593 2991 2656 Indictionum
3033 2595 3392 2672 occasione,
3432 2615 3595 2676 prae-

338 2692 658 2754 misimus.
697 2714 726 2748 »
774 2692 1099 2753 Hactenus
1151 2688 1483 2761 Petavius,
1536 2687 1648 2767 qui
1689 2691 1769 2749 de
1801 2686 2184 2750 confusione
2226 2688 2569 2751 nominum
2620 2689 2915 2770 Gregorii
2970 2697 3033 2753 et
3064 2689 3475 2770 TheOphanis
3513 2712 3595 2756 ne

335 2790 653 2866 cogitasse
684 2788 952 2869 quidem
986 2787 1264 2848 videtur.

419 2887 642 2948 Pirrus
678 2886 743 2946 in
793 2884 1021 2945 Sicilia
1050 2884 1248 2945 Sacra
1283 2883 1451 2963 (pag.
1491 2880 1605 2945 490
1636 2882 1739 2946 ed.
1795 2882 2152 2945 Panormit.
2176 2899 2282 2945 an.
2319 2882 2499 2959 1733)
2536 2882 2922 2962 Gregorium
2967 2901 3002 2946 a
3038 2883 3430 2963 TheOphane
3465 2887 3598 2948 dis-

340 2982 580 3061 tinguit
614 2981 684 3043 in
727 2980 1024 3059 Catalogo
1057 2979 1509 3057 episcoporum
1550 2977 1855 3039 Ecclesiae
1884 2979 2466 3050 Tauromenitanae,
2499 2988 2561 3040 at
2611 2981 2821 3042 neutri
2856 2989 3091 3043 certam
3124 2988 3371 3044 astatem
3404 2984 3597 3045 ascri—

339 3079 491 3140 bere
522 3078 732 3140 audet.
753 3080 841 3139 De
856 3075 1167 3155 Gregorio
1197 3075 1281 3137 ita
1311 3075 1535 3137 scribit
1573 3097 1588 3136 :
1615 3098 1643 3130 α
1668 3074 2019 3151 Gregorius
2052 3076 2384 3138 Cerameus
2417 3076 2953 3155 archiepiscopus.
2988 3077 3217 3139 Plures
3253 3077 3310 3138 is
3336 3077 3596 3157 scripsit

339 3179 639 3240 bomilias
672 3179 735 3240 in
766 3177 1107 3254 Evangelia
1130 3220 1147 3250 ,
1181 3193 1253 3238 ac
1302 3176 1382 3238 de
1427 3176 1572 3236 aliis
1620 3175 2039 3255 argumentis,
2074 3194 2109 3237 e
2142 3192 2408 3254 quarum
2444 3193 2709 3237 numero
2743 3176 2960 3237 multa;
3008 3176 3452 3254 manuscriptm
3498 3177 3597 3239 Ic-

340 3284 603 3353 guntur.
641 3297 670 3329 n
712 3273 955 3336 Deinde
990 3291 1069 3333 ex
1116 3271 1371 3334 Fazello
1420 3279 1594 3333 notat
1645 3272 2173 3343 Tauromenium,
2207 3279 2352 3350 post
2383 3272 2633 3350 longam
2674 3271 3105 3344 obsidionem,
3138 3288 3243 3333 an.
3276 3274 3427 3345 878,
3460 3273 3598 3335 fere

344 3384 729 3448 postremam
762 3372 929 3431 inter
964 3369 1211 3431 Siculas
1243 3368 1559 3441 civitates,
1591 3369 1669 3429 ab
1700 3367 2012 3445 Agarenis
2056 3370 2310 3429 tandem
2367 3376 2739 3447 occupatam
2791 3366 3034 3439 fuisse;
3076 3375 3138 3429 et
3181 3385 3253 3428 ex
3302 3368 3603 3446 Cajetano

340 3466 740 3544 (Sanctorum
779 3464 1141 3526 Siculorum
1193 3465 1231 3523 l.
1271 3465 1359 3534 II,
1404 3481 1462 3541 p.
1515 3462 1643 3542 61).
1681 3465 1743 3523 8.
1778 3465 2163 3543 Procopium
2198 3464 3186 3542 Tauromenitanam.Ecclesiam
3220 3468 3460 3528 rexisse
3492 3486 3595 3529 an.

340 3564 495 3635 903,
546 3578 692 3624 cum
748 3561 1043 3623 Saraceni
1106 3560 1619 3621 Tauromenium
1673 3570 2160 3637 expugnarent,
2196 3569 2256 3622 et
2304 3562 2371 3622 in
2421 3561 2786 3639 direptione
2830 3562 3047 3633 urbis,
3090 3580 3210 3623 una
3265 3580 3408 3625 cum
3445 3565 3593 3624 aliis

344 3661 633 3733 civibus,
683 3656 991 3736 martyrio
1024 3656 1223 3715 fuisse
1268 3661 1669 3715 coronatum.
1716 3653 1969 3726 Quibus
2011 3657 2320 3717 enarratis
2373 3658 2634 3717 subdit:
2673 3682 2698 3711 α
2735 3658 3044 3719 Cmterum
3093 3666 3231 3736 post
3277 3673 3533 3721 exactos
3568 3679 3601 3721 a

345 3756 565 3817 Sicilia
598 3758 983 3827 Saracenos,
1027 3742 1863 3833 nullam_Tauro'menitani
1918 3750 2196 3828 alicujus
2254 3751 2541 3829 episcopi
2605 3752 3001 3821 mentionem
3062 3754 3297 3815 alicubi
3340 3758 3595 3833 reperi;

346 3853 637 3929 Oportuit
674 3851 872 3928 igitur
905 3866 1053 3911 eum
1086 3829 1500 3928 prmsulatum
1537 3847 1705 3908 inter
1744 3848 2163 3908 Barbarorum
2220 3849 2534 3908 tumultus
2568 3847 2991 3919 exstinctum,
3023 3859 3214 3926 atque
3252 3829 3596 3911 Ecclesiam

346 3949 523 4007 illam
561 3949 638 4007 ab
673 3964 839 4007 anno
874 3946 1063 4017 1082,
1103 3961 1234 4019 quo
1268 3942 1643 4022 episcopum
1680 3962 1709 4003 δ
1746 3943 2212 4005 Northmannis
2244 3942 2498 4004 Troinm
2527 3944 2740 4005 datum
2778 3942 3073 4003 dicemus
3097 3988 3112 4016 ,
3148 3945 3211 4004 in
3244 3954 3393 4006 nota
3424 3948 3463 4009 8
3492 3946 3597 4007 in-

346 4043 476 4112 fra,
511 4042 889 4114 Troi..ensi,
923 4048 1064 4117 post
1094 4038 1497 4102 Messanensi
1542 4040 1842 4100 Ecclesim
1875 4040 2223 4119 subjectam
2286 4040 2381 4100 vel
2435 4040 2680 4101 unitam
2729 4040 2803 4102 ad
2867 4041 3002 4101 haec
3061 4058 3267 4120 usque
3314 4049 3599 4120 tempora

350 4139 582 4200 fuisse.
621 4161 650 4193 ι
684 4139 773 4199 Ita
802 4136 1050 4198 Pirrus.

436 4236 488 4292 Α
520 4249 650 4310 quo
685 4246 949 4307 prorsus
980 4228 1375 4292 dissentiunt
1405 4229 1525 4289 viri
1562 4230 1799 4291 eruditi
1837 4232 1949 4309 qui
1979 4235 2377 4295 contendunt
2425 4250 2617 4296 unam
2659 4236 3005 4296 alteramve
3059 4234 3423 4309 homiliam,
3458 4253 3602 4315 quae

352 4331 473 4390 sub
512 4329 767 4390 nomine
799 4327 1209 4406 TheOphanis
1239 4329 1766 4390 Tauromenitani
1811 4330 2001 4391 editio
2044 4338 2227 4403 sunt,
2272 4333 2594 4392 recitatam
2627 4328 2827 4391 fuisse
2878 4347 3089 4390 coram
3123 4330 3397 4407 Rogerio
3437 4333 3599 4389 Νον-

354 4441 732 4486 mannorum
793 4425 987 4495 duce,
1045 4424 1119 4484 ad
1179 4423 1365 4485 ﬁnem
1430 4435 1731 4501 vergente
1794 4429 2029 4488 saeculo
2092 4445 2178 4500 χι,
2240 4427 2336 4488 vel
2392 4426 2584 4487 initio
2633 4426 2847 4487 saaculi
2911 4445 3030 4486 xu.
3079 4426 3372 4488 Profecto
3438 4428 3601 4488 ritus

353 4524 650 4595 Graecus,
691 4520 923 4599 fugatis
963 4520 1336 4593 Saracenis,
1373 4539 1500 4583 non
1538 4523 1723 4598 plane
1766 4525 2124 4586 exstinctus
2171 4532 2341 4596 erat,
2378 4524 2488 4585 sed
2540 4534 2756 4602 postea
2811 4524 3002 4585 etiam
3050 4524 3119 4584 in
3162 4541 3281 4585 usu
3339 4524 3497 4596 fuit,
3535 4533 3602 4585 ut

352 4621 517 4680 doct.
554 4619 797 4679 Rodota
834 4617 1076 4679 notavit
1108 4617 1174 4677 in
1209 4617 1654 4679 eruditissimo
1686 4635 1883 4697 Opere
1916 4622 2085 4699 quod
2133 4621 2462 4699 inscripsit
2494 4642 2508 4679 :
2542 4619 2656 4679 Del
2683 4621 2810 4680 rito
2843 4620 3041 4681 Greco
3079 4621 3145 4679 in
3177 4619 3388 4680 Italia.
3425 4621 3597 4681 Fieri

354 4730 510 4792 ergo
541 4714 750 4792 potuit
785 4721 852 4775 ut
883 4713 1169 4775 homilite
1197 4713 1325 4774 illm
1370 4713 1554 4774 etiam
1590 4734 1666 4776 ex
1701 4727 1876 4795 parte
1927 4717 2165 4779 saeculo
2200 4734 2285 4777 xu
2330 4716 2584 4790 scriptae
2628 4724 2689 4777 et
2735 4716 2921 4776 editae
2959 4716 3238 4789 fuerint;
3277 4734 3393 4779 nec
3425 4734 3605 4794 pror-

352 4827 464 4873 sus
498 4820 743 4873 certum
784 4818 880 4871 est
924 4826 1030 4870 eas
1076 4826 1338 4886 omnes,
1386 4820 1567 4871 aetate.
1621 4812 1836 4872 Basilii
1892 4812 2298 4883 Macedonis,
2348 4820 2496 4872 ante
2541 4812 2727 4872 ﬁnem
2783 4810 3005 4873 saeculi
3053 4829 3116 4885 ι,
3157 4818 3218 4872 et
3260 4822 3407 4873 ante
3452 4816 3605 4875 sub-

350 4917 551 4969 actam
590 4923 624 4967 a
658 4906 986 4967 Saracenis
1022 4906 1343 4977 Siciliam,
1381 4908 1769 4985 compositas
1803 4909 2031 4971 fuisse.

437 5006 746 5065 Obscura)
785 5002 1127 5079 quaastioni
1162 5003 1404 5064 nullam
1437 5004 1644 5065 lucem
1675 5005 1885 5066 attulit
1918 5007 2043 5067 Leo
2075 5006 2348 5068 Allatius
2380 5006 2531 5083 qui,
2571 5013 2640 5067 ut
2674 5013 2861 5082 puto,
2892 5004 2971 5066 de
3001 5006 3317 5083 Gregorio
3380 5014 3598 5070 nostro
3675 5001 3681 5007 ’

351 5100 689 5177 Georgium
722 5099 996 5166 faciens,
1033 5099 1099 5159 in
1139 5116 1255 5160 sua
1285 5099 1760 5179 Disquisitione
1809 5104 1887 5164 de
1921 5102 2220 5181 Georgiis
2252 5102 2341 5162 ita
2391 5101 2689 5162 disserit:
2727 5123 2756 5156 α
2793 5100 3051 5179 Georgii
3090 5103 3375 5164 Geramei
3431 5105 3602 5165 lam-

350 5197 493 5258 bica
529 5198 591 5256 in
626 5196 853 5256 librum
889 5196 1232 5274 Symeonis
1263 5196 1438 5258 Sethi
1474 5197 1546 5257 de
1566 5197 1932 5276 Stephanite
1964 5207 2018 5259 et
2045 5197 2358 5259 Ichnilala
2389 5198 2734 5259 laudantur
2772 5196 2837 5257 in
2869 5198 3307 5277 manuscripto
3345 5200 3600 5263 Graeco:

347 5292 582 5361 Συμεὼν
611 5293 932 5363 Μαγῖστρου
961 5292 1215 5363 διήγησις
1238 5293 1482 5363 μυστικὴ
1513 5294 1621 5348 τῶν
1653 5299 1796 5349 κατὰ
1827 5297 2169 5366 Στεφανίτην
2200 5296 2298 5349 καὶ¹
2330 5294 2649 5365 Ίκνηλάτην
2696 5294 3084 5363 μετενεχθεῖσα
3133 5296 3196 5348 ὲκ
3229 5297 3326 5364 τῆς
3355 5298 3607 5368 Ἀράϐων

344 5395 635 5453 διαλέκτου
672 5399 729 5450 ὲν
760 5396 943 5463 λόγοις
969 5394 1041 5462 η’.
1072 5395 1353 5467 Γεωργίου
1393 5398 1698 5469 Καραμέου
1725 5399 1972 5470 Ἰαμϐεἶα

2006 5398 2099 5453 ἐπὶ
2121 5402 2187 5468 τῇ
2216 5397 2598 5469 προρῤηθείσῃ
2634 5397 2821 5468 βίϐλῳ.
2858 5390 2920 5447 Id
2956 5395 3052 5449 cst
3080 5411 3093 5448 :
3119 5389 3441 5466 Symeonis
3468 5393 3607 5451 ﬁla-

342 5488 538 5567 gistri
567 5485 856 5545 narratio
892 5503 1127 5543 arcana
1159 5484 1230 5544 de
1260 5484 1632 5564 Stephanite
1664 5499 1718 5548 et
1751 5488 2067 5549 Ichnilata
2103 5506 2181 5548 ex
2211 5486 2489 5547 Arabum
2519 5485 2737 5564 lingua
2772 5503 3109 5558 conversa,
3144 5485 3324 5546 libris
3356 5494 3609 5546 θείω-

344 5596 606 5675 Georgii
639 5591 920 5655 Ceramei
950 5592 1251 5653 Carmina
1297 5591 1564 5655 iambico
1606 5595 1673 5655 in
1695 5596 2069 5672 praedictum
2115 5594 2367 5656 librum.
2394 5593 2538 5674 (Ap.
2569 5594 2819 5657 Fabric.
2848 5591 3018 5651 Bibl.
3054 5592 3271 5651 Graeca
3298 5592 3399 5652 ed.
3442 5595 3609 5655 Baro

344 5693 462 5755 tes.
499 5706 541 5754 ι.
578 5694 737 5759 xu,
777 5710 838 5769 p.
872 5690 995 5770 t3.)

582 5799 857 5859 Panum.
888 5797 977 5852 Gn
1043 5794 1356 5859 CXXXII.
3220 5785 3248 5847 ι
