4122 6426
543 351 601 417 II
1722 341 2034 404 NOTI'I‘IA
2076 340 2104 398 Ι

2221 338 2585 400 FABRICIO.
3256 398 3267 409 ,
3706 335 3768 398 l2

614 464 812 522 Porro
865 475 1080 537 neque
1136 455 1517 519 sententiam
1557 455 1624 515 P.
1668 455 1874 517 Scorsi
1903 497 1919 525 ,
1959 452 2071 531 qui
2121 449 2578 526 Theophanem
2630 448 2703 509 ad
2748 450 2995 509 aetatem
3033 447 3240 509 Photii
3295 447 3521 519 refert,
3560 464 3771 526 neque

537 557 921 624 sententiam
958 554 1273 626 Fabricii,
1306 552 1451 631 qui,
1488 558 1632 629 post
1672 552 1866 626 alios,
1901 546 2355 627 Theophanem
2391 546 2514 606 sub
2557 542 2935 605 Normannis
2986 544 3221 605 saeculo
3250 562 3334 604 ιιι
3369 545 3618 605 tandem
3660 544 3772 604 ﬂo-

536 655 747 719 ruisse
803 652 1067 726 asserit,
1126 650 1310 730 plane
1367 649 1779 727 amplectitur
1837 646 2109 725 scriptor
2169 659 2389 703 recens
2451 642 2619 700 inter
2668 639 2917 700 Siculos
2975 640 3263 701 eruditos
3321 657 3449 702 non
3483 641 3770 718 inﬁmus,

532 750 729 814 abbas
758 747 1061 810 Nicolaus
1092 746 1426 820 Buscemi;
1468 745 1578 806 sed
1635 743 1912 806 mediam
1962 742 2127 802 viam
2161 738 2323 806 init,
2377 752 2506 797 non
2562 735 2700 795 sine
2765 734 2980 813 aliqua
3028 735 3599 797 verisimilitudine
3658 738 3771 799 do-

534 863 713 919 cens,
745 826 1049 906 homilias
1101 858 1248 920 quae
1293 842 1416 903 sub
1451 840 1712 902 nomine
1744 837 2156 916 Theophanis
2189 832 2758 905 circumferuntur,
2796 848 2921 893 non
2967 832 3044 894 ab
3094 850 3222 893 uno
3260 842 3545 907 auctore,
3578 836 3687 897 sed
3735 854 3767 897 a

529 942 810 1013 duobus,
850 952 1128 1017 quorum
1167 937 1345 1015 prior
1381 943 1666 1014 tempore
1704 937 2165 997 Saracenorum
2199 928 2438 1001 ﬂoruit,
2473 936 2535 990 et
2569 929 2880 1006 posterior
2910 940 3195 1006 tempore
3225 931 3770 1004 Normannorum,

530 1036 730 1098 editas
798 1033 1026 1096 fuisse.
1087 1034 1341 1094 Doctam
1401 1048 1582 1093 suam
1637 1028 2154 1109 disquisitionem
2213 1027 2485 1088 inseruit
2550 1028 2623 1087 N.
2685 1027 2976 1087 Buscemi
3043 1027 3104 1086 in
3178 1044 3313 1088 suae
3370 1027 3773 1091 Bibliotheca

529 1147 720 1193 saera:
747 1135 791 1191 t.
825 1131 882 1202 Ι,
915 1145 1068 1189 ann.
1093 1127 1270 1201 1832,
1306 1137 1368 1189 et
1399 1128 1484 1188 ita
1514 1125 1883 1201 inscripsit:
1921 1125 2188 1202 Teofane
2221 1125 2537 1185 Cerameo.
2569 1123 2775 1199 Sopra
2820 1121 2869 1183 il
2898 1123 3205 1183 Siciliane
3235 1125 3530 1184 serittore
3566 1126 3672 1186 che
3699 1144 3774 1186 ea

527 1234 694 1287 sotto
735 1223 825 1286 tal
851 1242 1068 1298 nome,
1096 1224 1395 1285 memoria
1419 1221 1519 1284 del
1550 1241 1674 1283 sac.
1708 1220 1788 1283 N.
1826 1219 2131 1280 Buscemi.
2174 1221 2352 1280 Hanc
2382 1218 2595 1279 laudat
2629 1218 2883 1279 Messio
2913 1218 3229 1293 Narbone,
3264 1219 3425 1280 della
3458 1221 3529 1281 C.
3559 1220 3623 1281 di
3667 1222 3769 1294 6.,

532 1321 600 1382 in
631 1319 1051 1399 Bibliograﬁa
1100 1318 1313 1380 Sicola
1346 1319 1748 1390 sistematica,
1785 1336 1818 1376 ο
1851 1317 2179 1395 Apparato
2208 1313 2510 1394 melodico
2550 1313 2679 1373 alla
2708 1317 2909 1374 storia
2942 1314 3271 1376 lettcraria
3300 1314 3463 1376 delia
3521 1315 3768 1390 Sicilia,

531 1424 572 1478 t.
608 1418 726 1492 Ill,
764 1434 823 1496 p.
857 1418 999 1478 275.
1034 1416 1348 1489 Palermo,
1386 1418 1575 1488 1855,
1610 1422 1671 1477 et
1706 1424 1746 1477 t.
1783 1416 1847 1487 Ι,
1880 1433 1940 1492 p.
1977 1414 2095 1474 472

2208 1415 2573 1477 onsulatur.

1058 1516 1125 1573 B.
1159 1562 1170 1572 .
1202 1562 1215 1576 .
1249 1559 1264 1574 .
1298 1561 1310 1575 .
1369 1516 1442 1575 15
1490 1514 1643 1575 Feb.
1696 1513 1872 1575 1862.

2765 1608 2927 1669 .I.-B.
2980 1611 3065 1669 Μ.

571 1796 1418 1809 “MO—MH-

939 1976 1422 2131 N0’I‘I’I‘IA
1535 1976 1661 2125 IN
1775 1972 2553 2126 'I‘IIIIOPIIANEII
2659 1973 3348 2125 (IIlIlAIIIIUII.

1446 2240 1665 2302 (Fasmc.
1700 2238 1906 2292 Biblioth
1951 2243 2034 2292 Gr.
2063 2242 2143 2291 ed.
2173 2241 2366 2300 Harles,
2392 2246 2513 2290 tom.
2535 2239 2618 2301 XI,
2645 2250 2691 2301 p.
2724 2238 2856 2304 208.)

603 2542 990 2612 TheOphauem
1024 2540 1346 2597 Cerameum
1395 2549 1520 2597 sunt
1572 2540 1663 2611 qui
1698 2555 1793 2609 pro
1834 2538 2163 2608 Theophane
2197 2536 2498 2606 Georgium,
2551 2534 2884 2608 Gregorium,
2920 2536 3278 2605 Nicephorum
3328 2542 3409 2595 vel
3466 2541 3774 2613 Philippum

531 2643 748 2694 vocent,
788 2629 867 2683 vel
897 2630 986 2697 qui
1036 2644 1157 2683 cum
1197 2628 1427 2699 Georgio
1476 2645 1570 2684 seu
1607 2630 1868 2698 Gregorio
1901 2628 2163 2682 Cerameo
2199 2635 2253 2680 et
2300 2643 2420 2681 cum
2468 2624 2776 2694 Nicephoro
2812 2625 3002 2694 Figulo
3049 2628 3165 2703 sive
3205 2629 3469 2685 Cerameo
3507 2641 3602 2685 aut
3648 2648 3774 2686 cum

532 2719 779 2789 Philippo
809 2716 1073 2772 Cerameo
1103 2716 1217 2771 sive
1254 2715 1525 2771 Ceramita
1558 2717 1724 2770 velint
1754 2716 2004 2769 eumdem
2037 2729 2179 2768 esse.
2217 2713 2347 2767 Vide
2375 2713 2632 2766 Allatium
2664 2712 2737 2767 De
2759 2709 3022 2782 Ceorgiis,
3058 2729 3111 2781 p.
3139 2715 3242 2768 414
3271 2731 3411 2784 qu.,
3439 2719 3524 2784 qui
3553 2718 3775 2787 Georgii

530 2804 774 2860 Ceramei
817 2805 1013 2858 iterum
1046 2804 1296 2857 meminit
1340 2818 1395 2871 p.
1430 2801 1556 2857 545.
1591 2801 1759 2856 Natus
1789 2811 1873 2856 est
1900 2801 2258 2871 Theophanes
2296 2803 2382 2856 hic
2430 2803 2481 2855 iu
2521 2800 2730 2866 Sicilia,
2765 2800 3110 2856 Tnuromenii
3146 2804 3226 2858 vel
3264 2807 3314 2858 in
3353 2807 3527 2863 vicino
3569 2812 3775 2878 Oppi-I0

533 2893 804 2959 Masealis,
858 2904 913 2946 et
959 2892 1025 2944 ad
1067 2891 1235 2945 aedem
1272 2889 1331 2945 S.
1366 2891 1593 2943 Androm
1636 2890 1709 2944 ibi
1754 2904 1891 2958 puer
1922 2889 1975 2942 in
2014 2888 2185 2957 patria
2235 2888 2529 2951 educatus,
2569 2897 2630 2941 ut
2665 2889 2779 2956 ipse
2810 2888 3025 2943 homilia
3060 2904 3112 2951 ι,
3159 2891 3209 2943 in
3262 2892 3399 2947 festo
3440 2893 3498 2947 S.
3540 2897 3777 2954 Androm

532 2980 759 3050 apostoli
805 2977 1008 3043 habita,
1043 2977 1282 3032 celebrat
1315 2994 1329 3031 :
1367 2975 1544 3030 factus
1578 2976 1775 3031 deinde
1819 2974 2310 3031 Tauromenitauus
2344 2976 2801 3046 archiepiscopus,
2848 2993 2956 3047 quo
3007 2980 3161 3033 titulo
3188 2990 3497 3036 constanter
3532 2988 3680 3039 venit
3719 2989 3774 3040 in

530 3069 813 3124 codicibus
849 3080 1008 3132 mss.,
1054 3074 1116 3122 ut
1169 3064 1403 3121 Srorsus
1440 3079 1667 3132 procem.
1719 3063 1760 3130 I,
1797 3062 1825 3134 ᾖ
1861 3064 1914 3128 4,
1969 3063 2267 3127 adnotavit,
2319 3062 2371 3115 in
2418 3066 2615 3133 quibus
2659 3066 2822 3119 etiam
2860 3065 3173 3134 σοφώτατος
3207 3070 3299 3120 καὶ
3330 3072 3774 3141 purgandi-raro;

528 3157 859 3227 appellatur,
908 3156 1329 3220 sapientissimus
1371 3162 1421 3208 et
1463 3153 1953 3223 eloquentissimus;
1998 3153 2070 3207 id.
2120 3166 2351 3218 promm.
2386 3151 2451 3217 ll,
2510 3152 2537 3223 §
2576 3153 2631 3208 2.
2687 3155 2918 3223 Scripsit
2949 3169 3053 3209 non
3094 3158 3291 3210 saeculo
3329 3173 3468 3211 nono
3501 3169 3552 3213 et
3591 3159 3774 3214 Phntii

526 3255 716 3308 mune,
753 3253 809 3298 ut
841 3244 1041 3298 Seorso
1076 3257 1391 3311 persuasqu
1441 3242 1588 3312 (cum
1617 3241 1976 3310 Theophanes
2026 3242 2346 3308 monachus,
2389 3243 2456 3295 ad
2500 3258 2660 3311 quem
2701 3244 2919 3311 scripsit
2948 3241 3195 3308 Photius,
3228 3246 3296 3300 ab
3321 3250 3575 3317 episcopo
3610 3250 3779 3305 fuerit

530 3331 758 3385 omnino
787 3329 1081 3396 diversus);
1115 3343 1293 3397 neque
1322 3328 1466 3381 circa
1495 3342 1586 3381 an.
1623 3327 1782 3390 1040,
1832 3327 1898 3379 ad
1933 3326 2076 3394 quod
2112 3337 2322 3396 tempus
2360 3346 2387 3381 a
2422 3329 2603 3387 Caveo
2639 3330 2715 3401 (η)
2760 3330 3013 3397 refertur,
3044 3346 3151 3401 quo
3182 3347 3284 3386 non
3318 3348 3434 3397 rex,
3458 3336 3550 3389 sed
3582 3351 3778 3392 comes

537 3427 721 3486 pustea
761 3434 810 3469 ει.
849 3416 986 3469 1063
1020 3414 1218 3469 Sicilia:
1246 3413 1512 3484 Rogcrius
1542 3414 1705 3480 visit;
1754 3414 1849 3468 sed
1888 3425 2145 3483 regnante
2180 3414 2289 3469 lilio
2335 3416 2481 3471 illius
2516 3418 2733 3473 comitis
2764 3415 2998 3487 Rogerio
3047 3419 3274 3484 (Sicilia:
3307 3435 3431 3489 rege
3467 3430 3524 3475 et
3564 3423 3778 3490 Apuliae

534 3508 604 3561 ab
637 3520 688 3559 τι.
722 3501 861 3558 1129
888 3504 953 3555 ad
991 3500 1171 3570 1152),
1206 3515 1312 3570 quo
1344 3511 1582 3570 tempore
1621 3516 1815 3569 magna
1859 3511 1978 3556 erat
2009 3502 2403 3559 Saracenorum
2458 3508 2717 3575 potentia.
2763 3505 2899 3562 Hinc
2932 3508 3097 3563 Deum
3134 3510 3364 3567 subinde
3395 3521 3671 3579 precatur,
3718 3523 3778 3568 ut

530 3607 714 3662 regem
746 3592 814 3645 ab
838 3590 1053 3644 illorum
1090 3589 1139 3642 vi
1183 3590 1319 3642 tueri
1358 3590 1506 3653 velit,
1558 3588 1649 3660 Τῷ
1689 3588 1909 3642 εὐσεϐεῖ
1941 3589 2096 3659 ἡμῶν

2208 3592 2356 3646 mle!
2385 3593 2675 3665 σύμμαχος
2714 3594 2875 3661 γενοῦ
2906 3596 3051 3650 κατὰ
3086 3598 3194 3650 τῶν
3235 3598 3409 3651 ἀθέων
3456 3599 3555 3667 τῆς
3586 3600 3777 3672 ’Δγαρ

536 3684 688 3748 υἱῶν,
721 3681 805 3736 Sis
842 3685 927 3750 pio
957 3690 1132 3733 nostra
1167 3681 1275 3751 regi
1309 3690 1667 3750 propugnator
1705 3690 1890 3733 contra
1936 3682 2123 3748 impios
2150 3681 2296 3751 Agar
2331 3683 2493 3750 ﬁlios,
2528 3684 2714 3741 homil.
2751 3701 2839 3749 η,
2888 3700 2940 3754 p.
2972 3686 3100 3740 288:
3133 3694 3186 3739 et
3232 3686 3450 3740 homilia
3488 3702 3557 3749 tv,
3590 3702 3644 3756 p.
3675 3688 3774 3752 26,

537 3773 819 3841 Κρὰτυνον
846 3773 912 3840 τῇ
949 3767 1093 3838 ἰσχύϊ
1122 3784 1214 3821 σου
1249 3768 1376 3830 τοὺς
1406 3769 1630 3831 πιστοὺς
1660 3767 1816 3838 ἡμῶν
1855 3767 2118 3838 βασιλεῖς,
2166 3767 2452 3840 ἐνίσχυσον
2483 3771 2682 3834 αὐτοὺς
2717 3770 2860 3823 κατὰ
2891 3770 2997 3822 τῶν
3044 3770 3222 3823 ἀθέων
3260 3769 3621 3841 Ἰσμαηλιτῶν
3661 3775 3777 3827 τῶν

536 3859 635 3928 σὴν
669 3855 1008 3912 ἀθετούντων
1044 3854 1454 3927 προσκύνησιν,
1486 3854 1782 3908 Corrobora
1821 3856 2013 3909 virtute
2051 3865 2104 3907 tu

2208 3856 2358 3911 icleles
2392 3866 2601 3912 nostros
2635 3873 2797 3928 reges,
2822 3874 3008 3926 eosque
3036 3868 3221 3911 contra
3251 3858 3436 3926 impios
3460 3859 3776 3917 Ismaelitas

536 3960 681 4003 tuam
715 3949 1020 4018 religionem
1049 3957 1331 4001 evertentes
1359 3946 1638 4015 conﬁrma.
1674 3944 1838 4017 Regis
1879 3957 2031 4017 gesta
2079 3961 2144 4002 ac
2176 3946 2430 4017 pietatem
2464 3942 2705 3999 celebrat
2737 3944 2953 3999 homilia
3003 3959 3152 4010 xxvi,
3200 3961 3360 4015 quam
3403 3948 3455 3999 in
3486 3947 3602 4017 ejus
3631 3963 3780 4018 pra:-

612 4101 688 4175 (ῃ)
716 4101 769 4154 In
804 4098 1075 4175 Ηίειηζὶς.⁸
1095 4099 1197 4155 SS.
1218 4102 1350 4175 eccl.
1380 4111 1510 4175 tom.
1546 4101 1613 4175 II_,
1653 4116 1703 4170 p.
1738 4102 1840 4175 152
1868 4118 1982 4175 seq.
2012 4105 2098 4175 ed.

538 4170 726 4232 Basil.,
759 4175 825 4241 ad
860 4186 909 4224 a.
948 4170 1104 4236 1040,
1139 4171 1229 4241 qui
1270 4172 1560 4226 asseutitur
1586 4171 1752 4241 Leoni
1794 4170 1988 4228 Allatio
2025 4174 2102 4227 De

538 4241 722 4309 script.
755 4238 1013 4304 Simeon.,
1051 4256 1103 4307 p.
1137 4238 1224 4305 63,
1260 4241 1606 4309 adnutatque,
1641 4259 1667 4293 ει
1699 4240 1882 4296 Μίτωο
1917 4244 1971 4297 in
1994 4243 2108 4295 Au-

537 4326 673 4381 ctar.
706 4327 757 4366 c.
790 4310 927 4381 255,
965 4319 1127 4379 atque
1154 4325 1218 4364 ex
1257 4325 1323 4363 eo
1355 4310 1663 4381 alLOIeario
1698 4312 1750 4364 in
1782 4312 1961 4366 Abaco
2006 4329 2105 4381 pa-

540 4380 686 4443 trol.,
724 4397 775 4449 p.
813 4379 939 4441 450,
965 4391 1205 4434 nostrum
1246 4395 1366 4432 cum
1404 4379 1731 4447 Theonhane
1767 4379 2102 4443 coul'essore,

539 4449 983 4520 Chronographite
1012 4450 1311 4520 cOnditore,
1352 4451 1583 4520 [pessime
1609 4450 1883 4520 confundi.
1910 4450 2103 4505 Fusius

539 4521 608 4573 de
633 4534 699 4573 eo
725 4517 964 4589 disputat
984 4517 1201 4589 rOudin.
1250 4520 1299 4589 in
1343 4519 1635 4573 Comment.
1674 4522 1736 4573 de
1765 4518 1867 4589 SS.
1895 4520 2103 4584 εει-ἰείη

543 4601 673 4659 tum.
711 4589 775 4653 ll,
805 4587 858 4658 p.
898 4588 1056 4653 1185,
1088 4590 1154 4641 ad
1179 4602 1230 4641 a.
1262 4587 1402 4644 1140
1430 4604 1552 4657 sqq.
1587 4598 1642 4643 et
1666 4604 1787 4659 pag.
1817 4588 1957 4659 1520
1979 4605 2102 4659 sqq.

540 4658 728 4714 Priore
750 4661 867 4714 loco
886 4661 1132 4728 primum
1157 4664 1432 4712 exatninat
1472 4658 1772 4726 refellitque
1812 4658 1990 4713 Scorsi
2022 4658 2106 4712 at-

542 4744 648 4798 que
676 4729 853 4782 Allatii
889 4730 1290 4798 rationes,ituu_t
1339 4730 1573 4781 ostendit
1620 4728 2106 4798 Lambeciiiucon-

545 4796 798 4853 stantiam
821 4797 876 4852 in
903 4797 1204 4869 deﬁnienda
1224 4796 1568 4869 Theophanis
1593 4806 1752 4851 aetate
1774 4797 1941 4869 (conf.
1966 4796 2106 4851 infra

546 4869 601 4920 in
627 4870 818 4922 notitia
848 4869 1004 4921 codd.
1032 4866 1210 4935 mss.).
1232 4866 1538 4921 Posteriore
1572 4869 1710 4927 loco,
1740 4866 1831 4921 ubi
1859 4870 1925 4921 de
1947 4876 2102 4921 artata

544 4937 827 5007 Symeonis
845 4935 1216 5004 Metaphrastaa
1233 4938 1468 4999 disserit,
1494 4939 1542 4989 in
1563 4951 1680 5005 cap.
1699 4938 1887 5007 quinto
1909 4936 2103 4990 iterum

544 5005 769 5074 inquirit
788 5009 841 5060 in
861 5017 1070 5075 tempus
1088 5021 1193 5075 quo
1211 5006 1406 5058 vixerit
1424 5006 1463 5059 Τ
1475 5008 1777 5074 heOphnnes
1790 5005 2105 5069 Cerameus,

544 5087 603 5129 et
630 5077 898 5145 prwcipue
943 5082 1009 5129 de
1040 5077 1304 5143 scriptura
1339 5084 1396 5129 et
1433 5077 1828 5145 signiﬁcatione
1858 5076 2107 5145 vocabuli

547 5144 719 5215 ῥήγου
770 5155 863 5199 aut
890 5144 1052 5215 ρόγου
1081 5146 1352 5215 disputat.
1380 5174 1451 5184 —-
1483 5149 1544 5198 L.
1591 5146 1767 5215 Elius,
1801 5144 2005 5215 Qu'Pin
2053 5146 2104 5197 in

546 5213 687 5269 Bibl.
719 5217 868 5282 eccl.,
892 5213 1049 5272 tom.
1080 5213 1192 5279 VII,
1249 5230 1369 5283 cap.
1402 5215 1487 5275 17,
1523 5230 1644 5284 pag.
1673 5214 1799 5278 196,
1823 5214 2108 5285 Theopha-

544 5301 669 5340 nem
707 5295 890 5340 censet
933 5285 986 5337 in
1040 5289 1145 5337 line
1192 5289 1316 5338 noni
1364 5286 1541 5339 swculi
1599 5287 1897 5346 claruisse;
1949 5300 2005 5339 at
2053 5286 2105 5337 in

547 5369 676 5411 tom.
711 5355 841 5421 Vill,
885 5369 1005 5423 cap.
1045 5356 1132 5417 12,
1175 5371 1228 5423 p.
1269 5354 1325 5420 5,
1368 5370 1491 5409 eum
1536 5357 1806 5409 transtulit
1846 5359 1912 5409 ad
1942 5356 2110 5410 unde-

546 5430 747 5480 cimum
775 5426 1050 5481 saeculum.
1082 5424 1317 5478 Plurintn
1352 5424 1464 5479 νγ.
1497 5426 1603 5481 DD.
1632 5427 1914 5495 Opiniones
1941 5438 1994 5479 et
2015 5427 2107 5495 juf

546 5496 682 5550 tlicia
716 5500 780 5551 de
817 5495 935 5564 ejus
963 5506 1121 5549 artate
1167 5504 1221 5548 et
1263 5500 1328 5547 de
1355 5496 1525 5565 ipsius
1572 5493 1785 5565 ingenio
1835 5493 2105 5549 scribendi

546 5566 868 5637 vivendique
891 5568 1100 5637 ratione
1121 5566 1333 5633 collegit
1354 5564 1652 5635 Mongitor.’
1670 5568 1723 5637 in
1746 5564 1880 5637 Bibl.
1897 5565 2101 5637 Sicula,

546 5635 851 5705 tuvu.Jl,'p.
882 5635 988 5690 250
1008 5652 1152 5705 sqq.,
1191 5651 1279 5705 qur
1328 5638 1497 5705 etiam
1536 5639 1665 5689 citat
1687 5635 2006 5705 Cajetanum
2051 5635 2103 5687 in

544 5703 907 5762 animadvers.
960 5710 1025 5759 ad
1056 5703 1258 5761 tuttth
1310 5705 1416 5761 SS.
1467 5703 1789 5763 Siculorum,
1844 5705 2104 5771 p.I6.—-

543 5777 681 5831 Add.
713 5775 935 5847 Pagium
984 5777 1038 5831 in
1083 5775 1219 5830 Crit.
1267 5774 1465 5832 Βία-οη.
1509 5778 1577 5830 ad
1606 5792 1657 5830 a.
1694 5775 1854 5841 1252,
1896 5771 2098 5840 Vill-X;

512 5968 561 5985 Ὣ-

2203 4100 2524 4177 ιοέιριιετ.
2547 4101 2598 4154 in
2620 4099 3103 4177 ﬂamonymoscop.
3130 4112 3263 4157 sect.
3298 4117 3354 4166 tt,
3389 4118 3506 4172 cap.
3542 4104 3655 4177 5,5
3689 4108 3782 4177 77,

2205 4187 2261 4240 p.
2283 4172 2388 4226 5‘25
2403 4185 2518 4238 seq.
2544 4171 2634 4240 qui
2662 4170 2849 4239 plures
2870 4170 3227 4240 Theophanes
3243 4170 3549 4239 enumerat,
3569 4170 3786 4240 eo'sque

2206 4244 2360 4314 docet
2397 4241 2665 4314 interdum
2699 4242 2867 4314 luisse
2898 4258 2925 4314 a
2968 4242 3104 4314 viris
3149 4243 3323 4314 doctis
3359 4242 3654 4314 confusos;
3689 4241 3779 4304 Jo.

2205 4310 2381 4384 Laur.
2404 4306 2664 4384 “pedicat.
2698 4311 2751 4362 in
2783 4308 3024 4384 instituit.
3052 4312 3175 4384 hist.
3206 4313 3332 4364 ccci.
3362 4327 3484 4366 uec.
3509 4328 3585 4384 χι,
3717 4336 3785 4384 η,

2208 4394 2325 4450 cap.
2353 4380 2408 4443 2,
2442 4378 2470 4449 §
2499 4379 2589 4435 50.
2619 4379 2747 4433 Sas.
2783 4379 2833 4432 in
2868 4377 3061 4435 0nom.
3100 4381 3181 4433 lit.
3214 4389 3353 4447 part.
3389 4397 3447 4443 ιι,
3476 4396 3526 4450 ρ.
3549 4377 3685 4450 249,
3711 4377 3783 4441 ad

2209 4464 2259 4503 a.
2294 4449 2453 4520 1152,
2490 4453 2668 4520 Atque
2713 4450 2818 4520 Itis,
2852 4450 3045 4520 inquit,
3082 4452 3415 4518 tempOrihns
3465 4460 3521 4504 et
3568 4449 3786 4512 vixisse

2208 4528 2263 4574 et
2290 4519 2538 4574 ﬂoruisse
2582 4519 2950 4573 verisimiliter
3002 4520 3241 4573 creditur
3270 4520 3511 4587 Theoph.
3548 4521 3783 4581 Geram.

2212 4617 2276 4662 τ-
2313 4591 2605 4662 Christian.
2650 4587 3083 4662 Frithﬂhiatthaai
3124 4588 3319 4662 Progr.
3364 4592 3428 4662 tle
3464 4588 3791 4662 Theophane

2209 4658 2479 4729 Qerameo,
2522 4658 2735 4729 llresdge
2764 4658 2923 4723 1788,
2953 4658 3006 4725 4,
3045 4661 3098 4712 in
3139 4657 3249 4729 quo
3272 4657 3333 4712 V.
3368 4658 3430 4713 ι).
3465 4669 3575 4714 tres
3606 4657 3789 4721 'codd.

2208 4728 2606 4800 Mosquensem,
2647 4727 2982 4800 Lipsiensem
3019 4727 3284 4797 suunique
3338 4743 3658 4800 eorumque
3694 4749 3793 4787 ra-

2210 4796 2411 4854 tionem
2466 4798 2519 4852 in
2574 4796 2860 4853 scribendo
2914 4800 3154 4853 auctoris
3198 4796 3428 4851 nomine
3472 4796 3793 4864 ord'ineque

2211 4869 2560 4924 homiliarutn
2588 4880 2778 4923 curate
2809 4869 3089 4932 describit,
3132 4876 3187 4922 et
3219 4866 3462 4937 “exicod.
3500 4866 3791 4937 Lipsienst

2208 4941 2388 4993 varias
2415 4940 2561 4993 lectt.
2594 4937 2993 5005 orationisau,
3029 4953 3082 5005 p.
3114 4934 3479 5005 8-15,_Seorsi
3511 4934 3790 4997 enotavit.

2206 5008 2502 5063 —-Eodent
2554 5009 2777 5075 prmside
2824 5004 2893 5061 M.
2943 5002 3071 5062 Car.
3122 5005 3248 5060 Chr.
3282 5002 3494 5075 Ernesti
3542 5006 3791 5066 Charitii

2209 5080 2348 5148 disp.
2374 5093 2390 5131 ι
2413 5078 2477 5132 de
2499 5074 2828 5145 Theophane
2854 5077 3095 5141 t2eram.,
3124 5090 3268 5148 pars:
3296 5074 3450 5148 t,_de_
3466 5076 3795 5148 Theophane

2208 5142 2506 5216 interprete,
2539 5158 2595 5199 et
2621 5142 2760 5215 disp.
2792 5161 2830 5201 It
2860 5142 3217 5216 respondente
3241 5142 3292 5198 «Ι.
3321 5145 3383 5198 C.
3410 5142 3477 5198 Ο.
3501 5142 3794 5203 Praedico-

2208 5218 2319 5279 vio,
2348 5215 2621 5286 appendix
2656 5227 2796 5285 part.
2840 5232 2879 5281 ι,
2911 5216 2977 5269 de
3005 5215 3178 5268 studio
3210 5216 3629 5286 allegoriarum,
3649 5232 3798 5286 pra:-

2210 5287 2364 5355 cipuo
2423 5296 2579 5341 recta:
2624 5287 3069 5351 interpretationis
3134 5285 3526 5355 impedimento.
3586 5285 3800 5342 Witte-

2211 5354 2383 5428 berga:
2413 5356 2569 5423 1792,
2617 5358 2672 5410 4.
2716 5359 2894 5428 Atque
2923 5370 3024 5424 ego
3065 5355 3117 5428 in
3157 5354 3480 5428 Ittlr_0dtt€l.,
3504 5362 3617 5428 etc.
3653 5367 3693 5410 ι.
3726 5358 3801 5425 ll,

2209 5422 2348 5495 puri.
2390 5446 2426 5492 ι,
2461 5443 2514 5496 p.
2541 5422 2643 5481 451
2682 5441 2799 5493 seq.
2830 5426 2894 5478 de
2921 5422 2985 5480 eo
3020 5425 3127 5494 egi.
3161 5452 3228 5464 --
3258 5425 3334 5496 De
3372 5422 3549 5477 lrinrli
3590 5422 3797 5481 narra;

2212 5500 2356 5552 tione
2391 5495 2472 5551 ac?
2508 5497 2771 5551 sententia
2825 5511 2874 5547 v.
2911 5499 3067 5563 paulo
3102 5496 3239 5547 Infra
3280 5495 3333 5547 itt
3376 5497 3568 5548 notitia
3595 5498 3797 5564 codd”

2208 5573 2297 5621 ubi
2334 5572 2497 5622 etiam
2532 5566 3055 5619 :utimadversionetn
3085 5564 3487 5626 Meutl‘auconii,
3521 5565 3617 5632 qui
3652 5566 3800 5623 Gre-

2208 5639 2435 5702 gorium,
2467 5638 2784 5691 (Jerameum
2840 5636 2997 5703 plane
3050 5636 3211 5686 alium
3256 5648 3376 5689 esse
3423 5637 3714 5692 contendit
3764 5656 3798 5695 a

2209 5708 2534 5778 Theophane
2564 5708 2849 5771 Ceratneo,
2878 5705 3118 5773 pluribus
3152 5706 3327 5759 retuli.
3357 5704 3523 5757 ΝΛΜ..
