4122 6440
357 407 418 478 13
1558 408 1869 469 NOTITIA
1912 406 2009 468 EX
2051 410 2429 470 FABRICIO.
3545 408 3618 471 11.»

351 523 522 581 sctitia
556 520 772 584 habuit,
813 522 1049 575 ἐνώπιον
1076 521 1169 576 τοῦ
1196 520 1363 595 ρηγὺς
1402 520 1704 591 Ῥογερίου·
1744 519 1815 573 ita
1848 535 1912 574 en

2018 520 2323 591 legendum,
2355 537 2458 576 non
2488 523 2676 593 ρὁου,
2705 520 2860 575 docet
2884 518 3117 576 Allatius
3143 519 3218 575 De
3253 520 3612 585 Sitneonibus.

351 631 400 684 p.
429 613 495 666 65
529 626 647 680 seq.
683 609 785 681 (b).
828 610 1056 664 Exstant
1081 609 1242 664 editae
1275 609 1417 662 illius
1454 608 1691 661 homiliic
1728 608 1780 661 in
1817 607 2128 663 Dominicas
2157 618 2211 662 et
2243 606 2379 663 festa
2428 613 2557 662 anni
2605 623 2713 678 pra:
2745 607 2932 662 multis
2963 607 3194 663 aliorum
3243 610 3611 665 recentiorum

351 700 657 753 Griecorum
696 696 1041 750 sermonibus
1078 696 1250 765 dignae
1280 695 1443 762 lectu,
1477 705 1640 762 atque
1669 694 1733 747 ad
1768 710 1975 748 morem
2012 695 2378 751 Ecclesiarum
2416 696 2559 751 illius
2598 695 2881 763 temporis,
2919 710 3078 762 quem
3122 697 3172 749 in
3210 696 3535 751 lectionibus
3558 709 3613 753 et

352 784 585 841 homiliis
616 783 792 837 Sacris
824 792 1142 848 tenuerunt,
1178 795 1521 853 opportunae,
1547 794 1603 837 et
1631 783 1794 835 nmlta
1821 784 2277 855 evangelistarum
2309 784 2424 838 loca
2457 784 2597 837 hami
2632 783 2921 837 infeliciter
2948 783 3301 839 illustrantcs.
3330 784 3446 839 Non
3474 786 3612 840 alius

348 886 426 930 est
452 874 843 943 Theophanes,
874 874 963 943 qui
994 875 1046 926 in
1079 873 1283 927 Catena
1312 872 1647 927 Corderiana
1681 872 1745 923 ad
1781 871 1983 927 Lucam
2013 872 2233 938 citatur,
2267 886 2425 941 quem
2456 872 2750 926 Corderius
2784 872 2925 925 male
2955 872 3239 927 confundit
3270 889 3391 927 cum
3428 873 3614 929 Theo-

344 963 522 1030 phane
549 962 889 1024 confessore,
924 972 1147 1015 auctore
1177 960 1460 1024 Clu'ouici,
1495 968 1712 1014 notatus
1746 975 1812 1013 eo
1845 961 2059 1012 nomine
2087 975 2115 1012 a
2153 958 2483 1013 Combelisio
2519 958 2576 1011 in
2612 957 2757 1011 Bibl.
2796 958 3216 1013 concionatoria.
3252 958 3518 1015 Similiter
3556 962 3613 1015 in

344 1048 590 1118 catalogo
651 1047 784 1100 bibl.
841 1045 1147 1101 Bodleianae
1186 1049 1238 1101 in
1285 1063 1449 1100 unum
1506 1048 1921 1101 conluiuluntur
1965 1046 2325 1117 Theophanes
2353 1048 2649 1101 Cerameus
2683 1054 2737 1099 et
2775 1054 2969 1100 auctor
2993 1046 3246 1103 Chronici
3277 1058 3331 1103 et
3360 1048 3613 1104 Nicaenus

345 1137 665 1206 cpiscopus,
727 1135 881 1203 cujus
933 1146 1015 1191 cst
1069 1142 1303 1207 hymnus
1340 1139 1393 1190 in
1437 1138 1920 1192 Aununtiatiouem
1961 1137 2021 1193 Β.
2058 1138 2318 1208 Virginis.
2364 1136 2471 1191 Sed
2518 1139 2630 1205 jam
2676 1135 3027 1205 TbeOphanis
3060 1136 3310 1194 Ceramei
3361 1140 3614 1194 homilias

342 1226 515 1280 editas
562 1241 963 1281 rcccnseamns.

412 1340 466 1395 1.
506 1340 601 1403 Εἰς
632 1341 732 1410 τὴν
761 1340 941 1410 ἀρχὴν
970 1341 1072 1409 τῆς
1105 1338 1363 1404 ίνδίκτου,
1406 1340 1524 1409 ἦτοι
1557 1339 1653 1392 τοῦ
1678 1340 1797 1393 νέου
1822 1339 1911 1392 ἔτο

2036 1338 2112 1393 De
2132 1338 2418 1391 indictione
2442 1354 2487 1390 ε.
2516 1337 2643 1390 anni
2673 1339 2953 1408 principio,
2986 1338 3214 1393 Kalend.
3252 1340 3611 1408 Septembris.

342 1428 534 1495 |:.cipit
568 1445 580 1480 :
613 1427 920 1495 Εὐλογητὸς
953 1429 980 1479 ὁ
1016 1427 1150 1490 Θεὸς
1190 1429 1218 1481 ὁ
1268 1425 1620 1489 καταξιώσας
1668 1429 1815 1497 ἡμᾶς
1858 1427 2183 1498 διαδραμεῖν
2205 1425 2330 1509 ⁸τὴν
2372 1423 2643 1494 κυκλικὴν
2684 1424 2779 1507 τοῦ
2823 1428 3019 1497 χρόνου
3055 1426 3337 1497 περίοδον.
3384 1426 3516 1497 Pag.
3557 1431 3612 1483 1.

343 1518 598 1572 I‘Zdidcrat
628 1516 814 1571 Grazce
848 1528 902 1570 et
932 1516 1052 1571 Lat.
1089 1515 1382 1586 Dionysius
1412 1516 1671 1571 Petavius
1700 1518 1766 1571 ad
1795 1518 1998 1571 ealcem
2026 1513 2288 1568 Breviarii
2318 1511 2567 1566 historici
2602 1511 2887 1582 Nicephori
2912 1513 3215 1579 CPolitaui,
3243 1515 3419 1571 Paris.
3450 1516 3611 1580 1616,

341 1609 395 1672 8,
438 1623 491 1677 p.
524 1607 654 1670 258,
693 1606 782 1674 qui
816 1606 1138 1676 Gregorium
1178 1616 1457 1661 auctorem
1497 1615 1654 1661 vocat
1684 1617 1736 1659 et
1765 1606 1816 1659 in
1852 1606 1996 1659 notis
2034 1619 2091 1673 p.
2126 1601 2195 1655 10
2224 1601 2364 1654 hanc
2389 1607 2444 1654 et
2484 1601 2618 1655 alias
2654 1601 2914 1670 plurimas
2952 1602 3071 1673 eius
3105 1602 3360 1658 homilias
3403 1620 3433 1657 a
3478 1604 3616 1658 Sir-

344 1699 540 1753 tuondo
564 1713 622 1751 se
650 1707 875 1751 testatur
908 1698 1203 1766 accepisse.
1237 1698 1343 1763 Qui
1372 1698 1498 1765 quia
1533 1696 1736 1761 crebra,
1777 1696 1970 1765 inquit,
2020 1708 2202 1747 earum
2240 1693 2524 1744 editionem
2556 1710 2587 1746 a
2630 1692 2776 1746 nobis
2802 1694 3036 1763 ﬂagitat,
3072 1704 3125 1747 ut
3160 1696 3206 1748 ei
3254 1696 3436 1765 aliqua
3464 1708 3615 1764 parte

339 1786 588 1852 satisﬁat,
621 1784 714 1839 Itas
748 1784 884 1838 velut
909 1786 1171 1852 specimen
1198 1785 1463 1854 quoddam
1494 1784 1873 1852 prwmisimus.
1915 1781 2214 1854 [Parishin
2248 1780 2376 1833 bibl.
2412 1779 2559 1847 pubL
2587 1782 2709 1835 cod.
2743 1781 2869 1847 562,
2907 1799 2961 1836 ll.
3007 1782 3121 1854 12.]

408 1874 462 1927 2.
498 1874 637 1941 Περὶ
673 1874 775 1941 τῆς
804 1872 1126 1941 παραδολῆς
1160 1872 1270 1924 τῶν
1310 1870 1525 1941 μυρίων
1561 1871 1868 1925 ταλάντων.
1906 1894 1913 1923 t

2021 1868 2281 1938 parabola
2312 1868 2481 1922 decies
2526 1868 2671 1923 mille
2710 1870 3058 1938 talentorum,
3096 1871 3289 1927 Matth.
3320 1890 3474 1940 ιιι-ιιι,
3518 1874 3610 1930 24.

340 1962 533 2031 Incipit
561 1981 575 2015 :
610 1961 673 2013 Ui
708 1959 1056 2029 παιδοτρίϐαι
1086 1960 1181 2012 καὶ
1209 1960 1316 2012 τῶν
1341 1960 1477 2011 νέων
1507 1958 1843 2012 διδάσκαλοι.
1874 1958 2002 2027 Pag.
2038 1958 2095 2013 7.

409 2051 463 2103 5.
499 2051 753 2118 κυριακῇ
785 2049 892 2117 πρὸ
929 2048 1026 2117 τῆς
1063 2046 1360 2116 ’Υψώσεως
1388 2046 1481 2099 τοῦ
1511 2047 1697 2117 τιμίου
1731 2048 1827 2101 καὶ
1863 2047 1913 2110 ζ(

2019 2047 2135 2101 οιοῦ
2170 2047 2432 2118 σταυροῦ.
2464 2047 2741 2101 Dominica
2767 2047 2851 2100 die
2875 2058 2993 2100 ante
3023 2047 3214 2115 festum
3250 2049 3613 2104 Exaltationis

338 2140 580 2206 pretiosa:
625 2148 671 2191 et
717 2137 929 2205 riviﬁra:
964 2137 1157 2189 crucis.
1208 2134 1401 2203 Incipit
1431 2152 1443 2187 :
1472 2137 1613 2206 Φέρε
1660 2137 1913 2206 σήμερον1

2017 2162 2020 2181 ι
2056 2135 2476 2204 Οεοψιλέστατον
2516 2134 2814 2204 ἄθροισμα.
2857 2133 2987 2205 Pag.
3022 2136 3109 2189 15.
3152 2135 3300 2191 Hanc
3330 2138 3608 2192 homiliam

340 2227 588 2279 ediderat
616 2224 853 2279 Iacobus
885 2223 1176 2279 Gretscrus
1223 2238 1345 2278 cum
1395 2221 1669 2277 Francisci
1704 2222 1959 2277 Turriaui
2008 2226 2258 2279 vcrsione
2292 2223 2344 2276 in
2374 2235 2520 2277 tomo
2558 2222 2601 2276 II
2652 2222 2727 2276 De
2760 2238 2934 2288 cruce,
2967 2239 3089 2294 pag.
3140 2225 3262 2279 124.
3315 2224 3607 2295 lngolstad.

342 2312 516 2378 1600,
555 2314 605 2367 4.

410 2402 463 2455 ι.
493 2402 589 2464 Εἰς
618 2402 716 2471 τὴν
755 2401 1006 2470 ’Ύψωσιν
1053 2402 1146 2454 τοῦ
1196 2402 1381 2472 τιμίου
1434 2402 1528 2455 καὶ
1579 2400 1849 2466 ζωοποιοῦ
1906 2420 1913 2449 4

2017 2400 2166 2471 υροῦ.
2225 2398 2292 2453 In
2341 2399 2739 2454 Exaltatiouem
2777 2399 3023 2467 pretiosa:
3062 2410 3111 2453 et
3159 2400 3374 2468 rivi/ica:
3415 2405 3611 2461 crucis.

337 2488 576 2558 Incipit:
622 2490 766 2559 ’0ρῶ
806 2492 1054 2560 σήμερον
1091 2491 1186 2544 τοῦ
1232 2491 1472 2561 μεγάλου
1504 2490 1661 2544 τοῦδε
1694 2489 1846 2547 ναοῦ.
1882 2487 1913 2540 P

2051 2490 2137 2543 16.
2176 2487 2327 2542 Ilanc
2351 2502 2570 2556 quoque
2609 2486 2888 2542 liomiliant
2918 2502 3040 2540 cum
3073 2486 3326 2541 Turriani
3364 2491 3612 2546 versione

335 2578 711 2646 publicaverat
740 2578 1056 2643 Gretserus,
1097 2589 1227 2634 tom.
1259 2579 1302 2632 ll
1337 2579 1413 2632 De
1448 2596 1622 2642 cruce,
1649 2594 1770 2647 pag.
1804 2578 1927 2633 155.
1966 2577 2161 2631 Eadem
2198 2592 2319 2631 cum
2370 2574 2653 2644 superiore
2706 2572 2903 2644 legitur
2935 2572 3130 2630 Latine
3164 2576 3215 2629 in
3261 2576 3613 2634 BibliOIhecis

334 2663 557 2720 Patrum
594 2667 988 2721 recentioribus
1019 2666 1216 2731 I’aris.,
1242 2668 1431 2723 Colon.
1468 2677 1521 2721 et
1554 2666 1724 2736 Lugd.

406 2778 460 2831 5.
495 2778 592 2830 Ἐκ
621 2776 715 2831 τοῦ
745 2780 885 2832 κατὰ
917 2781 1154 2845 Λουκᾶν,
1189 2781 1440 2853 κυριακῇ
1467 2781 1680 2853 πρώτῃ,
1714 2783 1793 2844 εἰς
1817 2779 1901 2846 τὸ,

2017 2778 2188 2842 Estis;
2212 2780 2241 2831 ὁ
2276 2777 2487 2848 Ἰησοῦς
2511 2776 2687 2846 παρά,
2723 2793 2741 2827 ι
2768 2786 2874 2831 etc.
2919 2775 3008 2829 Ea:
3046 2775 3204 2832 Lacte
3242 2793 3293 2843 ν,
3338 2778 3390 2832 2.
3425 2778 3612 2833 Domi—-

332 2866 451 2919 nica
477 2867 646 2933 prima
668 2867 721 2919 in
741 2866 874 2919 illud
902 2884 921 2921 :
945 2885 963 2918 ι
987 2866 1147 2922 Stans
1164 2869 1318 2922 Jesus
1347 2872 1631 2923 secundum
1650 2880 1892 2939 stagnum

2017 2866 2289 2921 tesareth.»
2328 2866 2518 2933 Incipit
2548 2882 2562 2917 :
2601 2863 2938 2935 Ἐπειδήπερ
2955 2864 3131 2936 ἀρχὴν
3152 2865 3392 2937 εἰλήφει,
3422 2866 3484 2921 Ρ.
3514 2870 3608 2923 27.

338 2957 394 3008 In
438 2956 599 3023 hujus
632 2956 866 3009 homiliac
901 2957 1126 3010 exordio
1158 2966 1344 3011 narrat
1379 2956 1763 3027 Theophanes,
1796 2966 1982 3022 patres
2018 2956 2176 3026 longo
2207 2972 2305 3009 usu
2340 2954 2668 3017 instituisse,
2709 2962 2767 3007 ut
2810 2955 2863 3006 in
2907 2954 3136 3009 ecclesia
3179 2952 3405 3010 Joannis
3440 2971 3611 3012 evan-

331 3043 539 3114 gelium
585 3042 855 3112 legeretur
886 3060 913 3096 a
960 3042 1099 3098 festo
1144 3042 1442 3099 Paschatos
1478 3060 1649 3115 usque
1688 3046 1754 3099 ad
1787 3043 2184 3107 Pentecosteu;
2216 3041 2505 3096 Matthaeus
2530 3057 2556 3093 a
2592 3041 2917 3095 Pentecoste
2949 3041 3012 3094 ad
3041 3041 3169 3095 anui
3204 3056 3377 3110 usque
3409 3043 3608 3113 linem;

332 3130 597 3200 deinceps
628 3147 657 3184 a
694 3144 886 3200 magno
914 3129 1059 3185 Luca
1089 3133 1155 3186 de
1193 3133 1403 3202 magnis
1441 3134 1719 3204 mysteriis
1763 3134 2125 3188 edocerentur
2155 3129 2475 3191 Christiani,
2523 3128 2711 3181 divino
2751 3141 3000 3195 praecone
3048 3127 3229 3183 Marco
3274 3129 3608 3199 jejuniorum

330 3219 567 3287 tempori
604 3220 812 3273 relicto.
863 3218 1028 3273 Faun.
1065 3250 1134 3259 —
1168 3220 1328 3275 Conl.
1360 3222 1482 3276 cod.
1518 3220 1713 3275 Bavar.
1752 3220 1855 3274 216
1889 3233 1942 3276 et
1985 3220 2053 3276 cl.
2104 3218 2274 3275 Hardt
2319 3220 2372 3274 in
2415 3218 2621 3273 Aretini
2654 3216 2864 3288 Beytr.,
2907 3227 3038 3283 οἱα,
3094 3234 3144 3274 a.
3178 3220 3336 3287 1705,
3371 3229 3515 3293 part.
3550 3225 3605 3289 5,

329 3323 385 3376 ρ.
416 3307 525 3381 268
553 3322 670 3376 seq.
705 3307 875 3361 IIARL.

401 3395 457 3449 6.
494 3397 627 3467 Περὶ
661 3396 755 3448 τοῦ
787 3395 905 3450 υἱοῦ
940 3398 1040 3466 τῆς
1072 3399 1266 3469 χήρας.
1299 3397 1373 3452 De
1403 3399 1515 3467 [ilio
1546 3400 1740 3453 viduae.
1776 3399 1907 3455 Luc.

2017 3417 2041 3454 ;.
2077 3399 2270 3469 Incipit
2298 3414 2311 3451 :
2356 3398 2559 3469 ’Ἄλλην
2596 3397 2860 3451 ὑπόθεσιν
2889 3398 3246 3469 ὡρμημένος.
3276 3398 3338 3453 Ρ.
3372 3403 3463 3457 51.

408 3483 462 3538 7.
499 3486 634 3554 Περὶ
664 3485 761 3551 τῆς
794 3485 1118 3556 παραϐολῆς
1147 3486 1243 3540 τοῦ
1275 3487 1501 3557 σπόρου.
1547 3486 1626 3541 De
1656 3486 1913 3554 parabolu

2017 3489 2218 3543 mentis.
2271 3486 2400 3543 Luc.
2450 3502 2569 3541 νιιι.
2613 3487 2849 3557 Incipit:
2884 3487 2949 3541 Οί
2988 3488 3089 3550 τὰς
3142 3489 3360 3558 μακρὰς
3397 3492 3605 3563 ἀποδη..

327 3574 486 3645 μίας.
528 3574 656 3644 Pag.
688 3574 775 3629 59.

402 3662 458 3715 8.
492 3663 628 3734 Περὶ
652 3661 743 3715 τοῦ
769 3663 1031 3716 πλουσίου
1052 3664 1147 3717 καὶ
1178 3663 1455 3736 Λαζάρου.
1488 3664 1562 3718 De
1590 3666 1747 3719 divite
1774 3674 1822 3718 et
1854 3664 1913 3717 Lt

2017 3682 2079 3718 'o.
2105 3665 2238 3720 Luc.
2269 3680 2380 3718 xw.
2413 3663 2605 3732 Incipit
2633 3680 2647 3717 :
2688 3662 2855 3716 Πάλιν
2883 3665 2915 3733 ἡ
2948 3666 3042 3716 τοῦ
3068 3664 3205 3717 Θεοῦ
3232 3668 3604 3733 ὲνυπόστατος

329 3750 520 3819 σοφία..
567 3753 633 3804 Ρ.
677 3752 769 3806 46.

400 3839 453 3891 9.
494 3839 631 3908 Περὶ
664 3840 779 3903 τοῦ,
818 3859 838 3892 ι
881 3839 1122 3894 Ἐλθόντι
1153 3840 1233 3911 τῷ
1260 3842 1437 3909 Ἰησοῦ
1474 3844 1555 3905 εἰς
1582 3841 1683 3913 τὴν
1715 3841 1913 3912 χώραν.

2018 3841 2072 3895 In
2108 3842 2241 3895 Luc.
2274 3855 2389 3905 vm,
2421 3838 2491 3893 26
2522 3853 2664 3908 seq.,
2701 3856 2721 3889 ι
2756 3838 2889 3893 Cum
2913 3840 3133 3893 venisset
3161 3839 3318 3895 Jesus
3346 3843 3401 3895 in
3430 3848 3603 3914 regio-

324 3942 450 3978 nem
491 3924 914 3982 Cadarenorum.
950 3948 969 3979 ι
1000 3927 1190 3998 Incipit
1223 3946 1236 3981 :
1281 3930 1503 3998 Ἐπέχει
1545 3946 1650 3999 μου
1683 3930 1780 4000 τὴν
1812 3929 1913 3998 γλᾶ

2017 3947 2069 3982 ιν
2099 3932 2131 3999 ὴ
2165 3930 2319 3990 νόσος
2347 3927 2443 3980 τοῦ
2477 3927 2749 3997 σώματος.
2780 3927 3029 3997 Pag.55.

403 4015 493 4065 10.
536 4015 672 4082 Περὶ
704 4016 800 4084 τῆς
831 4016 1099 4086 Θυγατρὸς
1122 4015 1216 4068 τοῦ
1252 4016 1711 4086 ἀρχισυναγώγου
1738 4020 1830 4070 καὶ
1863 4036 1913 4071 πε

2024 4017 2125 4087 τῆς
2154 4014 2582 4088 αίμορῤοούσης.
2616 4014 2691 4069 De
2723 4015 3129 4086 archisynagogi
3162 4017 3277 4085 ﬁlia
3303 4026 3351 4074 el
3377 4021 3604 4074 baiulor-

319 4102 558 4156 rltoissa.
580 4103 711 4158 Luc.
745 4120 859 4171 VIII,
894 4106 981 4158 41.
1020 4106 1252 4174 Incipit:
1293 4105 1501 4175 Διπλῆν
1536 4108 1667 4176 ἡμῖν
1699 4108 1913 4177 σήμερο

2017 4105 2063 4159 Ρ.
2094 4104 2183 4159 57.

405 4191 495 4243 1|.
533 4192 668 4262 Περὶ
700 4191 792 4244 τοῦ
825 4194 1212 4263 ἐρωτήσαντος
1244 4196 1337 4245 τὸν
1366 4194 1573 4264 Κύριον
1598 4194 1827 4262 νομικοῦ
1868 4195 1959 4247 καὶ
1998 4194 2125 4264 περὶ
2166 4191 2262 4245 τοῦ
2292 4191 2628 4261 ἐμπεσόντος
2658 4191 2739 4252 εἰς
2764 4192 2892 4254 τοὺς
2918 4191 3138 4264 λῃστάς.
3183 4194 3263 4249 De
3308 4195 3603 4267 legisperilo

318 4280 689 4348 interrogante
715 4279 1019 4345 Dominum,
1047 4290 1093 4334 et
1124 4282 1187 4333 de
1212 4297 1271 4333 eo
1299 4282 1389 4350 qui
1409 4283 1597 4335 incidit
1628 4284 1680 4335 in
1706 4282 1912 4336 latrone

2017 4298 2123 4335 .uc.
2151 4297 2205 4334 Χ.
2246 4279 2437 4348 Incipit
2461 4296 2476 4333 :
2501 4279 2576 4333 Οὐ
2602 4276 2869 4331 τοσοῦτον
2898 4281 3196 4352 αὐχμώδης
3221 4283 3317 4351 γῆ.
3345 4282 3475 4352 Pag.
3509 4285 3603 4340 65.

408 4373 497 4426 1‘2.
533 4372 668 4439 Περὶ
696 4373 795 4443 τῆς
832 4373 1065 4443 ἐχούσης
1091 4373 1308 4443 πνεῦμα
1346 4374 1660 4437 ἀσθενείας.
1695 4376 1770 4429 De
1802 4376 1910 4429 mul

2049 4390 2167 4445 qua:
2207 4374 2429 4429 habebat
2477 4374 2720 4442 spiritum
2768 4373 3118 4442 inﬁrmitatis.
3170 4376 3301 4431 Luc.
3352 4394 3463 4444 xm,
3510 4380 3601 4435 1l.

318 4460 528 4527 Incipit
559 4477 573 4512 :
602 4462 662 4513 Οί
692 4461 933 4531 κηφῆνες
962 4457 1105 4525 εἶδός
1141 4465 1256 4515 ἐστι
1290 4462 1583 4531 μελισσῶν.
1613 4463 1740 4531 Pag.
1768 4463 1855 4518 69.

410 4550 496 4603 15.
532 4549 669 4619 Περὶ
701 4550 801 4619 τῆς
830 4550 1150 4622 παραϐολῆς
1176 4550 1272 4602 τοῦ
1298 4550 1539 4604 δείπνου.
1562 4550 1636 4605 De
1652 4552 1909 4619 parabola

2017 4566 2111 4605 me.
2146 4548 2278 4605 Luc.
2301 4564 2407 4605 xtv.
2434 4548 2625 4618 Incipit
2648 4567 2661 4603 :
2682 4549 2963 4602 Μυστικὸν
2998 4552 3134 4621 ἡμῖν
3163 4550 3401 4608 δεῖπνον.
3422 4554 3483 4608 Ρ.
3506 4556 3598 4609 76.

404 4637 493 4690 14.
526 4638 782 4708 κυριακῇ
817 4638 923 4706 πρὸ
949 4637 1050 4706 τῆς
1086 4637 1329 4707 Χριστοῦ
1362 4640 1692 4707 γεννήσεως.
1732 4638 1913 4692 Domiti

2038 4651 2161 4693 ante
2198 4638 2392 4692 Christi
2421 4639 2750 4692 nativitatem
2787 4638 2843 4692 in
2870 4638 3025 4704 illud,
3069 4640 3262 4695 Matth.
3286 4658 3323 4705 ι,
3354 4641 3372 4693 1
3407 4642 3603 4698 :Liber

317 4726 682 4793 generationis
715 4724 842 4778 Jesu
874 4722 1075 4779 Christi
1106 4725 1210 4791 ﬁlii
1247 4726 1434 4778 David.
1464 4725 1695 4794 Incipit:
1733 4725 1839 4778 Τοῦ
1867 4726 1913 4795 μὶ

2017 4725 2252 4797 noema
2277 4725 2456 4796 ήλίου.
2488 4723 2618 4795 Pag.
2651 4726 2741 4780 81.

406 4811 493 4867 15.
527 4813 662 4883 Περὶ
688 4811 781 4865 τοῦ
800 4811 1167 4883 ἀρχιτελώνου
1195 4814 1489 4883 Ζακχαίου.
1527 4814 1600 4866 De
1616 4811 1893 4878 Zacclta‘o,

2017 4817 2148 4882 τεῖρε
2170 4813 2591 4881 publicanorum.
2616 4812 2746 4866 Luc.
2775 4829 2886 4867 χιι.
2915 4812 3111 4885 Incipit
3138 4830 3153 4868 :
3183 4815 3295 4885 Τῆς
3325 4820 3600 4887 μυστικῆς

320 4900 554 4968 ἐκείνης
594 4900 691 4953 καὶ
724 4900 875 4963 Θείας
907 4900 1204 4970 κλίμακος.
1240 4899 1367 4970 Pag.
1404 4901 1493 4953 87.

407 5076 485 5148 (ὁ)
520 5076 679 5153 Quid.
714 5079 910 5153 Oudin.
947 5078 985 5132 I.
1022 5088 1197 5153 C..__et
1250 5079 1506 5153 LttlllIlCC.
1542 5079 1604 5145 V,
1644 5098 1765 5153 pag.
1815 5081 1917 5135 12‘2

407 5082 485 5148 (b)
520 5082 679 5131 Coni.
714 5082 910 5134 Oudin.
947 5082 985 5132 I.
1022 5092 1097 5139 c..
1144 5088 1197 5136 et
1250 5082 1506 5134 Lambcc.
1542 5082 1604 5145 V,
1644 5098 1765 5153 pag.
1815 5082 1917 5135 122
2017 5089 2108 5150 gat
2142 5082 2338 5135 sa‘culo
2368 5082 2690 5137 duodecimo
2730 5083 2830 5137 sub
2878 5083 3132 5154 Rogerio,
3188 5104 3313 5158 rcge
3374 5092 3596 5156 Siciliae.

316 5163 465 5216 seqq
520 5146 750 5211 Eallan,
783 5152 869 5204 ubi
902 5166 931 5203 a
965 5166 1020 5219 p.
1054 5149 1156 5201 117
1182 5152 1301 5203 cod.
1326 5150 1434 5204 228
1472 5164 1736 5217 recenset,
1767 5169 1915 5207 com-
2015 5154 2105 5218 qui
2137 5167 2190 5204 a.
2225 5151 2289 5205 (Ζ.
2326 5152 2468 5206 1152
2496 5152 2630 5206 obiit
2659 5152 2818 5219 (teste
2858 5154 3089 5210 Baronio
3143 5159 3193 5211 in
3238 5162 3435 5215 Annal.
3466 5174 3596 5219 ecct.

2015 5154 2190 5218 quia.
2225 5151 2289 5205 c.
2326 5152 2468 5206 “se
2496 5152 2630 5206 obiit
2659 5152 2818 5221 (tesle
2858 5151 3089 5210 nat-ante
3143 5159 3193 5211 in
3238 5151 3435 5215 Ᾱηηαι.
3466 5151 3597 5222 eccl.

314 5219 657 5290 plet-tentem
718 5220 931 5288 triginta
992 5234 1086 5273 sex
1140 5221 1389 5273 homilins
1443 5220 1794 5290 Theophanis
1864 5226 1915 5273 in

317 5287 613 5355 evangelia
658 5287 1011 5343 Dominicalia
1054 5300 1108 5343 et
1138 5290 1272 5344 lcsla
1314 5287 1706 5345 anniversaria.
1752 5292 1918 5346 Lam-

315 5360 453 5431 bec.
497 5370 784 5431 postquam
839 5362 1144 5431 adnotaral,
1197 5364 1424 5427 primam
1475 5362 1526 5413 in
1587 5364 1913 5431 principium

312 5430 456 5481 novi
494 5430 620 5504 anni
672 5430 917 5504 inscribi,
968 5430 1274 5504 ιῆρηγορίου
1311 5433 1416 5504 τοῦ
1462 5430 1777 5502 Κερ>μέως⁷
1807 5451 1913 5504 μη-

308 5516 343 5551 τ
362 5499 659 5572 ροπολίτου
687 5498 1077 5572 Ταυρομενίας
1105 5506 1203 5570 τῆς
1236 5502 1506 5567 Σικελίας,
1542 5498 1749 5572 ὁμιλία,
1779 5498 1910 5563 εἰσί,

310 5581 373 5622 et
438 5571 621 5623 Scorsi
682 5570 987 5639 longiorem
1045 5574 1110 5625 de
1168 5573 1367 5638 duplici
1412 5570 1651 5626 aucturis
1698 5574 1915 5628 nomine

313 5639 663 5713 reddiderat,
697 5641 1117 5713 addideratque,
1145 5642 1417 5713 ingGrazco
1458 5644 1645 5697 codice
1676 5648 1912 5713 quodam

311 5710 605 5773 (ἔπεια-ρο,
638 5713 728 5779 qui
763 5726 914 5763 varia
945 5709 1160 5781 Georgii
1195 5711 1409 5781 Ca‘lylne
1467 5709 1722 5782 npttscula
1773 5715 1913 5768 idio-

312 5783 540 5846 grapha
599 5782 867 5844 continet,
927 5783 1082 5834 citari
1135 5783 1422 5850 Georgium
1467 5785 1804 5848 Ceratneum,
1838 5794 1912 5847 et,

314 5862 536 5907 inuitata
571 5852 805 5921 pristina
840 5853 1135 5917 sententia,
1176 5850 1523 5922 Theophanis
1552 5864 1763 5908 (etatem
1798 5855 1915 5908 alli-

2019 5233 2151 5275 tom.
2180 5222 2386 5296 7Xll,_a.
2416 5222 2575 5296 “52,
2604 5239 2666 5296 η.
2692 5222 2803 5292 1-1),
2836 5227 3111 5296 observat,
3142 5234 3358 5296 quando
3391 5234 3443 5286 in
3472 5240 3595 5290 cod.

2018 5295 2283 5367 reperitur
2317 5292 3077 5367 inscriptioGraeco-barbara
3112 5292 3343 5355 humilius
3369 5318 3516 5367 xm,
3545 5307 3595 5359 in

2019 5361 2211 5415 festum
2239 5362 2545 5415 Palinurum
2584 5363 2747 5443 dicm,
2782 5363 3018 5443 ἐνώπιον
3044 5366 3344 5443 τρ-ῦ-ρηγὸς
3382 5361 3593 5443 Ῥόγου,

2020 5447 2213 5507 nomen
2241 5449 2334 5501 per
2364 5434 2743 5507 corripendium
2770 5437 3032 5505 scriptum
3073 5434 3290 5507 Ῥόγου,
3317 5443 3454 5494 idem
3475 5434 3595 5497 esse

2016 5515 2177 5581 atque
2201 5502 2466 5581 integrum
2506 5504 2806 5573 Ῥογερίου,
2836 5502 3243 5581 et:_\'ocabttltim
3272 5502 3375 5581 ρὴξ
3406 5510 3595 5566 Gratcn

2016 5572 2249 5645 barbare
2294 5575 2435 5645 idem
2471 5590 2595 5628 esse
2635 5572 2698 5628 ac
2731 5590 2845 5630 rex.
2880 5576 3121 5645 Denique
3155 5572 3371 5634 multus
3398 5592 3482 5635 est
3528 5585 3596 5637 de

2018 5657 2140 5712 rege
2170 5642 2425 5711 Rogcrio,
2455 5655 2510 5697 et
2548 5646 2857 5713 suspicatur
2912 5642 3211 5701 orationem
3258 5651 3401 5704 illam
3436 5653 3594 5707 habi-

2016 5722 2121 5785 tam
2154 5713 2412 5785 luisset}.
2466 5713 2596 5769 Chr.
2654 5714 2812 5769 1140.
2857 5715 2994 5771 Add.
3028 5716 3231 5771 Kollar.
3270 5731 3382 5774 not.
3417 5724 3482 5785 Α,
3529 5726 3595 5777 ad

2015 5782 2269 5856 Lambcc.
2317 5784 2585 5856 IV,_7pag.
2624 5787 2685 5840 41
2742 5801 2890 5856 scqq.
2937 5790 3003 5843 de
3055 5800 3214 5844 aetate
3262 5801 3317 5844 ct
3372 5782 3593 5848 nurnine

2014 5854 2379 5922 'I‘heophun'ts.
2425 5853 2595 5908 HtttL.
2749 5866 2758 5879 '
