4122 6410
386 430 449 491 Π
1590 440 1901 502 NOTITIA
1944 441 2049 501 EX
2087 442 2466 503 FABRICIO.
3601 440 3663 502 18

383 544 541 614 ἁγίου
575 547 1082 621 μγαλομάρτυρος
1109 554 1453 626 Δημητρίου.
1490 554 1649 610 Dicta
1679 566 1755 611 est
1783 558 1837 612 in
1856 556 1992 626 festo

2030 557 2197 627 uagni
2236 560 2488 630 martyris
2519 558 2769 615 Demetrii
2810 560 2866 631 (8
2900 557 3175 628 Octobr.).
3216 557 3431 627 Incipit,
3466 558 3658 627 Διττῆς

381 637 710 704 προφάσεως
740 636 1003 707 σήμερον.
1044 638 1171 709 Pag.
1200 641 1330 696 32L

456 723 541 777 67.
577 723 673 785 El;
699 724 803 795 τὴν
830 727 1139 798 ἀποστολὴν
1164 730 1276 783 τῶν
1305 729 1516 786 δώδεκα
1562 731 1846 803 μαθητῶν.
1895 730 1971 786 De
2007 731 2084 784 mi.

2028 731 2257 785 nissione
2290 729 2567 785 duodecim
2598 731 3005 795 discipulorum,
3069 730 3260 785 Matth.
3301 746 3353 784 κ.
3402 733 3466 785 1η
3521 730 3656 800 festo

381 810 486 866 SS.
534 812 935 885 Anarggrorum
980 816 1187 872 Cosnue
1222 827 1272 873 et
1317 818 1568 874 Damiani
1595 822 1686 887 (I7
1714 820 1986 888 Octobr.).

2044 818 2256 885 Incipit,
2291 817 2531 871 Εὑκαλεῐ
2580 818 2680 887 μὲν
2716 820 2888 889 ἡμᾶς,
2930 813 2975 872 ὦ
3003 820 3302 888 φιλέορτοι.
3359 817 3491 888 Pag.
3524 818 3653 872 594.

380 896 551 952 FABR.
580 928 650 940 -—
682 900 741 955 In
769 903 892 958 cod.
942 902 1254 973 Mosquensi
1285 907 1392 961 27A
1448 910 1539 979 (de
1565 923 1674 979 quo
1702 908 1917 978 postea)
1953 924 2008 961 n.

2041 907 2130 972 IG,
2173 907 2372 977 legitur
2406 925 2419 961 :
2452 906 2995 972 -Ἀναγινὼσκεται
3021 909 3085 977 τῇ
3122 906 3318 978 πρώτῃ
3350 906 3445 958 τοῦ
3474 906 3655 974 Νοεμ-

377 985 562 1056 6ριόυ,
592 986 704 1039 τῶν
730 989 906 1057 ἁγίων
938 991 1315 1064 Ἀναργύρων.
1353 996 1631 1065 Συγκαλεῑ
1655 996 1757 1067 μὲν
1785 997 1936 1067 ἡμᾶς
1966 1013 2005 1048 σ·

2024 998 2214 1068 ᾕμερον
2252 1011 2265 1025 ·
2306 1004 2471 1065 alque
2522 994 2757 1048 Matthari
2802 995 2854 1048 in
2893 993 3094 1048 Notitia
3130 995 3287 1049 codd.
3323 993 3418 1049 Gr.
3454 992 3652 1061 Mosq.,

382 1090 439 1141 p.
477 1074 602 1138 I75,
629 1076 682 1129 in
709 1087 824 1132 not.
848 1088 889 1145 t,
923 1091 1044 1147 post
1072 1081 1517 1148 ἀναγινώσκεται
1546 1085 1697 1139 malit
1729 1084 2010 1151 interpnne

2023 1099 2102 1148 re,
2132 1083 2191 1137 δὲ
2222 1083 2341 1136 καί.
2379 1100 2398 1134 ι
2441 1081 2532 1136 Bis
2559 1082 2727 1145 enim,
2752 1082 2851 1144 ait,
2880 1081 2996 1136 lucc
3034 1082 3285 1149 pericopa
3329 1081 3384 1135 in
3416 1081 3650 1136 ecclesia

378 1162 710 1236 explicatur,
736 1166 789 1219 in
824 1182 902 1222 xu
929 1170 1207 1235 apostolos
1229 1180 1277 1225 et
1313 1172 1367 1226 in
1397 1172 1503 1227 SS.
1531 1174 1863 1243 Auargyros.
1897 1170 2032 1228 Vide
2053 1172 2352 1227 secundam
2385 1170 2799 1239 Evangeliornm
2830 1169 3124 1225 editionem
3151 1184 3325 1223 meam
3356 1170 3422 1223 ad
3456 1167 3651 1223 Matth.

376 1266 437 1313 ι,
470 1251 521 1305 l;
557 1253 915 1322 TheOphancs
946 1256 1085 1311 hanc
1111 1258 1387 1313 homiliam
1416 1262 1554 1316 dixit
1575 1263 1754 1331 primo
1784 1260 2128 1322 Novembris,
2159 1260 2210 1312 in
2242 1274 2349 1329 qua
2381 1257 2611 1312 lectione
2634 1258 2960 1312 omittuntur
2998 1272 3192 1314 versus
3220 1258 3255 1311 2
3279 1296 3294 1320 ,
3330 1258 3364 1312 5
3398 1266 3455 1313 et
3478 1260 3548 1324 4,
3586 1267 3646 1312 ιιι

376 1336 498 1405 ipso
532 1338 583 1392 in
615 1339 716 1393 hac
748 1343 966 1397 homilia
998 1356 1183 1401 monet
1213 1362 1266 1417 p.
1294 1347 1401 1403 526
1437 1347 1487 1402 b.
1530 1366 1551 1401 ι
1591 1348 1867 1404 llactenus
1898 1347 2001 1403 cel.
2038 1344 2299 1400 Matthxi.
2332 1345 2511 1400 Hann.
3580 1354 3585 1357 '

453 1425 545 1480 I8.
584 1428 677 1491 Εἰς
707 1428 807 1498 τὴν
838 1432 1149 1503 ἀποστολὴν
1178 1436 1289 1488 τῶν
1313 1436 1698 1507 ἑϐδομήκοντα
1732 1435 2020 1507 μαθητῶν.
2058 1435 2081 1488 I

2017 1477 2020 1489 .
2058 1435 2135 1488 De
2167 1436 2414 1489 missione
2445 1435 2778 1500 septuaginta
2820 1432 3227 1498 discipulorum,
3270 1430 3400 1484 an.
3439 1447 3495 1492 ι,
3554 1432 3645 1485 l6.

386 1511 618 1584 Ἓλέχθη
647 1517 704 1568 ὲν
729 1520 793 1587 τῇ
826 1519 985 1589 ἑορτῇ
1022 1521 1119 1575 τοῦ
1142 1524 1611 1594 ἀρχιστρατήγου.
1639 1526 1793 1579 Dicta
1815 1533 1894 1580 est
1917 1526 1969 1577 in
1994 1523 2014 1594 1

2018 1523 2128 1579 'esto
2150 1522 2404 1593 principis
2426 1520 2648 1576 calatis
2669 1521 2877 1575 militia
2908 1518 2969 1576 8.
3000 1518 3279 1574 Michaelis
3313 1518 3405 1589 (ΞΕ)
3446 1520 3646 1589 Sept.).

375 1600 598 1669 Incipit,
642 1605 703 1657 Ol
749 1608 848 1675 μὲν
878 1609 1129 1680 αἰσθητοὶ
1150 1610 1439 1681 λειμῶνες.
1471 1613 1601 1680 Ριιιζ.
1630 1615 1756 1670 529.

448 1690 540 1744 49.
572 1693 667 1755 Εἰς
689 1696 772 1756 τὸ,
814 1713 833 1746 t
857 1696 1169 1768 Ἠθέλησεν.
1206 1718 1224 1752 ›
1260 1698 1327 1754 In
1359 1700 1455 1754 illa
1485 1702 1640 1755 verba
1669 1700 1825 1755 Joan.
1853 1717 1892 1763 ι,
1922 1701 2010 1756 45.
2046 1718 2065 1752 ι

2046 1718 2065 1752 ι
2084 1699 2264 1755 Voluit
2290 1696 2449 1752 Iesus
2465 1698 2609 1751 exire
2638 1696 2695 1749 in
2724 1694 3024 1751 Galilaeam.
3048 1714 3067 1748 ι
3098 1695 3562 1765 ’Δναγινώσκεται
3592 1698 3651 1750 ὲν

371 1776 444 1843 τῇ
485 1776 651 1849 ἑορτῇ
684 1779 781 1834 τοῦ
822 1782 981 1849 ἁγίου
1020 1785 1313 1841 Φιλίππου.
1348 1786 1571 1857 Legitur
1605 1790 1661 1843 in
1688 1789 1823 1857 festo
1850 1788 1911 1844 8.
1946 1788 1999 1843 Ρη

2024 1788 2186 1859 τίιίρρὶ
2213 1787 2261 1858 (ι
2308 1785 2485 1856 Maii).
2524 1782 2739 1855 Incipit,
2779 1785 2855 1839 Ού
2884 1785 3047 1857 μόνον
3075 1784 3508 1856 περιπολοῦντες
3544 1802 3652 1839 σω-

375 1865 650 1933 ματικῶς.
696 1866 825 1939 Pag.
843 1870 970 1927 3’56.

451 1953 542 2009 50.
586 1954 679 2019 Εἰς
700 1956 785 2022 τὸ,
818 1976 835 2009 ι
887 1959 1194 2029 Ἐστήκειό
1228 1964 1504 2034 Ἰωάννης.
1548 1984 1568 2016 s
1628 1964 1694 2019 In
1732 1966 1829 2021 illa
1887 1967 2041 2019 verba
2077 2003 2079 2012 ι

2018 1982 2041 2018 rt
2077 1962 2239 2019 Joan.
2276 1977 2319 2026 t,
2350 1963 2443 2025 55,
2470 1978 2492 2016 s
2537 1961 3007 2031 StabatZJoannes,
3038 1972 3091 2018 et
3132 1980 3197 2019 ex
3223 1964 3501 2033 discipulis
3532 1966 3646 2036 ejus

372 2044 505 2097 duo.
546 2061 565 2095 s
602 2044 831 2119 Ἐλέχθη
864 2050 922 2102 ἐν
944 2053 1008 2120 τῇ
1032 2053 1193 2122 ἑορτῇ
1225 2053 1321 2107 τοῦ
1356 2055 1516 2123 ἁγίου
1547 2056 1849 2109 ἀποστόλου
1878 2055 2000 2109 Ἀνδ

2021 2051 2159 2121 οὲου.
2197 2051 2348 2105 Dicta
2381 2062 2455 2105 est
2480 2052 2534 2106 in
2564 2051 2695 2120 festo
2725 2051 2787 2107 8.
2819 2051 3051 2123 apostoli
3092 2052 3320 2107 Andreae
3340 2052 3431 2123 (50
3461 2054 3649 2123 Non).

373 2130 594 2201 Incipit,
628 2133 782 2204 Ἐμοὶ
816 2137 919 2206 τῆς
947 2140 1237 2211 παρούσης
1268 2144 1464 2213 ἑορτῆς
1499 2146 1530 2215 ἡ
1561 2144 1823 2210 διάλεξις.
1853 2144 1984 2210 I‘ap.
2015 2142 2145 2196 542.

451 2219 539 2275 51.
588 2220 681 2285 Είς
708 2224 839 2288 τοὺς
874 2230 1284 2300 μακαρισμούς.
1319 2230 1385 2284 1η
1412 2232 1787 2296 beatitudines,
1818 2231 2007 2285 Matth.
2034 2247 2079 2285 ν.

2034 2247 2090 2285 v.
2120 2230 2348 2300 Ἐλέχθη
2376 2230 2434 2284 ἐν
2466 2232 2532 2300 τῇ
2572 2230 2766 2303 μνήμη
2790 2229 2882 2284 τοῦ
2910 2231 3061 2285 όσίου
3102 2233 3318 2303 Πατρός
3351 2234 3512 2304 ἡμῶν
3552 2232 3650 2287 Νι-

374 2307 606 2362 κολάου.
645 2311 800 2365 Dicta
831 2326 907 2367 est
942 2316 998 2368 in
1031 2318 1282 2371 memoria
1317 2318 1376 2374 8.
1416 2318 1598 2375 Patris
1641 2320 1809 2374 nostri
1845 2319 2002 2373 Nicol

2023 2319 2060 2370 ri
2092 2319 2181 2383 (ιϐ
2214 2318 2391 2387 Dcc.).
2419 2316 2631 2387 Incipit,
2683 2319 2807 2371 ’Ότι
2836 2319 2913 2386 (d)
2952 2319 3093 2389 πρὸς
3118 2320 3220 2388 τὴν
3264 2318 3462 2372 ἑαυτοῦ
3496 2319 3651 2372 θείαν

374 2396 553 2465 αὐλὴν
581 2399 608 2451 ό
632 2399 933 2471 Δεσπότης.
963 2400 1090 2471 Pag.
1118 2403 1244 2458 546.
1272 2404 1327 2457 In
1382 2404 1487 2460 hac
1520 2406 1905 2476 homilia,pag.
1934 2407 2000 2461 55

2024 2406 2061 2468 ),
2095 2406 2343 2475 Gregorii
2380 2406 2611 2475 Nysscni
2647 2406 2880 2461 homiliaa
2896 2416 3020 2461 octo
3049 2407 3102 2460 in
3128 2406 3494 2461 heatitudines
3532 2407 3652 2461 lau-

373 2484 583 2538 dantur
614 2485 699 2540 his
737 2487 917 2542 verbis
958 2509 969 2542 :
1006 2490 1079 2542 Τὸ
1113 2492 1215 2559 μὲν
1254 2491 1420 2561 βάθος
1450 2492 1551 2563 τῆς
1580 2482 1733 2563 ἱερᾶς
1768 2494 1975 2565 ταύτης

2022 2493 2365 2555 Βιδασκαλίας
2412 2493 2573 2561 μόνος
2606 2493 2719 2544 τῶν
2764 2492 2984 2545 πάντων
3022 2495 3240 2561 ἐπέγνω
3279 2494 3543 2548 κάλλιστά
3593 2512 3650 2548 τε

375 2572 477 2623 καὶ
538 2572 855 2645 ὑψηλότατα
904 2578 933 2628 ό
981 2579 1120 2631 κατὰ
1168 2580 1263 2631 τὸν
1313 2580 1489 2649 μέγαν
1526 2581 1734 2653 Μωσῆν
1772 2585 1852 2644 είς
1889 2582 1980 2635 τὸν
2012 2582 2213 2650 γνόφον
2252 2582 2349 2651 τῆς
2386 2579 2671 2647 θεολογίας
2700 2581 2883 2643 εἰσδὺς
2920 2583 2948 2634 ὁ
2996 2582 3290 2646 Νυσσαεὺς
3332 2583 3428 2634 καὶ
3476 2583 3653 2651 μέγας

376 2660 417 2710 Γ
424 2660 684 2731 ρηγόριος
714 2664 777 2714 ἐν
807 2663 1054 2734 ὁμιλίαις
1082 2666 1229 2720 ὀκτὼ
1264 2669 1325 2721 τὸ
1354 2669 1562 2739 ταύτης
1594 2670 1793 2732 κάλλος
1828 2670 2268 2741 ἐξηγησάμενος,
2294 2671 2388 2723 καὶ
2420 2670 2641 2734 ἐξέσται
2674 2670 2752 2739 τῷ
2792 2670 3105 2740 βουλομένῳ
3144 2671 3213 2724 τὰ
3234 2672 3334 2740 τῆς
3372 2672 3652 2741 πανσόφου

374 2747 600 2817 ἐκείνης
622 2749 810 2819 βίσλου
838 2753 1152 2822 ἀρύσασθαι
1184 2756 1405 2826 νάματα
1437 2759 1533 2811 καὶ
1564 2759 1738 2829 μέθην
1772 2758 2002 2827 μεθυσθί

2024 2776 2113 2813 ναι
2138 2758 2238 2821 τὴν
2266 2758 2547 2829 σώφρονα.
2578 2757 3013 2817 Profunditatent
3042 2759 3200 2829 hujus
3228 2760 3486 2814 doctrina:
3516 2777 3650 2815 unu:

375 2852 444 2887 ex
485 2837 722 2892 omnibus
763 2842 958 2907 optime
1004 2842 1371 2914 altissimeque
1416 2847 1679 2915 cognorit,
1725 2849 1815 2917 qui
1860 2848 2032 2901 instar
2067 2848 2245 2915 magni
2284 2846 2429 2899 illius
2461 2845 2624 2899 Mosis
2665 2848 2719 2899 in
2748 2846 3022 2915 theologia:
3057 2846 3333 2916 caliginem
3362 2848 3653 2916 penetravit

380 2920 662 2991 Nyssenus
691 2943 754 2980 ac
792 2945 1012 2998 magnus
1041 2927 1327 2999 Gregorius
1357 2934 1593 2987 homiliis
1621 2945 1757 2997 octo,
1790 2935 2050 3004 quidquid
2084 2934 2137 2989 in
2172 2937 2269 2989 hoc
2303 2934 2448 2989 dicto
2476 2935 2597 2987 boni
2634 2934 2942 3002 pulchrique
2973 2935 3296 3001 continetur,
3322 2935 3654 3005 explanavit;

373 3021 427 3063 et
462 3010 635 3065 licebit
658 3013 950 3084 cuicunque
978 3016 1208 3084 libuerit,
1233 3033 1299 3072 ea:
1322 3019 1415 3074 illo
1440 3020 1573 3073 libro
1596 3022 1740 3075 omni
1766 3023 2033 3089 sapientia
2061 3021 2393 3083 redundante
2424 3022 2656 3091 ﬂumina
2684 3022 2925 3087 haurire,
2960 3030 3008 3076 et
3033 3038 3167 3076 sana
3193 3038 3257 3075 ac
3291 3022 3467 3077 sobria
3489 3022 3654 3077 ebrie-

375 3108 490 3151 tate
517 3116 572 3152 se
593 3101 935 3171 ingurgitare.

457 3183 548 3238 52.
606 3188 702 3251 Εἰς
756 3189 826 3243 τὰ
876 3189 1011 3258 ἆγια
1070 3192 1282 3264 Νηπια.
1343 3193 1407 3248 1η
1429 3202 1639 3250 sanctos
1680 3195 1998 3265 .lnnocentes
2042 3200 2085 3270 (ἓ

2042 3199 2135 3270 (28
2187 3196 2368 3268 Dec.).
2426 3196 2661 3267 Incipit,
2715 3198 2842 3251 Ἐπὶ
2878 3198 2978 3269 τὴν
3034 3196 3190 3268 ἱερὰν
3237 3196 3481 3268 Βεθλεὲμ
3527 3196 3653 3267 ἄγει

381 3272 653 3343 σήμερον.
686 3274 814 3346 Pag.
847 3278 978 3333 555.

456 3361 549 3415 55.
608 3361 701 3427 Et;
733 3364 823 3418 τὸν
855 3366 1280 3439 Εὐαγγελισμὸν
1302 3372 1404 3439 τῆς
1428 3371 1736 3439 ὑπεραγίας
1771 3373 2055 3427 Θεοτόκου.

2027 3391 2055 3426 ι.
2101 3372 2168 3427 ln
2203 3373 2674 3427 Annuntiationem
2702 3374 3057 3429 sanctissima:
3098 3375 3194 3429 Dei
3243 3372 3529 3429 Genitricis
3560 3372 3655 3443 (’25

382 3447 601 3513 Mam).
626 3449 839 3522 Incipit,
870 3455 1122 3526 Σήμερον
1155 3459 1185 3527 ἡ
1221 3458 1525 3526 Ἐκκλησία
1558 3460 2010 3532 δᾳδουχεῖταιμυι

918 3455 1122 3526 ήμερον
1155 3459 1185 3527 ἡ
1221 3458 1525 3526 Ἐκκλησία
1558 3460 2223 3532 δᾳδουχεῖταιμυστικῶς.
2259 3461 2386 3529 Pag.
2423 3460 2546 3516 559.

458 3537 548 3591 54.
590 3541 681 3603 Είς
707 3541 789 3605 τὸ,
819 3561 837 3592 ‹
860 3544 1045 3596 Πάντα
1083 3562 1174 3613 μοι
1206 3545 1503 3617 παρεδόθη.
1526 3565 1544 3598 ι
1570 3545 1636 3600 In
1669 3548 1760 3600 illa
1781 3548 1929 3601 verba
1953 3547 2083 3603 Matt

2023 3552 2141 3604 ttth.
2178 3564 2253 3611 xt,
2282 3548 2377 3616 27,
2414 3568 2433 3601 ί
2458 3548 2649 3602 Omnia
2678 3549 2805 3603 mihi
2828 3550 3030 3603 tradita
3065 3560 3185 3603 sunt
3209 3566 3242 3603 a
3269 3548 3431 3605 Patre
3465 3565 3602 3604 meo.
3632 3566 3651 3599 s

378 3621 614 3697 Ἐλέχθη
636 3628 692 3680 δὲ
722 3629 780 3680 ὲν
802 3633 867 3700 τῇ
889 3633 1197 3703 πανηγύρει
1225 3633 1320 3686 τοῦ
1342 3634 1501 3701 ἁγίου
1517 3635 1862 3704 Ὀνουφρίου.
1888 3636 2005 3690 Dict

2028 3655 2043 3691 ι
2070 3647 2147 3692 est
2174 3638 2225 3690 in
2246 3638 2497 3707 panegyri
2526 3636 2583 3691 S.
2610 3636 2872 3705 Onuphrii
2902 3637 2950 3708 (ί
2974 3634 3151 3698 .1ιιη.).
3187 3636 3400 3708 Incipit,
3425 3638 3656 3691 Ἐπεστί

386 3729 485 3782 μοι
517 3713 820 3785 θαυμάσαι.
852 3720 982 3785 Pag.
1009 3721 1136 3776 365.

459 3800 551 3857 55.
595 3803 689 3867 El;
710 3806 793 3870 τὸ,
833 3824 853 3859 s
894 3807 1103 3861 Ἐλθὼν
1129 3809 1158 3861 ό
1192 3810 1458 3879 ’1ησοῦς.‹
1502 3808 1567 3863 1η
1593 3809 1687 3864 illa
1716 3808 1869 3864 verba
1895 3809 2087 3864 Matth.

2020 3810 2087 3864 LII.
2118 3826 2229 3873 xw,
2263 3811 2353 3877 I5,
2390 3831 2408 3863 ‹
2428 3809 2583 3865 Venit
2610 3810 2769 3867 Jesus
2798 3815 2853 3867 in
2880 3826 3053 3881 partes
3073 3815 3332 3869 Ca'sarea:
3360 3814 3611 3883 Philippi.
3632 3832 3648 3862 ι

380 3888 623 3960 ἐλέχθη
646 3892 705 3944 ὲν
730 3896 797 3964 τῇ
829 3895 992 3967 ἑορτῇ
1024 3896 1135 3950 τῶν
1164 3898 1339 3965 ἁγίων
1364 3898 1685 3952 ἀποστόλων
1719 3898 1929 3968 Πέτρου
1966 3916 2008 3952 κε

2028 3900 2061 3950 ι).
2111 3899 2347 3953 Παύλου.
2392 3899 2543 3954 Dicta
2570 3909 2646 3955 est
2676 3901 2731 3954 in
2773 3902 2907 3968 festo
2959 3901 3058 3957 SS.
3108 3902 3471 3964 apostolorum
3509 3901 3656 3955 Petri

382 3988 433 4029 et
473 3974 631 4031 Pauli
656 3979 745 4049 (29
780 3979 952 4052 Jun.).
985 3984 1521 4057 Ιιιεὶρίι,Συνήδομαί
1544 4004 1651 4052 σοι,
1684 3987 1864 4051 πόλις,
1889 3988 2010 4041 καις

2025 4005 2108 4053 τοι,
2134 3987 2245 4039 θεῖε
2268 3986 2376 4041 τῶν
2398 3988 2720 4060 ἀνακτόρων
2736 3990 2854 4045 vat.
2874 3988 3002 4061 Pag.
3024 3989 3148 4045 5'10.
3179 3990 3485 4059 Antequam
3512 3989 3653 4043 edita

385 4073 559 4129 esset,
583 4065 770 4121 citavit
797 4067 1101 4127 'I'nrrianus
1127 4084 1318 4129 contra
1346 4074 1967 4146 Magdeburgensespro
2002 4075 2304 4131 canonibus
2328 4085 2502 4145 apost.
2534 4091 2596 4140 ιι,
2631 4075 2685 4129 6.
3346 4114 3349 4117 λ

460 4152 551 4207 56.
590 4154 685 4219 Εἰς
720 4156 803 4221 τὸ,
835 4177 856 4209 ι
892 4159 1081 4214 Ταῦτα
1103 4162 1424 4233 ἐντέλλομαι
1453 4163 1607 4233 ὑμῖν.
1652 4181 1670 4215 ο
1701 4163 1767 4218 In
1799 4164 1893 4218 illa
1918 4167 2088 4229 verba1

2030 4181 2097 4229 va,
2130 4162 2287 4219 Joan.
2317 4179 2409 4229 xv,
2440 4162 2529 4228 12,
2567 4182 2586 4215 ‹
2626 4163 2752 4219 Haec
2774 4165 2969 4220 mando
2991 4165 3158 4221 vobis.
3187 4184 3207 4220 ι
3243 4164 3475 4237 Ἐλέχθη
3504 4165 3561 4219 ὲν
3590 4164 3658 4234 τῇ

391 4248 558 4317 ἑορτῇ
594 4248 692 4302 τοῦ
720 4250 878 4319 ἁγίου
906 4253 1240 4327 Προκοπίου.
1276 4258 1430 4313 Dicta
1457 4266 1535 4313 est
1566 4258 1620 4312 in
1652 4258 1785 4328 [esto
1810 4257 1870 4314 S.
1901 4258 2019 4314 Ρνω

2029 4257 2150 4327 :opii
2180 4257 2236 4330 (8
2266 4256 2428 4329 Jul.).
2462 4257 2683 4329 Incipit,
2726 4260 2838 4314 Καὶ
2863 4260 3165 4334 κιθαρῳδὸς
3194 4259 3336 4332 ἀνὴρ
3359 4258 3657 4323 ’πολλάκις.

391 4334 455 4388 Ρ.
489 4336 614 4391 578.

468 4424 559 4479 57.
620 4428 714 4491 Είς
758 4429 839 4497 τὸ,
879 4450 900 4484 ι
940 4432 1085 4503 Ἐγώ
1121 4434 1237 4505 είμι
1268 4436 1302 4507 ή
1340 4434 1501 4507 θύρα.
1552 4456 1570 4490 ›
1614 4434 1681 4491 1η
1713 4436 1805 4492 illa
1834 4436 2011 4503 verba,
2040 4436 2096 4491 Ι(

2040 4436 2206 4491 Joan.
2234 4451 2290 4500 Χ,
2315 4435 2369 4499 9,
2412 4453 2430 4487 t
2461 4434 2571 4507 Ego
2593 4453 2712 4492 sunt
2735 4438 2955 4493 ostium.
2992 4455 3011 4490 ι
3050 4436 3279 4507 Ἑλέχθη
3310 4437 3368 4490 ὲν
3401 4436 3467 4506 τῇ
3499 4436 3658 4505 ἑορτῇ

392 4512 492 4566 τοῦ
522 4515 679 4583 ἁγίου
714 4519 1091 4592 Παγκρατίου.
1130 4524 1281 4579 Dicta
1316 4536 1391 4579 est
1418 4526 1475 4579 in
1503 4526 1639 4593 festo
1669 4525 1729 4581 8.
1763 4525 2019 4580 Pancrati

2029 4526 2039 4578 ἰ
2070 4523 2549 4588 Tauromenitani,
2588 4534 2647 4581 ut
2668 4526 2842 4592 aiunt,
2877 4526 3145 4594 episcopi,
3170 4533 3226 4578 et
3256 4523 3401 4577 Petri
3429 4522 3657 4592 apostoli

396 4599 652 4673 discipuli
689 4608 771 4676 (ll
815 4608 971 4667 Jul.i.
1005 4611 1224 4682 Incipit,
1258 4614 1333 4667 Οὺ
1368 4614 1621 4677 κατόπιν,
1662 4615 1737 4678 ὡς
1765 4615 1969 4683 ὁλόγος
2000 4615 2024 4667 i‘

2031 4629 2232 4685 ικομεν.
2263 4608 2394 4680 Pag.
2434 4611 2566 4667 585.
2605 4613 2773 4668 Fam.
2810 4641 2880 4654 —
2916 4611 3302 4683 Fragmentum
3340 4610 3574 4664 homilire
3609 4610 3659 4661 in

398 4690 541 4743 testo
564 4693 649 4747 die
677 4691 736 4749 S.
770 4698 1048 4753 Pancratii
1087 4700 1227 4770 typis
1256 4702 1488 4769 exprimi
1520 4701 1649 4756 fecit
1675 4702 1933 4756 Octavius
1960 4701 2280 4770 Cajetanus,
2312 4700 2380 4755 ab
2428 4701 2738 4771 Augustino
2779 4700 3013 4768 Florito,
3043 4699 3102 4754 S.
3134 4697 3212 4766 J.,
3250 4696 3559 4753 traductum
3606 4697 3661 4751 in

408 4777 543 4832 Vitis
573 4780 674 4836 SS.
706 4782 1029 4849 Siculorum,
1063 4799 1195 4843 tom.
1228 4788 1267 4852 Ι,
1296 4804 1350 4859 p.
1373 4788 1459 4855 l0,
1486 4798 1624 4845 teste
1650 4788 1976 4859 Mougitore.
2011 4791 2191 4847 Ηλαι..

475 4867 568 4921 58.
631 4870 723 4934 Εἰς
748 4873 829 4936 τὸ,
871 4894 889 4927 s
930 4875 1067 4929 Ἰδοὺ
1102 4875 1236 4945 ὲγώ.
1270 4896 1290 4929 s
1329 4877 1391 4930 In
1423 4878 1516 4932 illa
1540 4880 1719 4941 verba,
1746 4878 1935 4933 Matth.
1974 4894 2028 4945 κ,
2056 4881 2103 4933 Il

2056 4881 2146 4947 I6,
2203 4901 2223 4934 ι
2269 4881 2403 4936 Ecce
2428 4896 2522 4950 ego
2553 4879 2700 4932 mitto
2728 4895 2839 4941 vos,
2875 4879 3009 4932 sicut
3036 4893 3153 4930 oves
3199 4877 3250 4929 in
3296 4875 3467 4927 medio
3512 4874 3664 4939 Ιιιρο⁴

403 4973 544 5013 tum.
586 4978 606 5011 s
643 4959 870 5035 Ἐὶέχθη
903 4966 962 5018 ὲν
985 4967 1151 5037 ἐορτῇ
1184 4966 1278 5021 τοῦ
1312 4968 1473 5037 ἁγίου
1515 4970 1797 5040 μάρτυρος
1826 4969 2031 5024 Παντελ

2036 4970 2298 5041 .εήμονος.
2349 4970 2506 5023 Dicta
2548 4978 2625 5022 est
2672 4968 2727 5021 in
2781 4967 2914 5035 [esto
2960 4966 3133 5019 sancti
3184 4962 3364 5032 magni
3411 4960 3664 5030 martyris

405 5045 825 5105 l’anteleemonis
862 5052 953 5123 (27
983 5051 1143 5124 Jul.).
1188 5054 1399 5125 Incipit,
1429 5057 1490 5110 Oi
1522 5057 1661 5127 πρὸς
1691 5056 1790 5126 τὴν
1815 5058 2033 5125 πάνδημ

1815 5058 2099 5125 πάνδημον
2128 5058 2336 5128 ταύτην
2362 5056 2745 5128 ἀθροισθέντες
2778 5054 3110 5125 πανήγυριν.
3155 5051 3283 5122 Pag.
3310 5049 3434 5105 592.

478 5134 570 5189 59.
614 5135 710 5200 Είς
737 5138 837 5208 τὴν
866 5143 1141 5209 σωτήριον
1170 5143 1604 5214 μεταμόρφωσιν
1631 5144 1726 5197 τοῦ
1754 5144 1961 5215 Κυρίου
1989 5146 2106 5216 ήμᾶ

2038 5146 2152 5216 μῶν
2188 5146 2365 5216 Ἰησοῦ
2398 5143 2660 5216 Χριστοῦ.
2696 5142 2762 5197 In
2799 5143 3091 5196 salutarem
3144 5139 3666 5209 trans/igurationetn

404 5221 621 5277 Domini
650 5229 818 5281 nostri
842 5227 969 5282 Jesu
1005 5228 1204 5284 Christi
1238 5228 1291 5301 (6
1321 5231 1600 5300 August.).
1628 5232 1844 5301 Incipit,
1869 5228 1995 5286 Οἶόν
2020 5252 2032 5281 η

1500 5232 1600 5300 aL).
1628 5232 1844 5301 Incipit,
1869 5228 1995 5286 Οἶόν
2020 5251 2073 5287 τι
2108 5234 2340 5304 πάσχειν
2366 5232 2551 5286 εἰώθει
2579 5233 2810 5303 ποιμήν.
2842 5229 2974 5300 Pag.
3004 5229 3128 5285 598.

480 5311 570 5366 60.
611 5310 704 5376 El;
738 5315 822 5381 τὸ,
868 5334 887 5368 ι
922 5317 1211 5386 Εἰσῆλθεν.
1254 5337 1272 5371 ι
1312 5317 1379 5372 In
1411 5318 1503 5372 illa
1534 5319 1712 5384 verba,
1740 5319 1868 5373 Luc.
1896 5337 1949 5384 κ,
1978 5322 2069 5376 58.

2039 5324 2069 5375 ἰ.
2111 5341 2129 5374 t
2169 5322 2397 5376 Intravit
2428 5320 2586 5374 Jesus
2615 5321 2669 5373 in
2698 5318 2963 5387 quoddam
2996 5317 3293 5372 castellum.
3330 5313 3574 5390 ξΕλὲχΟη
3610 5314 3667 5367 ἐν

403 5402 473 5468 τῇ
506 5400 666 5470 ἐορτῇ
705 5403 806 5471 τῆς
838 5406 1153 5474 κοιμήσεως
1181 5406 1282 5475 τῆς
1309 5406 1615 5477 ύπεραγίας
1642 5406 1932 5461 Θεοτόκου.
1966 5409 2031 5462 Di

2040 5421 2120 5463 cta
2161 5420 2235 5464 est
2271 5410 2322 5462 in
2354 5409 2486 5478 festo
2522 5406 2867 5461 Dormitionis
2897 5406 3243 5460 sanctissima:
3274 5400 3504 5472 Virginis
3543 5399 3668 5451 Dei-

403 5506 554 5559 ραν-αξ
589 5492 680 5559 (15
718 5493 1006 5561 August.).
1048 5493 1261 5565 Incipit,
1312 5496 1404 5559 Ὠς
1442 5497 1562 5549 λίαν
1602 5514 1691 5567 μοι
1722 5496 2031 5567 λαμπροτέε

1993 5495 2432 5567 ipa.Pag.I02.
3033 5576 3052 5578 _
3204 5576 3216 5578 _
3290 5572 3324 5578 _
3428 5572 3440 5578 _
3588 5570 3621 5578 η

478 5578 567 5634 6i.
604 5580 699 5645 Εἰς
727 5580 828 5653 τὴν
858 5583 1145 5653 ἀποτομὴν
1171 5584 1265 5640 τοῦ
1292 5585 1635 5656 Προδρόμου.
1673 5585 1739 5641 1η
1776 5588 2099 5642 decollation

2043 5602 2186 5641 onem
2227 5583 2540 5640 venerabilis
2594 5580 2983 5644 Prwcursoris,
3025 5576 3250 5633 Joannis
3290 5572 3547 5642 Baptista:
3580 5570 3671 5640 (επ

406 5666 691 5738 August.).
729 5671 945 5741 Incipit,
971 5672 1169 5737 Καλῶς
1197 5674 1513 5745 ἐφήρμοσεν
1542 5675 1575 5745 ή
1603 5674 1759 5742 τάξις
1790 5676 1889 5744 τὴν
1922 5673 2018 5730 τοῦ
2039 5674 2359 5747 Προδρόμου
2390 5671 2680 5727 τελείωσιν
2722 5671 2803 5735 είς
2838 5669 3010 5740 αὐτὴν
3056 5665 3244 5736 σχεδὸν
3285 5661 3382 5717 τοῦ
3422 5662 3672 5717 ἐνιαυτοῦ

407 5754 509 5823 τὴν
542 5759 869 5827 περαίωσιν.
905 5759 1035 5830 Pag.
1065 5761 1189 5817 M8.

481 5880 561 5949 (ά)
594 5881 721 5937 Ὅτε
754 5885 805 5939 in
846 5883 969 5939 cod.
1004 5885 1174 5958 Most].
1210 5887 1329 5954 cit.,
1363 5904 1416 5943 n.
1446 5887 1536 5943 20.
1575 5886 1746 5944 IIAltL.
