4122 6414
464 411 530 476 19
1659 417 1975 477 ΝΟΤΙΤΙΑ
2019 419 2092 478 El

2111 420 2120 477 ζ
2160 423 2540 487 FABRICIO.
3665 429 3739 494 ΞΟ

533 533 620 588 62.
663 533 755 596 Εἰς
801 533 892 587 τὸν
950 535 1246 605 γενόμενον
1300 533 1532 604 αὐχμόν.
1593 535 1668 588 De
1715 537 1957 590 siccitate
1994 555 2112 604 qua:

2108 559 2112 573 ’
2165 560 2224 596 eo
2283 555 2512 612 tempore
2564 547 2804 616 contigit.
2853 546 3068 618 Incipit,
3102 547 3197 610 Ti;
3227 545 3390 600 δώσει
3428 550 3491 618 τῇ
3523 547 3736 618 κεφαλῇ

460 639 562 690 μου
597 621 764 692 ὕδωρ.
800 622 929 692 Pag.
966 623 1093 677 124.

533 709 641 765 llas
673 711 1024 780 Theophanis
1057 713 1311 766 bomilias
1342 729 1407 767 ex
1444 712 1732 768 codicibus
1760 714 2172 778 l’anormitano,
2209 719 2493 786 Vaticano,
2528 721 2897 777 liscnrialensi
2930 722 3405 776 etParisiensibns
3439 725 3737 778 recensitas

456 800 789 856 Franciscus
824 801 1079 863 Scorsus,
1111 802 1168 856 S.
1189 801 1264 865 1.,
1298 819 1418 856 cum
1453 803 1691 872 eleganti
1723 805 1974 859 versione
1997 816 2050 860 et
2074 805 2307 862 eruditis
2337 817 2501 877 atque
2530 810 2764 877 copiosis
2790 811 2855 864 ad
2879 812 3084 866 calcem
3106 811 3402 864 voluminis
3431 812 3738 880 subiunctis

457 892 607 943 notis
637 892 852 960 primus
888 891 1087 954 edidit,
1127 890 1357 946 Lutetiae
1395 890 1573 946 Paris.
1622 892 1794 955 16M,
1826 893 1920 947 fol.
1958 894 2174 949 Eaidem
2209 906 2428 952 exstant
2463 901 2516 952 in
2550 899 2741 953 codice
2771 899 3114 954 Coisliniano
3141 941 3155 965 ,
3195 900 3264 954 de
3316 916 3426 969 quo
3462 899 3736 955 Montfan-

453 981 669 1044 coni-as,
706 996 760 1049 p.
786 981 913 1036 591.
949 979 1202 1036 llomiliae
1243 997 1328 1035 Lvt
1363 981 1414 1033 in
1446 982 1637 1036 codice
1659 982 1941 1048 Casareo,
1971 983 2040 1037 de
2073 999 2183 1050 quo
2215 984 2544 1042 Lambecius
2575 1003 2648 1049 tv,
2701 1003 2756 1057 p.
2792 988 2857 1041 17
2903 988 2996 1053 (e).
3035 989 3276 1043 lneditas
3319 988 3498 1042 adhuc
3551 988 3737 1055 plures

452 1067 697 1132 ejusdem
722 1068 1018 1137 scriptoris
1052 1068 1108 1122 in
1138 1067 1486 1122 bibliothecis
1517 1069 1687 1125 latere
1719 1086 1828 1125 non
1860 1079 1946 1125 est
1982 1072 2229 1138 dubimn,
2264 1089 2387 1128 Ctlm
2420 1075 2654 1131 Allatius
2675 1116 2689 1140 ,
2730 1093 2783 1146 p.
2809 1077 2915 1131 M5
2945 1076 3204 1132 Diatribze
3248 1080 3313 1132 de
3335 1077 3606 1146 Georgiis,
3653 1086 3736 1130 te-

453 1166 652 1219 stetur,
685 1173 744 1210 se
774 1157 829 1210 in
856 1157 995 1211 Chio
1025 1157 1206 1211 insula
1234 1157 1432 1228 legisse
1481 1158 1737 1214 homilias
1765 1161 1904 1230 ejus,
1941 1160 2143 1216 Scorso
2170 1161 2317 1215 haud
2348 1163 2516 1227 visas,
2553 1165 2816 1234 quinque,
2865 1179 3100 1234 quorum
3125 1164 3318 1220 titulos
3353 1175 3406 1218 et
3441 1165 3596 1218 initia
3635 1165 3733 1226 ibi,

450 1245 495 1297 si
526 1245 728 1314 placet,
764 1247 904 1300 vide.
943 1246 1112 1300 FABB.

521 1333 683 1402 Atqui
719 1333 770 1386 in
809 1334 1050 1401 pluribus
1092 1335 1436 1390 bibliothecis
1479 1348 1698 1392 exstare
1741 1337 2089 1408 Theophanis
2121 1341 2371 1395 homilias
2406 1356 2536 1397 msre.
2567 1346 2623 1396 in
2654 1345 2742 1399 his
2769 1345 3032 1409 ineditas,
3066 1343 3230 1399 hodie
3274 1351 3511 1396 constat.
3549 1342 3736 1396 Enim-

449 1435 581 1474 vero
637 1423 690 1477 in
743 1423 932 1492 paucis
977 1424 1118 1478 idem
1171 1425 1304 1478 ordo
1341 1436 1616 1489 servatur,
1665 1428 1741 1480 uti
1777 1428 2044 1481 interdum
2083 1444 2110 1482 a
2146 1429 2514 1501 catalogornm
2547 1433 2976 1499 coniectoribus,
3029 1435 3096 1488 ad
3141 1447 3278 1502 quos
3316 1432 3548 1486 lectores
3579 1431 3730 1486 able-

450 1513 686 1579 gandum
726 1513 858 1567 mihi
894 1523 999 1579 est,
1025 1514 1454 1570 demonstratum
1485 1531 1626 1578 esse,
1674 1518 1858 1585 paucis
1888 1518 2139 1571 monebo.
2186 1518 2262 1572 En
2296 1521 2542 1574 codicum
2580 1521 2845 1589 ejusmodi
2879 1523 3150 1577 notitiam.

525 1599 771 1656 Venetiis
804 1603 855 1655 in
886 1604 1043 1658 codd.
1100 1602 1348 1659 Naniano
1379 1604 1468 1669 66,
1520 1605 1708 1659 homil.
1763 1606 1832 1663 55
1888 1607 2002 1672 (sed
2059 1605 2181 1660 duae
2214 1609 2400 1675 prima;
2432 1609 2860 1680 desiderantur),
2906 1622 2961 1666 et
2993 1612 3082 1678 89,
3118 1612 3310 1668 homil.
3346 1613 3436 1677 41,
3495 1626 3728 1682 quarum

449 1689 646 1744 seriem
675 1699 727 1743 et
755 1689 1113 1745 differentiam
1142 1695 1209 1745 ab
1244 1692 1402 1747 editis
1425 1693 1583 1746 docet
1607 1703 1799 1747 auctor
1826 1703 1937 1751 cat.
1968 1695 2127 1750 codd.
2153 1694 2248 1750 Gr.
2281 1695 2418 1752 Nan.
2447 1714 2498 1768 p.
2534 1700 2634 1754 118
2667 1716 2788 1770 sqq.
2822 1713 2876 1756 et
2909 1702 3011 1756 170
3049 1717 3171 1771 sqq.

521 1775 748 1831 Taurini
777 1779 829 1831 in
861 1779 981 1834 cod.
1021 1780 1168 1849 regio
1197 1779 1324 1844 212,
1360 1780 1452 1836 fol.
1484 1781 1710 1847 57-256,
1740 1781 2002 1844 1ιοηιῙΙῙρε,
2047 1791 2102 1836 at
2133 1783 2324 1837 ordine
2351 1786 2417 1839 ab
2452 1786 2612 1840 editis
2648 1802 2870 1855 prorsus
2916 1789 3166 1853 diverso;
3202 1788 3254 1842 in
3280 1789 3578 1857 eodemque
3603 1789 3728 1841 cod.

449 1863 542 1919 fol.
578 1865 600 1918 1
636 1880 756 1935 sqq.
789 1866 1037 1936 leguntur
1093 1868 1192 1922 sub
1219 1868 1397 1931 titulo,
1445 1869 1539 1922 Ἐκ
1565 1869 1675 1922 τῶν
1707 1869 2077 1940 ζητημάτωνι

2104 1871 2158 1924 αἱ
2209 1873 2515 1926 ἑπιλύσεων
2563 1875 2874 1943 Θεοφάνους
2924 1877 3232 1945 Κεραμέως
3279 1881 3373 1930 καὶ
3434 1875 3729 1929 ’Ῑουστένου

449 1956 764 2026 φιλοσόφου.
807 1955 890 2012 Ea:
920 1959 1301 2027 quaestionibus
1337 1969 1384 2013 et
1406 1959 1760 2014 solutionibus
1785 1960 2116 2031 Theophanis
2141 1963 2380 2018 Ceramei
2415 1973 2466 2016 et
2499 1962 2702 2016 Justini
2731 1964 3050 2032 philosophi,
3089 1965 3367 2033 sexaginta
3393 1964 3552 2032 fervne
3580 1979 3730 2032 qum-

456 2050 653 2102 stiones
691 2048 828 2102 varii
870 2051 1172 2120 argumenti
1207 2050 1259 2104 in
1293 2067 1504 2105 sacram
1541 2051 1910 2121 Scripturam,
1943 2055 2009 2106 de
2039 2053 2234 2120 quibus
2257 2053 2516 2122 quoniam
2551 2051 2693 2104 nulla
2729 2050 2868 2104 facta
2912 2064 2993 2105 est
3027 2052 3230 2105 mentio
3262 2061 3356 2104 aut
3394 2051 3462 2104 ab
3487 2049 3727 2108 Oudino,

455 2143 551 2189 aut
575 2137 612 2188 a’
636 2135 912 2199 Fabricio,
962 2147 1055 2190 aut
1089 2138 1158 2192 ab
1198 2139 1321 2192 aliis
1353 2139 1444 2208 qui
1481 2141 1549 2193 de
1580 2139 1916 2208 TheOpbane
1957 2139 2258 2203 disserunt,
2293 2141 2575 2193 confector
2607 2141 2770 2193 eatal.
2819 2141 2978 2194 eodd.
3029 2140 3126 2194 Gr.
3181 2139 3432 2205 Tanrin.,
3487 2156 3540 2208 p.
3595 2139 3727 2201 511,

446 2226 766 2292 speciminis
799 2225 918 2280 loco
947 2227 1180 2295 primam
1205 2227 1556 2298 Theophanis
1579 2230 1936 2298 quaestionem
1961 2228 2057 2284 Gr.
2085 2244 2206 2282 eum
2233 2231 2484 2283 versione
2512 2227 2632 2282 Lat.
2664 2229 2717 2282 in
2747 2229 2918 2283 lucem
2957 2229 3200 2297 protulit.
3232 2257 3302 2268 ——
3334 2227 3468 2281 Ibid.
3505 2228 3558 2281 in
3594 2229 3723 2281 cod.

443 2311 572 2374 519,
610 2311 703 2368 fol.
742 2313 808 2368 10
861 2329 981 2383 sqq.
1019 2313 1270 2384 TheOph.
1310 2316 1567 2380 homilim,
1605 2318 1807 2371 eaedem
1846 2331 1965 2386 qua!
1993 2317 2154 2372 editae
2185 2325 2332 2371 sunt.
2379 2318 2445 2371 ν.
2481 2327 2587 2371 cat.
2625 2319 2720 2370 cit.
2760 2333 2813 2385 p.
2865 2317 2992 2371 598.
3039 2347 3108 2356 --
3161 2316 3294 2371 lbid.
3349 2318 3402 2370 in
3437 2317 3557 2370 cod.
3591 2315 3722 2379 520,

443 2401 539 2456 fol.
570 2401 624 2468 4,
659 2400 888 2458 Joannis
921 2403 1037 2471 (sic)
1089 2403 1338 2458 Ceramei
1393 2404 1614 2458 bomilia
1648 2407 1704 2458 in
1763 2405 2086 2475 principium
2120 2404 2452 2470 indictionis,
2490 2415 2545 2458 et
2580 2404 2675 2459 fol.
2725 2404 2830 2459 185
2860 2420 2985 2474 sqq.
3035 2403 3264 2459 Joannis
3313 2404 3433 2474 (sic)
3471 2403 3725 2458 Ceramei

449 2493 570 2547 alia:
619 2493 856 2548 boiniliaz
894 2496 1346 2564 quatuordecim;
1401 2497 1649 2553 ordinem
1713 2495 1782 2551 ab
1820 2497 1980 2553 editis
2037 2497 2314 2555 diversum
2365 2499 2737 2569 comparando
2782 2498 3024 2553 ostendit
3079 2508 3271 2554 auctor
3320 2507 3429 2554 cat.
3491 2498 3607 2560 cit.,
3666 2513 3725 2568 p.

443 2579 551 2636 591)
583 2596 666 2650 sq.

525 2670 705 2724 Paris.
741 2674 793 2723 in
835 2671 966 2724 bibl.
1001 2671 1148 2736 pnbl.
1176 2671 1335 2725 codd.
1367 2673 1554 2726 decem
1581 2683 1706 2728 sunt
1740 2674 2014 2730 interdum
2066 2675 2314 2746 singulm,
2372 2668 2620 2731 inertium
2654 2680 2835 2742 plures
2860 2679 3117 2744 homiliis,
3141 2694 3189 2733 e.
3223 2695 3304 2747 gr.
3332 2679 3383 2731 in
3409 2678 3528 2731 cod.
3561 2675 3726 2739 1185,

446 2755 699 2827 leguntur
732 2759 802 2814 45
841 2759 1108 2822 homiliae;
1165 2760 1218 2812 in
1254 2760 1374 2814 cod.
1406 2759 1548 2815 1181
1578 2762 1800 2817 sunt54
1829 2763 2104 2832 homiliaa;
2145 2765 2200 2818 in
2236 2765 2358 2818 cod.
2393 2765 2533 2819 1206
2568 2766 2636 2819 51
2690 2767 2904 2831 homil.,
2938 2767 2991 2820 in
3037 2767 3161 2821 cod.
3196 2767 3332 2820 1207
3372 2767 3471 2820 sub
3500 2764 3725 2817 nomine

446 2851 689 2922 Gregorii
717 2851 958 2906 Ceramei
993 2852 1060 2906 40
1087 2853 1343 2908 homilize.
1377 2852 1444 2908 V.
1479 2855 1647 2910 indic.
1686 2856 1751 2910 ad
1782 2865 1889 2911 cat.
1923 2872 2055 2913 mss.
2090 2873 2241 2930 regg.
2276 2859 2483 2922 Paris.,
2519 2859 2628 2913 vol.
2659 2859 2720 2913 ll.
2776 2889 2848 2898 —
2902 2860 2956 2912 In
2985 2859 3110 2914 cod.
3141 2858 3370 2912 Coislin.
3425 2855 3555 2910 bibl.
3612 2854 3717 2909 201

444 2940 558 2995 loca
592 2957 656 2994 ex
687 2938 1022 3010 Theophane
1054 2941 1106 2994 in
1144 2941 1351 2996 Nicetaa
1386 2942 1705 2998 collectione
1739 2944 2245 3014 interpretationum
2273 2957 2378 2999 etc.
2407 2957 2546 3000 teste
2578 2945 2946 3001 Montfaueon.
2980 2947 3030 2999 in
3056 2945 3201 2998 Bibl.
3239 2944 3457 2998 Coislin.
3507 2958 3560 3008 p.
3587 2943 3723 2998 25L

442 3059 513 3068 —
545 3028 606 3082 Et
638 3029 711 3082 ib.
743 3045 866 3098 pag.
896 3029 1023 3089 591,
1062 3031 1250 3084 eodem
1282 3040 1442 3096 teste,
1492 3032 1542 3084 in
1573 3033 1689 3086 cod.
1733 3033 1838 3087 277
1869 3034 2122 3104 leguntur
2167 3033 2236 3087 62
2283 3033 2518 3087 humilia:
2570 3035 2780 3096 eodem,
2834 3049 2942 3104 quo
2985 3034 3142 3088 editae
3173 3043 3322 3096 sunt,
3373 3048 3620 3087 numero.
3652 3063 3728 3072 —

445 3117 753 3170 Secundum
781 3116 1151 3171 Montfancon.
1182 3118 1233 3170 in
1268 3116 1411 3172 Bibl.
1440 3119 1808 3175 bibliothecar.
1843 3137 1973 3178 mss.
2009 3121 2050 3188 l,
2075 3138 2202 3192 pag.
2236 3122 2328 3185 55,
2369 3122 2552 3176 Ιὶοιιιεε
2579 3122 2631 3175 in
2662 3121 2927 3177 Vaticano
2960 3123 3080 3176 cod.
3112 3138 3167 3177 n.
3201 3122 3306 3177 901
3333 3121 3466 3176 bibl.
3519 3121 3728 3192 regius:

445 3202 658 3258 Suecim
691 3205 938 3273 quzedam
971 3205 1246 3260 Ceramei.
1276 3236 1344 3244 ——
1371 3205 1433 3258 P.
1463 3207 1590 3260 251.
1629 3209 1690 3260 Β.
1728 3207 1951 3274 Neapoli
1988 3210 2226 3264 homilia:
2255 3210 2307 3262 in
2344 3208 2554 3263 duobus
2589 3210 2746 3264 codd.
2784 3211 2912 3264 bibl.
2949 3210 3007 3265 S.
3037 3209 3264 3266 Joannis
3287 3212 3348 3264 de
3374 3209 3720 3272 Carbonem,

443 3301 551 3347 etc.
591 3323 662 3334 —
700 3293 759 3346 P.
795 3294 1172 3348 483.Venetiis
1207 3295 1258 3348 in
1288 3295 1422 3349 bibl.
1467 3293 1785 3360 Justiniani,
1819 3298 1870 3351 in
1903 3298 2114 3353 duobus
2141 3299 2301 3353 codd.
2364 3328 2431 3339 -ο
2463 3297 2522 3350 Ρ.
2563 3299 2690 3362 505,
2730 3298 3014 3352 Mediolani
3047 3301 3098 3352 in
3129 3299 3342 3352 duobus
3385 3297 3543 3352 codd.
3582 3296 3723 3355 bibl.

443 3382 856 3449 Ambrosianae;
892 3415 959 3422 —-
994 3394 1125 3437 tom.
1161 3384 1225 3452 ll,
1261 3402 1310 3454 p.
1347 3385 1506 3451 1198,
1541 3385 1894 3454 Theophanis
1923 3385 2051 3441 Ccr.
2085 3401 2249 3455 opera
2286 3385 2452 3440 multa
2498 3386 2549 3439 in
2581 3386 2713 3442 bibl.
2746 3385 2890 3440 Guil.
2927 3385 3230 3452 Pelliserii;
3267 3417 3338 3426 —-
3387 3399 3440 3453 p.
3490 3383 3632 3437 15M
3671 3385 3727 3438 in

445 3473 570 3526 cod.
605 3471 673 3526 6i
716 3473 845 3526 bibl.
889 3473 1180 3540 Mazarin.,
1212 3473 1460 3544 Gregorii
1490 3474 1739 3530 Ceramei
1779 3475 2041 3540 homilize,
2098 3473 2230 3536 etc.,
2270 3473 2358 3526 ubi
2419 3473 2657 3527 notanda
2718 3483 2800 3528 est
2833 3473 3224 3529 Montfauconii
3285 3472 3721 3536 animadversio,

444 3561 598 3622 dum,
641 3563 898 3622 (Auctor,
928 3563 1124 3631 inquit,
1158 3562 1316 3630 plane
1351 3563 1488 3617 alius
1519 3577 1549 3616 a
1572 3561 1904 3629 Theophane
1933 3562 2218 3624 Ccrameo,
2258 3559 2391 3614 nihil
2422 3561 2707 3615 amborum
2745 3560 2984 3616 homiliis
3017 3577 3324 3615 commune.
3359 3560 3477 3629 lpse
3507 3570 3591 3612 est
3630 3560 3728 3626 qui

446 3649 502 3700 in
532 3647 818 3716 Augustini
863 3647 1296 3704 Tarraconensis
1323 3650 1457 3713 ante,
1492 3658 1546 3704 et
1580 3649 1632 3702 in
1663 3649 1808 3717 regia
1839 3648 2066 3702 Scoriali
2097 3657 2314 3703 exstare
2363 3656 2584 3701 notatur
2635 3649 2704 3702 ab
2750 3649 2973 3713 Allatio,
3014 3649 3278 3716 incipiens
3323 3662 3351 3699 a
3405 3647 3726 3716 publicano,

445 3751 608 3806 quem
666 3750 841 3790 tamen
888 3739 933 3791 is
983 3738 1123 3792 male
1153 3737 1437 3792 confundit
1490 3754 1612 3792 cum
1647 3736 1962 3803 TheOphane
2009 3738 2297 3801 Cerameo,
2334 3750 2583 3790 errorem
2617 3745 2836 3791 secutus
2873 3736 3154 3790 Francisci
3189 3735 3400 3790 Scorsi.
3435 3735 3575 3788 Sunt
3617 3735 3726 3789 ho-

444 3821 608 3880 minm
642 3842 831 3880 onmes
861 3826 950 3881 54.
981 3826 1076 3881 Est
1108 3829 1280 3895 prima
1335 3826 1612 3880 Dominica
1648 3824 1921 3894 publicani
1975 3835 2028 3878 et
2065 3825 2348 3889 Pharisaei,
2384 3823 2576 3878 ultima
2634 3823 2914 3878 Dominica
2951 3824 3160 3881 ChriSIi
3220 3824 3661 3894 progenitorum.
3701 3843 3720 3874 ι

443 3913 718 3972 Baetenns
751 3915 1094 3972 Monfaucon.
1126 3917 1303 3986 Atque
1334 3916 1624 3985 Mongitor.
1661 3913 1699 3966 Ι.
1735 3930 1784 3967 c.
1812 3914 1923 3981 jam
1961 3914 2140 3981 plures
2177 3912 2457 3977 excitavit,
2492 3913 2581 3981 qui
2627 3922 2918 3980 utrumque
2955 3913 3350 3968 discernerent.
3399 3910 3541 3964 Add.
3580 3912 3730 3966 infra

443 4018 510 4058 ex
559 4001 767 4057 Villois.
803 4005 965 4072 epist.
1013 4034 1081 4042 ——
1131 4003 1267 4059 lbid.
1299 4020 1353 4072 p.
1389 4002 1550 4068 1515,
1581 4001 1633 4053 in
1683 4000 1803 4055 cod.
1841 4001 2110 4054 Mazarin.
2145 3998 2235 4062 66,
2267 3999 2358 4064 26,
2391 4001 2480 4068 qui
2515 4002 2588 4054 ita
2621 4000 2900 4055 indicatur
2934 4019 2947 4053 :
2987 4019 3004 4052 ι
3045 4001 3318 4065 Ceramei,
3358 3999 3729 4067 metropolita:

442 4093 685 4149 civitatis
719 4093 880 4148 Rboti
919 4095 1016 4163 (nl.
1051 4093 1267 4165 Rhegii)
1303 4093 1593 4154 Calaltrim,
1632 4090 1684 4142 in
1718 4089 2028 4154 Zacbreum,
2061 4088 2470 4158 publicanorum
2503 4089 2801 4158 principem
2859 4108 2872 4142 :
2923 4097 3005 4144 est
3055 4090 3198 4144 inter
3248 4087 3502 4143 homilias
3533 4087 3728 4143 Theo-

443 4180 645 4250 phauis
675 4179 944 4248 Ceramei,
979 4183 1067 4250 qui
1104 4199 1210 4236 non
1244 4180 1534 4244 Calabriae,
1567 4179 1661 4231 sed
1692 4176 1896 4230 S'cilirc
1924 4177 2210 4247 episcopus
2241 4189 2382 4234 erat.
2423 4199 2441 4232 ›

513 4265 753 4338 Mosquae
798 4269 850 4323 in
884 4269 1000 4324 cod.
1036 4269 1229 4340 synod.
1263 4267 1391 4330 271,
1429 4265 1702 4334 Gregorii,
1737 4262 2096 4318 Tauromenii
2131 4268 2555 4340 archiepiscopi,
2591 4269 2829 4324 bomiliae
2857 4270 3164 4338 sexaginta,
3201 4283 3430 4339 quarum
3464 4269 3726 4324 ordinem

445 4366 612 4427 atque
642 4358 911 4426 principia
945 4368 1197 4412 recenset
1230 4355 1467 4410 Μαιηιωί
1506 4355 1557 4408 in
1597 4353 1766 4407 Notit.
1797 4353 1951 4406 codd.
1986 4352 2082 4408 Gr.
2114 4355 2454 4426 Mosquens.,
2490 4374 2611 4428 pag.
2652 4358 2758 4412 172
2792 4373 2938 4428 sqq.,
2975 4358 3226 4426 idemque
3263 4373 3315 4424 p.
3351 4356 3455 4410 175
3490 4371 3581 4426 sq.
3606 4358 3730 4412 lan-

440 4446 535 4502 dat
561 4446 789 4502 similem
809 4448 1054 4502 codicem
1086 4447 1305 4516 optimm
1338 4456 1498 4510 notae,
1533 4444 1724 4512 Lipsirn
1748 4443 1798 4495 in
1832 4442 1962 4496 bibl.
1993 4442 2217 4497 Paulina
2247 4457 2610 4508 asscrvatnm,
2636 4456 2798 4515 atque
2828 4445 3182 4514 Theophanis
3212 4445 3464 4499 hoanilias
3491 4448 3730 4502 omnino

442 4535 634 4604 dignas
656 4535 885 4603 indicat,
915 4551 1036 4606 qua:
1071 4545 1290 4605 propter
1324 4543 1532 4588 textum
1569 4549 1783 4586 sacrum
1815 4542 2225 4601 comparentur.
3021 4555 3024 4558 ~
3529 4606 3532 4608 γ

512 4623 568 4677 In
621 4625 808 4694 primis
842 4625 1108 4678 notandus
1140 4633 1224 4678 est
1258 4623 1381 4677 cod.
1426 4623 1491 4676 l6
1524 4622 1577 4675 in
1626 4620 1755 4674 bibl.
1800 4619 1943 4684 regia
1994 4619 2216 4686 Matriti,
2253 4637 2373 4674 cum
2413 4632 2637 4690 propter
2669 4635 2864 4675 nomen
2897 4621 3161 4684 auctoris,
3206 4621 3296 4689 qui
3335 4620 3385 4674 in
3418 4620 3524 4675 hoc
3556 4625 3730 4679 unico

439 4713 564 4766 eod.
598 4710 950 4781 Philagothus
1002 4711 1341 4780 philosophus
1375 4721 1734 4774 mincnpatnr,
1772 4720 1884 4762 tum
1932 4718 2152 4778 propter
2197 4710 2458 4780 majorem
2491 4708 2842 4762 bomiliarnm
2875 4724 3184 4774 numerum,
3213 4725 3374 4777 quam
3401 4711 3492 4778 qui
3524 4711 3579 4764 in
3614 4713 3731 4766 nllo

437 4801 550 4854 alio
587 4801 775 4854 codice
814 4802 1104 4868 reperitur.
1134 4799 1388 4852 Coutinet
1419 4801 1563 4851 enim
1616 4803 1867 4854 lnnnilias
1917 4798 2272 4864 Theophanis
2305 4798 2648 4865 septuaginta
2683 4803 2808 4851 octo
2842 4805 2898 4850 et
2947 4797 3112 4851 habet
3152 4797 3559 4866 duodetriginta
3598 4815 3731 4868 qua:

440 4905 614 4960 neque
637 4889 690 4941 in
717 4887 900 4943 Scorsi
934 4888 1192 4952 editione,
1226 4901 1404 4954 neque
1453 4887 1596 4938 inter
1631 4888 1750 4942 illas
1786 4895 2083 4941 occurrunt
2113 4900 2248 4953 quas
2279 4884 2387 4938 Leo
2433 4883 2663 4937 Allatius
2695 4885 2748 4936 in
2782 4883 3021 4938 Diatribe
3047 4885 3112 4938 de
3157 4883 3407 4953 Georgiis
3457 4893 3730 4953 tanquam

438 4979 674 5032 ineditas
704 4977 892 5032 refert.
926 4975 1269 5044 Quapropter
1297 4973 1491 5028 lriarte
1523 4975 1575 5028 in
1609 4976 1727 5028 Cat.
1763 4976 1922 5028 codd.
1952 4975 2048 5029 Gr.
2086 4973 2312 5039 Matrit.,
2351 4989 2404 5042 p.
2442 4972 2634 5036 55-70,
2667 4973 2889 5042 copiose
2925 4989 3029 5026 non
3066 4973 3243 5025 minus
3281 4987 3442 5039 quam
3479 4972 3732 5042 diligen-

439 5078 522 5121 ter
548 5065 845 5131 recensuit,
875 5073 930 5119 et
959 5079 1023 5117 ex
1057 5065 1179 5119 cod.
1207 5079 1304 5118 suo
1337 5063 1678 5134 singularum
1717 5065 2091 5133 homiliarum,
2121 5078 2357 5133 quarum
2389 5075 2605 5129 quoque
2634 5062 2770 5114 ordo
2795 5059 3061 5114 dill‘ertab
3089 5059 3272 5120 editis,
3303 5059 3730 5129 inscriptiones,

435 5155 504 5208 iis
532 5170 670 5224 quas
699 5154 932 5209 Scorsns
962 5153 1150 5217 edidit,
1187 5153 1470 5208 uberiores
1518 5153 1835 5222 plerumque
1861 5169 1924 5208 ac
1958 5153 2342 5222 locupletiores
2375 5149 2626 5212 reddidit,
2666 5149 2962 5218 variasque
3007 5147 3386 5201 memorabiles
3427 5146 3561 5202 hinc
3594 5152 3729 5208 inde

434 5243 677 5314 aspersit
708 5242 1241 5304 animadrersiones,
1275 5242 1327 5294 in
1355 5240 1554 5310 quibus
1581 5243 1743 5294 etiam
1778 5243 1964 5298 Seorsi
1997 5241 2165 5296 editio
2201 5240 2360 5294 modo
2387 5238 2890 5307 explicatnr'atqne
2913 5237 3256 5298 emendatur,
3290 5235 3450 5289 modo
3493 5241 3732 5307 supple-

435 5339 543 5385 tur.
569 5327 786 5383 Titulus
817 5337 997 5382 autem
1035 5340 1148 5383 est:
1195 5329 1424 5398 Πὸνημα
1455 5329 1764 5396 Φιλαγάθου
1788 5331 1881 5383 τοῦ
1915 5331 2063 5399 φίλος

2103 5346 2234 5398 upon,
2261 5344 2388 5397 opus
2431 5325 2749 5396 Philagathi
2777 5325 3094 5394 philosophi,
3140 5339 3248 5392 quo
3280 5323 3502 5378 nomine
3537 5326 3731 5382 Theo-

503 5530 570 5597 (e)
611 5528 737 5582 Sive
765 5527 927 5597 ρηδῦ
960 5541 1080 5597 sqq.
1128 5527 1218 5583 ed.
1249 5527 1449 5581 Kollar.
1487 5528 1561 5581 De
1594 5530 1713 5580 cod.
1749 5528 1886 5580 Caes.
1917 5525 2018 5581 102
2133 5527 2253 5590 161,
2296 5544 2393 5582 nec
2431 5526 2845 5595 Theophanem,
2895 5539 2992 5597 nec
3034 5520 3366 5597 Gregorium.
3391 5527 3732 5597 nonfupari,

436 5589 576 5653 η.’2’.
612 5598 702 5652 ubi
732 5589 782 5650 νζ
816 5589 1019 5650 ΚοΙΙδτξ
1047 5589 1248 5668 11014).
1285 5598 1344 5652 bl
1382 5614 1532 5666 seqq.
1553 5638 1567 5659 ,
1607 5599 1860 5651 Lambec.
1891 5608 2012 5664 post
2119 5600 2211 5650 sed
2240 5589 2354 5652 Solo
2384 5589 3039 5668 cognomineﬁapaps’g;
3065 5589 3569 5668 six'e_figrtlus._De
3599 5589 3731 5668 cod.

434 5684 594 5735 quam
629 5669 874 5722 ordinem
917 5660 1279 5722 homiliarinm
1326 5669 1376 5722 in
1409 5660 1512 5722 hoc
1547 5669 1667 5721 cod.
1707 5660 2004 5728 servatum,
2117 5667 2320 5722 Ca'sar.
2373 5669 2495 5737 111,
2525 5685 2576 5721 n.
2611 5668 2644 5720 8
2680 5660 3020 5737 (K.atiib.'lV,
3054 5681 3107 5733 p,
3137 5663 3283 5737 151),
3314 5663 3365 5714 in
3399 5660 3601 5737 primis
3622 5664 3736 5721 228

433 5729 485 5792 et
512 5739 845 5810 singularum
876 5738 1257 5810 inscriptiones
1290 5740 1546 5806 initiaquc
1571 5739 1854 5810 indicarat,
1890 5753 2006 5810 mo-
2118 5738 2393 5810 (Lambec.
2427 5729 2496 5800 νζ
2529 5754 2648 5809 pag.
2686 5729 2795 5794 H7
2826 5739 3027 5806 seqq),
3055 5729 3216 5805 supra
3242 5729 3358 5800 jam
3389 5729 3550 5799 plura
3583 5737 3734 5790 scri-

435 5819 526 5862 nct
559 5806 844 5877 docetque,
877 5819 1150 5862 auctorem
1184 5809 1394 5862 illarum
1417 5810 1466 5860 in
1505 5810 1626 5862 cod.
1663 5808 1862 5861 Caesar.
1897 5806 2004 5860 221
2116 5806 2217 5877 psi.
2259 5809 2428 5863 11Αῐιι..

433 5881 612 5935 vocari
645 5879 954 5938 (Ireaorium
983 5880 1217 5939 Cerant.;
1260 5882 1309 5933 in
1345 5879 1465 5934 cod.
1501 5887 1679 5934 autem
1714 5880 1834 5937 lll,
1876 5878 2002 5936 olitn
