4122 6434
393 363 464 427 93
979 370 982 372 τ
1306 331 1318 339 ’
1573 352 1952 417 RECENSIO
1991 351 2156 413 con.
2197 330 2538 416 MATRIT:
2598 310 2602 312 ’
3583 353 3656 416 2t

391 485 565 538 sancti
586 481 728 538 Saba
755 481 1047 547 Mesimeri,
1073 477 1190 550 eius
1213 476 1482 549 discipuli,
1501 478 1598 542 Είς
1619 477 1719 548 τὴν
1747 472 1971 546 βαῖοφό-

399 591 525 642 ρον;
565 574 732 627 altera
766 573 824 626 S.
857 571 1082 627 Joannis
1104 571 1475 642 Cbrysoslomi
1511 568 1730 623 nomine
1755 575 1968 632 ornata,

395 665 534 736 Περὶ
549 666 657 717 τῶν
685 664 824 730 μετὰ
854 665 1298 734 παρατηρήσεως
1317 661 1654 733 προσιόντων
1669 663 1781 723 τοῖς
1806 657 1976 719 Θείοις

396 755 742 826 μυστηρίοις,
777 755 857 818 εἰς
883 755 1008 816 τοὺς
1039 751 1460 822 ἀποληφθέντας
1495 752 1575 814 είς
1605 750 1674 804 τὰ
1697 751 1971 820 ὲγκαίνια.

466 844 576 898 llas
605 857 787 900 autem
827 843 1139 914 Philagatln'
1166 843 1424 899 llomilias
1453 841 1775 897 Franciscus
1807 841 1974 897 Scor-

393 954 508 1004 sus,
531 937 972 999 Panortnitanns,
999 936 1058 990 S.
1082 934 1160 1000 1.,
1181 933 1512 1002 TheOphanis
1534 932 1772 988 Ceramei
1799 933 1976 994 archi-

393 1028 622 1096 episcopi
663 1025 1101 1080 Tauromenitani
1148 1025 1366 1079 nomine
1415 1023 1701 1092 inscriptas
1747 1023 1976 1077 Lutetiae

393 1119 727 1173 Parisiorum
772 1132 915 1171 anno
946 1117 1087 1171 1644
1122 1116 1308 1172 Graece
1345 1126 1399 1170 et
1441 1115 1632 1170 Latine
1664 1133 1786 1171 cum
1831 1115 1977 1170 notis

391 1212 601 1278 primus
643 1210 948 1277 evulgavit;
983 1219 1038 1262 at
1084 1224 1192 1263 non
1239 1223 1450 1272 omnes,
1507 1209 1775 1278 siquidem
1833 1207 1975 1262 LXII

392 1313 598 1354 tantum
625 1303 813 1356 edidit.
835 1299 1034 1355 Noster
1065 1314 1194 1355 vero
1222 1302 1392 1355 codex
1418 1301 1471 1355 in
1505 1302 1620 1355 suis
1652 1301 1816 1356 habet
1834 1303 1975 1355 duo.

389 1393 698 1463 detriginta,
747 1409 867 1463 quae
912 1407 1086 1462 neque
1131 1392 1185 1446 in
1233 1392 1454 1446 laudata
1502 1393 1762 1456 editione,
1800 1407 1977 1463 neque

391 1485 534 1537 inter
572 1483 692 1540 illas
729 1493 1026 1539 occurrunt
1055 1497 1192 1552 quas
1228 1479 1341 1536 Leo
1380 1482 1616 1537 Allatius
1641 1482 1697 1537 in
1731 1483 1978 1536 Diatriba

391 1574 456 1627 de
507 1572 744 1642 Georgiis
782 1585 1036 1644 tanquam
1094 1573 1328 1628 ineditas
1381 1573 1572 1629 refert.
1627 1572 1761 1640 Quae
1812 1589 1975 1644 porro

394 1663 703 1733 Itujusmodi
743 1674 890 1729 sunt,
927 1679 1021 1719 eas
1049 1665 1288 1732 .omnino
1323 1665 1377 1719 in
1426 1666 1759 1721 recensionis
1811 1681 1973 1720 cursu

391 1757 676 1822 asterisco,
703 1757 954 1811 brevitati
987 1757 1351 1825 consulentes,
1386 1757 1828 1826 praenotavimus.

464 1847 571 1902 Sed
610 1846 720 1916 jam
755 1848 822 1902 ad
873 1847 1378 1916 praestantissimum
1413 1846 1657 1903 codicem
1689 1857 1975 1905 recensen-

390 1939 518 1994 dum
540 1943 886 1995 accedamus.

460 2029 579 2086 Fol.
607 2031 741 2097 I.In
770 2031 929 2100 hujus
961 2032 1140 2086 fronte
1163 2031 1359 2086 litteris
1394 2046 1424 2086 a
1463 2041 1661 2086 cat-tera
1687 2030 1805 2085 libri
1838 2032 1973 2086 scri-

388 2131 548 2192 ptura
603 2124 856 2190 diversis,
907 2125 1198 2179 maximam
1263 2133 1472 2194 partem
1519 2125 1600 2180 vel
1641 2124 1855 2188 deletis,
1891 2125 1973 2178 vel

389 2219 604 2274 abrasis
637 2219 921 2288 aegerrime
947 2219 1364 2290 legitur‘titulus
1410 2237 1424 2273 :
1476 2218 1701 2290 Πόνημα
1735 2219 1972 2286 Φιλαγά-

391 2308 487 2362 θου
523 2309 618 2363 τοῦ
647 2309 967 2380 φιλοσόφου.
997 2310 1056 2366 ld
1085 2319 1189 2375 est,
1223 2308 1368 2380 Opus
1401 2309 1710 2379 Pliilagatlti
1733 2310 1972 2378 philoso-

385 2399 478 2466 phi
523 2415 543 2454 :
593 2402 738 2470 quod
795 2417 991 2457 nomen
1051 2403 1222 2460 tribus
1276 2403 1400 2460 aliis
1459 2417 1777 2473 expressum
1840 2404 1971 2458 locis

389 2491 657 2546 invenias.

464 2584 659 2639 Statim
729 2586 976 2656 sequitur
1029 2589 1217 2643 eadem
1279 2602 1442 2640 manu
1499 2581 1759 2642 eiaratus
1809 2587 1969 2642 inde:

388 2677 632 2732 omnium
665 2688 929 2748 quotquot
963 2681 1092 2734 olim
1135 2680 1305 2734 codex
1338 2679 1426 2733 hic
1450 2682 1761 2736 continebat
1797 2681 1972 2735 homi-

388 2767 605 2833 liarum,
637 2783 836 2838 nempe
860 2771 921 2826 9I
959 2771 1146 2828 titulos
1175 2771 1565 2843 complectens,
1595 2772 1973 2842 prretermissis

393 2868 575 2914 tamen
608 2860 782 2916 tribus
817 2862 1056 2918 bomiliis
1093 2863 1234 2941 infra,
1269 2867 1658 2932 memorandis,
1680 2865 1766 2919 cui
1791 2865 1974 2936 subja-

392 2961 479 3006 cet
509 2953 698 3008 eadem
729 2969 954 3024 prorsus
982 2972 1142 3010 manu
1190 2959 1311 3012 talis
1341 2960 1668 3029 subscriptio
1706 2978 1720 3014 :

955 3072 1176 3128 ΤΕΛΟΣ
1197 3075 1405 3146 ἧληφεν

756 3185 1616 3224 οοοοοοοοταοοονου

961 3257 1195 3328 ἀδελφοῦ
1243 3259 1526 3327 Ἀγγέλου.

467 3368 578 3425 Hoc
599 3381 680 3426 est
703 3372 772 3441 (si
798 3374 1096 3429 secundum
1118 3390 1332 3432 versum
1358 3393 1495 3448 pene
1516 3379 1865 3434 obliteratum
1889 3380 1973 3434 bis

388 3464 616 3518 vocibus
646 3466 808 3536 Παρὰ
829 3467 924 3520 τοῦ
955 3469 1215 3524 ταπεινοῦ
1247 3471 1523 3542 suppleas)
1550 3469 1739 3526 Finem
1773 3475 1972 3542 accepit

391 3555 458 3609 ab
489 3555 680 3609 humili
707 3557 875 3626 fratre
897 3559 1119 3630 Angela.

637 3681 692 3737 2.
734 3689 792 3748 is
825 3686 1215 3740 ΦΙΛΑΓΑΘΟΥ
1253 3689 1547 3743 ΠΟΝΗΜΑ
1584 3692 1626 3742 Τ
1630 3693 1721 3746 ΟΥ

973 3780 1376 3836 ΦΙΛΟΣΟΦΟΥ.

458 3888 586 3957 Λόγ.
621 3888 693 3944 α’.
731 3888 951 3960 Ὀμιλία
982 3892 1213 3962 meam
1237 3895 1319 3958 εἰς
1349 3898 1448 3966 τὴν
1470 3898 1647 3968 ἀρχὴν
1677 3901 1775 3968 τῆς
1818 3901 1970 3954 Ἰνδί-

389 3998 538 4035 κτου·
579 3985 676 4036 καὶ
706 3983 786 4046 είς
811 3985 903 4037 τὸν
932 3985 1087 4052 ἃγιον
1113 3987 1380 4054 Συμεῶνα
1405 3990 1689 4059 Στυλίτην.
1783 3975 1792 3996 ⁴

612 4112 1033 4169 PIIILAGATIII
1074 4117 1488 4173 PIIILOSOPIII
1531 4120 1733 4175 OPUS.

459 4225 640 4281 Sermo
665 4230 708 4280 I.
735 4227 970 4283 Homilia
1009 4232 1150 4285 dicta
1185 4231 1237 4285 in
1268 4235 1586 4303 principium
1621 4235 1966 4304 Indictionis,

390 4331 439 4375 et
485 4325 538 4375 in
576 4333 816 4375 sanctum
863 4321 1172 4393 Symeonem
1211 4324 1479 4395 Stylitem.
1517 4328 1705 4397 Incipit
1738 4348 1750 4384 :
1798 4330 1966 4383 Εὐλο-

385 4413 552 4482 γητὸς
587 4413 615 4463 6
659 4413 790 4476 Θεὸς
832 4415 859 4466 6
906 4414 1250 4479 καταξιώσας
1303 4419 1450 4486 ἡμᾶς
1503 4419 1818 4490 διαδραμεῖν
1865 4424 1966 4495 τὴν

387 4505 655 4575 κυκλικὴν
690 4506 784 4558 τοῦ
821 4505 1017 4575 χρόνου
1051 4509 1332 4578 περίοδον.
1373 4509 1497 4564 Ητιέ
1538 4511 1586 4563 in
1620 4510 1966 4582 TlteOphanis

384 4598 626 4652 editione
672 4613 698 4648 a
754 4596 950 4651 Scorso
982 4599 1120 4654 facta
1162 4612 1482 4654 numeratur
1511 4604 1727 4657 lmmilia
1767 4605 1817 4659 I.

454 4689 509 4743 4.
561 4690 787 4743 Averso.
842 4691 974 4757 Λόγ.
1012 4690 1078 4760 β’.
1138 4693 1358 4762 Ὀμιλία
1415 4694 1494 4756 εἰς
1542 4695 1632 4746 τὸν
1676 4697 1964 4771 ὀφειλέτην

383 4782 493 4834 τῶν
525 4783 735 4851 μυρίων
778 4782 1076 4837 ταλάντων.
1123 4785 1347 4856 Ἐλὲχθη
1379 4789 1438 4838 ἐν
1479 4788 1556 4858 τῷ
1599 4789 1814 4858 ἄμϐωνι
1865 4792 1964 4862 τῆς

384 4872 851 4942 ἀρχιεπισκοπῆς.
893 4871 1080 4928 Sermo
1107 4875 1161 4928 2.
1197 4877 1433 4930 Homilia
1463 4879 1517 4930 in
1549 4878 1835 4934 debitorem
1869 4882 1962 4934 de-

380 4979 495 5017 cem
525 4963 669 5016 mille
699 4966 1040 5020 talentorum.
1091 4967 1447 5022 Pronuntiata
1485 4971 1587 5038 fuit
1625 4973 1678 5024 in
1717 4974 1957 5036 ambone,

385 5057 499 5109 sive
535 5068 784 5126 suggestu
835 5059 1300 5127 are/:iepiscopalis
1329 5061 1582 5116 ecclesiis.
1630 5063 1818 5133 Incipit
1848 5083 1863 5119 :
1897 5066 1960 5118 Oi

384 5149 730 5218 παιδοτρίϐαι
773 5150 996 5204 καὶτῶν
1030 5152 1166 5205 νέων
1207 5153 1540 5207 διδάσκαλοι.
1579 5155 1702 5209 ILec
1734 5169 1816 5211 est
1856 5157 1961 5211 ibi-

384 5242 505 5294 dem
541 5240 596 5294 2.

455 5332 505 5385 7.
547 5333 678 5401 Λόγ.
719 5333 770 5404 γ’
818 5337 1039 5404 Ὀμιλία
1103 5338 1332 5410 ρηϐεἶσα
1381 5341 1635 5412 Κυριακῇ
1695 5343 1802 5412 πρὸ
1859 5345 1959 5413 τῆς

393 5423 693 5494 ’Υψώσεως
727 5445 739 5458 ·
771 5445 789 5475 ι
818 5429 1007 5492 Οὐδεὶς
1032 5431 1378 5502 ἀναϐέϐηκεν
1405 5437 1485 5495 εἰς
1518 5437 1609 5488 τὸν
1640 5436 1892 5504 οὐρανόν.
1935 5457 1952 5488 s

395 5519 622 5590 Ἐλέχθη
654 5521 680 5573 ἐ
708 5521 786 5590 τῷ
822 5522 1060 5592 ἄμϐωνι.
1098 5523 1281 5579 Sermo
1310 5527 1362 5580 5.
1397 5529 1635 5582 Hemi/ia
1666 5529 1807 5582 dicta
1852 5529 1959 5584 Do-

382 5611 580 5663 minica
637 5623 756 5665 ante
809 5614 997 5681 festum
1052 5616 1676 5688 E1altatiorris(sanclaz
1735 5621 1954 5688 erucis).

387 5717 406 5748 ι
445 5697 642 5752 Nullus
683 5705 917 5756 ascendit
969 5706 1019 5758 in
1067 5707 1273 5760 coelum.
1319 5728 1337 5758 ι
1377 5708 1734 5762 Pronuntiata
1767 5711 1868 5778 fuit
1902 5713 1953 5766 in

382 5792 621 5848 ambone.
671 5796 864 5868 Incipit
903 5816 913 5852 :
946 5799 1084 5870 Φέρε
1133 5801 1411 5871 σήμερον,
1449 5796 1492 5853 ὦ
1539 5802 1950 5871 θεοφιλέστατον

2081 471 2381 545 ἄθροισμα,
2429 475 2531 546 τῆς
2565 473 2856 547 ζωηφόρου
2904 473 3141 544 σταυροῦ
3189 472 3547 543 Ἀνυψὼσεως
3589 474 3660 532 τὰ

2080 565 2378 636 προεόρτια
2409 567 2791 637 ἑορτάσωμεν.
2828 567 2924 622 Est
2954 566 3151 621 ibidem
3181 565 3236 620 5.
3418 556 3420 558 ’

2149 652 2203 707 9.
2246 655 2476 709 Averso.
2518 655 2653 723 Λόγ.
2687 655 2751 708 δ’.
2792 655 3013 723 Ὀμιλία
3049 656 3130 718 εἰς
3162 656 3261 724 τὴν
3291 654 3540 724 ’Ύψωσιν
3565 654 3659 708 τοῦ

2077 745 2263 815 τιμίου
2320 745 2419 797 καὶ
2474 745 2743 809 ζωοποιοῦ
2799 745 3064 816 σταυροῦ.
3102 745 3331 817 Ἑλέχθη
3361 747 3420 798 ὲν
3442 744 3521 816 τῷ
3554 749 3661 815 ἄμ-

2079 835 2213 888 ϐωνι
2246 839 2344 906 τῆς
2370 837 2839 908 ἀρχιεπισκοπῆς.
2862 837 3044 891 Sermo
3068 836 3122 892 1.
3147 836 3385 891 Homilia
3416 838 3468 890 in
3501 837 3662 891 Exol-

2081 929 2335 982 tationem
2361 930 2603 995 pretiosa:
2641 938 2691 983 et
2742 929 3037 996 salutifera:
3077 931 3268 983 crucis.
3301 929 3660 984 Pronuntiata

2080 1020 2184 1089 fuit
2221 1021 2274 1074 in
2328 1019 2550 1076 ambone
2599 1021 3059 1090 archiepiscopalis
3103 1021 3359 1076 ecclesiw.
3403 1021 3596 1089 Incipit
3640 1037 3656 1075 :

2093 1111 2236 1182 Ὀρῶ
2273 1112 2517 1183 σήμερον
2547 1112 2644 1167 τοῦ
2691 1112 2933 1182 μεγάλου
2963 1112 3116 1168 τοῦδε
3157 1114 3286 1165 ναοῦ
3326 1113 3417 1166 τὸν
3465 1113 3661 1166 σεϐάσ-

2084 1223 2204 1275 μιον
2237 1205 2437 1277 ὄροφον
2489 1207 2585 1276 τὴν
2631 1206 2884 1277 οὐράνιον
2917 1206 3258 1278 μιμούμενον
3291 1206 3519 1274 ἄντυγα.
3565 1206 3663 1260 Est

2081 1297 2274 1351 ibidem
2308 1296 2361 1350 ι.

2151 1389 2238 1443 15.
2279 1388 2414 1457 Λόγ.
2453 1395 2514 1442 ε’.
2565 1387 2784 1458 Ὀμιλία
2824 1389 2904 1451 είς
2933 1387 3013 1451 τὸ,
3072 1403 3091 1437 ι
3145 1383 3436 1452 Ἑθέλησεν
3481 1384 3510 1434 6
3549 1383 3659 1452 ’1η-

2081 1481 2208 1544 σοῦς
2253 1480 2495 1546 ἐξελθεῖν
2527 1482 2608 1543 εἰς
2639 1480 2738 1550 τὴν
2779 1479 3098 1533 Γαλιλαίαν.
3136 1497 3156 1530 ›
3206 1475 3430 1546 ἘλέχΟη
3471 1474 3529 1529 ὲν
3581 1473 3660 1543 τῷ

2078 1572 2192 1643 ναῷ
2237 1571 2334 1625 τοῦ
2378 1573 2539 1640 ἁγίου
2590 1572 2893 1625 ἀποστόλου
2927 1570 3203 1624 Φιλίππου
3237 1569 3317 1630 είς
3344 1567 3444 1637 τὴν
3466 1567 3659 1637 ἑορτὴν

2077 1662 2270 1718 αὑτοῦ.
2329 1664 2516 1719 Sermo
2553 1664 2608 1718 5.
2657 1663 2896 1718 Mamilia
2931 1665 2986 1716 in
3029 1661 3186 1726 illud,
3226 1680 3244 1713 ι
3280 1657 3455 1714 Voluit
3501 1657 3660 1711 Jesus

2075 1756 2340 1824 proﬁcisci
2364 1758 2418 1809 in
2462 1752 2764 1810 Galilazam.
2807 1774 2825 1804 ι
2871 1753 3236 1807 Pronuntiata
3279 1751 3379 1818 fuit
3431 1750 3484 1802 in
3524 1759 3658 1802 tent-

2075 1849 2163 1916 plo
2204 1847 2265 1907 S.
2317 1846 2554 1918 Philippi
2608 1848 2863 1919 apostoli,
2908 1849 2962 1900 in
3014 1846 3127 1914 ejus
3167 1844 3376 1912 festum.
3414 1842 3603 1909 Incipit
3641 1858 3656 1896 :

2077 1943 2152 1996 Οὐ
2209 1943 2370 2013 μόνον
2418 1941 2846 2012 περιπολοῦντες
2881 1937 3214 2009 σωματικῶς
3253 1937 3312 1988 ὲν
3353 1937 3420 2006 τῇ
3459 1937 3530 2005 γῇ
3563 1933 3658 1987 τοῦ

2076 2040 2352 2112 Σωτῆρος.
2393 2039 2490 2094 Est
2523 2039 2720 2095 ibidem
2769 2036 2863 2095 49.
3397 2049 3402 2054 ’

2147 2131 2236 2189 15.
2263 2133 2488 2186 Averso.
2535 2131 2668 2198 Λόγ.
2698 2127 2773 2194 ς’.
2806 2127 3026 2198 Ὀμιλία
3063 2126 3193 2198 περὶ
3218 2125 3310 2178 τοῦ
3339 2122 3658 2193 σεληνιαζο-

2079 2223 2264 2294 μένου.
2309 2222 2535 2292 Ἐλέχθη
2571 2225 2626 2274 ἐν
2670 2221 2748 2291 τῷ
2784 2220 2997 2290 ἄμϐωνι
3039 2219 3137 2288 τῆς
3192 2213 3657 2287 ἀρχιεπισκοπῆς.

2077 2313 2265 2369 Sermo
2296 2312 2349 2367 6.
2386 2311 2626 2365 Homilia
2655 2313 2719 2365 de
2751 2310 3003 2364 lunatico.
3051 2308 3406 2362 Pronuntiata
3455 2305 3551 2371 {ait
3603 2307 3660 2358 in

2077 2407 2298 2461 ambone
2331 2404 2796 2474 archiepiscopalis
2839 2403 3096 2458 ecclesim.
3136 2400 3366 2469 Incipit:
3408 2397 3658 2467 Ὀτρύνει

2081 2499 2181 2569 μὲν
2242 2499 2408 2552 ἵππον
2461 2497 2748 2568 ἀγέρωχον
2799 2495 2993 2558 πεδιὰς
3040 2493 3362 2566 ήπλωμένη.
3406 2491 3501 2545 Est
3553 2489 3657 2544 ibi-

2077 2589 2199 2643 dem
2235 2589 2326 2643 25.

2147 2681 2236 2734 17.
2269 2682 2493 2735 Averso.
2535 2681 2666 2749 Λόγ.
2714 2681 2780 2744 ζ’.
2827 2677 3043 2750 Ὀμιλία
3087 2677 3217 2749 περὶ
3272 2676 3393 2740 τοῦ,
3423 2675 3659 2746 Ἔχοντα

2076 2770 2171 2825 τὸν
2195 2770 2462 2839 λεγεῶνα.
2515 2770 2742 2841 Ἐλέχθη
2796 2771 2854 2824 ὲν
2894 2769 2973 2841 τῷ
3010 2768 3211 2840 ἇμϐονι
3253 2768 3350 2836 τῆς
3406 2768 3658 2838 ἁρχιεπι-

2077 2862 2309 2931 σκοπῆς.
2341 2861 2523 2916 Sermo
2555 2862 2611 2916 7.
2650 2861 2888 2916 Homilia
2921 2864 2974 2917 in
3004 2859 3137 2914 illud
3171 2876 3230 2914 :t
3266 2857 3552 2913 [labentem
3581 2858 3658 2911 le-

2075 2957 2302 3023 gionem.
2334 2977 2351 3005 »
2373 2953 2728 3007 Pronuntiata
2759 2955 2864 3022 fuit
2899 2953 2952 3007 in
2977 2952 3196 3008 ambone
3235 2953 3656 3021 archiepiscopa—

2075 3045 2141 3096 lis
2183 3043 2432 3097 ecclesire.
2467 3041 2703 3112 Incipit:
2747 3043 2968 3112 Ἐπὲχει
3018 3060 3119 3111 μου
3167 3041 3266 3112 τὴν
3322 3041 3570 3110 γλῶτταν
3620 3042 3654 3111 ή

2075 3136 2231 3197 νόσος
2276 3133 2371 3188 τοῦ
2417 3134 2693 3204 σώματος.
2731 3133 2825 3190 Est
2875 3135 3074 3189 ibidem
3121 3133 3176 3189 9.
3212 3133 3282 3187 At
3331 3133 3445 3188 haec
3489 3148 3656 3203 prope

2077 3237 2208 3289 tota,
2246 3225 2446 3280 avulsis
2491 3225 2748 3280 nimirum
2801 3225 2966 3291 foliis,
3005 3226 3222 3292 deﬁcit;
3272 3225 3473 3282 desinit
3509 3227 3654 3281 enim

2075 3319 2126 3373 in
2161 3320 2274 3374 haec
2323 3320 2530 3373 verba:
2578 3317 2894 3390 ’Δμφὸτερα
2940 3317 3049 3390 γὰρ
3107 3313 3255 3372 οἷκον
3309 3318 3654 3389 προαστείων

2076 3415 2426 3484 σημαίνουσι,
2470 3413 2951 3486 μεταμειϐομένης
2997 3414 3100 3482 τῆς
3135 3412 3419 3485 Ἐὂραῖδος
3443 3413 3522 3478 είς
3557 3413 3654 3484 τὴν

2087 3502 2312 3556 Ἐλλάδα
2346 3504 2554 3574 φωνήν.
2589 3503 2663 3556 Τὸ
2683 3503 2742 3556 δὲ
2770 3502 2864 3556 δύο
2895 3505 3020 3567 τοὺς
3049 3503 3204 3558 δαι...
3235 3517 3354 3574 quae
3381 3503 3434 3558 in
3466 3503 3655 3559 lauda-

2076 3602 2142 3647 tae
2165 3593 2421 3648 editionis
2453 3595 2558 3648 ima
2588 3609 2712 3664 pag.
2746 3593 2814 3649 55
2852 3594 3116 3648 invenias.

2146 3686 2367 3742 Avulsis
2387 3701 2604 3758 quoque
2633 3686 2794 3751 foliis,
2825 3695 2949 3742 tota:
2979 3686 3241 3743 deﬁciunt
3269 3685 3506 3744 humilia
3531 3701 3651 3752 ses,

2072 3797 2207 3852 quas
2239 3781 2500 3851 consequi
2547 3783 2854 3851 oportebat.

2144 3867 2344 3924 Octava
2381 3869 2650 3934 videlicet,
2716 3871 2811 3933 Et;
2868 3870 2932 3924 τὸ
2977 3869 3149 3925 Ίωάν.
3194 3871 3475 3941 εὐαγγέλ..
3521 3890 3540 3924 ι
3575 3871 3656 3925 Ἐ-

2075 3962 2265 4032 στήκει
2299 3960 2580 4032 Ἰωάννης,
2615 3979 2634 4012 s
2672 3962 2766 4016 καὶ
2795 3963 2877 4026 είς
2919 3963 3020 4033 τὴν
3069 3962 3165 4018 τοῦ
3197 3965 3497 4018 ἀποστόλου
3529 3965 3654 4019 Ἀν-

2071 4055 2251 4125 δρέου.
2280 4061 2348 4109 In
2380 4055 2517 4109 illud
2549 4054 2778 4111 Joannis
2812 4054 3080 4126 Evangelii
3109 4072 3129 4111 :
3169 4076 3189 4109 ι
3241 4055 3428 4113 Stabat
3482 4058 3654 4112 Joan-

2070 4164 2182 4212 nes,
2219 4166 2236 4199 ι
2274 4155 2323 4202 et
2363 4151 2415 4200 in
2443 4147 2636 4215 festum
2679 4148 2909 4214 apostoli
2957 4150 3184 4204 Andrea:
3233 4165 3252 4203 :
3297 4166 3418 4220 qum
3453 4152 3649 4206 ibidem

2071 4248 2392 4294 numeratur
2437 4240 2657 4294 ltomilia
2688 4239 2778 4295 50.

2142 4330 2316 4394 Nona,
2345 4330 2500 4399 cuius
2525 4331 2685 4400 plane
2715 4331 2845 4386 latet
2880 4333 3187 4403 inscriptio,
3212 4336 3354 4406 quod
3389 4338 3440 4393 in
3469 4340 3650 4408 priore

2071 4419 2231 4488 hujus
2272 4419 2478 4475 codicis
2537 4419 2881 4474 homiliarum
2931 4421 3106 4477 indice
3150 4424 3438 4481 obliterata
3468 4429 3560 4493 sit,
3593 4429 3648 4482 ln

2070 4515 2373 4584 posteriore
2405 4513 2794 4582 praetermissa.

2140 4605 2382 4671 Decima,
2430 4605 2567 4674 Περὶ
2600 4605 2698 4675 τῆς
2735 4605 3174 4676 αἱμορῤοούσης,
3221 4608 3316 4663 καὶ
3365 4611 3494 4681 περὶ
3549 4612 3648 4682 τῆς

2070 4699 2340 4770 θυγατρὸς
2380 4697 2475 4752 τοῦ
2514 4698 2992 4769 ἀρχισυναγώγου.
3028 4701 3105 4755 De
3139 4702 3563 4771 Ita’morrhoissa,
3597 4717 3646 4760 et

2068 4795 2131 4848 de
2157 4791 2559 4860 archisynagogi
2595 4792 2710 4859 ﬁlia
2739 4808 2756 4847 :
2789 4807 2909 4860 quae
2946 4794 3142 4848 ibidem
3177 4798 3379 4862 pariter
3421 4806 3504 4852 est
3555 4798 3642 4855 10.

2142 4883 2461 4947 Undecima,
2487 4883 2580 4946 Εἰς
2612 4884 2703 4934 τὸν
2733 4882 2988 4938 πλούσιον
3015 4886 3110 4938 καὶ
3140 4886 3232 4940 τὸν
3264 4888 3539 4959 Λάζαρον.
3571 4889 3642 4945 In

2067 4977 2281 5031 divitem
2309 4984 2358 5028 et
2386 4975 2672 5040 Lazarum,
2709 4992 2828 5044 qua:
2855 4976 3050 5030 ibidem
3082 4989 3163 5032 est
3193 4978 3246 5034 8.

2138 5068 2488 5133 Duodecimn,
2527 5069 2662 5138 Περὶ
2695 5067 2788 5121 τοῦ
2831 5069 3196 5139 ἀρχιτελώνου
3234 5074 3526 5144 Ζακχαίου.
3564 5075 3640 5131 De

2065 5160 2322 5216 Zacchtco
2340 5161 2741 5230 publicanorum
2767 5162 3028 5230 principe,
3064 5179 3184 5231 qute
3210 5164 3406 5220 ibidem
3439 5178 3523 5222 est
3550 5169 3639 5224 15.

2141 5253 2354 5306 Decima
2391 5252 2572 5317 tertia,
2599 5252 2737 5322 Περὶ⁵
2772 5249 2866 5304 τοῦ
2909 5251 3155 5306 Τελώνου
3190 5255 3284 5308 καὶ
3313 5257 3636 5327 Φαρισαίου.

2068 5347 2142 5402 De
2165 5347 2455 5401 Publicano
2496 5357 2541 5398 et
2591 5347 2888 5414 Pharismo,
2918 5364 3040 5419 qum
3074 5349 3271 5403 ibidem
3298 5359 3381 5404 est
3409 5351 3497 5405 16.

2138 5439 2483 5509 Singularium
2514 5448 2692 5492 autem
2721 5441 3025 5509 lmjusmodi
3059 5440 3398 5496 ltomiliarum
3441 5444 3642 5500 inscri‘

2064 5533 2295 5603 ptioncs,
2350 5542 2547 5600 prieter
2577 5547 2737 5601 supra
2789 5533 3014 5596 dictam,
3063 5549 3127 5586 ex
3179 5544 3409 5605 utroque
3465 5537 3644 5592 indice

2062 5626 2220 5695 plane
2264 5633 2536 5678 constant.
2574 5625 2793 5677 Atvero
2837 5624 3016 5678 minus
3051 5626 3388 5684 incommode
3419 5631 3635 5696 accidit,

2063 5716 2206 5783 quod
2241 5728 2318 5766 eae
2364 5722 2568 5765 tantum
2615 5712 2702 5766 hic
2748 5713 2984 5767 homiliae
3030 5715 3306 5786 deficiant,
3337 5735 3457 5790 qua:
3487 5731 3638 5790 typo--

2068 5823 2184 5863 rum
2213 5805 2473 5862 beneﬁcio
2497 5805 2603 5874 iam
2640 5806 2691 5858 in
2723 5814 2837 5858 tuto
2871 5817 3173 5864 versantur.
