4122 6420
262 384 340 449 25
1462 402 1841 466 RECENSIO
1881 404 2049 467 COD.
2090 408 2409 470 MATRI'I‘.
3484 405 3558 469 26

344 501 443 557 18.
483 503 706 572 Ὀμιλία
752 506 891 580 (ιδ’.)
936 509 1072 581 Περὶ
1104 510 1200 565 τοῦ
1230 511 1469 568 ἀσώτου.
1506 514 1749 571 Humilia
1785 517 1875 583 14,

277 593 361 649 De
399 598 644 667 proaigo.
672 597 832 653 Initio
860 600 1066 670 mutila,
1105 603 1172 657 ab
1206 604 1288 661 bis
1318 607 1497 662 verbis
1531 608 1737 677 incipit,
1776 610 1882 662 Ilo-

279 686 345 741 τὶ
379 688 483 757 μὲν
510 689 768 761 δραχμὴν
796 690 970 745 εἰπὼν
1000 695 1067 765 τῇ
1108 696 1300 769 κόπρῳ
1327 698 1739 769 σηχωσθεῖσαν
1770 699 1879 753 τῶν

284 780 521 849 ἡδονῶν,
540 797 659 849 qua:
685 783 739 836 in
766 784 996 856 allegata
1020 788 1259 844 editione
1286 805 1407 861 pag.
1440 791 1566 857 lOI,
1604 808 1764 847 versu
1786 792 1877 856 20,

295 871 477 942 legas;
518 884 708 943 estque
759 876 955 932 ibidem
990 879 1082 935 17.

361 964 456 1019 22.
501 966 723 1037 Ὀμιλία
754 975 837 1031 ιε’,
877 971 957 1033 είς
992 972 1073 1038 rb,
1112 991 1131 1024 ι
1171 974 1343 1027 Ὅταν
1375 974 1505 1049 ἔλθῃ
1547 976 1575 1029 ὁ
1619 974 1751 1039 Tib;
1783 975 1878 1029 τοῦ

292 1056 587 1127 ἀνθρώπου
639 1059 700 1112 ἑν
758 1062 823 1131 τῇ
869 1060 995 1132 δόξῃ
1027 1062 1219 1122 αὐτοῦ.
1271 1084 1290 1117 s
1344 1065 1568 1137 Ἐλὲχθη
1619 1066 1877 1137 Κυριακῇ

302 1147 633 1218 ’Λποκρέου.
670 1149 907 1205 Humilia
938 1153 1023 1217 I5,
1059 1156 1115 1207 in
1147 1154 1283 1210 illud
1313 1174 1331 1211 :
1379 1176 1396 1208 t
1433 1157 1660 1223 Quando
1687 1158 1880 1211 venerit

292 1236 344 1289 F'
345 1238 472 1293 ilius
508 1239 741 1294 hominis
765 1242 819 1295 in
846 1243 1017 1311 gloria
1039 1261 1157 1300 sua.
1192 1266 1210 1298 ι
1246 1246 1598 1302 Pronuntiata
1632 1248 1733 1316 fuit
1769 1248 1878 1301 Do-

290 1330 489 1382 minica
532 1332 906 1398 (iarnisprivii.
943 1332 1159 1404 Incipit.
1191 1332 1317 1391 Οἷόν
1350 1357 1402 1392 τι
1435 1339 1737 1410 πάσχουσιν
1770 1336 1879 1392 ἀπό

288 1438 436 1483 τινος
461 1422 673 1493 ὑψηλῆς
702 1425 1039 1497 ἀκρωρείας.
1076 1429 1169 1484 Est
1202 1430 1399 1485 ibidem
1432 1431 1520 1490 I8.

360 1513 456 1568 25.
502 1514 719 1585 Ὀμιλία
753 1518 852 1585 ις’,
884 1521 966 1583 είς
988 1521 1070 1589 τὸ,
1102 1542 1120 1575 ‹
1162 1524 1292 1578 Ἐὰν
1317 1526 1496 1595 ἀφῆτε
1526 1529 1641 1593 τοῖς
1670 1527 1881 1599 ἀνθρώ-

288 1622 416 1667 ποις
454 1606 527 1659 τά
554 1611 1011 1679 παραπτώματα.
1058 1632 1076 1664 ι
1124 1614 1350 1687 Ἐλέχθη
1400 1619 1659 1690 Κυριακῇ
1705 1621 1879 1691 Τυρο-

287 1697 632 1762 απΟΘέσεως.
690 1700 923 1757 Humilia
968 1705 1052 1766 16,
1091 1706 1143 1761 ίη
1174 1708 1364 1764 illud:
1403 1728 1422 1760 ι
1470 1708 1527 1763 Si
1575 1712 1879 1764 dimiseritis

287 1790 596 1846 hominibus
626 1805 866 1862 peccata.
902 1816 919 1847 ι
957 1796 1312 1855 Pronuntiala
1337 1801 1437 1866 fuit
1470 1801 1746 1856 Dominica
1772 1804 1879 1855 Tu-

291 1885 701 1951 ροαποθέσεως,
742 1888 792 1941 id
835 1897 939 1952 est.
975 1890 1331 1949 hebdomadas
1362 1908 1463 1960 qua
1491 1892 1664 1948 Grreci
1711 1893 1879 1948 absti-

287 1977 535 2030 nentiam
584 1981 725 2033 casei
756 1982 1135 2037 exordiantur.
1183 1985 1395 2055 Incipit,
1428 1987 1491 2039 Oi
1539 1987 1596 2038 ἑν
1642 1989 1756 2048 τοῖς
1789 1987 1876 2040 ίπ-

288 2070 476 2130 πικοϊς
502 2055 691 2133 ἄθλοις
724 2071 1144 2143 ἀγωνιζόμενοι.
1179 2075 1275 2129 Est
1305 2076 1504 2131 ibidem
1539 2077 1625 2133 l9.

356 2159 455 2217 27.
495 2163 723 2219 Averso.
757 2164 979 2234 Ὀμιλία
1011 2167 1099 2231 ιζ’,
1134 2169 1396 2237 περὶτῶν
1430 2169 1603 2238 ἁγίων
1628 2169 1876 2224 εἰκόνων.

318 2250 537 2322 Ελέχθη
571 2254 828 2324 Κυριακῇ
862 2256 963 2325 τῆς
1007 2256 1369 2327 Ὀρθοδοξίας.
1414 2258 1648 2313 Humilia
1698 2260 1784 2324 17,
1814 2259 1879 2314 de

285 2345 493 2398 sanctis
512 2346 849 2415 imaginibus.
871 2347 1225 2405 Pronuntiata
1244 2351 1347 2420 fuit
1378 2351 1657 2406 Dominica
1686 2350 1882 2407 Ortho-

287 2440 487 2501 ἀπίω,
515 2439 617 2493 hoc
659 2451 741 2494 est
794 2438 1222 2513 Quadragesima:
1265 2443 1592 2499 Grecorum.
1659 2443 1871 2514 Incipit,

285 2531 548 2602 Λαμπρά
568 2532 731 2603 ἑορτὴ
750 2534 844 2586 καὶ
867 2536 1181 2607 πανήγυρις
1197 2537 1423 2606 ἑπὲστη.
1452 2537 1541 2591 Est
1560 2538 1757 2591 ibidem
1786 2536 1878 2590 20.

359 2622 454 2677 29.
499 2625 727 2679 Averso.
771 2624 991 2695 Ὀμιλία
1038 2634 1130 2699 ιη’,
1172 2631 1303 2698 περὶ
1347 2629 1442 2682 τοῦ
1496 2628 1877 2700 παραλυτικοΰ

285 2714 384 2767 τοῦ
419 2716 481 2769 ἑν
505 2716 908 2788 Καπερναούμ.
946 2718 1175 2790 Ἕλὲχθη
1206 2721 1462 2792 κυριακῇ
1508 2721 1742 2791 δευτέρα
1770 2719 1878 2772 τῶν

287 2806 607 2874 Νηστειῶν.
659 2808 901 2865 Humilia
953 2811 1041 2877 18,
1103 2814 1168 2867 de
1214 2813 1509 2884 paralytico
1546 2817 1598 2867 in
1639 2812 1880 2881 Caphar-

289 2918 482 2955 naum.
526 2899 881 2957 Prouuntiata
911 2905 1010 2970 fuit
1058 2904 1333 2959 Dominica
1374 2908 1604 2959 secunda
1634 2904 1871 2972 Jejunio-

289 3008 433 3045 rum.
468 2991 683 3062 Incipit,
734 2995 1125 3066 Ἐπειγόμενος
1166 2998 1267 3068 τῆς
1315 2998 1581 3069 συνήθους
1623 2997 1881 3051 διδασκα-

287 3080 419 3145 λίας
448 3084 783 3153 ἑφάψασθαι.
814 3085 909 3140 Est
939 3087 1136 3141 ibidem
1164 3088 1255 3143 2|.

365 3176 460 3229 52.
493 3177 627 3243 Λόγ.
669 3177 757 3232 ιϐ’.
797 3178 1015 3247 Ὀμιλία
1044 3181 1126 3244 είς
1157 3181 1240 3246 τὸ,
1273 3200 1293 3234 ι
1324 3181 1513 3246 Ὅστις
1538 3182 1680 3235 θέλει
1705 3181 1880 3236 ὀπίσω

295 3286 403 3339 μου
426 3269 771 3324 ἀκολουθεῖν.
812 3288 831 3321 s
877 3270 1104 3341 Ἐλὲχθη
1138 3273 1397 3343 κυριακῇ
1433 3272 1595 3344 τρίτῃ
1626 3272 1736 3326 τῶν
1766 3273 1881 3342 Νη-

291 3364 517 3419 στειῶν.
548 3364 738 3418 Sermo
776 3365 863 3420 I9.
892 3364 1133 3419 Humilia
1163 3367 1215 3420 in
1248 3366 1383 3419 illud
1413 3382 1432 3419 :
1473 3386 1491 3418 ι
1529 3364 1590 3421 Si
1618 3367 1734 3435 quis
1758 3366 1881 3419 velit

290 3465 415 3526 post
471 3472 557 3511 me
586 3457 756 3526 sequi.
799 3476 818 3508 ι
857 3456 1209 3512 l’ronuntiata
1260 3458 1363 3527 fuit
1420 3458 1697 3513 Dominica
1728 3460 1881 3515 tertia

290 3549 658 3618 Jejuniorum.
698 3548 914 3619 Incipit,
937 3549 1052 3603 Νῦν
1095 3537 1232 3621 ἡμῖν
1266 3552 1367 3621 τῆς
1402 3550 1732 3623 ἐγκρατείας
1759 3568 1881 3605 και-

297 3641 392 3709 pb;
416 3640 677 3709 ἔφθασεν.
710 3640 804 3695 Est
830 3641 1029 3695 ibidem
1058 3641 1151 3699 22.

367 3731 462 3785 34.
506 3732 729 3801 Ὀμιλία
760 3730 831 3795 κ’,
868 3733 949 3794 είς
998 3732 1081 3797 τὸ,
1146 3750 1165 3784 t
1218 3732 1350 3786 Ἰδοὺ
1404 3731 1777 3802 ἀναϐαίνομεν
1802 3734 1882 3795 είς

301 3820 697 3891 Ἰερουσαλήμ.
722 3840 741 3874 ι
799 3822 1024 3893 Ἐλέχθη
1067 3824 1324 3894 κυριακῇ
1360 3821 1401 3877 ε’
1436 3825 1545 3877 τῶν
1572 3823 1877 3893 Νηστειῶν’

294 3915 558 3984 κυριακῇ
583 3914 625 3967 δ’
650 3914 772 3985 ζήτ.
796 3914 915 3982 λόγ.
943 3915 1007 3980 ζ’.
1044 3915 1285 3970 Humilia
1304 3916 1397 3982 20,
1416 3917 1469 3970 in
1494 3915 1630 3970 illud
1657 3931 1676 3969 :
1719 3934 1737 3967 ι
1777 3914 1883 3969 Ec-

294 4024 354 4062 ce
396 4009 732 4061 ascendimus
790 4007 1240 4079 Hierosolymam.
1301 4027 1319 4058 ι
1378 4008 1737 4063 Pronuntiata
1784 4008 1883 4076 fuit

296 4098 581 4151 Dominica
610 4097 643 4151 5
667 4095 1031 4167 Jejuniorum.
1068 4098 1352 4152 Dominica
1391 4098 1425 4152 4
1459 4114 1637 4168 qutere
1664 4098 1880 4154 Sermo-

291 4207 416 4243 nem
442 4190 497 4242 7.
524 4188 722 4255 Incipit
766 4210 779 4243 :
819 4189 879 4242 Ὀ
914 4190 1013 4259 μὲν
1053 4191 1155 4262 τῆς
1184 4190 1515 4262 ἐγκρατείας
1544 4191 1739 4262 καιρὸς
1778 4190 1882 4263 ἠδη

291 4279 600 4351 προέκοψε.
648 4279 739 4334 Est
774 4281 969 4335 ibidem
1003 4281 1097 4337 24.

370 4373 465 4428 38.
510 4371 643 4439 A67.
679 4371 787 4426 κα’.
830 4372 1054 4440 Ὀμιλία
1081 4375 1164 4438 είς
1193 4376 1572 4447 τετραήμερον
1612 4374 1884 4448 Λάζαρον.

308 4464 553 4533 Ἔλέχθη
582 4465 640 4516 ἑν
666 4464 743 4534 τῷ
778 4465 1016 4535 ἀμσωνι.
1047 4466 1233 4521 Sermo
1262 4468 1355 4535 2i,
1400 4468 1637 4523 Humilia
1672 4469 1725 4522 in
1755 4485 1888 4539 qua-

299 4557 615 4610 triduanum
661 4554 953 4609 Lazarum.
999 4555 1363 4612 Pronuntiata
1396 4560 1501 4628 fuit
1538 4561 1593 4612 in
1644 4558 1883 4614 amboue.

296 4647 516 4715 Incipit,
560 4645 869 4715 Πολυτελὴν
903 4647 980 4715 (in
1033 4649 1238 4700 excusis
1286 4649 1514 4720 Πολλὴν)
1558 4649 1888 4704 πανδαισίαν

297 4741 438 4809 ἡμῖν
466 4741 496 4791 6
525 4738 845 4807 ἑπιστήθιος
890 4740 1314 4811 εὑαγγελιστής.
1349 4736 1451 4797 Est
1485 4743 1682 4797 ibidem
1721 4741 1812 4797 25.

372 4832 467 4887 45.
496 4832 631 4897 Λόγ.
663 4829 767 4899 κβ’.
804 4829 1025 4901 Ὀμιλία
1048 4833 1129 4894 είς
1153 4833 1247 4886 τὸν
1271 4833 1710 4904 Εὑαγγελισμόν.
1744 4834 1891 4888 Ἐλέ-

296 4924 409 4994 χθη
459 4926 519 4975 ἑν
559 4921 638 4991 τῷ
671 4921 890 4992 άμῦωνι
936 4922 1037 4992 τῆς
1071 4925 1537 4995 άρχιεπισκοπῆς.
1573 4924 1759 4980 Sermo
1794 4927 1888 4992 2i,

285 5013 538 5070 Humilia
565 5015 619 5066 in
650 5014 1138 5069 Anuuntiationem.
1175 5014 1538 5070 Pronuntiata
1569 5018 1667 5085 fuit
1695 5019 1752 5071 in
1772 5034 1889 5072 am-

298 5108 437 5160 boue
485 5105 950 5175 archiepiscopalis
982 5107 1241 5163 ecclesia.
1280 5107 1476 5178 Incipit
1509 5127 1523 5163 :
1561 5111 1812 5182 Σήμερον
1852 5113 1887 5182 ή

296 5199 618 5267 Ἐκκλησία
664 5198 1009 5269 δᾳδουχείται
1077 5202 1382 5270 μυστικῶς.
1432 5202 1527 5257 Est
1574 5204 1769 5259 ibidem
1797 5205 1891 5261 55.

368 5290 465 5355 45,
516 5305 726 5344 averso.
778 5291 912 5359 A67.
967 5299 1074 5359 κγ’.
1144 5293 1365 5362 Ὀμιλία
1417 5294 1650 5364 ρηθεῖσα
1701 5297 1784 5359 είς
1829 5295 1891 5349 τὸ

296 5380 639 5448 εὒαγγέλιον
671 5382 781 5434 τῶν
823 5384 996 5452 ἁγίων
1029 5384 1248 5439 Παθῶν.
1292 5386 1515 5455 Ἐλέχθη
1554 5387 1618 5457 τῇ
1680 5388 1888 5459 μεγάλῃ

298 5473 645 5544 Παρασκευῇ
683 5491 823 5543 μετα
863 5474 960 5526 τὸν
1005 5474 1222 5545 ὄρθρον.
1275 5474 1458 5530 Sermo
1515 5477 1605 5531 2'5.
1653 5476 1891 5532 Humilia

295 5568 442 5617 dicta
456 5567 514 5616 in
533 5566 854 5635 evangelium
872 5576 1177 5622 sanctarum
1202 5568 1893 5626 Passionum.Pronuntiata

296 5657 408 5727 fuit
462 5658 519 5710 in
556 5675 750 5726 magna
798 5659 1090 5715 Parascece
1139 5672 1253 5729 post
1304 5662 1622 5718 diluculum.
1678 5664 1892 5735 Incipit,

298 5752 469 5814 Ἴσως
498 5751 596 5819 μὲν
626 5753 874 5824 ἐπαχθὴς
892 5753 1029 5820 δόξω
1061 5753 1195 5826 πρὸς
1225 5755 1324 5827 τὴν
1346 5757 1622 5830 ὑμετέραν
1648 5758 1890 5835 ἀγάπην.

296 5841 393 5895 Est
428 5842 626 5897 ibidem
670 5844 758 5900 27.

2050 521 2140 575 56.
2180 520 2314 590 Λόγ.
2365 518 2463 576 κδ’.
2512 519 2732 591 Ὀμιλία
2777 520 2858 583 είς
2903 521 3001 593 τὴν
3046 522 3393 593 Σαμαρείτην
3436 524 3561 592 (leg.

1977 616 2396 688 Σαμαρείτιδα).
2436 617 2661 689 Ἐλέχθη
2716 619 2774 671 ἐν
2817 618 2896 688 τῷ
2930 618 3146 686 ἀμϐωνι
3179 621 3277 689 τῆς
3312 608 3600 688 ἀρχιεπι-’

1979 706 2208 775 σκοπῆς.
2241 704 2425 760 Sermo
2454 705 2544 760 Ἠ.
2591 708 2827 760 Humilia
2859 710 2913 761 in
2955 706 3375 762 Samaritanam.
3424 706 3561 760 Pro-

1978 799 2223 851 nuntiata
2272 798 2373 868 fuit
2422 800 2477 852 in
2525 800 2743 852 amboue
2791 798 3253 868 arcliiepiscopalis
3302 798 3561 851 ecclesiw.

1976 888 2191 960 Incipit,
2258 890 2732 962 ’Λπροοιμιάστως
2786 890 2943 957 (male
2989 892 3040 944 in
3085 891 3315 943 editione
3360 888 3560 952 Scorsi,

1984 984 2081 1043 Ὃς
2138 981 2587 1054 προοιμιάστως)
2643 981 2722 1052 τῷ
2790 982 3004 1052 Σωτῆρι
3055 982 3297 1053 σήμερον
3353 980 3561 1050 νοητῶς

1978 1071 2331 1142 ἑφεψὼμεθα.
2366 1071 2460 1127 Est
2487 1073 2684 1126 ibidem
2724 1072 2815 1127 38.

2049 1163 2136 1216 60.
2175 1163 2307 1229 A67.
2343 1161 2443 1217 κε’.
2488 1161 2706 1230 Ὀμιλία
2743 1164 2822 1221 εἰς
2854 1160 2933 1224 τὸ,
2974 1180 2991 1212 ι
3030 1161 3163 1214 Τίνα
3199 1178 3266 1230 με
3308 1160 3561 1228 λέγουσιν

1975 1254 2024 1306 οί
2061 1254 2264 1323 (supple
2296 1254 2594 1323 ἄνθρωποι)
2618 1251 2758 1305 εἷναι
2785 1271 2799 1318 ;
2834 1271 2851 1303 ι
2894 1252 3119 1323 Ἐλέχθη
3153 1253 3209 1305 ἑν
3236 1252 3313 1322 τῷ
3343 1251 3456 1321 ναῷ
3478 1251 3557 1320 τῷ

1978 1343 2184 1415 (supple
2209 1344 2289 1416 ἑν)
2318 1344 2564 1412 παλατίῳ
2593 1344 2880 1415 Πανόρμου
2910 1347 2977 1415 τῇ
3026 1345 3186 1414 ἑορτῇ
3218 1343 3326 1395 τῶν
3361 1344 3561 1410 Ἀγίων

1988 1437 2347 1491 Ἀποστόλων.
2391 1436 2576 1493 Sermo
2609 1437 2700 1492 25.
2741 1436 2976 1489 Humilia
3021 1438 3071 1490 in
3124 1436 3303 1489 illud:
3337 1454 3354 1486 ι
3395 1434 3561 1499 Quem

1982 1546 2062 1582 me
2117 1531 2299 1584 dicunt
2342 1529 2669 1599 (homines)
2723 1530 2877 1583 esse?
2911 1548 2928 1579 ι
2962 1528 3317 1582 I'rouuntiata
3373 1527 3473 1594 fuit
3508 1528 3563 1580 in

1978 1624 2166 1691 templo
2196 1625 2335 1693 quod
2364 1625 2511 1677 estin
2542 1623 2742 1691 palatio
2780 1622 3053 1683 Panormi,
3085 1622 3139 1674 in
3175 1621 3307 1689 festo
3330 1618 3561 1674 Sanctu-

1977 1731 2096 1768 rum
2158 1715 2553 1781 Apostolorum.
2605 1714 2821 1784 Incipit,
2869 1712 3183 1783 Συνήδομαί
3230 1729 3332 1776 σοι,
3380 1710 3558 1772 πόλις,

1977 1807 2163 1861 καὶσὺ
2199 1808 2319 1878 (leg.
2361 1825 2465 1872 σοι,
2505 1816 2562 1860 ut
2597 1810 2651 1862 iu
2680 1808 2881 1875 editis),
2929 1806 3041 1860 θεῖε
3087 1804 3199 1859 τῶν
3244 1804 3561 1874 ἀνακτόρων

1978 1900 2096 1953 ναὲ.
2127 1899 2217 1955 Est
2244 1902 2439 1955 ibidem
2472 1900 2564 1955 55.

2049 1988 2381 2045 Vocabulum
2430 1991 2743 2060 Πανόρμου,
2774 1989 2922 2059 quod
2978 1988 3137 2058 hujus
3182 1986 3416 2041 homilia:
3452 2001 3563 2054 pra:

1979 2097 2039 2137 se
2085 2082 2189 2137 fert
2225 2084 2431 2148 titulus,
2469 2099 2573 2136 non
2622 2098 2812 2150 parum
2865 2082 3181 2135 adversatur
3221 2078 3280 2132 Ρ.
3334 2078 3558 2145 Scurso,

1977 2172 2122 2229 hanc
2168 2174 2445 2229 homiliam
2498 2174 2970 2244 Constantinopoli
3027 2174 3082 2227 in
3136 2170 3563 2243 magniﬁcentiso

1977 2266 2116 2321 simo
2142 2254 2361 2335 templo,
2408 2266 2550 2336 quod
2606 2266 2904 2335 imperator
2957 2263 3191 2317 Basilius
3250 2261 3471 2315 Macedo
3503 2261 3556 2313 in

1978 2359 2177 2428 palatio
2205 2358 2492 2422 exstruxit,
2527 2371 2556 2409 a
2586 2357 2915 2425 Theophane
2944 2356 3183 2409 habitam
3219 2353 3385 2407 fuisse
3423 2350 3563 2405 mul-

1979 2451 2046 2505 tis
2100 2448 2466 2503 contendenti.
2528 2447 2641 2501 Imo
2690 2448 2803 2514 ipse
2858 2447 2959 2501 sibi
3019 2447 3190 2515 magis
3244 2444 3561 2498 adversatur

1979 2542 2235 2604 Scorsus,
2267 2557 2388 2594 cum
2430 2542 2538 2593 duo
2583 2539 2746 2593 etiam
2798 2536 3330 2607 magnificentissima
3378 2535 3565 2603 hujus-

1978 2635 2120 2688 modi
2164 2632 2358 2702 templa
2399 2648 2426 2685 a
2475 2630 2673 2685 Sicilize
2715 2630 2931 2699 regibus
2977 2636 3253 2682 exstructa
3304 2626 3561 2681 Panormi

1978 2727 2153 2781 adhuc
2187 2736 2406 2780 exstare
2444 2725 2696 2786 fateatur,
2734 2738 2963 2793 quorum
3005 2738 3170 2776 unum
3211 2730 3294 2775 est
3324 2722 3377 2774 in
3403 2719 3562 2789 pala-

1978 2820 2051 2872 tio
2098 2820 2335 2889 proregis
2380 2820 2441 2874 S.
2492 2817 2651 2871 Petro
2695 2815 2931 2881 apostolo
2974 2815 3301 2868 dicatum...
3340 2822 3388 2867 et
3438 2830 3566 2867 sane

1978 2910 2151 2963 simile
2176 2910 2298 2963 huic
2333 2908 2526 2979 quod..
2550 2946 2564 2961 .
2606 2908 2691 2960 hic
2733 2916 2920 2959 auctor
2964 2904 3252 2968 describit;
3278 2901 3566 2972 TlleOpha-

1982 3017 2112 3057 nvm
2144 3017 2274 3056 vero
2311 2998 2837 3068 Constantinopolim
2869 2998 3065 3051 adiisse
3101 2998 3412 3066 conjectura
3442 3006 3577 3055 tan-7

1980 3104 2094 3149 tum
2134 3094 2331 3148 ductus
2360 3092 2609 3148 aﬂirmet.
2642 3092 2711 3144 At
2759 3090 2802 3144 si
2848 3103 3033 3144 vocem
3081 3088 3405 3143 Panormum
3434 3102 3565 3143 suus

1979 3183 2260 3254 interpreti
2287 3183 2456 3239 codex
2486 3184 2588 3239 hoc
2622 3181 2740 3236 luco
2768 3180 3048 3250 legendam
3072 3179 3377 3235 obtulisset.
3400 3177 3560 3232 talem

1982 3276 2221 3343 profecto
2252 3274 2573 3330 sententiam
2620 3272 2839 3328 minime
2874 3270 2983 3337 ille,
3028 3280 3084 3325 ut
3116 3271 3330 3340 opinor,
3373 3268 3566 3347 fuisset

1978 3368 2281 3435 amplexus.

2051 3458 2143 3514 65.
2166 3459 2300 3527 Λόγ.
2333 3464 2446 3523 σις’.
2478 3455 2699 3528 Ὀμιλία
2726 3457 2853 3526 περὶ
2872 3454 3106 3525 Μάρθας
3123 3456 3219 3507 καὶ
3241 3454 3478 3525 Μαρίας,
3501 3454 3567 3507 ἑκ

1978 3550 2074 3603 τοῦ
2105 3551 2246 3605 κατά
2267 3551 2480 3604 Λουκᾶν
2503 3547 2857 3617 Εὑαγγελίου.
2890 3546 3122 3616 Ἐλέχθη
3145 3547 3202 3598 ἑν
3224 3545 3303 3615 τῷ
3344 3546 3567 3611 ἀμόωνι

1979 3643 2046 3710 τῇ
2084 3641 2243 3711 ἑορτῇ
2288 3642 2386 3710 τῆς
2424 3642 2751 3711 Κοιμήσεως
2791 3639 2891 3707 τῆς
2924 3637 3234 3708 ὐπεραγίας
3274 3636 3564 3692 Θεοτόκου.

1981 3730 2168 3785 Sermo
2195 3731 2287 3785 26.
2321 3730 2557 3784 Humilia
2579 3731 2645 3784 de
2669 3731 2880 3783 Mart/ia
2916 3741 2962 3782 et
2984 3729 3159 3783 Maria
3189 3744 3253 3783 ea:
3277 3727 3566 3799 Evangelia

1979 3823 2264 3875 secundum
2324 3822 2547 3875 Lucam.
2600 3821 2953 3875 Pronuntiata
2996 3823 3098 3889 fuit
3143 3822 3199 3874 in
3240 3822 3465 3875 a'mbonc
3510 3822 3566 3876 is:

1980 3912 2115 3982 festo
2158 3912 2511 3967 Dormitionis
2578 3913 2930 3966 sanctissimae
3002 3911 3267 3979 Dciparar.
3330 3911 3566 3981 Incipit,

1994 4007 2083 4069 Ὠς
2122 4005 2242 4061 λίαν
2279 4023 2366 4077 μοι
2414 4005 2769 4077 λαμπροτέρα
2800 4004 2899 4076 τὴν
2927 4004 3187 4074 σήμερον.
3226 4003 3321 4059 Est
3365 4002 3563 4058 ibidem

1983 4096 2074 4151 60.

2055 4188 2145 4243 65.
2202 4186 2421 4259 Ὀμιλία
2448 4188 2552 4253 κζ’,
2599 4190 2680 4253 είς
2708 4188 2776 4243 τά
2802 4190 2967 4258 Ἀγια
2992 4190 3202 4260 Νήπια.
3250 4188 3481 4261 Ἐλὲχθη
3510 4190 3572 4242 ἑν

1988 4283 2070 4353 τῷ
2123 4282 2338 4352 ἀμϐωνι
2379 4279 2480 4351 τῆς
2535 4281 3001 4351 ἀργιεπισκοπῆς.
3064 4281 3301 4335 Humilia
3360 4283 3453 4347 27,
3514 4283 3571 4336 in

1986 4383 2197 4428 sanctus
2232 4371 2496 4441 Infantes,
2538 4374 2652 4427 sive
2683 4372 3025 4427 innocentes.
3076 4372 3435 4427 Pronuntiata
3465 4374 3570 4443 fuit

1986 4469 2038 4522 in
2089 4469 2308 4521 amboue
2354 4465 2814 4535 archiepisc'opalis
2859 4466 3119 4520 ecclesia.
3179 4464 3392 4535 Incipit,
3445 4466 3572 4519 Ἐπὶ

1985 4561 2086 4630 τὴν
2123 4557 2275 4630 ίεράν
2307 4558 2556 4628 Βηθλεὲμ
2584 4559 2707 4627 ἀγει
2738 4559 2999 4630 σήμερον.
3032 4557 3126 4612 Est
3157 4558 3353 4612 ibidem
3381 4559 3471 4613 52.

2057 4652 2145 4707 67.
2204 4652 2340 4719 A67.
2403 4648 2509 4721 κη’.
2553 4648 2776 4721 Ὀμιλία
2825 4654 2905 4715 είς
2955 4650 3053 4722 τὴν
3109 4649 3413 4720 ἀποστολὴν
3460 4649 3571 4703 τῶν

1987 4744 2197 4799 δώδεκα
2257 4744 2533 4815 μαθητῶν.
2578 4745 2805 4814 Ἐλέχθη
2829 4747 2887 4798 ἑν
2928 4747 2994 4815 τῇ
3026 4744 3188 4814 ἑορτῇ
3229 4743 3341 4797 τῶν
3395 4742 3572 4811 ἁγίων

2000 4837 2352 4909 Ἀναργύρων
2398 4839 2457 4891 ἑν
2496 4835 2577 4907 τῷ
2603 4836 2716 4907 ναῷ
2747 4835 2949 4890 αὐτῶν.
2981 4834 3165 4890 Sermo
3200 4834 3290 4888 28.
3336 4832 3574 4887 Humilia

1987 4931 2042 4984 in
2092 4932 2390 4984 missionem
2420 4930 2694 4983 duodecim
2749 4930 3152 4998 discipulorum.
3209 4925 3572 4981 Prununtiata

1990 5023 2091 5093 fuit
2135 5025 2190 5075 in
2242 5022 2375 5091 festo
2430 5031 2734 5076 sanctorum
2775 5022 3196 5090 Anorgyrorum,
3238 5021 3292 5074 in
3338 5021 3574 5089 ipsorum

1989 5112 2203 5176 templo.
2262 5110 2475 5180 Incipit,
2537 5109 2773 5164 Εὑκαλεϊ
2827 5110 2927 5180 μὲν
2963 5111 3133 5181 ἡμᾶς,
3176 5104 3222 5163 ὦ
3277 5109 3570 5180 φιλέορτοι.

1989 5203 2083 5258 Est
2115 5204 2312 5257 ibidem
2347 5202 2439 5269 4³1.

1990 5306 1999 5353 ί
2061 5294 2151 5349 69.
2193 5295 2321 5363 Λόγ.
2370 5290 2473 5350 κθ’.
2539 5292 2740 5363 Ομιλία
2780 5292 2863 5355 είς
2897 5292 2997 5363 τὴν
3035 5292 3343 5364 ἀποστολὴν
3374 5290 3484 5346 τῶν
3531 5294 3575 5344 o'

1993 5386 2273 5458 μαθητῶν.
2316 5384 2543 5455 Ἐλέχθη
2586 5387 2645 5437 ἑν
2670 5387 2736 5455 τῇ
2767 5384 2930 5456 ἑορτῇ
2979 5385 3074 5437 τοῦ
3128 5384 3573 5454 ἀρχιστρατήγου

1992 5483 2231 5551 Μιχαὴλ.
2272 5481 2457 5535 Sermo
2481 5480 2570 5535 29.
2629 5479 2867 5533 Humilia
2890 5481 2945 5533 in
2985 5480 3279 5534 missionem
3325 5494 3429 5532 ιιι
3461 5477 3576 5531 dis—

1992 5573 2306 5642 cipulorum.
2344 5572 2692 5625 Prummtiata
2727 5572 2829 5641 fuit
2872 5574 2925 5624 in
2954 5572 3082 5640 festo
3125 5570 3395 5635 Principis
3429 5569 3576 5623 mili-

1992 5669 2079 5720 tia?
2107 5665 2398 5719 Hic/melis.
2429 5664 2640 5733 Incipit,
2670 5665 2733 5718 Oi
2768 5667 2868 5733 μὲν
2898 5663 3145 5731 αίσθητοὶ
3170 5660 3437 5731 λειμῶνες
3462 5660 3575 5713 τῶν

1994 5754 2252 5813 ποικίλων
2283 5758 2509 5811 ἀνθέων.
2540 5756 2866 5812 Numeratur
2902 5756 3095 5811 ibidem
3127 5755 3220 5810 48.

2070 5851 2157 5905 71.
2187 5848 2319 5920 Λόγ.
2379 5851 2445 5906 λ’.
2489 5848 2707 5921 Ὀμιλία
2750 5849 2978 5921 ῥηῢεῒσα
3021 5851 3101 5913 εἰς
3144 5848 3269 5916 τοὺς
3315 5849 3569 5917 Μακαρι⁹
