  <div class='ocr_page' id='page_1' title='image "/cluster/home/n/w/nwhite01/storage/ocr_20150623/132/coo.31924054870377/021.png"; bbox 0 0 4122 6412; ppageno 0'>
   <div class='ocr_carea' id='block_1_1' title="bbox 538 417 3813 489">
    <p class='ocr_par' dir='ltr' id='par_1_1' title="bbox 538 417 3813 489">
     <span class='ocr_line' id='line_1_1' title="bbox 538 417 3813 489; baseline 0.002 -8"><span class='ocrx_word' id='word_1_1' title='bbox 538 417 608 481; x_wconf 79' lang='lat'><strong>27</strong></span> <span class='ocrx_word' id='word_1_2' title='bbox 1716 425 2097 488; x_wconf 86' lang='lat' dir='ltr'><strong>RECENSIO</strong></span> <span class='ocrx_word' id='word_1_3' title='bbox 2134 423 2302 486; x_wconf 90' lang='lat' dir='ltr'><strong>COD.</strong></span> <span class='ocrx_word' id='word_1_4' title='bbox 2345 421 2675 486; x_wconf 77' lang='lat' dir='ltr'><strong>MATRIT.‘</strong></span> <span class='ocrx_word' id='word_1_5' title='bbox 3741 426 3813 489; x_wconf 70' lang='lat'><strong>28</strong></span> 
     </span>
    </p>
   </div>
   <div class='ocr_carea' id='block_1_2' title="bbox 542 534 2127 612">
    <p class='ocr_par' dir='ltr' id='par_1_2' title="bbox 542 534 2127 612">
     <span class='ocr_line' id='line_1_2' title="bbox 542 534 2127 612; baseline 0.003 -22"><span class='ocrx_word' id='word_1_6' title='bbox 542 534 736 602; x_wconf 44' lang='grc' dir='ltr'>σιιοὺς.</span> <span class='ocrx_word' id='word_1_7' title='bbox 784 535 1010 608; x_wconf 82' lang='grc' dir='ltr'>Ἐλὲχθη</span> <span class='ocrx_word' id='word_1_8' title='bbox 1069 538 1126 593; x_wconf 80' lang='grc' dir='ltr'>ὲν</span> <span class='ocrx_word' id='word_1_9' title='bbox 1176 542 1242 611; x_wconf 79' lang='grc' dir='ltr'>τῇ</span> <span class='ocrx_word' id='word_1_10' title='bbox 1292 541 1449 612; x_wconf 82' lang='grc' dir='ltr'>ἐορτῇ</span> <span class='ocrx_word' id='word_1_11' title='bbox 1488 537 1582 593; x_wconf 86' lang='grc' dir='ltr'><strong>τοῦ</strong></span> <span class='ocrx_word' id='word_1_12' title='bbox 1642 540 1799 608; x_wconf 83' lang='grc' dir='ltr'>ἁγίου</span> <span class='ocrx_word' id='word_1_13' title='bbox 1832 541 2127 595; x_wconf 85' lang='grc' dir='ltr'><strong>Νικολάου.</strong></span> 
     </span>
    </p>
   </div>
   <div class='ocr_carea' id='block_1_3' title="bbox 541 624 2129 687">
    <p class='ocr_par' dir='ltr' id='par_1_3' title="bbox 541 624 2129 687">
     <span class='ocr_line' id='line_1_3' title="bbox 541 624 2129 687; baseline 0.004 -7"><span class='ocrx_word' id='word_1_14' title='bbox 541 624 724 681; x_wconf 54' lang='lat' dir='ltr'><strong>Sermo</strong></span> <span class='ocrx_word' id='word_1_15' title='bbox 753 628 845 682; x_wconf 80' lang='lat'><strong>50.</strong></span> <span class='ocrx_word' id='word_1_16' title='bbox 885 630 1121 683; x_wconf 86' lang='lat' dir='ltr'><strong>llomilia</strong></span> <span class='ocrx_word' id='word_1_17' title='bbox 1169 632 1315 685; x_wconf 84' lang='lat' dir='ltr'><strong>dicta</strong></span> <span class='ocrx_word' id='word_1_18' title='bbox 1343 632 1396 685; x_wconf 86' lang='lat' dir='ltr'><strong>in</strong></span> <span class='ocrx_word' id='word_1_19' title='bbox 1438 629 1827 687; x_wconf 80' lang='lat' dir='ltr'><strong>Beatitudines.</strong></span> <span class='ocrx_word' id='word_1_20' title='bbox 1877 636 2129 687; x_wconf 84' lang='lat' dir='ltr'><strong>Pronun-</strong></span> 
     </span>
    </p>
   </div>
   <div class='ocr_carea' id='block_1_4' title="bbox 540 720 2126 795">
    <p class='ocr_par' dir='ltr' id='par_1_4' title="bbox 540 720 2126 795">
     <span class='ocr_line' id='line_1_4' title="bbox 540 720 2126 795; baseline 0.001 -22"><span class='ocrx_word' id='word_1_21' title='bbox 540 720 678 774; x_wconf 89' lang='lat' dir='ltr'><strong>tiata</strong></span> <span class='ocrx_word' id='word_1_22' title='bbox 712 721 815 789; x_wconf 80' lang='lat' dir='ltr'><strong>fuit</strong></span> <span class='ocrx_word' id='word_1_23' title='bbox 842 721 897 775; x_wconf 88' lang='lat' dir='ltr'><strong>in</strong></span> <span class='ocrx_word' id='word_1_24' title='bbox 924 722 1059 792; x_wconf 78' lang='lat' dir='ltr'><strong>festo</strong></span> <span class='ocrx_word' id='word_1_25' title='bbox 1088 722 1147 777; x_wconf 91' lang='lat' dir='ltr'><strong>S.</strong></span> <span class='ocrx_word' id='word_1_26' title='bbox 1182 723 1419 780; x_wconf 80' lang='lat' dir='ltr'><strong>Nicolai.</strong></span> <span class='ocrx_word' id='word_1_27' title='bbox 1443 724 1661 795; x_wconf 89' lang='lat' dir='ltr'><strong>Incipit,</strong></span> <span class='ocrx_word' id='word_1_28' title='bbox 1697 725 1829 778; x_wconf 83' lang='grc' dir='ltr'>Ὅτε</span> <span class='ocrx_word' id='word_1_29' title='bbox 1857 725 1994 795; x_wconf 73' lang='grc' dir='ltr'>πρὸς</span> <span class='ocrx_word' id='word_1_30' title='bbox 2026 725 2126 793; x_wconf 79' lang='grc' dir='ltr'><strong>τὴν</strong></span> 
     </span>
    </p>
   </div>
   <div class='ocr_carea' id='block_1_5' title="bbox 542 812 2128 886">
    <p class='ocr_par' dir='ltr' id='par_1_5' title="bbox 542 812 2128 886">
     <span class='ocr_line' id='line_1_5' title="bbox 542 812 2128 886; baseline 0.001 -20"><span class='ocrx_word' id='word_1_31' title='bbox 542 812 738 867; x_wconf 75' lang='grc' dir='ltr'>ἑαυτοῦ</span> <span class='ocrx_word' id='word_1_32' title='bbox 778 813 931 867; x_wconf 79' lang='grc' dir='ltr'>Θεῐαν</span> <span class='ocrx_word' id='word_1_33' title='bbox 962 814 1183 886; x_wconf 73' lang='grc' dir='ltr'>αὑλὴνό</span> <span class='ocrx_word' id='word_1_34' title='bbox 1216 815 1498 885; x_wconf 76' lang='grc' dir='ltr'><strong>Δεσπότης</strong></span> <span class='ocrx_word' id='word_1_35' title='bbox 1536 816 1723 870; x_wconf 76' lang='grc' dir='ltr'>ἐκάλει</span> <span class='ocrx_word' id='word_1_36' title='bbox 1753 816 1821 870; x_wconf 69' lang='grc' dir='ltr'>τὰ</span> <span class='ocrx_word' id='word_1_37' title='bbox 1848 815 1956 870; x_wconf 79' lang='grc' dir='ltr'>ἴδια</span> <span class='ocrx_word' id='word_1_38' title='bbox 1994 815 2128 885; x_wconf 86' lang='grc' dir='ltr'>πρό-</span> 
     </span>
    </p>
   </div>
   <div class='ocr_carea' id='block_1_6' title="bbox 540 903 1177 962">
    <p class='ocr_par' dir='ltr' id='par_1_6' title="bbox 540 903 1177 962">
     <span class='ocr_line' id='line_1_6' title="bbox 540 903 1177 962; baseline 0.011 -7"><span class='ocrx_word' id='word_1_39' title='bbox 540 903 700 957; x_wconf 76' lang='grc' dir='ltr'>ϐατα.</span> <span class='ocrx_word' id='word_1_40' title='bbox 736 904 832 959; x_wconf 89' lang='lat' dir='ltr'><strong>Est</strong></span> <span class='ocrx_word' id='word_1_41' title='bbox 863 906 1058 961; x_wconf 81' lang='lat' dir='ltr'><strong>ibidem</strong></span> <span class='ocrx_word' id='word_1_42' title='bbox 1085 906 1177 962; x_wconf 84' lang='grc'><strong>51.</strong></span> 
     </span>
    </p>
   </div>
   <div class='ocr_carea' id='block_1_7' title="bbox 612 997 2126 1071">
    <p class='ocr_par' dir='ltr' id='par_1_7' title="bbox 612 997 2126 1071">
     <span class='ocr_line' id='line_1_7' title="bbox 612 997 2126 1071; baseline 0.002 -22"><span class='ocrx_word' id='word_1_43' title='bbox 612 997 701 1064; x_wconf 80' lang='grc'><strong>75,</strong></span> <span class='ocrx_word' id='word_1_44' title='bbox 745 1013 953 1053; x_wconf 83' lang='lat' dir='ltr'><strong>averso.</strong></span> <span class='ocrx_word' id='word_1_45' title='bbox 1011 999 1145 1067; x_wconf 90' lang='grc' dir='ltr'>Λόγ.</span> <span class='ocrx_word' id='word_1_46' title='bbox 1194 998 1296 1055; x_wconf 85' lang='grc' dir='ltr'>λα’.</span> <span class='ocrx_word' id='word_1_47' title='bbox 1370 1000 1591 1071; x_wconf 87' lang='grc' dir='ltr'>Ὀμιλία</span> <span class='ocrx_word' id='word_1_48' title='bbox 1623 1001 1705 1063; x_wconf 83' lang='grc' dir='ltr'><strong>εἰς</strong></span> <span class='ocrx_word' id='word_1_49' title='bbox 1747 1001 1830 1065; x_wconf 81' lang='grc' dir='ltr'><strong>τὸ,</strong></span> <span class='ocrx_word' id='word_1_50' title='bbox 1882 1019 1900 1051; x_wconf 81' lang='grc' dir='ltr'><strong>ι</strong></span> <span class='ocrx_word' id='word_1_51' title='bbox 1934 998 2126 1063; x_wconf 80' lang='grc' dir='ltr'>Βίϐλος</span> 
     </span>
    </p>
   </div>
   <div class='ocr_carea' id='block_1_8' title="bbox 537 1090 2124 1165">
    <p class='ocr_par' dir='ltr' id='par_1_8' title="bbox 537 1090 2124 1165">
     <span class='ocr_line' id='line_1_8' title="bbox 537 1090 2124 1165; baseline 0.001 -23"><span class='ocrx_word' id='word_1_52' title='bbox 537 1090 834 1153; x_wconf 80' lang='grc' dir='ltr'>Γενέσεως,</span> <span class='ocrx_word' id='word_1_53' title='bbox 876 1109 895 1142; x_wconf 71' lang='grc' dir='ltr'><strong>ι</strong></span> <span class='ocrx_word' id='word_1_54' title='bbox 968 1091 1064 1144; x_wconf 78' lang='grc' dir='ltr'><strong>καὶ</strong></span> <span class='ocrx_word' id='word_1_55' title='bbox 1131 1093 1261 1164; x_wconf 76' lang='grc' dir='ltr'>περὶ</span> <span class='ocrx_word' id='word_1_56' title='bbox 1329 1093 1584 1165; x_wconf 79' lang='grc' dir='ltr'>Μάρθας.</span> <span class='ocrx_word' id='word_1_57' title='bbox 1642 1091 1864 1163; x_wconf 79' lang='grc' dir='ltr'>Ἐλέχοη</span> <span class='ocrx_word' id='word_1_58' title='bbox 1933 1093 1992 1144; x_wconf 85' lang='grc' dir='ltr'><strong>ἐν</strong></span> <span class='ocrx_word' id='word_1_59' title='bbox 2046 1090 2124 1161; x_wconf 82' lang='grc' dir='ltr'>τῷ</span> 
     </span>
    </p>
   </div>
   <div class='ocr_carea' id='block_1_9' title="bbox 537 1178 2123 1256">
    <p class='ocr_par' dir='ltr' id='par_1_9' title="bbox 537 1178 2123 1256">
     <span class='ocr_line' id='line_1_9' title="bbox 537 1178 2123 1256; baseline 0.004 -23"><span class='ocrx_word' id='word_1_60' title='bbox 537 1178 755 1248; x_wconf 63' lang='grc' dir='ltr'><strong>ἄμόωπιι</strong></span> <span class='ocrx_word' id='word_1_61' title='bbox 785 1179 1039 1251; x_wconf 76' lang='grc' dir='ltr'>κυριακῇ</span> <span class='ocrx_word' id='word_1_62' title='bbox 1068 1182 1174 1253; x_wconf 72' lang='grc' dir='ltr'>πρὸ</span> <span class='ocrx_word' id='word_1_63' title='bbox 1199 1186 1297 1255; x_wconf 77' lang='grc' dir='ltr'>τῆς</span> <span class='ocrx_word' id='word_1_64' title='bbox 1321 1184 1560 1255; x_wconf 83' lang='grc' dir='ltr'>Χριστοῦ</span> <span class='ocrx_word' id='word_1_65' title='bbox 1588 1188 1917 1256; x_wconf 80' lang='grc' dir='ltr'><strong>γεννήσεως.</strong></span> <span class='ocrx_word' id='word_1_66' title='bbox 1943 1185 2123 1241; x_wconf 81' lang='lat' dir='ltr'><strong>Sermo</strong></span> 
     </span>
    </p>
   </div>
   <div class='ocr_carea' id='block_1_10' title="bbox 537 1269 2125 1337">
    <p class='ocr_par' dir='ltr' id='par_1_10' title="bbox 537 1269 2125 1337">
     <span class='ocr_line' id='line_1_10' title="bbox 537 1269 2125 1337; baseline 0.003 -12"><span class='ocrx_word' id='word_1_67' title='bbox 537 1270 629 1325; x_wconf 79' lang='lat' dir='ltr'><strong>3I.</strong></span> <span class='ocrx_word' id='word_1_68' title='bbox 665 1269 901 1326; x_wconf 82' lang='lat' dir='ltr'><strong>Homilia</strong></span> <span class='ocrx_word' id='word_1_69' title='bbox 942 1276 997 1328; x_wconf 86' lang='lat' dir='ltr'><strong>iu</strong></span> <span class='ocrx_word' id='word_1_70' title='bbox 1043 1274 1178 1327; x_wconf 88' lang='lat' dir='ltr'><strong>illud</strong></span> <span class='ocrx_word' id='word_1_71' title='bbox 1200 1292 1218 1327; x_wconf 88' lang='lat'><strong><em>:</em></strong></span> <span class='ocrx_word' id='word_1_72' title='bbox 1255 1296 1274 1328; x_wconf 81' lang='grc' dir='ltr'><strong>ι</strong></span> <span class='ocrx_word' id='word_1_73' title='bbox 1304 1276 1458 1331; x_wconf 78' lang='lat' dir='ltr'><strong>Liber</strong></span> <span class='ocrx_word' id='word_1_74' title='bbox 1486 1276 1872 1337; x_wconf 77' lang='lat' dir='ltr'><strong>Geuerationis.</strong></span> <span class='ocrx_word' id='word_1_75' title='bbox 1905 1297 1924 1330; x_wconf 83' lang='grc'>›</span> <span class='ocrx_word' id='word_1_76' title='bbox 1968 1287 2015 1331; x_wconf 85' lang='lat' dir='ltr'><strong>et</strong></span> <span class='ocrx_word' id='word_1_77' title='bbox 2060 1278 2125 1330; x_wconf 89' lang='lat' dir='ltr'><strong>de</strong></span> 
     </span>
    </p>
   </div>
   <div class='ocr_carea' id='block_1_11' title="bbox 540 1360 2123 1436">
    <p class='ocr_par' dir='ltr' id='par_1_11' title="bbox 540 1360 2123 1436">
     <span class='ocr_line' id='line_1_11' title="bbox 540 1360 2123 1436; baseline 0.006 -21"><span class='ocrx_word' id='word_1_78' title='bbox 540 1360 781 1416; x_wconf 81' lang='lat' dir='ltr'><strong>Martha.</strong></span> <span class='ocrx_word' id='word_1_79' title='bbox 810 1362 1170 1420; x_wconf 85' lang='lat' dir='ltr'><strong>Pronuntialu</strong></span> <span class='ocrx_word' id='word_1_80' title='bbox 1202 1368 1385 1436; x_wconf 82' lang='lat' dir='ltr'><strong>fuitin</strong></span> <span class='ocrx_word' id='word_1_81' title='bbox 1424 1372 1645 1425; x_wconf 85' lang='lat' dir='ltr'><strong>amboue</strong></span> <span class='ocrx_word' id='word_1_82' title='bbox 1685 1370 1960 1425; x_wconf 87' lang='lat' dir='ltr'><strong>Dominica</strong></span> <span class='ocrx_word' id='word_1_83' title='bbox 2002 1380 2123 1424; x_wconf 85' lang='lat' dir='ltr'><strong>ante</strong></span> 
     </span>
    </p>
   </div>
   <div class='ocr_carea' id='block_1_12' title="bbox 538 1455 2121 1535">
    <p class='ocr_par' dir='ltr' id='par_1_12' title="bbox 538 1455 2121 1535">
     <span class='ocr_line' id='line_1_12' title="bbox 538 1455 2121 1535; baseline 0.003 -25"><span class='ocrx_word' id='word_1_84' title='bbox 538 1455 735 1510; x_wconf 76' lang='lat' dir='ltr'><strong>Christi</strong></span> <span class='ocrx_word' id='word_1_85' title='bbox 756 1457 1127 1517; x_wconf 84' lang='lat' dir='ltr'><strong>Nativitatem.</strong></span> <span class='ocrx_word' id='word_1_86' title='bbox 1169 1461 1379 1534; x_wconf 89' lang='lat' dir='ltr'><strong>Incipit,</strong></span> <span class='ocrx_word' id='word_1_87' title='bbox 1404 1462 1511 1518; x_wconf 92' lang='grc' dir='ltr'>Τοῦ</span> <span class='ocrx_word' id='word_1_88' title='bbox 1544 1465 1643 1535; x_wconf 85' lang='grc' dir='ltr'><strong>μὲν</strong></span> <span class='ocrx_word' id='word_1_89' title='bbox 1673 1462 1934 1533; x_wconf 76' lang='grc' dir='ltr'><strong>αἰσθητοῦ</strong></span> <span class='ocrx_word' id='word_1_90' title='bbox 1966 1462 2121 1534; x_wconf 81' lang='grc' dir='ltr'>ἡλίου</span> 
     </span>
    </p>
   </div>
   <div class='ocr_carea' id='block_1_13' title="bbox 535 1546 1687 1619">
    <p class='ocr_par' dir='ltr' id='par_1_13' title="bbox 535 1546 1687 1619">
     <span class='ocr_line' id='line_1_13' title="bbox 535 1546 1687 1619; baseline 0.01 -19"><span class='ocrx_word' id='word_1_91' title='bbox 535 1546 632 1601; x_wconf 84' lang='grc' dir='ltr'><strong>τοῦ</strong></span> <span class='ocrx_word' id='word_1_92' title='bbox 661 1549 959 1619; x_wconf 79' lang='grc' dir='ltr'>ὁρίζοντος.</span> <span class='ocrx_word' id='word_1_93' title='bbox 996 1551 1328 1610; x_wconf 88' lang='lat' dir='ltr'><strong>Numeratur</strong></span> <span class='ocrx_word' id='word_1_94' title='bbox 1366 1556 1560 1611; x_wconf 82' lang='lat' dir='ltr'><strong>ibidem</strong></span> <span class='ocrx_word' id='word_1_95' title='bbox 1600 1557 1687 1611; x_wconf 78' lang='lat' dir='ltr'><strong>i5.</strong></span> 
     </span>
    </p>
   </div>
   <div class='ocr_carea' id='block_1_14' title="bbox 606 1641 2122 1718">
    <p class='ocr_par' dir='ltr' id='par_1_14' title="bbox 606 1641 2122 1718">
     <span class='ocr_line' id='line_1_14' title="bbox 606 1641 2122 1718; baseline 0.007 -24"><span class='ocrx_word' id='word_1_96' title='bbox 606 1641 694 1696; x_wconf 87' lang='lat'><strong>76.</strong></span> <span class='ocrx_word' id='word_1_97' title='bbox 734 1643 868 1712; x_wconf 84' lang='grc' dir='ltr'>Λόγ.</span> <span class='ocrx_word' id='word_1_98' title='bbox 894 1643 997 1714; x_wconf 84' lang='grc' dir='ltr'>λβ’.</span> <span class='ocrx_word' id='word_1_99' title='bbox 1027 1642 1244 1714; x_wconf 84' lang='grc' dir='ltr'>Ὀμιλία</span> <span class='ocrx_word' id='word_1_100' title='bbox 1277 1648 1359 1710; x_wconf 87' lang='grc' dir='ltr'>εἰς</span> <span class='ocrx_word' id='word_1_101' title='bbox 1389 1647 1448 1701; x_wconf 85' lang='grc' dir='ltr'>τὸ</span> <span class='ocrx_word' id='word_1_102' title='bbox 1472 1649 1613 1702; x_wconf 73' lang='grc' dir='ltr'>κατὰ</span> <span class='ocrx_word' id='word_1_103' title='bbox 1643 1651 1922 1704; x_wconf 82' lang='grc' dir='ltr'>Ματθαῖον</span> <span class='ocrx_word' id='word_1_104' title='bbox 1946 1651 2122 1718; x_wconf 78' lang='grc' dir='ltr'>Εὐαγ-</span> 
     </span>
    </p>
   </div>
   <div class='ocr_carea' id='block_1_15' title="bbox 534 1730 2120 1813">
    <p class='ocr_par' dir='ltr' id='par_1_15' title="bbox 534 1730 2120 1813">
     <span class='ocr_line' id='line_1_15' title="bbox 534 1730 2120 1813; baseline 0.008 -29"><span class='ocrx_word' id='word_1_105' title='bbox 534 1730 737 1801; x_wconf 72' lang='grc' dir='ltr'>γέλιον,</span> <span class='ocrx_word' id='word_1_106' title='bbox 773 1732 1027 1807; x_wconf 73' lang='grc' dir='ltr'>κυριακῇ</span> <span class='ocrx_word' id='word_1_107' title='bbox 1062 1739 1122 1790; x_wconf 85' lang='lat' dir='ltr'><strong>A&#39;</strong></span> <span class='ocrx_word' id='word_1_108' title='bbox 1148 1739 1455 1807; x_wconf 79' lang='grc' dir='ltr'>Ματοαίου,</span> <span class='ocrx_word' id='word_1_109' title='bbox 1509 1759 1529 1792; x_wconf 72' lang='grc' dir='ltr'><strong>ι</strong></span> <span class='ocrx_word' id='word_1_110' title='bbox 1561 1742 1749 1807; x_wconf 85' lang='grc' dir='ltr'><strong>Ὅστις</strong></span> <span class='ocrx_word' id='word_1_111' title='bbox 1798 1742 2120 1813; x_wconf 78' lang='grc' dir='ltr'>ὁμολογήσει</span> 
     </span>
    </p>
   </div>
   <div class='ocr_carea' id='block_1_16' title="bbox 533 1824 2116 1908">
    <p class='ocr_par' dir='ltr' id='par_1_16' title="bbox 533 1824 2116 1908">
     <span class='ocr_line' id='line_1_16' title="bbox 533 1824 2116 1908; baseline 0.011 -34"><span class='ocrx_word' id='word_1_112' title='bbox 533 1824 594 1875; x_wconf 81' lang='grc' dir='ltr'>ἑν</span> <span class='ocrx_word' id='word_1_113' title='bbox 643 1826 788 1894; x_wconf 78' lang='grc' dir='ltr'>ἐμοί.</span> <span class='ocrx_word' id='word_1_114' title='bbox 818 1846 838 1880; x_wconf 74' lang='grc' dir='ltr'><strong>ι</strong></span> <span class='ocrx_word' id='word_1_115' title='bbox 885 1829 1108 1903; x_wconf 78' lang='grc' dir='ltr'>Ἐλέχθη</span> <span class='ocrx_word' id='word_1_116' title='bbox 1151 1832 1211 1885; x_wconf 85' lang='grc' dir='ltr'>ὲν</span> <span class='ocrx_word' id='word_1_117' title='bbox 1251 1833 1328 1900; x_wconf 82' lang='grc' dir='ltr'>τῷ</span> <span class='ocrx_word' id='word_1_118' title='bbox 1371 1833 1587 1903; x_wconf 78' lang='grc' dir='ltr'>ἄμϐωνι</span> <span class='ocrx_word' id='word_1_119' title='bbox 1637 1836 1737 1906; x_wconf 82' lang='grc' dir='ltr'>τῆς</span> <span class='ocrx_word' id='word_1_120' title='bbox 1787 1838 2116 1908; x_wconf 77' lang='grc' dir='ltr'>ἐπισκοπῆς.</span> 
     </span>
    </p>
   </div>
   <div class='ocr_carea' id='block_1_17' title="bbox 535 1916 2121 1997">
    <p class='ocr_par' dir='ltr' id='par_1_17' title="bbox 535 1916 2121 1997">
     <span class='ocr_line' id='line_1_17' title="bbox 535 1916 2121 1997; baseline 0.009 -27"><span class='ocrx_word' id='word_1_121' title='bbox 535 1916 722 1973; x_wconf 77' lang='lat' dir='ltr'><strong>Sermo</strong></span> <span class='ocrx_word' id='word_1_122' title='bbox 756 1919 845 1974; x_wconf 77' lang='lat'><strong>52.</strong></span> <span class='ocrx_word' id='word_1_123' title='bbox 881 1919 1123 1977; x_wconf 85' lang='lat' dir='ltr'><strong>Homilia</strong></span> <span class='ocrx_word' id='word_1_124' title='bbox 1166 1926 1221 1978; x_wconf 85' lang='lat' dir='ltr'><strong>in</strong></span> <span class='ocrx_word' id='word_1_125' title='bbox 1266 1925 1611 1997; x_wconf 79' lang='lat' dir='ltr'><strong>Evangelium</strong></span> <span class='ocrx_word' id='word_1_126' title='bbox 1649 1931 1939 1983; x_wconf 81' lang='lat' dir='ltr'><strong>secundum</strong></span> <span class='ocrx_word' id='word_1_127' title='bbox 1978 1930 2121 1984; x_wconf 76' lang='lat' dir='ltr'><strong>Mat-</strong></span> 
     </span>
    </p>
   </div>
   <div class='ocr_carea' id='block_1_18' title="bbox 531 2009 2123 2092">
    <p class='ocr_par' dir='ltr' id='par_1_18' title="bbox 531 2009 2123 2092">
     <span class='ocr_line' id='line_1_18' title="bbox 531 2009 2123 2092; baseline 0.011 -32"><span class='ocrx_word' id='word_1_128' title='bbox 531 2009 749 2076; x_wconf 75' lang='lat' dir='ltr'><strong>tlueum,</strong></span> <span class='ocrx_word' id='word_1_129' title='bbox 787 2011 1062 2071; x_wconf 81' lang='lat' dir='ltr'><strong>Dominica</strong></span> <span class='ocrx_word' id='word_1_130' title='bbox 1106 2033 1121 2071; x_wconf 86' lang='grc' dir='ltr'><strong>ι</strong></span> <span class='ocrx_word' id='word_1_131' title='bbox 1170 2015 1412 2073; x_wconf 75' lang='lat' dir='ltr'><strong>Matt/Mei</strong></span> <span class='ocrx_word' id='word_1_132' title='bbox 1439 2034 1460 2073; x_wconf 88' lang='lat'><strong><em>:</em></strong></span> <span class='ocrx_word' id='word_1_133' title='bbox 1486 2040 1504 2073; x_wconf 75' lang='grc' dir='ltr'><strong>ι</strong></span> <span class='ocrx_word' id='word_1_134' title='bbox 1546 2020 1858 2092; x_wconf 81' lang='lat' dir='ltr'><strong><em>Quicunque</em></strong></span> <span class='ocrx_word' id='word_1_135' title='bbox 1905 2023 2123 2090; x_wconf 83' lang='lat' dir='ltr'><strong>conﬁte-</strong></span> 
     </span>
    </p>
   </div>
   <div class='ocr_carea' id='block_1_19' title="bbox 533 2100 2119 2185">
    <p class='ocr_par' dir='ltr' id='par_1_19' title="bbox 533 2100 2119 2185">
     <span class='ocr_line' id='line_1_19' title="bbox 533 2100 2119 2185; baseline 0.011 -31"><span class='ocrx_word' id='word_1_136' title='bbox 533 2100 678 2156; x_wconf 83' lang='lat' dir='ltr'><strong>bitur</strong></span> <span class='ocrx_word' id='word_1_137' title='bbox 712 2121 812 2159; x_wconf 85' lang='lat' dir='ltr'><strong>me.</strong></span> <span class='ocrx_word' id='word_1_138' title='bbox 859 2125 878 2158; x_wconf 75' lang='grc' dir='ltr'><strong>ι</strong></span> <span class='ocrx_word' id='word_1_139' title='bbox 912 2106 1268 2166; x_wconf 85' lang='lat' dir='ltr'><strong>Pronuntiata</strong></span> <span class='ocrx_word' id='word_1_140' title='bbox 1307 2110 1412 2181; x_wconf 80' lang='lat' dir='ltr'><strong>fuit</strong></span> <span class='ocrx_word' id='word_1_141' title='bbox 1453 2113 1509 2167; x_wconf 87' lang='lat' dir='ltr'><strong>in</strong></span> <span class='ocrx_word' id='word_1_142' title='bbox 1552 2115 1771 2169; x_wconf 80' lang='lat' dir='ltr'><strong>umbone</strong></span> <span class='ocrx_word' id='word_1_143' title='bbox 1808 2116 2119 2185; x_wconf 74' lang='lat' dir='ltr'><strong>episcOpalis</strong></span> 
     </span>
    </p>
   </div>
   <div class='ocr_carea' id='block_1_20' title="bbox 529 2195 2116 2279">
    <p class='ocr_par' dir='ltr' id='par_1_20' title="bbox 529 2195 2116 2279">
     <span class='ocr_line' id='line_1_20' title="bbox 529 2195 2116 2279; baseline 0.01 -32"><span class='ocrx_word' id='word_1_144' title='bbox 529 2195 782 2255; x_wconf 75' lang='lat' dir='ltr'><strong>ecclesia&#39;.</strong></span> <span class='ocrx_word' id='word_1_145' title='bbox 818 2200 1029 2271; x_wconf 88' lang='lat' dir='ltr'><strong>Incipit,</strong></span> <span class='ocrx_word' id='word_1_146' title='bbox 1081 2203 1140 2258; x_wconf 89' lang='lat'><strong>&#39;0</strong></span> <span class='ocrx_word' id='word_1_147' title='bbox 1172 2204 1273 2274; x_wconf 81' lang='grc' dir='ltr'>μὲν</span> <span class='ocrx_word' id='word_1_148' title='bbox 1313 2207 1506 2279; x_wconf 74' lang='grc' dir='ltr'>καιρὸς</span> <span class='ocrx_word' id='word_1_149' title='bbox 1550 2208 1685 2277; x_wconf 70' lang='grc' dir='ltr'>πρὸς</span> <span class='ocrx_word' id='word_1_150' title='bbox 1729 2208 1866 2262; x_wconf 78' lang='grc' dir='ltr'>αὐτὸ</span> <span class='ocrx_word' id='word_1_151' title='bbox 1911 2209 1973 2262; x_wconf 65' lang='grc' dir='ltr'>τὸ</span> <span class='ocrx_word' id='word_1_152' title='bbox 2018 2209 2116 2264; x_wconf 86' lang='grc' dir='ltr'><strong>τοῦ</strong></span> 
     </span>
    </p>
   </div>
   <div class='ocr_carea' id='block_1_21' title="bbox 531 2284 1191 2357">
    <p class='ocr_par' dir='ltr' id='par_1_21' title="bbox 531 2284 1191 2357">
     <span class='ocr_line' id='line_1_21' title="bbox 531 2284 1191 2357; baseline 0.021 -19"><span class='ocrx_word' id='word_1_153' title='bbox 531 2284 709 2357; x_wconf 72' lang='grc' dir='ltr'>ἔαρος.</span> <span class='ocrx_word' id='word_1_154' title='bbox 749 2290 845 2346; x_wconf 82' lang='lat' dir='ltr'><strong>Est</strong></span> <span class='ocrx_word' id='word_1_155' title='bbox 876 2294 1071 2349; x_wconf 80' lang='lat' dir='ltr'><strong>ibidem</strong></span> <span class='ocrx_word' id='word_1_156' title='bbox 1099 2297 1191 2351; x_wconf 73' lang='lat'><strong>4|.</strong></span> 
     </span>
    </p>
   </div>
   <div class='ocr_carea' id='block_1_22' title="bbox 602 2382 2116 2466">
    <p class='ocr_par' dir='ltr' id='par_1_22' title="bbox 602 2382 2116 2466">
     <span class='ocr_line' id='line_1_22' title="bbox 602 2382 2116 2466; baseline 0.011 -32"><span class='ocrx_word' id='word_1_157' title='bbox 602 2382 694 2452; x_wconf 74' lang='grc'><strong>79,</strong></span> <span class='ocrx_word' id='word_1_158' title='bbox 737 2399 946 2440; x_wconf 83' lang='lat' dir='ltr'><strong>averso.</strong></span> <span class='ocrx_word' id='word_1_159' title='bbox 974 2390 1110 2458; x_wconf 82' lang='grc' dir='ltr'>Λόγ.</span> <span class='ocrx_word' id='word_1_160' title='bbox 1143 2390 1244 2459; x_wconf 87' lang='grc' dir='ltr'>λγ’.</span> <span class='ocrx_word' id='word_1_161' title='bbox 1291 2392 1512 2463; x_wconf 80' lang='grc' dir='ltr'>Ὀμιλία</span> <span class='ocrx_word' id='word_1_162' title='bbox 1543 2398 1625 2459; x_wconf 80' lang='grc' dir='ltr'><strong>είς</strong></span> <span class='ocrx_word' id='word_1_163' title='bbox 1656 2396 1734 2463; x_wconf 76' lang='grc' dir='ltr'>τὸ,</span> <span class='ocrx_word' id='word_1_164' title='bbox 1775 2415 1795 2448; x_wconf 75' lang='grc' dir='ltr'><strong>ι</strong></span> <span class='ocrx_word' id='word_1_165' title='bbox 1846 2396 1904 2451; x_wconf 86' lang='grc' dir='ltr'><strong>Ὀ</strong></span> <span class='ocrx_word' id='word_1_166' title='bbox 1926 2394 2116 2466; x_wconf 78' lang='grc' dir='ltr'>λύχνος</span> 
     </span>
    </p>
   </div>
   <div class='ocr_carea' id='block_1_23' title="bbox 530 2474 2115 2554">
    <p class='ocr_par' dir='ltr' id='par_1_23' title="bbox 530 2474 2115 2554">
     <span class='ocr_line' id='line_1_23' title="bbox 530 2474 2115 2554; baseline 0.011 -28"><span class='ocrx_word' id='word_1_167' title='bbox 530 2474 787 2544; x_wconf 82' lang='grc' dir='ltr'>σώματός</span> <span class='ocrx_word' id='word_1_168' title='bbox 810 2479 957 2533; x_wconf 81' lang='grc' dir='ltr'>ἐστιν</span> <span class='ocrx_word' id='word_1_169' title='bbox 983 2484 1011 2534; x_wconf 80' lang='grc' dir='ltr'><strong>ό</strong></span> <span class='ocrx_word' id='word_1_170' title='bbox 1040 2482 1343 2554; x_wconf 80' lang='grc' dir='ltr'>ὀφθαλμός.</span> <span class='ocrx_word' id='word_1_171' title='bbox 1380 2506 1398 2540; x_wconf 73' lang='grc' dir='ltr'><strong>ι</strong></span> <span class='ocrx_word' id='word_1_172' title='bbox 1436 2486 1620 2543; x_wconf 88' lang='lat' dir='ltr'><strong>Sermo</strong></span> <span class='ocrx_word' id='word_1_173' title='bbox 1651 2489 1740 2546; x_wconf 78' lang='grc'><strong>55.</strong></span> <span class='ocrx_word' id='word_1_174' title='bbox 1772 2484 2013 2545; x_wconf 78' lang='lat' dir='ltr'><strong>[familia</strong></span> <span class='ocrx_word' id='word_1_175' title='bbox 2059 2493 2115 2545; x_wconf 89' lang='lat' dir='ltr'><strong>iu</strong></span> 
     </span>
    </p>
   </div>
   <div class='ocr_carea' id='block_1_24' title="bbox 528 2564 2115 2652">
    <p class='ocr_par' dir='ltr' id='par_1_24' title="bbox 528 2564 2115 2652">
     <span class='ocr_line' id='line_1_24' title="bbox 528 2564 2115 2652; baseline 0.013 -34"><span class='ocrx_word' id='word_1_176' title='bbox 528 2564 704 2623; x_wconf 83' lang='lat' dir='ltr'><strong>illud.</strong></span> <span class='ocrx_word' id='word_1_177' title='bbox 743 2586 761 2619; x_wconf 82' lang='grc' dir='ltr'><strong>ι</strong></span> <span class='ocrx_word' id='word_1_178' title='bbox 799 2566 1037 2625; x_wconf 77' lang='lat' dir='ltr'><strong>Lucerna</strong></span> <span class='ocrx_word' id='word_1_179' title='bbox 1084 2578 1318 2641; x_wconf 73' lang='lat' dir='ltr'><strong>corporis</strong></span> <span class='ocrx_word' id='word_1_180' title='bbox 1348 2589 1423 2631; x_wconf 78' lang='lat' dir='ltr'><strong>est</strong></span> <span class='ocrx_word' id='word_1_181' title='bbox 1467 2580 1674 2634; x_wconf 79' lang='lat' dir='ltr'><strong>oculus.</strong></span> <span class='ocrx_word' id='word_1_182' title='bbox 1736 2581 1951 2652; x_wconf 75' lang='lat' dir='ltr'><strong>Incipit,</strong></span> <span class='ocrx_word' id='word_1_183' title='bbox 2003 2585 2115 2638; x_wconf 69' lang='grc' dir='ltr'><strong>Καὶ</strong></span> 
     </span>
    </p>
   </div>
   <div class='ocr_carea' id='block_1_25' title="bbox 525 2660 1811 2737">
    <p class='ocr_par' dir='ltr' id='par_1_25' title="bbox 525 2660 1811 2737">
     <span class='ocr_line' id='line_1_25' title="bbox 525 2660 1811 2737; baseline 0.012 -26"><span class='ocrx_word' id='word_1_184' title='bbox 525 2660 934 2733; x_wconf 82' lang='grc' dir='ltr'><strong>χρεωφειλέτης</strong></span> <span class='ocrx_word' id='word_1_185' title='bbox 972 2666 1318 2737; x_wconf 69' lang='grc' dir='ltr'>εὐχάριστος.</span> <span class='ocrx_word' id='word_1_186' title='bbox 1361 2668 1456 2724; x_wconf 87' lang='lat' dir='ltr'><strong>Est</strong></span> <span class='ocrx_word' id='word_1_187' title='bbox 1490 2671 1685 2725; x_wconf 79' lang='lat' dir='ltr'><strong>ibidem</strong></span> <span class='ocrx_word' id='word_1_188' title='bbox 1721 2672 1811 2726; x_wconf 65' lang='grc'>42.</span> 
     </span>
    </p>
   </div>
   <div class='ocr_carea' id='block_1_26' title="bbox 597 2751 2115 2827">
    <p class='ocr_par' dir='ltr' id='par_1_26' title="bbox 597 2751 2115 2827">
     <span class='ocr_line' id='line_1_26' title="bbox 597 2751 2115 2827; baseline 0.011 -22"><span class='ocrx_word' id='word_1_189' title='bbox 597 2751 687 2805; x_wconf 71' lang='grc'><strong>82.</strong></span> <span class='ocrx_word' id='word_1_190' title='bbox 728 2752 861 2820; x_wconf 90' lang='grc' dir='ltr'>Λόγ.</span> <span class='ocrx_word' id='word_1_191' title='bbox 892 2754 987 2809; x_wconf 85' lang='grc' dir='ltr'>λδ’.</span> <span class='ocrx_word' id='word_1_192' title='bbox 1032 2753 1249 2827; x_wconf 88' lang='grc' dir='ltr'>Ὀμιλία</span> <span class='ocrx_word' id='word_1_193' title='bbox 1294 2760 1374 2825; x_wconf 87' lang='grc' dir='ltr'><strong>είς</strong></span> <span class='ocrx_word' id='word_1_194' title='bbox 1414 2761 1483 2814; x_wconf 71' lang='grc' dir='ltr'>τὰ</span> <span class='ocrx_word' id='word_1_195' title='bbox 1528 2762 1787 2817; x_wconf 82' lang='grc' dir='ltr'>ἐπίλοιπα</span> <span class='ocrx_word' id='word_1_196' title='bbox 1837 2764 1953 2827; x_wconf 84' lang='grc' dir='ltr'>τοῦ,</span> <span class='ocrx_word' id='word_1_197' title='bbox 1993 2785 2012 2817; x_wconf 78' lang='grc' dir='ltr'><strong>ι</strong></span> <span class='ocrx_word' id='word_1_198' title='bbox 2053 2767 2115 2821; x_wconf 89' lang='lat'><strong>&#39;0</strong></span> 
     </span>
    </p>
   </div>
   <div class='ocr_carea' id='block_1_27' title="bbox 524 2839 2113 2924">
    <p class='ocr_par' dir='ltr' id='par_1_27' title="bbox 524 2839 2113 2924">
     <span class='ocr_line' id='line_1_27' title="bbox 524 2839 2113 2924; baseline 0.011 -32"><span class='ocrx_word' id='word_1_199' title='bbox 524 2839 719 2912; x_wconf 79' lang='grc' dir='ltr'>λύχνος</span> <span class='ocrx_word' id='word_1_200' title='bbox 743 2844 837 2897; x_wconf 84' lang='grc' dir='ltr'><strong>τοῦ</strong></span> <span class='ocrx_word' id='word_1_201' title='bbox 862 2845 1118 2915; x_wconf 83' lang='grc' dir='ltr'>σώματός</span> <span class='ocrx_word' id='word_1_202' title='bbox 1143 2849 1291 2903; x_wconf 83' lang='grc' dir='ltr'>ἐστιν</span> <span class='ocrx_word' id='word_1_203' title='bbox 1318 2853 1346 2903; x_wconf 89' lang='grc' dir='ltr'><strong>ό</strong></span> <span class='ocrx_word' id='word_1_204' title='bbox 1375 2850 1674 2921; x_wconf 78' lang='grc' dir='ltr'>ὀφθαλμός.</span> <span class='ocrx_word' id='word_1_205' title='bbox 1713 2872 1732 2906; x_wconf 75' lang='grc' dir='ltr'><strong>ι</strong></span> <span class='ocrx_word' id='word_1_206' title='bbox 1782 2854 2011 2924; x_wconf 84' lang='grc' dir='ltr'>Ἐλέχοη</span> <span class='ocrx_word' id='word_1_207' title='bbox 2055 2856 2113 2909; x_wconf 81' lang='grc' dir='ltr'>ὲν</span> 
     </span>
    </p>
   </div>
   <div class='ocr_carea' id='block_1_28' title="bbox 524 2932 2111 3017">
    <p class='ocr_par' dir='ltr' id='par_1_28' title="bbox 524 2932 2111 3017">
     <span class='ocr_line' id='line_1_28' title="bbox 524 2932 2111 3017; baseline 0.011 -32"><span class='ocrx_word' id='word_1_208' title='bbox 524 2932 607 3001; x_wconf 82' lang='grc' dir='ltr'>τῷ</span> <span class='ocrx_word' id='word_1_209' title='bbox 664 2934 902 3004; x_wconf 77' lang='grc' dir='ltr'>ἄμϐωνι.</span> <span class='ocrx_word' id='word_1_210' title='bbox 959 2936 1142 2994; x_wconf 81' lang='lat' dir='ltr'><strong>Sermo</strong></span> <span class='ocrx_word' id='word_1_211' title='bbox 1180 2941 1270 2995; x_wconf 77' lang='grc'><strong>54.</strong></span> <span class='ocrx_word' id='word_1_212' title='bbox 1318 2939 1562 2997; x_wconf 83' lang='lat' dir='ltr'><strong>Homilia</strong></span> <span class='ocrx_word' id='word_1_213' title='bbox 1609 2944 1661 2998; x_wconf 87' lang='lat' dir='ltr'><strong>iu</strong></span> <span class='ocrx_word' id='word_1_214' title='bbox 1710 2946 1912 3017; x_wconf 85' lang='lat' dir='ltr'><strong>reliqua</strong></span> <span class='ocrx_word' id='word_1_215' title='bbox 1969 2949 2111 3003; x_wconf 77' lang='lat' dir='ltr'><strong>illius</strong></span> 
     </span>
    </p>
   </div>
   <div class='ocr_carea' id='block_1_29' title="bbox 524 3027 2112 3103">
    <p class='ocr_par' dir='ltr' id='par_1_29' title="bbox 524 3027 2112 3103">
     <span class='ocr_line' id='line_1_29' title="bbox 524 3027 2112 3103; baseline 0.01 -24"><span class='ocrx_word' id='word_1_216' title='bbox 524 3027 678 3092; x_wconf 81' lang='lat' dir='ltr'><strong>dicti,</strong></span> <span class='ocrx_word' id='word_1_217' title='bbox 718 3046 736 3079; x_wconf 80' lang='grc' dir='ltr'><strong>ι</strong></span> <span class='ocrx_word' id='word_1_218' title='bbox 763 3029 1005 3088; x_wconf 82' lang='lat' dir='ltr'><strong>Lucerna</strong></span> <span class='ocrx_word' id='word_1_219' title='bbox 1045 3036 1283 3103; x_wconf 79' lang='lat' dir='ltr'><strong>corporis</strong></span> <span class='ocrx_word' id='word_1_220' title='bbox 1330 3046 1405 3091; x_wconf 79' lang='lat' dir='ltr'><strong>est</strong></span> <span class='ocrx_word' id='word_1_221' title='bbox 1441 3037 1645 3093; x_wconf 77' lang='lat' dir='ltr'><strong><em>oculus.</em></strong></span> <span class='ocrx_word' id='word_1_222' title='bbox 1683 3057 1703 3091; x_wconf 72' lang='grc' dir='ltr'><strong>ι</strong></span> <span class='ocrx_word' id='word_1_223' title='bbox 1760 3039 2112 3096; x_wconf 83' lang='lat' dir='ltr'><strong>Prouuntiata</strong></span> 
     </span>
    </p>
   </div>
   <div class='ocr_carea' id='block_1_30' title="bbox 528 3118 2109 3203">
    <p class='ocr_par' dir='ltr' id='par_1_30' title="bbox 528 3118 2109 3203">
     <span class='ocr_line' id='line_1_30' title="bbox 528 3118 2109 3203; baseline 0.009 -30"><span class='ocrx_word' id='word_1_224' title='bbox 528 3118 627 3187; x_wconf 81' lang='lat' dir='ltr'><strong>fuit</strong></span> <span class='ocrx_word' id='word_1_225' title='bbox 657 3118 710 3174; x_wconf 85' lang='lat' dir='ltr'><strong>in</strong></span> <span class='ocrx_word' id='word_1_226' title='bbox 767 3123 1004 3178; x_wconf 79' lang='lat' dir='ltr'><strong><em>amboue.</em></strong></span> <span class='ocrx_word' id='word_1_227' title='bbox 1037 3125 1252 3198; x_wconf 90' lang='lat' dir='ltr'><strong>Incipit,</strong></span> <span class='ocrx_word' id='word_1_228' title='bbox 1302 3129 1366 3183; x_wconf 84' lang='lat' dir='ltr'><strong>Ol</strong></span> <span class='ocrx_word' id='word_1_229' title='bbox 1402 3129 1660 3203; x_wconf 82' lang='grc' dir='ltr'>ἀγύρται,</span> <span class='ocrx_word' id='word_1_230' title='bbox 1706 3133 1800 3187; x_wconf 79' lang='grc' dir='ltr'>καὶ</span> <span class='ocrx_word' id='word_1_231' title='bbox 1843 3133 2109 3201; x_wconf 75' lang='grc' dir='ltr'>ἀγελαῖοι,</span> 
     </span>
    </p>
   </div>
   <div class='ocr_carea' id='block_1_31' title="bbox 527 3214 2113 3297">
    <p class='ocr_par' dir='ltr' id='par_1_31' title="bbox 527 3214 2113 3297">
     <span class='ocr_line' id='line_1_31' title="bbox 527 3214 2113 3297; baseline 0.012 -32"><span class='ocrx_word' id='word_1_232' title='bbox 527 3214 625 3266; x_wconf 74' lang='grc' dir='ltr'><strong>καὶ</strong></span> <span class='ocrx_word' id='word_1_233' title='bbox 680 3216 915 3286; x_wconf 86' lang='grc' dir='ltr'>πένητες</span> <span class='ocrx_word' id='word_1_234' title='bbox 965 3219 1065 3284; x_wconf 83' lang='grc' dir='ltr'>τὰς</span> <span class='ocrx_word' id='word_1_235' title='bbox 1113 3221 1292 3286; x_wconf 86' lang='grc' dir='ltr'>οίκίας</span> <span class='ocrx_word' id='word_1_236' title='bbox 1337 3224 1806 3297; x_wconf 81' lang='grc' dir='ltr'>περινοστοῦντες.</span> <span class='ocrx_word' id='word_1_237' title='bbox 1864 3228 2113 3284; x_wconf 74' lang='lat' dir='ltr'><strong>Occurrit</strong></span> 
     </span>
    </p>
   </div>
   <div class='ocr_carea' id='block_1_32' title="bbox 525 3306 853 3367">
    <p class='ocr_par' dir='ltr' id='par_1_32' title="bbox 525 3306 853 3367">
     <span class='ocr_line' id='line_1_32' title="bbox 525 3306 853 3367; baseline 0.015 -6"><span class='ocrx_word' id='word_1_238' title='bbox 525 3306 724 3363; x_wconf 80' lang='lat' dir='ltr'><strong>ibidem</strong></span> <span class='ocrx_word' id='word_1_239' title='bbox 759 3310 853 3367; x_wconf 69' lang='grc'><strong>45.</strong></span> 
     </span>
    </p>
   </div>
   <div class='ocr_carea' id='block_1_33' title="bbox 594 3400 2109 3485">
    <p class='ocr_par' dir='ltr' id='par_1_33' title="bbox 594 3400 2109 3485">
     <span class='ocr_line' id='line_1_33' title="bbox 594 3400 2109 3485; baseline 0.009 -29"><span class='ocrx_word' id='word_1_240' title='bbox 594 3400 685 3468; x_wconf 81' lang='grc'><strong>85,</strong></span> <span class='ocrx_word' id='word_1_241' title='bbox 730 3418 946 3462; x_wconf 87' lang='lat' dir='ltr'><strong>averso.</strong></span> <span class='ocrx_word' id='word_1_242' title='bbox 988 3406 1120 3473; x_wconf 87' lang='grc' dir='ltr'>Λόγ.</span> <span class='ocrx_word' id='word_1_243' title='bbox 1155 3409 1252 3463; x_wconf 84' lang='grc' dir='ltr'>λε’.</span> <span class='ocrx_word' id='word_1_244' title='bbox 1306 3409 1527 3478; x_wconf 85' lang='grc' dir='ltr'>Ὀμιλία</span> <span class='ocrx_word' id='word_1_245' title='bbox 1566 3413 1799 3483; x_wconf 77' lang='grc' dir='ltr'>ρηοεϊσα</span> <span class='ocrx_word' id='word_1_246' title='bbox 1840 3415 1972 3485; x_wconf 73' lang='grc' dir='ltr'>περὶ</span> <span class='ocrx_word' id='word_1_247' title='bbox 2013 3416 2109 3484; x_wconf 80' lang='grc' dir='ltr'><strong>τοῦ</strong></span> 
     </span>
    </p>
   </div>
   <div class='ocr_carea' id='block_1_34' title="bbox 523 3494 2111 3586">
    <p class='ocr_par' dir='ltr' id='par_1_34' title="bbox 523 3494 2111 3586">
     <span class='ocr_line' id='line_1_34' title="bbox 523 3494 2111 3586; baseline 0.011 -39"><span class='ocrx_word' id='word_1_248' title='bbox 523 3494 930 3569; x_wconf 71' lang='grc' dir='ltr'>ἑκατοντάρχου</span> <span class='ocrx_word' id='word_1_249' title='bbox 958 3500 1212 3572; x_wconf 78' lang='grc' dir='ltr'>Κυριακῇ</span> <span class='ocrx_word' id='word_1_250' title='bbox 1238 3501 1282 3555; x_wconf 87' lang='grc' dir='ltr'><strong>δ’</strong></span> <span class='ocrx_word' id='word_1_251' title='bbox 1316 3503 1747 3586; x_wconf 57' lang='grc' dir='ltr'>τοῦ.Ματθαίου.</span> <span class='ocrx_word' id='word_1_252' title='bbox 1797 3508 2023 3580; x_wconf 79' lang='grc' dir='ltr'>Ἑλέχθη</span> <span class='ocrx_word' id='word_1_253' title='bbox 2053 3512 2111 3564; x_wconf 80' lang='grc' dir='ltr'>ἐν</span> 
     </span>
    </p>
   </div>
   <div class='ocr_carea' id='block_1_35' title="bbox 520 3587 2112 3658">
    <p class='ocr_par' dir='ltr' id='par_1_35' title="bbox 520 3587 2112 3658">
     <span class='ocr_line' id='line_1_35' title="bbox 520 3587 2112 3658; baseline 0.01 -18"><span class='ocrx_word' id='word_1_254' title='bbox 520 3587 602 3657; x_wconf 81' lang='grc' dir='ltr'>τῷ</span> <span class='ocrx_word' id='word_1_255' title='bbox 630 3588 869 3658; x_wconf 74' lang='grc' dir='ltr'>ἄμϐωνι.</span> <span class='ocrx_word' id='word_1_256' title='bbox 903 3588 1087 3647; x_wconf 86' lang='lat' dir='ltr'><strong>Sermo</strong></span> <span class='ocrx_word' id='word_1_257' title='bbox 1111 3593 1202 3648; x_wconf 80' lang='lat'><strong>55.</strong></span> <span class='ocrx_word' id='word_1_258' title='bbox 1238 3594 1479 3651; x_wconf 74' lang='lat' dir='ltr'><strong>[familia</strong></span> <span class='ocrx_word' id='word_1_259' title='bbox 1518 3599 1662 3653; x_wconf 85' lang='lat' dir='ltr'><strong>dicta</strong></span> <span class='ocrx_word' id='word_1_260' title='bbox 1715 3603 1782 3654; x_wconf 86' lang='lat' dir='ltr'><strong>de</strong></span> <span class='ocrx_word' id='word_1_261' title='bbox 1810 3587 2112 3656; x_wconf 66' lang='lat' dir='ltr'><strong>centurione</strong></span> 
     </span>
    </p>
   </div>
   <div class='ocr_carea' id='block_1_36' title="bbox 522 3674 2109 3756">
    <p class='ocr_par' dir='ltr' id='par_1_36' title="bbox 522 3674 2109 3756">
     <span class='ocr_line' id='line_1_36' title="bbox 522 3674 2109 3756; baseline 0.011 -26"><span class='ocrx_word' id='word_1_262' title='bbox 522 3675 806 3732; x_wconf 85' lang='lat' dir='ltr'><strong>Dominica</strong></span> <span class='ocrx_word' id='word_1_263' title='bbox 838 3677 909 3733; x_wconf 86' lang='lat' dir='ltr'><strong>IV</strong></span> <span class='ocrx_word' id='word_1_264' title='bbox 942 3678 1208 3737; x_wconf 73' lang='lat' dir='ltr'><strong>Matt/uri.</strong></span> <span class='ocrx_word' id='word_1_265' title='bbox 1243 3674 1604 3741; x_wconf 78' lang='lat' dir='ltr'><strong>Pronuntiata</strong></span> <span class='ocrx_word' id='word_1_266' title='bbox 1629 3687 1730 3756; x_wconf 79' lang='lat' dir='ltr'><strong>fuit</strong></span> <span class='ocrx_word' id='word_1_267' title='bbox 1761 3690 1817 3744; x_wconf 87' lang='lat' dir='ltr'><strong>iu</strong></span> <span class='ocrx_word' id='word_1_268' title='bbox 1863 3691 2109 3749; x_wconf 85' lang='lat' dir='ltr'><strong>amboue.</strong></span> 
     </span>
    </p>
   </div>
   <div class='ocr_carea' id='block_1_37' title="bbox 521 3768 2110 3855">
    <p class='ocr_par' dir='ltr' id='par_1_37' title="bbox 521 3768 2110 3855">
     <span class='ocr_line' id='line_1_37' title="bbox 521 3768 2110 3855; baseline 0.013 -32"><span class='ocrx_word' id='word_1_269' title='bbox 521 3768 732 3839; x_wconf 80' lang='lat' dir='ltr'><strong>Incipit,</strong></span> <span class='ocrx_word' id='word_1_270' title='bbox 778 3770 1218 3843; x_wconf 83' lang='grc' dir='ltr'>Ἀντιστρατεύει</span> <span class='ocrx_word' id='word_1_271' title='bbox 1250 3778 1362 3841; x_wconf 81' lang='grc' dir='ltr'>τοῖς</span> <span class='ocrx_word' id='word_1_272' title='bbox 1392 3771 1627 3847; x_wconf 70' lang='grc' dir='ltr'>ἀγαθοῖς</span> <span class='ocrx_word' id='word_1_273' title='bbox 1662 3780 1870 3855; x_wconf 78' lang='grc' dir='ltr'>ἔργοις.</span> <span class='ocrx_word' id='word_1_274' title='bbox 1907 3783 2110 3842; x_wconf 78' lang='lat' dir='ltr'><strong>Recen-</strong></span> 
     </span>
    </p>
   </div>
   <div class='ocr_carea' id='block_1_38' title="bbox 518 3862 1020 3921">
    <p class='ocr_par' dir='ltr' id='par_1_38' title="bbox 518 3862 1020 3921">
     <span class='ocr_line' id='line_1_38' title="bbox 518 3862 1020 3921; baseline 0.006 -3"><span class='ocrx_word' id='word_1_275' title='bbox 518 3872 671 3918; x_wconf 86' lang='lat' dir='ltr'><strong>setur</strong></span> <span class='ocrx_word' id='word_1_276' title='bbox 697 3862 896 3919; x_wconf 80' lang='lat' dir='ltr'><strong>ibidem</strong></span> <span class='ocrx_word' id='word_1_277' title='bbox 927 3864 1020 3921; x_wconf 68' lang='grc' dir='ltr'>Η.</span> 
     </span>
    </p>
   </div>
   <div class='ocr_carea' id='block_1_39' title="bbox 586 3954 2106 4042">
    <p class='ocr_par' dir='ltr' id='par_1_39' title="bbox 586 3954 2106 4042">
     <span class='ocr_line' id='line_1_39' title="bbox 586 3954 2106 4042; baseline 0.01 -32"><span class='ocrx_word' id='word_1_278' title='bbox 586 3954 680 4010; x_wconf 88' lang='grc'>86.</span> <span class='ocrx_word' id='word_1_279' title='bbox 716 3954 851 4023; x_wconf 84' lang='grc' dir='ltr'>Λόγ.</span> <span class='ocrx_word' id='word_1_280' title='bbox 905 3956 1017 4023; x_wconf 82' lang='grc' dir='ltr'>λς’.</span> <span class='ocrx_word' id='word_1_281' title='bbox 1070 3956 1288 4028; x_wconf 84' lang='grc' dir='ltr'>Ὀμιλία</span> <span class='ocrx_word' id='word_1_282' title='bbox 1334 3961 1415 4026; x_wconf 89' lang='grc' dir='ltr'><strong>είς</strong></span> <span class='ocrx_word' id='word_1_283' title='bbox 1444 3963 1545 4033; x_wconf 82' lang='grc' dir='ltr'>τὴν</span> <span class='ocrx_word' id='word_1_284' title='bbox 1606 3966 1935 4039; x_wconf 72' lang='grc' dir='ltr'>περιεουλὴν</span> <span class='ocrx_word' id='word_1_285' title='bbox 1982 3972 2106 4042; x_wconf 86' lang='lat' dir='ltr'><strong>(leg.</strong></span> 
     </span>
    </p>
   </div>
   <div class='ocr_carea' id='block_1_40' title="bbox 521 4046 2108 4133">
    <p class='ocr_par' dir='ltr' id='par_1_40' title="bbox 521 4046 2108 4133">
     <span class='ocr_line' id='line_1_40' title="bbox 521 4046 2108 4133; baseline 0.012 -33"><span class='ocrx_word' id='word_1_286' title='bbox 521 4046 860 4120; x_wconf 78' lang='grc' dir='ltr'>παραϐολὴν)</span> <span class='ocrx_word' id='word_1_287' title='bbox 896 4051 991 4105; x_wconf 90' lang='grc' dir='ltr'><strong>τοῦ</strong></span> <span class='ocrx_word' id='word_1_288' title='bbox 1025 4052 1374 4121; x_wconf 82' lang='grc' dir='ltr'>ἀμπελῶνος.</span> <span class='ocrx_word' id='word_1_289' title='bbox 1420 4056 1642 4130; x_wconf 83' lang='grc' dir='ltr'>Ἐλέχθη</span> <span class='ocrx_word' id='word_1_290' title='bbox 1683 4063 1742 4114; x_wconf 83' lang='grc' dir='ltr'>ὲν</span> <span class='ocrx_word' id='word_1_291' title='bbox 1769 4060 1847 4131; x_wconf 83' lang='grc' dir='ltr'>τῷ</span> <span class='ocrx_word' id='word_1_292' title='bbox 1870 4064 1983 4133; x_wconf 83' lang='grc' dir='ltr'>ναῷ</span> <span class='ocrx_word' id='word_1_293' title='bbox 2014 4065 2108 4119; x_wconf 84' lang='grc' dir='ltr'><strong>τοῦ</strong></span> 
     </span>
    </p>
   </div>
   <div class='ocr_carea' id='block_1_41' title="bbox 516 4138 2108 4218">
    <p class='ocr_par' dir='ltr' id='par_1_41' title="bbox 516 4138 2108 4218">
     <span class='ocr_line' id='line_1_41' title="bbox 516 4138 2108 4218; baseline 0.009 -24"><span class='ocrx_word' id='word_1_294' title='bbox 516 4138 680 4209; x_wconf 82' lang='grc' dir='ltr'>ἁγίου</span> <span class='ocrx_word' id='word_1_295' title='bbox 708 4140 986 4209; x_wconf 72' lang='grc' dir='ltr'>Στεφάνου</span> <span class='ocrx_word' id='word_1_296' title='bbox 1014 4143 1072 4195; x_wconf 74' lang='grc' dir='ltr'>ἐν</span> <span class='ocrx_word' id='word_1_297' title='bbox 1104 4146 1169 4215; x_wconf 81' lang='grc' dir='ltr'>τῇ</span> <span class='ocrx_word' id='word_1_298' title='bbox 1196 4145 1490 4218; x_wconf 83' lang='grc' dir='ltr'><strong>Πανόρμῳ.</strong></span> <span class='ocrx_word' id='word_1_299' title='bbox 1521 4148 1707 4205; x_wconf 87' lang='lat' dir='ltr'><strong>Sermo</strong></span> <span class='ocrx_word' id='word_1_300' title='bbox 1749 4152 1840 4208; x_wconf 78' lang='lat'><strong>36.</strong></span> <span class='ocrx_word' id='word_1_301' title='bbox 1867 4152 2108 4209; x_wconf 72' lang='lat' dir='ltr'><strong>[familia</strong></span> 
     </span>
    </p>
   </div>
   <div class='ocr_carea' id='block_1_42' title="bbox 520 4231 2110 4314">
    <p class='ocr_par' dir='ltr' id='par_1_42' title="bbox 520 4231 2110 4314">
     <span class='ocr_line' id='line_1_42' title="bbox 520 4231 2110 4314; baseline 0.011 -30"><span class='ocrx_word' id='word_1_302' title='bbox 520 4232 576 4285; x_wconf 83' lang='lat' dir='ltr'><strong>in</strong></span> <span class='ocrx_word' id='word_1_303' title='bbox 622 4231 931 4299; x_wconf 85' lang='lat' dir='ltr'><strong>parabolam</strong></span> <span class='ocrx_word' id='word_1_304' title='bbox 992 4235 1175 4290; x_wconf 72' lang='lat' dir='ltr'><strong>vinem.</strong></span> <span class='ocrx_word' id='word_1_305' title='bbox 1208 4236 1583 4305; x_wconf 69' lang='lat' dir='ltr'><strong>{Pronuntiata</strong></span> <span class='ocrx_word' id='word_1_306' title='bbox 1642 4242 1747 4311; x_wconf 79' lang='lat' dir='ltr'><strong>fuit</strong></span> <span class='ocrx_word' id='word_1_307' title='bbox 1792 4243 1849 4299; x_wconf 81' lang='lat' dir='ltr'><strong>in</strong></span> <span class='ocrx_word' id='word_1_308' title='bbox 1917 4245 2110 4314; x_wconf 83' lang='lat' dir='ltr'><strong>templo</strong></span> 
     </span>
    </p>
   </div>
   <div class='ocr_carea' id='block_1_43' title="bbox 524 4324 2108 4402">
    <p class='ocr_par' dir='ltr' id='par_1_43' title="bbox 524 4324 2108 4402">
     <span class='ocr_line' id='line_1_43' title="bbox 524 4324 2108 4402; baseline 0.008 -22"><span class='ocrx_word' id='word_1_309' title='bbox 524 4324 714 4380; x_wconf 84' lang='lat' dir='ltr'><strong>Sancti</strong></span> <span class='ocrx_word' id='word_1_310' title='bbox 740 4324 997 4394; x_wconf 80' lang='lat' dir='ltr'><strong>Stephani</strong></span> <span class='ocrx_word' id='word_1_311' title='bbox 1041 4327 1318 4384; x_wconf 82' lang='lat' dir='ltr'><strong><em>Panormi.</em></strong></span> <span class='ocrx_word' id='word_1_312' title='bbox 1356 4329 1572 4402; x_wconf 85' lang='lat' dir='ltr'><strong>Incipit.</strong></span> <span class='ocrx_word' id='word_1_313' title='bbox 1628 4333 1717 4397; x_wconf 83' lang='grc' dir='ltr'>Ὠς</span> <span class='ocrx_word' id='word_1_314' title='bbox 1755 4336 1875 4390; x_wconf 85' lang='grc' dir='ltr'>λίαν</span> <span class='ocrx_word' id='word_1_315' title='bbox 1918 4336 2108 4391; x_wconf 84' lang='grc' dir='ltr'>καλλί-</span> 
     </span>
    </p>
   </div>
   <div class='ocr_carea' id='block_1_44' title="bbox 522 4418 2105 4501">
    <p class='ocr_par' dir='ltr' id='par_1_44' title="bbox 522 4418 2105 4501">
     <span class='ocr_line' id='line_1_44' title="bbox 522 4418 2105 4501; baseline 0.009 -32"><span class='ocrx_word' id='word_1_316' title='bbox 522 4434 657 4488; x_wconf 78' lang='grc' dir='ltr'>στην</span> <span class='ocrx_word' id='word_1_317' title='bbox 710 4418 946 4488; x_wconf 75' lang='grc' dir='ltr'>συνῆψεν</span> <span class='ocrx_word' id='word_1_318' title='bbox 1003 4424 1033 4474; x_wconf 89' lang='grc' dir='ltr'><strong>ό</strong></span> <span class='ocrx_word' id='word_1_319' title='bbox 1077 4422 1268 4492; x_wconf 78' lang='grc' dir='ltr'>χρόνος</span> <span class='ocrx_word' id='word_1_320' title='bbox 1323 4423 1424 4495; x_wconf 82' lang='grc' dir='ltr'>τὴν</span> <span class='ocrx_word' id='word_1_321' title='bbox 1483 4424 1579 4479; x_wconf 87' lang='grc' dir='ltr'><strong>τοῦ</strong></span> <span class='ocrx_word' id='word_1_322' title='bbox 1639 4428 2105 4501; x_wconf 84' lang='grc' dir='ltr'>πρωτομάρτυρος</span> 
     </span>
    </p>
   </div>
   <div class='ocr_carea' id='block_1_45' title="bbox 519 4512 2102 4595">
    <p class='ocr_par' dir='ltr' id='par_1_45' title="bbox 519 4512 2102 4595">
     <span class='ocr_line' id='line_1_45' title="bbox 519 4512 2102 4595; baseline 0.006 -29"><span class='ocrx_word' id='word_1_323' title='bbox 519 4512 714 4583; x_wconf 78' lang='grc' dir='ltr'>ἑορτὴν</span> <span class='ocrx_word' id='word_1_324' title='bbox 788 4516 853 4583; x_wconf 81' lang='grc' dir='ltr'><strong>τῇ</strong></span> <span class='ocrx_word' id='word_1_325' title='bbox 927 4516 1236 4587; x_wconf 82' lang='grc' dir='ltr'>πανηγύρει</span> <span class='ocrx_word' id='word_1_326' title='bbox 1310 4518 1421 4573; x_wconf 83' lang='grc' dir='ltr'><strong>τῶν</strong></span> <span class='ocrx_word' id='word_1_327' title='bbox 1479 4520 1771 4587; x_wconf 84' lang='grc' dir='ltr'>γενεθλίων</span> <span class='ocrx_word' id='word_1_328' title='bbox 1840 4522 2102 4595; x_wconf 87' lang='grc' dir='ltr'>Χριστοῦ.</span> 
     </span>
    </p>
   </div>
   <div class='ocr_carea' id='block_1_46' title="bbox 520 4606 2104 4688">
    <p class='ocr_par' dir='ltr' id='par_1_46' title="bbox 520 4606 2104 4688">
     <span class='ocr_line' id='line_1_46' title="bbox 520 4606 2104 4688; baseline 0.007 -28"><span class='ocrx_word' id='word_1_329' title='bbox 520 4606 749 4672; x_wconf 86' lang='lat' dir='ltr'><strong>Desinit,</strong></span> <span class='ocrx_word' id='word_1_330' title='bbox 789 4607 900 4661; x_wconf 79' lang='grc' dir='ltr'><strong>Καὶ</strong></span> <span class='ocrx_word' id='word_1_331' title='bbox 930 4608 1027 4661; x_wconf 89' lang='grc' dir='ltr'><strong>νῦν</strong></span> <span class='ocrx_word' id='word_1_332' title='bbox 1058 4610 1431 4678; x_wconf 75' lang='grc' dir='ltr'>ἐπηγγείλατο</span> <span class='ocrx_word' id='word_1_333' title='bbox 1463 4612 1643 4668; x_wconf 84' lang='grc' dir='ltr'>πίνειν</span> <span class='ocrx_word' id='word_1_334' title='bbox 1696 4614 1751 4669; x_wconf 81' lang='grc' dir='ltr'>τὸ</span> <span class='ocrx_word' id='word_1_335' title='bbox 1771 4615 1867 4670; x_wconf 88' lang='grc' dir='ltr'><strong>τοῦ</strong></span> <span class='ocrx_word' id='word_1_336' title='bbox 1910 4618 2104 4688; x_wconf 81' lang='grc' dir='ltr'>νοητοῦ</span> 
     </span>
    </p>
   </div>
   <div class='ocr_carea' id='block_1_47' title="bbox 517 4692 2105 4781">
    <p class='ocr_par' dir='ltr' id='par_1_47' title="bbox 517 4692 2105 4781">
     <span class='ocr_line' id='line_1_47' title="bbox 517 4692 2105 4781; baseline 0.008 -29"><span class='ocrx_word' id='word_1_337' title='bbox 517 4698 666 4752; x_wconf 77' lang='grc' dir='ltr'>οἴνου</span> <span class='ocrx_word' id='word_1_338' title='bbox 707 4699 991 4769; x_wconf 77' lang='grc' dir='ltr'>ποτήριον,</span> <span class='ocrx_word' id='word_1_339' title='bbox 1036 4692 1098 4754; x_wconf 75' lang='grc' dir='ltr'>οὗ</span> <span class='ocrx_word' id='word_1_340' title='bbox 1140 4702 1236 4755; x_wconf 82' lang='grc' dir='ltr'><strong>καὶ</strong></span> <span class='ocrx_word' id='word_1_341' title='bbox 1283 4702 1431 4774; x_wconf 78' lang='grc' dir='ltr'>ἡμᾶς</span> <span class='ocrx_word' id='word_1_342' title='bbox 1461 4709 1788 4779; x_wconf 76' lang='grc' dir='ltr'>μετασχεῖν,</span> <span class='ocrx_word' id='word_1_343' title='bbox 1850 4708 1910 4764; x_wconf 81' lang='grc' dir='ltr'>ὲν</span> <span class='ocrx_word' id='word_1_344' title='bbox 1953 4710 2105 4781; x_wconf 82' lang='grc' dir='ltr'>αὐτῷ</span> 
     </span>
    </p>
   </div>
   <div class='ocr_carea' id='block_1_48' title="bbox 516 4786 2105 4871">
    <p class='ocr_par' dir='ltr' id='par_1_48' title="bbox 516 4786 2105 4871">
     <span class='ocr_line' id='line_1_48' title="bbox 516 4786 2105 4871; baseline 0.006 -26"><span class='ocrx_word' id='word_1_345' title='bbox 516 4789 741 4860; x_wconf 82' lang='grc' dir='ltr'>Χριστῷ</span> <span class='ocrx_word' id='word_1_346' title='bbox 777 4790 856 4861; x_wconf 82' lang='grc' dir='ltr'>τῷ</span> <span class='ocrx_word' id='word_1_347' title='bbox 885 4790 1004 4862; x_wconf 87' lang='grc' dir='ltr'><strong>Θεῷ</strong></span> <span class='ocrx_word' id='word_1_348' title='bbox 1028 4808 1047 4827; x_wconf 74' lang='grc' dir='ltr'><strong><em>ο</em></strong></span> <span class='ocrx_word' id='word_1_349' title='bbox 1083 4786 1128 4861; x_wconf 84' lang='grc' dir='ltr'>ᾧ</span> <span class='ocrx_word' id='word_1_350' title='bbox 1156 4794 1190 4864; x_wconf 84' lang='grc' dir='ltr'><strong>ή</strong></span> <span class='ocrx_word' id='word_1_351' title='bbox 1233 4793 1359 4860; x_wconf 79' lang='grc' dir='ltr'>δόξα</span> <span class='ocrx_word' id='word_1_352' title='bbox 1394 4797 1490 4851; x_wconf 79' lang='grc' dir='ltr'>καὶ</span> <span class='ocrx_word' id='word_1_353' title='bbox 1525 4798 1606 4869; x_wconf 84' lang='grc' dir='ltr'>τῷ</span> <span class='ocrx_word' id='word_1_354' title='bbox 1645 4799 1848 4866; x_wconf 83' lang='grc' dir='ltr'>κράτος</span> <span class='ocrx_word' id='word_1_355' title='bbox 1902 4802 1999 4856; x_wconf 80' lang='grc' dir='ltr'><strong>σὺν</strong></span> <span class='ocrx_word' id='word_1_356' title='bbox 2026 4801 2105 4871; x_wconf 85' lang='grc' dir='ltr'>τῷ</span> 
     </span>
    </p>
   </div>
   <div class='ocr_carea' id='block_1_49' title="bbox 516 4879 2106 4959">
    <p class='ocr_par' dir='ltr' id='par_1_49' title="bbox 516 4879 2106 4959">
     <span class='ocr_line' id='line_1_49' title="bbox 516 4879 2106 4959; baseline 0.007 -25"><span class='ocrx_word' id='word_1_357' title='bbox 516 4879 741 4959; x_wconf 66' lang='grc' dir='ltr'>ἀνάρχῳ</span> <span class='ocrx_word' id='word_1_358' title='bbox 773 4880 948 4951; x_wconf 60' lang='grc' dir='ltr'><strong>Πατρ)¹</strong></span> <span class='ocrx_word' id='word_1_359' title='bbox 974 4882 1069 4936; x_wconf 77' lang='grc' dir='ltr'><strong>καὶ</strong></span> <span class='ocrx_word' id='word_1_360' title='bbox 1102 4882 1181 4954; x_wconf 82' lang='grc' dir='ltr'>τῷ</span> <span class='ocrx_word' id='word_1_361' title='bbox 1218 4885 1489 4956; x_wconf 87' lang='grc' dir='ltr'>όμοουσίῳ</span> <span class='ocrx_word' id='word_1_362' title='bbox 1524 4889 1621 4941; x_wconf 69' lang='grc' dir='ltr'><strong>καὶ</strong></span> <span class='ocrx_word' id='word_1_363' title='bbox 1651 4886 1902 4959; x_wconf 82' lang='grc' dir='ltr'>ζωοποιῷ</span> <span class='ocrx_word' id='word_1_364' title='bbox 1941 4891 2106 4955; x_wconf 65' lang='lat' dir='ltr'><strong>Ilvati-</strong></span> 
     </span>
    </p>
   </div>
   <div class='ocr_carea' id='block_1_50' title="bbox 519 4956 1437 5049">
    <p class='ocr_par' dir='ltr' id='par_1_50' title="bbox 519 4956 1437 5049">
     <span class='ocr_line' id='line_1_50' title="bbox 519 4956 1437 5049; baseline 0.004 -23"><span class='ocrx_word' id='word_1_365' title='bbox 519 4989 655 5044; x_wconf 85' lang='grc' dir='ltr'>ματι</span> <span class='ocrx_word' id='word_1_366' title='bbox 690 4956 769 5034; x_wconf 65' lang='grc' dir='ltr'>εἷς</span> <span class='ocrx_word' id='word_1_367' title='bbox 821 4974 949 5038; x_wconf 78' lang='grc' dir='ltr'>τοὺς</span> <span class='ocrx_word' id='word_1_368' title='bbox 974 4974 1198 5039; x_wconf 81' lang='grc' dir='ltr'>αἰῶνας.</span> <span class='ocrx_word' id='word_1_369' title='bbox 1246 4979 1437 5049; x_wconf 77' lang='grc' dir='ltr'>’Δμήν.</span> 
     </span>
    </p>
   </div>
   <div class='ocr_carea' id='block_1_51' title="bbox 588 5066 2102 5140">
    <p class='ocr_par' dir='ltr' id='par_1_51' title="bbox 588 5066 2102 5140">
     <span class='ocr_line' id='line_1_51' title="bbox 588 5066 2102 5140; baseline 0.005 -18"><span class='ocrx_word' id='word_1_370' title='bbox 588 5066 679 5133; x_wconf 88' lang='grc'><strong>88,</strong></span> <span class='ocrx_word' id='word_1_371' title='bbox 719 5081 929 5125; x_wconf 88' lang='lat' dir='ltr'><strong>averso.</strong></span> <span class='ocrx_word' id='word_1_372' title='bbox 963 5068 1096 5136; x_wconf 87' lang='grc' dir='ltr'>Λόγ.</span> <span class='ocrx_word' id='word_1_373' title='bbox 1120 5069 1221 5133; x_wconf 78' lang='grc' dir='ltr'>λζ’.</span> <span class='ocrx_word' id='word_1_374' title='bbox 1266 5069 1483 5140; x_wconf 83' lang='grc' dir='ltr'>Ὀμιλία</span> <span class='ocrx_word' id='word_1_375' title='bbox 1513 5074 1593 5135; x_wconf 86' lang='grc' dir='ltr'>εἰς</span> <span class='ocrx_word' id='word_1_376' title='bbox 1622 5073 1686 5126; x_wconf 85' lang='grc' dir='ltr'><strong>τὸ</strong></span> <span class='ocrx_word' id='word_1_377' title='bbox 1716 5073 1857 5127; x_wconf 81' lang='grc' dir='ltr'><strong>κατὰ</strong></span> <span class='ocrx_word' id='word_1_378' title='bbox 1886 5076 2102 5130; x_wconf 80' lang='grc' dir='ltr'>Λουκᾶν</span> 
     </span>
    </p>
   </div>
   <div class='ocr_carea' id='block_1_52' title="bbox 517 5158 2102 5239">
    <p class='ocr_par' dir='ltr' id='par_1_52' title="bbox 517 5158 2102 5239">
     <span class='ocr_line' id='line_1_52' title="bbox 517 5158 2102 5239; baseline 0.006 -27"><span class='ocrx_word' id='word_1_379' title='bbox 517 5158 854 5227; x_wconf 83' lang='grc' dir='ltr'>Εὖαγγέλιον</span> <span class='ocrx_word' id='word_1_380' title='bbox 881 5158 1009 5228; x_wconf 82' lang='grc' dir='ltr'>περὶ</span> <span class='ocrx_word' id='word_1_381' title='bbox 1039 5163 1139 5230; x_wconf 84' lang='grc' dir='ltr'><strong>τῆς</strong></span> <span class='ocrx_word' id='word_1_382' title='bbox 1161 5161 1336 5232; x_wconf 77' lang='grc' dir='ltr'>ἄγρας</span> <span class='ocrx_word' id='word_1_383' title='bbox 1362 5163 1474 5217; x_wconf 88' lang='grc' dir='ltr'>τῶν</span> <span class='ocrx_word' id='word_1_384' title='bbox 1505 5164 1726 5235; x_wconf 81' lang='grc' dir='ltr'>ίχθύων.</span> <span class='ocrx_word' id='word_1_385' title='bbox 1786 5167 2012 5239; x_wconf 85' lang='grc' dir='ltr'>Ἐλέχθη</span> <span class='ocrx_word' id='word_1_386' title='bbox 2043 5169 2102 5221; x_wconf 84' lang='grc' dir='ltr'>ὲν</span> 
     </span>
    </p>
   </div>
   <div class='ocr_carea' id='block_1_53' title="bbox 512 5248 2096 5329">
    <p class='ocr_par' dir='ltr' id='par_1_53' title="bbox 512 5248 2096 5329">
     <span class='ocr_line' id='line_1_53' title="bbox 512 5248 2096 5329; baseline 0.005 -24"><span class='ocrx_word' id='word_1_387' title='bbox 512 5248 594 5320; x_wconf 79' lang='grc' dir='ltr'>τῷ</span> <span class='ocrx_word' id='word_1_388' title='bbox 611 5250 849 5321; x_wconf 76' lang='grc' dir='ltr'>ἄμϐωνι.</span> <span class='ocrx_word' id='word_1_389' title='bbox 875 5248 1061 5306; x_wconf 84' lang='lat' dir='ltr'><strong>Sermo</strong></span> <span class='ocrx_word' id='word_1_390' title='bbox 1083 5253 1173 5309; x_wconf 76' lang='lat'><strong>56.</strong></span> <span class='ocrx_word' id='word_1_391' title='bbox 1200 5252 1438 5310; x_wconf 75' lang='lat' dir='ltr'><strong>Mamilia</strong></span> <span class='ocrx_word' id='word_1_392' title='bbox 1463 5255 1518 5310; x_wconf 87' lang='lat' dir='ltr'><strong>in</strong></span> <span class='ocrx_word' id='word_1_393' title='bbox 1535 5256 1882 5329; x_wconf 80' lang='lat' dir='ltr'><strong>Evangelium</strong></span> <span class='ocrx_word' id='word_1_394' title='bbox 1909 5277 2096 5315; x_wconf 80' lang='lat' dir='ltr'><strong>secun-</strong></span> 
     </span>
    </p>
   </div>
   <div class='ocr_carea' id='block_1_54' title="bbox 513 5341 2104 5420">
    <p class='ocr_par' dir='ltr' id='par_1_54' title="bbox 513 5341 2104 5420">
     <span class='ocr_line' id='line_1_54' title="bbox 513 5341 2104 5420; baseline 0.006 -26"><span class='ocrx_word' id='word_1_395' title='bbox 513 5342 640 5395; x_wconf 83' lang='lat' dir='ltr'><strong>dum</strong></span> <span class='ocrx_word' id='word_1_396' title='bbox 670 5341 868 5401; x_wconf 85' lang='lat' dir='ltr'><strong><em>Lucam</em></strong></span> <span class='ocrx_word' id='word_1_397' title='bbox 897 5343 962 5400; x_wconf 86' lang='lat' dir='ltr'><strong>de</strong></span> <span class='ocrx_word' id='word_1_398' title='bbox 994 5355 1214 5413; x_wconf 83' lang='lat' dir='ltr'><strong>captura</strong></span> <span class='ocrx_word' id='word_1_399' title='bbox 1248 5348 1493 5415; x_wconf 77' lang='lat' dir='ltr'><strong>piscium.</strong></span> <span class='ocrx_word' id='word_1_400' title='bbox 1523 5348 1876 5404; x_wconf 84' lang='lat' dir='ltr'><strong>Pronuntiata</strong></span> <span class='ocrx_word' id='word_1_401' title='bbox 1915 5351 2014 5420; x_wconf 78' lang='lat' dir='ltr'><strong>fuit</strong></span> <span class='ocrx_word' id='word_1_402' title='bbox 2047 5350 2104 5405; x_wconf 87' lang='lat' dir='ltr'><strong>iu</strong></span> 
     </span>
    </p>
   </div>
   <div class='ocr_carea' id='block_1_55' title="bbox 516 5425 2103 5506">
    <p class='ocr_par' dir='ltr' id='par_1_55' title="bbox 516 5425 2103 5506">
     <span class='ocr_line' id='line_1_55' title="bbox 516 5425 2103 5506; baseline 0.005 -24"><span class='ocrx_word' id='word_1_403' title='bbox 516 5426 758 5482; x_wconf 80' lang='lat' dir='ltr'><strong><em>amboue.</em></strong></span> <span class='ocrx_word' id='word_1_404' title='bbox 795 5425 1008 5497; x_wconf 88' lang='lat' dir='ltr'><strong>Incipit,</strong></span> <span class='ocrx_word' id='word_1_405' title='bbox 1043 5430 1376 5503; x_wconf 79' lang='grc' dir='ltr'>Ἐπειδήπερ</span> <span class='ocrx_word' id='word_1_406' title='bbox 1416 5433 1592 5505; x_wconf 83' lang='grc' dir='ltr'>ἀρχὴν</span> <span class='ocrx_word' id='word_1_407' title='bbox 1616 5434 1829 5506; x_wconf 78' lang='grc' dir='ltr'>είλήφει</span> <span class='ocrx_word' id='word_1_408' title='bbox 1860 5437 2103 5506; x_wconf 84' lang='grc' dir='ltr'>σήμερον</span> 
     </span>
    </p>
   </div>
   <div class='ocr_carea' id='block_1_56' title="bbox 519 5516 1531 5588">
    <p class='ocr_par' dir='ltr' id='par_1_56' title="bbox 519 5516 1531 5588">
     <span class='ocr_line' id='line_1_56' title="bbox 519 5516 1531 5588; baseline 0.011 -18"><span class='ocrx_word' id='word_1_409' title='bbox 519 5516 1084 5588; x_wconf 78' lang='grc' dir='ltr'>ὑπαναγινώσκεσοαι.</span> <span class='ocrx_word' id='word_1_410' title='bbox 1122 5521 1218 5578; x_wconf 85' lang='lat' dir='ltr'><strong>Est</strong></span> <span class='ocrx_word' id='word_1_411' title='bbox 1248 5524 1444 5579; x_wconf 88' lang='lat' dir='ltr'><strong>ibidem</strong></span> <span class='ocrx_word' id='word_1_412' title='bbox 1476 5526 1531 5581; x_wconf 86' lang='grc'>5.</span> 
     </span>
    </p>
   </div>
   <div class='ocr_carea' id='block_1_57' title="bbox 590 5608 2098 5691">
    <p class='ocr_par' dir='ltr' id='par_1_57' title="bbox 590 5608 2098 5691">
     <span class='ocr_line' id='line_1_57' title="bbox 590 5608 2098 5691; baseline 0.009 -30"><span class='ocrx_word' id='word_1_413' title='bbox 590 5608 680 5663; x_wconf 86' lang='grc'>90.</span> <span class='ocrx_word' id='word_1_414' title='bbox 717 5610 851 5680; x_wconf 84' lang='grc' dir='ltr'>Λόγ.</span> <span class='ocrx_word' id='word_1_415' title='bbox 890 5612 994 5682; x_wconf 85' lang='grc' dir='ltr'>λη’.</span> <span class='ocrx_word' id='word_1_416' title='bbox 1037 5614 1257 5685; x_wconf 86' lang='grc' dir='ltr'>Ὀμιλία</span> <span class='ocrx_word' id='word_1_417' title='bbox 1305 5616 1435 5689; x_wconf 76' lang='grc' dir='ltr'>περὶ</span> <span class='ocrx_word' id='word_1_418' title='bbox 1479 5617 1572 5671; x_wconf 87' lang='grc' dir='ltr'><strong>τοῦ</strong></span> <span class='ocrx_word' id='word_1_419' title='bbox 1600 5619 1718 5673; x_wconf 81' lang='grc' dir='ltr'>υἱοῦ</span> <span class='ocrx_word' id='word_1_420' title='bbox 1764 5622 1865 5691; x_wconf 76' lang='grc' dir='ltr'><strong>τῆς</strong></span> <span class='ocrx_word' id='word_1_421' title='bbox 1901 5619 2098 5689; x_wconf 78' lang='grc' dir='ltr'>χήρας.</span> 
     </span>
    </p>
   </div>
   <div class='ocr_carea' id='block_1_58' title="bbox 533 5698 2104 5783">
    <p class='ocr_par' dir='ltr' id='par_1_58' title="bbox 533 5698 2104 5783">
     <span class='ocr_line' id='line_1_58' title="bbox 533 5698 2104 5783; baseline 0.008 -31"><span class='ocrx_word' id='word_1_422' title='bbox 533 5698 760 5770; x_wconf 76' lang='grc' dir='ltr'>Ἐλὲχθη</span> <span class='ocrx_word' id='word_1_423' title='bbox 786 5704 844 5757; x_wconf 76' lang='grc' dir='ltr'>ὲν</span> <span class='ocrx_word' id='word_1_424' title='bbox 878 5707 946 5776; x_wconf 76' lang='grc' dir='ltr'>τῇ</span> <span class='ocrx_word' id='word_1_425' title='bbox 981 5706 1188 5779; x_wconf 78' lang='grc' dir='ltr'>μεγάλῃ</span> <span class='ocrx_word' id='word_1_426' title='bbox 1214 5712 1350 5781; x_wconf 86' lang='grc' dir='ltr'>μονῇ</span> <span class='ocrx_word' id='word_1_427' title='bbox 1391 5709 1485 5764; x_wconf 84' lang='grc' dir='ltr'><strong>τοῦ</strong></span> <span class='ocrx_word' id='word_1_428' title='bbox 1537 5712 1789 5783; x_wconf 83' lang='grc' dir='ltr'>Σωτῆρος</span> <span class='ocrx_word' id='word_1_429' title='bbox 1844 5711 2104 5782; x_wconf 82' lang='grc' dir='ltr'>’Δκροτη-</span> 
     </span>
    </p>
   </div>
   <div class='ocr_carea' id='block_1_59' title="bbox 524 5791 2099 5874">
    <p class='ocr_par' dir='ltr' id='par_1_59' title="bbox 524 5791 2099 5874">
     <span class='ocr_line' id='line_1_59' title="bbox 524 5791 2099 5874; baseline 0.008 -31"><span class='ocrx_word' id='word_1_430' title='bbox 524 5791 665 5862; x_wconf 79' lang='grc' dir='ltr'>ρίου,</span> <span class='ocrx_word' id='word_1_431' title='bbox 695 5791 1061 5861; x_wconf 80' lang='grc' dir='ltr'>ἀποθανόντος</span> <span class='ocrx_word' id='word_1_432' title='bbox 1098 5798 1193 5851; x_wconf 84' lang='grc' dir='ltr'><strong>τοῦ</strong></span> <span class='ocrx_word' id='word_1_433' title='bbox 1231 5800 1449 5870; x_wconf 80' lang='grc' dir='ltr'>πρώτου</span> <span class='ocrx_word' id='word_1_434' title='bbox 1494 5803 1724 5874; x_wconf 75' lang='grc' dir='ltr'>ψάλτου.</span> <span class='ocrx_word' id='word_1_435' title='bbox 1777 5802 1964 5857; x_wconf 83' lang='lat' dir='ltr'><strong>Sermo</strong></span> <span class='ocrx_word' id='word_1_436' title='bbox 2008 5803 2099 5856; x_wconf 80' lang='lat'><strong>58.</strong></span> 
     </span>
    </p>
   </div>
   <div class='ocr_carea' id='block_1_60' title="bbox 526 5882 2100 5965">
    <p class='ocr_par' dir='ltr' id='par_1_60' title="bbox 526 5882 2100 5965">
     <span class='ocr_line' id='line_1_60' title="bbox 526 5882 2100 5965; baseline 0.007 -27"><span class='ocrx_word' id='word_1_437' title='bbox 526 5882 766 5941; x_wconf 74' lang='lat' dir='ltr'><strong>[familia</strong></span> <span class='ocrx_word' id='word_1_438' title='bbox 798 5888 861 5943; x_wconf 80' lang='lat' dir='ltr'><strong>de</strong></span> <span class='ocrx_word' id='word_1_439' title='bbox 899 5887 1009 5940; x_wconf 80' lang='lat' dir='ltr'><strong>lilio</strong></span> <span class='ocrx_word' id='word_1_440' title='bbox 1051 5890 1237 5944; x_wconf 77' lang='lat' dir='ltr'><strong>vitate.</strong></span> <span class='ocrx_word' id='word_1_441' title='bbox 1277 5893 1631 5950; x_wconf 82' lang='lat' dir='ltr'><strong>Pronuntiata</strong></span> <span class='ocrx_word' id='word_1_442' title='bbox 1673 5896 1773 5965; x_wconf 82' lang='lat' dir='ltr'><strong>fuit</strong></span> <span class='ocrx_word' id='word_1_443' title='bbox 1823 5898 1874 5951; x_wconf 85' lang='lat' dir='ltr'><strong>in</strong></span> <span class='ocrx_word' id='word_1_444' title='bbox 1914 5912 2100 5965; x_wconf 86' lang='lat' dir='ltr'><strong>magno</strong></span> 
     </span>
    </p>
   </div>
   <div class='ocr_carea' id='block_1_61' title="bbox 2232 538 3811 611">
    <p class='ocr_par' dir='ltr' id='par_1_61' title="bbox 2232 538 3811 611">
     <span class='ocr_line' id='line_1_61' title="bbox 2232 538 3811 611; baseline 0.001 -17"><span class='ocrx_word' id='word_1_445' title='bbox 2232 542 2552 596; x_wconf 78' lang='lat' dir='ltr'><strong>monasterio</strong></span> <span class='ocrx_word' id='word_1_446' title='bbox 2586 538 2887 596; x_wconf 75' lang='lat' dir='ltr'><strong>Saluatoris</strong></span> <span class='ocrx_word' id='word_1_447' title='bbox 2933 540 3343 610; x_wconf 77' lang='grc' dir='ltr'>Ἀκροτηρίου,</span> <span class='ocrx_word' id='word_1_448' title='bbox 3382 543 3554 611; x_wconf 85' lang='lat' dir='ltr'><strong>primo</strong></span> <span class='ocrx_word' id='word_1_449' title='bbox 3596 555 3811 601; x_wconf 77' lang='lat' dir='ltr'><strong>cantare</strong></span> 
     </span>
    </p>
   </div>
   <div class='ocr_carea' id='block_1_62' title="bbox 2230 631 3811 705">
    <p class='ocr_par' dir='ltr' id='par_1_62' title="bbox 2230 631 3811 705">
     <span class='ocr_line' id='line_1_62' title="bbox 2230 631 3811 705; baseline 0.003 -22"><span class='ocrx_word' id='word_1_450' title='bbox 2230 631 2525 686; x_wconf 82' lang='lat' dir='ltr'><strong>demortuo.</strong></span> <span class='ocrx_word' id='word_1_451' title='bbox 2546 631 2972 702; x_wconf 77' lang='grc' dir='ltr'>Ιηοίρίι,”Ᾱλλην</span> <span class='ocrx_word' id='word_1_452' title='bbox 2999 631 3252 686; x_wconf 75' lang='grc' dir='ltr'>ὑπόθεσιν</span> <span class='ocrx_word' id='word_1_453' title='bbox 3274 633 3607 704; x_wconf 80' lang='grc' dir='ltr'>ὡρμημένος</span> <span class='ocrx_word' id='word_1_454' title='bbox 3623 636 3811 705; x_wconf 86' lang='grc' dir='ltr'>προοί-</span> 
     </span>
    </p>
   </div>
   <div class='ocr_carea' id='block_1_63' title="bbox 2233 722 3472 794">
    <p class='ocr_par' dir='ltr' id='par_1_63' title="bbox 2233 722 3472 794">
     <span class='ocr_line' id='line_1_63' title="bbox 2233 722 3472 794; baseline 0.003 -19"><span class='ocrx_word' id='word_1_455' title='bbox 2233 739 2357 791; x_wconf 90' lang='grc' dir='ltr'>μιον</span> <span class='ocrx_word' id='word_1_456' title='bbox 2382 723 2476 776; x_wconf 88' lang='grc' dir='ltr'><strong>τοῦ</strong></span> <span class='ocrx_word' id='word_1_457' title='bbox 2509 722 2669 791; x_wconf 84' lang='grc' dir='ltr'>λόγου</span> <span class='ocrx_word' id='word_1_458' title='bbox 2694 723 3044 794; x_wconf 82' lang='grc' dir='ltr'>ποιήσασθαι.</span> <span class='ocrx_word' id='word_1_459' title='bbox 3073 722 3167 779; x_wconf 87' lang='lat' dir='ltr'><strong>Est</strong></span> <span class='ocrx_word' id='word_1_460' title='bbox 3190 723 3386 781; x_wconf 90' lang='lat' dir='ltr'><strong>ibidem</strong></span> <span class='ocrx_word' id='word_1_461' title='bbox 3416 726 3472 780; x_wconf 85' lang='lat'><strong><em>6.</em></strong></span> 
     </span>
    </p>
   </div>
   <div class='ocr_carea' id='block_1_64' title="bbox 2300 813 3806 887">
    <p class='ocr_par' dir='ltr' id='par_1_64' title="bbox 2300 813 3806 887">
     <span class='ocr_line' id='line_1_64' title="bbox 2300 813 3806 887; baseline 0.003 -19"><span class='ocrx_word' id='word_1_462' title='bbox 2300 813 2379 869; x_wconf 79' lang='lat' dir='ltr'><strong>Ex</strong></span> <span class='ocrx_word' id='word_1_463' title='bbox 2414 814 2575 885; x_wconf 84' lang='lat' dir='ltr'><strong>hujus</strong></span> <span class='ocrx_word' id='word_1_464' title='bbox 2610 814 2847 870; x_wconf 71' lang='lat' dir='ltr'><strong>homilia:</strong></span> <span class='ocrx_word' id='word_1_465' title='bbox 2885 816 3258 884; x_wconf 85' lang='lat' dir='ltr'><strong>inscriptione,</strong></span> <span class='ocrx_word' id='word_1_466' title='bbox 3292 832 3413 887; x_wconf 68' lang='lat' dir='ltr'><strong>quae</strong></span> <span class='ocrx_word' id='word_1_467' title='bbox 3459 816 3518 871; x_wconf 83' lang='lat' dir='ltr'><strong>P.</strong></span> <span class='ocrx_word' id='word_1_468' title='bbox 3553 816 3806 873; x_wconf 85' lang='lat' dir='ltr'><strong>Scorsum</strong></span> 
     </span>
    </p>
   </div>
   <div class='ocr_carea' id='block_1_65' title="bbox 2228 904 3914 978">
    <p class='ocr_par' dir='ltr' id='par_1_65' title="bbox 2228 904 3914 978">
     <span class='ocr_line' id='line_1_65' title="bbox 2228 904 3914 978; baseline 0.002 -18"><span class='ocrx_word' id='word_1_469' title='bbox 2228 904 2410 971; x_wconf 84' lang='lat' dir='ltr'><strong>latuit,</strong></span> <span class='ocrx_word' id='word_1_470' title='bbox 2449 906 2556 961; x_wconf 91' lang='lat' dir='ltr'><strong>duo</strong></span> <span class='ocrx_word' id='word_1_471' title='bbox 2591 906 2728 961; x_wconf 89' lang='lat' dir='ltr'><strong>scitu</strong></span> <span class='ocrx_word' id='word_1_472' title='bbox 2754 906 2912 976; x_wconf 91' lang='lat' dir='ltr'><strong>digna</strong></span> <span class='ocrx_word' id='word_1_473' title='bbox 2943 905 3187 978; x_wconf 77' lang='lat' dir='ltr'><strong>colligas,</strong></span> <span class='ocrx_word' id='word_1_474' title='bbox 3213 922 3330 961; x_wconf 89' lang='lat' dir='ltr'><strong>eam</strong></span> <span class='ocrx_word' id='word_1_475' title='bbox 3363 908 3610 964; x_wconf 73' lang='lat' dir='ltr'><strong>videlicet</strong></span> <span class='ocrx_word' id='word_1_476' title='bbox 3651 909 3807 963; x_wconf 87' lang='lat' dir='ltr'><strong>babi-</strong></span> <span class='ocrx_word' id='word_1_477' title='bbox 3902 914 3914 925; x_wconf 85' lang='lat'><strong><em>&#39;</em></strong></span> 
     </span>
    </p>
   </div>
   <div class='ocr_carea' id='block_1_66' title="bbox 2230 994 3811 1072">
    <p class='ocr_par' dir='ltr' id='par_1_66' title="bbox 2230 994 3811 1072">
     <span class='ocr_line' id='line_1_66' title="bbox 2230 994 3811 1072; baseline 0.002 -21"><span class='ocrx_word' id='word_1_478' title='bbox 2230 1005 2337 1051; x_wconf 89' lang='lat' dir='ltr'><strong>tam</strong></span> <span class='ocrx_word' id='word_1_479' title='bbox 2370 994 2536 1051; x_wconf 90' lang='lat' dir='ltr'><strong>fuisse</strong></span> <span class='ocrx_word' id='word_1_480' title='bbox 2566 995 2847 1064; x_wconf 49' lang='lat' dir='ltr'><strong>Messana,</strong></span> <span class='ocrx_word' id='word_1_481' title='bbox 2883 998 3080 1069; x_wconf 89' lang='lat' dir='ltr'><strong>quippe</strong></span> <span class='ocrx_word' id='word_1_482' title='bbox 3130 998 3283 1067; x_wconf 84' lang='lat' dir='ltr'><strong>cujus</strong></span> <span class='ocrx_word' id='word_1_483' title='bbox 3320 998 3372 1053; x_wconf 88' lang='lat' dir='ltr'><strong>in</strong></span> <span class='ocrx_word' id='word_1_484' title='bbox 3413 1010 3598 1070; x_wconf 85' lang='lat' dir='ltr'><strong>portus</strong></span> <span class='ocrx_word' id='word_1_485' title='bbox 3639 1002 3811 1072; x_wconf 79' lang='grc' dir='ltr'>ἀκρο-</span> 
     </span>
    </p>
   </div>
   <div class='ocr_carea' id='block_1_67' title="bbox 2226 1088 3809 1159">
    <p class='ocr_par' dir='ltr' id='par_1_67' title="bbox 2226 1088 3809 1159">
     <span class='ocr_line' id='line_1_67' title="bbox 2226 1088 3809 1159; baseline 0.004 -18"><span class='ocrx_word' id='word_1_486' title='bbox 2226 1088 2421 1159; x_wconf 82' lang='grc' dir='ltr'>τηρίῳ,</span> <span class='ocrx_word' id='word_1_487' title='bbox 2479 1089 2594 1144; x_wconf 86' lang='lat' dir='ltr'><strong>sive</strong></span> <span class='ocrx_word' id='word_1_488' title='bbox 2645 1089 2979 1155; x_wconf 84' lang='lat' dir='ltr'><strong>summitate,</strong></span> <span class='ocrx_word' id='word_1_489' title='bbox 3045 1091 3250 1146; x_wconf 81' lang='lat' dir='ltr'><strong>exstitit</strong></span> <span class='ocrx_word' id='word_1_490' title='bbox 3300 1090 3428 1145; x_wconf 90' lang='lat' dir='ltr'><strong>olim</strong></span> <span class='ocrx_word' id='word_1_491' title='bbox 3488 1091 3809 1154; x_wconf 73' lang='lat' dir='ltr'><strong>Salvator-is.</strong></span> 
     </span>
    </p>
   </div>
   <div class='ocr_carea' id='block_1_68' title="bbox 2226 1181 3807 1250">
    <p class='ocr_par' dir='ltr' id='par_1_68' title="bbox 2226 1181 3807 1250">
     <span class='ocr_line' id='line_1_68' title="bbox 2226 1181 3807 1250; baseline 0.005 -20"><span class='ocrx_word' id='word_1_492' title='bbox 2226 1182 2368 1250; x_wconf 85' lang='lat' dir='ltr'><strong>quod</strong></span> <span class='ocrx_word' id='word_1_493' title='bbox 2427 1181 2514 1235; x_wconf 87' lang='lat' dir='ltr'><strong>hic</strong></span> <span class='ocrx_word' id='word_1_494' title='bbox 2574 1190 2931 1247; x_wconf 83' lang='lat' dir='ltr'><strong>memoratur,</strong></span> <span class='ocrx_word' id='word_1_495' title='bbox 2982 1183 3393 1245; x_wconf 87' lang='lat' dir='ltr'><strong>monasterium,</strong></span> <span class='ocrx_word' id='word_1_496' title='bbox 3455 1194 3514 1238; x_wconf 93' lang='lat' dir='ltr'><strong>ut</strong></span> <span class='ocrx_word' id='word_1_497' title='bbox 3562 1200 3629 1239; x_wconf 84' lang='lat' dir='ltr'><strong>ex</strong></span> <span class='ocrx_word' id='word_1_498' title='bbox 3680 1193 3807 1239; x_wconf 89' lang='lat' dir='ltr'><strong>uota</strong></span> 
     </span>
    </p>
   </div>
   <div class='ocr_carea' id='block_1_69' title="bbox 2226 1272 3805 1346">
    <p class='ocr_par' dir='ltr' id='par_1_69' title="bbox 2226 1272 3805 1346">
     <span class='ocr_line' id='line_1_69' title="bbox 2226 1272 3805 1346; baseline 0.002 -19"><span class='ocrx_word' id='word_1_499' title='bbox 2226 1272 2428 1328; x_wconf 89' lang='lat' dir='ltr'><strong>codicis</strong></span> <span class='ocrx_word' id='word_1_500' title='bbox 2486 1273 2543 1339; x_wconf 75' lang='lat'><strong>2,</strong></span> <span class='ocrx_word' id='word_1_501' title='bbox 2597 1273 2760 1344; x_wconf 90' lang='lat' dir='ltr'><strong>hujus</strong></span> <span class='ocrx_word' id='word_1_502' title='bbox 2815 1274 2983 1329; x_wconf 89' lang='lat' dir='ltr'><strong>nostri</strong></span> <span class='ocrx_word' id='word_1_503' title='bbox 3030 1275 3259 1346; x_wconf 89' lang='lat' dir='ltr'><strong>catalogi</strong></span> <span class='ocrx_word' id='word_1_504' title='bbox 3320 1276 3476 1345; x_wconf 82' lang='lat' dir='ltr'><strong>plane</strong></span> <span class='ocrx_word' id='word_1_505' title='bbox 3551 1285 3805 1341; x_wconf 82' lang='lat' dir='ltr'><strong>constat;</strong></span> 
     </span>
    </p>
   </div>
   <div class='ocr_carea' id='block_1_70' title="bbox 2226 1364 3811 1436">
    <p class='ocr_par' dir='ltr' id='par_1_70' title="bbox 2226 1364 3811 1436">
     <span class='ocr_line' id='line_1_70' title="bbox 2226 1364 3811 1436; baseline -0.001 -17"><span class='ocrx_word' id='word_1_506' title='bbox 2226 1365 2417 1421; x_wconf 85' lang='lat' dir='ltr'><strong>deinde</strong></span> <span class='ocrx_word' id='word_1_507' title='bbox 2444 1364 2641 1431; x_wconf 88' lang='lat' dir='ltr'><strong>virum,</strong></span> <span class='ocrx_word' id='word_1_508' title='bbox 2672 1364 2825 1433; x_wconf 88' lang='lat' dir='ltr'><strong>cujus</strong></span> <span class='ocrx_word' id='word_1_509' title='bbox 2858 1365 3217 1436; x_wconf 82' lang='lat' dir='ltr'><strong>Theophanes</strong></span> <span class='ocrx_word' id='word_1_510' title='bbox 3253 1376 3482 1421; x_wconf 87' lang='lat' dir='ltr'><strong>mortem</strong></span> <span class='ocrx_word' id='word_1_511' title='bbox 3525 1366 3578 1420; x_wconf 91' lang='lat' dir='ltr'><strong>in</strong></span> <span class='ocrx_word' id='word_1_512' title='bbox 3606 1368 3811 1420; x_wconf 84' lang='lat' dir='ltr'><strong>oratio-</strong></span> 
     </span>
    </p>
   </div>
   <div class='ocr_carea' id='block_1_71' title="bbox 2227 1458 3808 1529">
    <p class='ocr_par' dir='ltr' id='par_1_71' title="bbox 2227 1458 3808 1529">
     <span class='ocr_line' id='line_1_71' title="bbox 2227 1458 3808 1529; baseline 0.003 -19"><span class='ocrx_word' id='word_1_513' title='bbox 2227 1458 2311 1513; x_wconf 86' lang='lat' dir='ltr'><strong>nis</strong></span> <span class='ocrx_word' id='word_1_514' title='bbox 2337 1458 2561 1514; x_wconf 81' lang='lat' dir='ltr'><strong>exordio</strong></span> <span class='ocrx_word' id='word_1_515' title='bbox 2591 1458 2860 1527; x_wconf 85' lang='lat' dir='ltr'><strong>deplorat,</strong></span> <span class='ocrx_word' id='word_1_516' title='bbox 2909 1458 3149 1529; x_wconf 87' lang='lat' dir='ltr'><strong>ejusdem</strong></span> <span class='ocrx_word' id='word_1_517' title='bbox 3202 1460 3519 1515; x_wconf 87' lang='lat' dir='ltr'><strong>monasterii</strong></span> <span class='ocrx_word' id='word_1_518' title='bbox 3562 1459 3808 1516; x_wconf 79' lang='lat' dir='ltr'><strong>ecclesiae</strong></span> 
     </span>
    </p>
   </div>
   <div class='ocr_carea' id='block_1_72' title="bbox 2225 1547 3808 1621">
    <p class='ocr_par' dir='ltr' id='par_1_72' title="bbox 2225 1547 3808 1621">
     <span class='ocr_line' id='line_1_72' title="bbox 2225 1547 3808 1621; baseline 0.004 -20"><span class='ocrx_word' id='word_1_519' title='bbox 2225 1547 2648 1621; x_wconf 62' lang='grc' dir='ltr'>πρωτοψόὺιτην,</span> <span class='ocrx_word' id='word_1_520' title='bbox 2692 1551 2742 1604; x_wconf 90' lang='lat' dir='ltr'><strong>id</strong></span> <span class='ocrx_word' id='word_1_521' title='bbox 2777 1561 2881 1617; x_wconf 91' lang='lat' dir='ltr'><strong>est,</strong></span> <span class='ocrx_word' id='word_1_522' title='bbox 2932 1551 3163 1620; x_wconf 88' lang='lat' dir='ltr'><strong>primum</strong></span> <span class='ocrx_word' id='word_1_523' title='bbox 3195 1560 3496 1618; x_wconf 87' lang='lat' dir='ltr'><strong>cautorem,</strong></span> <span class='ocrx_word' id='word_1_524' title='bbox 3543 1552 3625 1606; x_wconf 90' lang='lat' dir='ltr'><strong>vel</strong></span> <span class='ocrx_word' id='word_1_525' title='bbox 3667 1568 3808 1621; x_wconf 71' lang='lat' dir='ltr'><strong>pra:-</strong></span> 
     </span>
    </p>
   </div>
   <div class='ocr_carea' id='block_1_73' title="bbox 2224 1644 3805 1712">
    <p class='ocr_par' dir='ltr' id='par_1_73' title="bbox 2224 1644 3805 1712">
     <span class='ocr_line' id='line_1_73' title="bbox 2224 1644 3805 1712; baseline 0.003 -16"><span class='ocrx_word' id='word_1_526' title='bbox 2224 1653 2500 1699; x_wconf 86' lang='lat' dir='ltr'><strong>centorem</strong></span> <span class='ocrx_word' id='word_1_527' title='bbox 2523 1644 2822 1700; x_wconf 80' lang='lat' dir='ltr'><strong>exstitisse.</strong></span> <span class='ocrx_word' id='word_1_528' title='bbox 2850 1644 3001 1712; x_wconf 87' lang='lat' dir='ltr'><strong>Quod</strong></span> <span class='ocrx_word' id='word_1_529' title='bbox 3039 1653 3217 1700; x_wconf 89' lang='lat' dir='ltr'><strong>autem</strong></span> <span class='ocrx_word' id='word_1_530' title='bbox 3250 1661 3374 1701; x_wconf 85' lang='lat' dir='ltr'><strong>eum</strong></span> <span class='ocrx_word' id='word_1_531' title='bbox 3402 1645 3625 1700; x_wconf 87' lang='lat' dir='ltr'><strong>lratrem</strong></span> <span class='ocrx_word' id='word_1_532' title='bbox 3648 1662 3805 1700; x_wconf 92' lang='lat' dir='ltr'><strong>suum</strong></span> 
     </span>
    </p>
   </div>
   <div class='ocr_carea' id='block_1_74' title="bbox 2222 1734 3808 1810">
    <p class='ocr_par' dir='ltr' id='par_1_74' title="bbox 2222 1734 3808 1810">
     <span class='ocr_line' id='line_1_74' title="bbox 2222 1734 3808 1810; baseline 0.004 -22"><span class='ocrx_word' id='word_1_533' title='bbox 2222 1735 2477 1805; x_wconf 89' lang='lat' dir='ltr'><strong>appellat,</strong></span> <span class='ocrx_word' id='word_1_534' title='bbox 2516 1751 2620 1791; x_wconf 90' lang='lat' dir='ltr'><strong>non</strong></span> <span class='ocrx_word' id='word_1_535' title='bbox 2651 1735 2775 1792; x_wconf 90' lang='lat' dir='ltr'><strong>inde</strong></span> <span class='ocrx_word' id='word_1_536' title='bbox 2808 1752 2940 1792; x_wconf 86' lang='lat' dir='ltr'><strong>sane</strong></span> <span class='ocrx_word' id='word_1_537' title='bbox 2983 1734 3436 1794; x_wconf 49' lang='lat' dir='ltr'><strong>coniicitur&#39;eum</strong></span> <span class='ocrx_word' id='word_1_538' title='bbox 3485 1739 3588 1810; x_wconf 89' lang='lat' dir='ltr'><strong>ipsi</strong></span> <span class='ocrx_word' id='word_1_539' title='bbox 3638 1739 3808 1795; x_wconf 88' lang='lat' dir='ltr'><strong>fuisse</strong></span> 
     </span>
    </p>
   </div>
   <div class='ocr_carea' id='block_1_75' title="bbox 2223 1825 3879 1899">
    <p class='ocr_par' dir='ltr' id='par_1_75' title="bbox 2223 1825 3879 1899">
     <span class='ocr_line' id='line_1_75' title="bbox 2223 1825 3879 1899; baseline 0.002 -21"><span class='ocrx_word' id='word_1_540' title='bbox 2223 1825 2504 1895; x_wconf 80' lang='lat' dir='ltr'><strong>sanguinis</strong></span> <span class='ocrx_word' id='word_1_541' title='bbox 2528 1829 2847 1896; x_wconf 79' lang='lat' dir='ltr'><strong>cognatione</strong></span> <span class='ocrx_word' id='word_1_542' title='bbox 2882 1827 3128 1895; x_wconf 90' lang='lat' dir='ltr'><strong>fratrem,</strong></span> <span class='ocrx_word' id='word_1_543' title='bbox 3156 1830 3612 1899; x_wconf 85' lang='lat' dir='ltr'><strong>quemadmodum</strong></span> <span class='ocrx_word' id='word_1_544' title='bbox 3664 1830 3804 1884; x_wconf 90' lang='lat' dir='ltr'><strong>idem</strong></span> <span class='ocrx_word' id='word_1_545' title='bbox 3867 1870 3879 1882; x_wconf 93' lang='lat'><strong>.</strong></span> 
     </span>
    </p>
   </div>
   <div class='ocr_carea' id='block_1_76' title="bbox 2221 1915 3807 1988">
    <p class='ocr_par' dir='ltr' id='par_1_76' title="bbox 2221 1915 3807 1988">
     <span class='ocr_line' id='line_1_76' title="bbox 2221 1915 3807 1988; baseline 0.005 -17"><span class='ocrx_word' id='word_1_546' title='bbox 2221 1915 2284 1973; x_wconf 90' lang='lat' dir='ltr'><strong>P.</strong></span> <span class='ocrx_word' id='word_1_547' title='bbox 2325 1916 2555 1974; x_wconf 89' lang='lat' dir='ltr'><strong>Scorsus</strong></span> <span class='ocrx_word' id='word_1_548' title='bbox 2587 1919 2639 1974; x_wconf 93' lang='lat' dir='ltr'><strong>in</strong></span> <span class='ocrx_word' id='word_1_549' title='bbox 2676 1921 2819 1976; x_wconf 90' lang='lat' dir='ltr'><strong>notis</strong></span> <span class='ocrx_word' id='word_1_550' title='bbox 2862 1919 3132 1988; x_wconf 76' lang='lat' dir='ltr'><strong>afﬁrmat;</strong></span> <span class='ocrx_word' id='word_1_551' title='bbox 3164 1921 3268 1977; x_wconf 90' lang='lat' dir='ltr'><strong>hoc</strong></span> <span class='ocrx_word' id='word_1_552' title='bbox 3295 1923 3440 1977; x_wconf 90' lang='lat' dir='ltr'><strong>enim</strong></span> <span class='ocrx_word' id='word_1_553' title='bbox 3480 1932 3541 1976; x_wconf 92' lang='lat' dir='ltr'><strong>ut</strong></span> <span class='ocrx_word' id='word_1_554' title='bbox 3587 1924 3807 1979; x_wconf 84' lang='lat' dir='ltr'><strong>nomine</strong></span> 
     </span>
    </p>
   </div>
   <div class='ocr_carea' id='block_1_77' title="bbox 2221 2012 3808 2083">
    <p class='ocr_par' dir='ltr' id='par_1_77' title="bbox 2221 2012 3808 2083">
     <span class='ocr_line' id='line_1_77' title="bbox 2221 2012 3808 2083; baseline 0.003 -16"><span class='ocrx_word' id='word_1_555' title='bbox 2221 2012 2593 2083; x_wconf 85' lang='lat' dir='ltr'><strong>compellaret,</strong></span> <span class='ocrx_word' id='word_1_556' title='bbox 2646 2028 2827 2069; x_wconf 89' lang='lat' dir='ltr'><strong>nonne</strong></span> <span class='ocrx_word' id='word_1_557' title='bbox 2881 2014 2964 2068; x_wconf 88' lang='lat' dir='ltr'><strong>vel</strong></span> <span class='ocrx_word' id='word_1_558' title='bbox 3028 2014 3310 2071; x_wconf 87' lang='lat' dir='ltr'><strong>familiaris</strong></span> <span class='ocrx_word' id='word_1_559' title='bbox 3380 2016 3615 2069; x_wconf 86' lang='lat' dir='ltr'><strong>sodalitii</strong></span> <span class='ocrx_word' id='word_1_560' title='bbox 3674 2015 3808 2072; x_wconf 84' lang='lat' dir='ltr'><strong>satis</strong></span> 
     </span>
    </p>
   </div>
   <div class='ocr_carea' id='block_1_78' title="bbox 2220 2104 3809 2177">
    <p class='ocr_par' dir='ltr' id='par_1_78' title="bbox 2220 2104 3809 2177">
     <span class='ocr_line' id='line_1_78' title="bbox 2220 2104 3809 2177; baseline 0.002 -18"><span class='ocrx_word' id='word_1_561' title='bbox 2220 2113 2340 2159; x_wconf 89' lang='lat' dir='ltr'><strong>erat</strong></span> <span class='ocrx_word' id='word_1_562' title='bbox 2376 2104 2730 2175; x_wconf 80' lang='lat' dir='ltr'><strong>conjunctio?</strong></span> <span class='ocrx_word' id='word_1_563' title='bbox 2772 2104 3042 2161; x_wconf 74' lang='lat' dir='ltr'><strong>Prmterea</strong></span> <span class='ocrx_word' id='word_1_564' title='bbox 3074 2106 3121 2161; x_wconf 88' lang='lat' dir='ltr'><strong>si</strong></span> <span class='ocrx_word' id='word_1_565' title='bbox 3150 2120 3313 2163; x_wconf 90' lang='lat' dir='ltr'><strong>verus</strong></span> <span class='ocrx_word' id='word_1_566' title='bbox 3349 2106 3662 2177; x_wconf 81' lang='lat' dir='ltr'><strong>Theophani</strong></span> <span class='ocrx_word' id='word_1_567' title='bbox 3706 2108 3809 2162; x_wconf 86' lang='lat' dir='ltr'><strong>de-</strong></span> 
     </span>
    </p>
   </div>
   <div class='ocr_carea' id='block_1_79' title="bbox 2220 2198 3805 2265">
    <p class='ocr_par' dir='ltr' id='par_1_79' title="bbox 2220 2198 3805 2265">
     <span class='ocr_line' id='line_1_79' title="bbox 2220 2198 3805 2265; baseline 0.001 -13"><span class='ocrx_word' id='word_1_568' title='bbox 2220 2198 2477 2255; x_wconf 86' lang='lat' dir='ltr'><strong>cessisset</strong></span> <span class='ocrx_word' id='word_1_569' title='bbox 2509 2200 2694 2265; x_wconf 89' lang='lat' dir='ltr'><strong>frater,</strong></span> <span class='ocrx_word' id='word_1_570' title='bbox 2729 2214 2796 2254; x_wconf 89' lang='lat' dir='ltr'><strong>an</strong></span> <span class='ocrx_word' id='word_1_571' title='bbox 2820 2199 3080 2254; x_wconf 83' lang='lat' dir='ltr'><strong>credibile</strong></span> <span class='ocrx_word' id='word_1_572' title='bbox 3106 2209 3189 2255; x_wconf 87' lang='lat' dir='ltr'><strong>est</strong></span> <span class='ocrx_word' id='word_1_573' title='bbox 3220 2214 3342 2254; x_wconf 87' lang='lat' dir='ltr'><strong>eum</strong></span> <span class='ocrx_word' id='word_1_574' title='bbox 3369 2201 3421 2253; x_wconf 89' lang='lat' dir='ltr'><strong>in</strong></span> <span class='ocrx_word' id='word_1_575' title='bbox 3455 2200 3543 2254; x_wconf 86' lang='lat' dir='ltr'><strong>illo</strong></span> <span class='ocrx_word' id='word_1_576' title='bbox 3568 2210 3805 2255; x_wconf 86' lang='lat' dir='ltr'><strong>tantum-</strong></span> 
     </span>
    </p>
   </div>
   <div class='ocr_carea' id='block_1_80' title="bbox 2220 2288 3802 2360">
    <p class='ocr_par' dir='ltr' id='par_1_80' title="bbox 2220 2288 3802 2360">
     <span class='ocr_line' id='line_1_80' title="bbox 2220 2288 3802 2360; baseline 0.001 -16"><span class='ocrx_word' id='word_1_577' title='bbox 2220 2291 2386 2346; x_wconf 89' lang='lat' dir='ltr'><strong>modo</strong></span> <span class='ocrx_word' id='word_1_578' title='bbox 2447 2288 2634 2345; x_wconf 76' lang='lat' dir='ltr'><strong>formze</strong></span> <span class='ocrx_word' id='word_1_579' title='bbox 2682 2292 2882 2358; x_wconf 89' lang='lat' dir='ltr'><strong>decus,</strong></span> <span class='ocrx_word' id='word_1_580' title='bbox 2944 2292 3159 2360; x_wconf 80' lang='lat' dir='ltr'><strong>dignam</strong></span> <span class='ocrx_word' id='word_1_581' title='bbox 3227 2293 3535 2348; x_wconf 86' lang='lat' dir='ltr'><strong>sacerdotio</strong></span> <span class='ocrx_word' id='word_1_582' title='bbox 3587 2292 3802 2356; x_wconf 64' lang='lat' dir='ltr'><strong>fat-ictu,</strong></span> 
     </span>
    </p>
   </div>
   <div class='ocr_carea' id='block_1_81' title="bbox 2219 2385 3799 2455">
    <p class='ocr_par' dir='ltr' id='par_1_81' title="bbox 2219 2385 3799 2455">
     <span class='ocr_line' id='line_1_81' title="bbox 2219 2385 3799 2455; baseline -0.001 -16"><span class='ocrx_word' id='word_1_583' title='bbox 2219 2393 2428 2455; x_wconf 79' lang='lat' dir='ltr'><strong>gratam</strong></span> <span class='ocrx_word' id='word_1_584' title='bbox 2475 2385 2527 2438; x_wconf 91' lang='lat' dir='ltr'><strong>in</strong></span> <span class='ocrx_word' id='word_1_585' title='bbox 2572 2385 2825 2442; x_wconf 90' lang='lat' dir='ltr'><strong>convictu</strong></span> <span class='ocrx_word' id='word_1_586' title='bbox 2868 2385 3204 2450; x_wconf 87' lang='lat' dir='ltr'><strong>comitatem,</strong></span> <span class='ocrx_word' id='word_1_587' title='bbox 3252 2387 3453 2441; x_wconf 83' lang='lat' dir='ltr'><strong>variam</strong></span> <span class='ocrx_word' id='word_1_588' title='bbox 3490 2402 3551 2440; x_wconf 87' lang='lat' dir='ltr'><strong>ac</strong></span> <span class='ocrx_word' id='word_1_589' title='bbox 3581 2402 3799 2443; x_wconf 79' lang='lat' dir='ltr'><strong>suavem</strong></span> 
     </span>
    </p>
   </div>
   <div class='ocr_carea' id='block_1_82' title="bbox 2218 2478 3800 2550">
    <p class='ocr_par' dir='ltr' id='par_1_82' title="bbox 2218 2478 3800 2550">
     <span class='ocr_line' id='line_1_82' title="bbox 2218 2478 3800 2550; baseline -0.001 -16"><span class='ocrx_word' id='word_1_590' title='bbox 2218 2478 2529 2547; x_wconf 70' lang='lat' dir='ltr'><strong>psalmodiae</strong></span> <span class='ocrx_word' id='word_1_591' title='bbox 2612 2479 3073 2543; x_wconf 88' lang='lat' dir='ltr'><strong>modulationem,</strong></span> <span class='ocrx_word' id='word_1_592' title='bbox 3124 2480 3508 2550; x_wconf 68' lang='lat' dir='ltr'><strong>prtelermissis</strong></span> <span class='ocrx_word' id='word_1_593' title='bbox 3577 2478 3800 2534; x_wconf 86' lang='lat' dir='ltr'><strong>fraterni</strong></span> 
     </span>
    </p>
   </div>
   <div class='ocr_carea' id='block_1_83' title="bbox 2216 2570 3804 2637">
    <p class='ocr_par' dir='ltr' id='par_1_83' title="bbox 2216 2570 3804 2637">
     <span class='ocr_line' id='line_1_83' title="bbox 2216 2570 3804 2637; baseline 0 -12"><span class='ocrx_word' id='word_1_594' title='bbox 2216 2571 2419 2626; x_wconf 86' lang='lat' dir='ltr'><strong>amoris</strong></span> <span class='ocrx_word' id='word_1_595' title='bbox 2472 2571 2805 2628; x_wconf 84' lang='lat' dir='ltr'><strong>dulcissimis</strong></span> <span class='ocrx_word' id='word_1_596' title='bbox 2859 2572 3137 2637; x_wconf 79' lang='lat' dir='ltr'><strong>sensibus,</strong></span> <span class='ocrx_word' id='word_1_597' title='bbox 3183 2570 3350 2626; x_wconf 84' lang='lat' dir='ltr'><strong>fuisse</strong></span> <span class='ocrx_word' id='word_1_598' title='bbox 3412 2572 3804 2625; x_wconf 82' lang='lat' dir='ltr'><strong>lau&#39;aturmn?</strong></span> 
     </span>
    </p>
   </div>
   <div class='ocr_carea' id='block_1_84' title="bbox 2217 2663 3800 2734">
    <p class='ocr_par' dir='ltr' id='par_1_84' title="bbox 2217 2663 3800 2734">
     <span class='ocr_line' id='line_1_84' title="bbox 2217 2663 3800 2734; baseline -0.003 -13"><span class='ocrx_word' id='word_1_599' title='bbox 2217 2665 2423 2721; x_wconf 82' lang='lat' dir='ltr'><strong>Deinde</strong></span> <span class='ocrx_word' id='word_1_600' title='bbox 2459 2665 2512 2718; x_wconf 89' lang='lat' dir='ltr'><strong>in</strong></span> <span class='ocrx_word' id='word_1_601' title='bbox 2548 2665 2663 2734; x_wconf 86' lang='lat' dir='ltr'><strong>ipsa</strong></span> <span class='ocrx_word' id='word_1_602' title='bbox 2699 2664 2930 2721; x_wconf 71' lang='lat' dir='ltr'><strong>homiliaz</strong></span> <span class='ocrx_word' id='word_1_603' title='bbox 2974 2665 3330 2732; x_wconf 84' lang='lat' dir='ltr'><strong>inseriptione</strong></span> <span class='ocrx_word' id='word_1_604' title='bbox 3372 2663 3559 2720; x_wconf 79' lang='lat' dir='ltr'><strong>fratris</strong></span> <span class='ocrx_word' id='word_1_605' title='bbox 3602 2666 3800 2731; x_wconf 76' lang='lat' dir='ltr'><strong>potius,</strong></span> 
     </span>
    </p>
   </div>
   <div class='ocr_carea' id='block_1_85' title="bbox 2217 2755 3798 2827">
    <p class='ocr_par' dir='ltr' id='par_1_85' title="bbox 2217 2755 3798 2827">
     <span class='ocr_line' id='line_1_85' title="bbox 2217 2755 3798 2827; baseline 0.001 -18"><span class='ocrx_word' id='word_1_606' title='bbox 2217 2771 2381 2827; x_wconf 82' lang='lat' dir='ltr'><strong>quam</strong></span> <span class='ocrx_word' id='word_1_607' title='bbox 2413 2756 2652 2812; x_wconf 85' lang='lat' dir='ltr'><strong>cantoris</strong></span> <span class='ocrx_word' id='word_1_608' title='bbox 2682 2755 2824 2811; x_wconf 86' lang='lat' dir='ltr'><strong>facta</strong></span> <span class='ocrx_word' id='word_1_609' title='bbox 2859 2755 3053 2811; x_wconf 85' lang='lat' dir='ltr'><strong>fuisset</strong></span> <span class='ocrx_word' id='word_1_610' title='bbox 3076 2755 3297 2811; x_wconf 87' lang='lat' dir='ltr'><strong>mentio.</strong></span> <span class='ocrx_word' id='word_1_611' title='bbox 3324 2756 3626 2820; x_wconf 79' lang='lat' dir='ltr'><strong>Postremo,</strong></span> <span class='ocrx_word' id='word_1_612' title='bbox 3656 2757 3798 2826; x_wconf 90' lang='lat' dir='ltr'><strong>quod</strong></span> 
     </span>
    </p>
   </div>
   <div class='ocr_carea' id='block_1_86' title="bbox 2216 2846 3799 2916">
    <p class='ocr_par' dir='ltr' id='par_1_86' title="bbox 2216 2846 3799 2916">
     <span class='ocr_line' id='line_1_86' title="bbox 2216 2846 3799 2916; baseline -0.001 -15"><span class='ocrx_word' id='word_1_613' title='bbox 2216 2847 2458 2901; x_wconf 90' lang='lat' dir='ltr'><strong>omnium</strong></span> <span class='ocrx_word' id='word_1_614' title='bbox 2513 2846 2785 2902; x_wconf 86' lang='lat' dir='ltr'><strong>rationum</strong></span> <span class='ocrx_word' id='word_1_615' title='bbox 2820 2855 3001 2916; x_wconf 86' lang='lat' dir='ltr'><strong>caput,</strong></span> <span class='ocrx_word' id='word_1_616' title='bbox 3037 2846 3198 2901; x_wconf 85' lang='lat' dir='ltr'><strong>nullis</strong></span> <span class='ocrx_word' id='word_1_617' title='bbox 3250 2846 3556 2901; x_wconf 86' lang='lat' dir='ltr'><strong>litterarum</strong></span> <span class='ocrx_word' id='word_1_618' title='bbox 3605 2863 3799 2902; x_wconf 88' lang='lat' dir='ltr'><strong>monu-</strong></span> 
     </span>
    </p>
   </div>
   <div class='ocr_carea' id='block_1_87' title="bbox 2214 2937 3629 3007">
    <p class='ocr_par' dir='ltr' id='par_1_87' title="bbox 2214 2937 3629 3007">
     <span class='ocr_line' id='line_1_87' title="bbox 2214 2937 3629 3007; baseline -0.001 -13"><span class='ocrx_word' id='word_1_619' title='bbox 2214 2939 2415 2994; x_wconf 83' lang='lat' dir='ltr'><strong>mentis</strong></span> <span class='ocrx_word' id='word_1_620' title='bbox 2443 2938 2800 3007; x_wconf 84' lang='lat' dir='ltr'><strong>Theophanes</strong></span> <span class='ocrx_word' id='word_1_621' title='bbox 2835 2937 3055 2992; x_wconf 87' lang='lat' dir='ltr'><strong>fratrem</strong></span> <span class='ocrx_word' id='word_1_622' title='bbox 3080 2937 3340 2994; x_wconf 81' lang='lat' dir='ltr'><strong>habuisse</strong></span> <span class='ocrx_word' id='word_1_623' title='bbox 3375 2938 3629 2992; x_wconf 88' lang='lat' dir='ltr'><strong>traditur.</strong></span> 
     </span>
    </p>
   </div>
   <div class='ocr_carea' id='block_1_88' title="bbox 2286 3028 3796 3101">
    <p class='ocr_par' dir='ltr' id='par_1_88' title="bbox 2286 3028 3796 3101">
     <span class='ocr_line' id='line_1_88' title="bbox 2286 3028 3796 3101; baseline -0.001 -14"><span class='ocrx_word' id='word_1_624' title='bbox 2286 3033 2375 3087; x_wconf 77' lang='grc'><strong>95.</strong></span> <span class='ocrx_word' id='word_1_625' title='bbox 2414 3031 2549 3099; x_wconf 88' lang='grc' dir='ltr'>Λόγ.</span> <span class='ocrx_word' id='word_1_626' title='bbox 2603 3028 2702 3085; x_wconf 85' lang='grc' dir='ltr'>λθ’.</span> <span class='ocrx_word' id='word_1_627' title='bbox 2774 3030 2994 3101; x_wconf 81' lang='grc' dir='ltr'>Ὅμιλία</span> <span class='ocrx_word' id='word_1_628' title='bbox 3053 3032 3136 3095; x_wconf 82' lang='grc' dir='ltr'><strong>είς</strong></span> <span class='ocrx_word' id='word_1_629' title='bbox 3182 3031 3282 3098; x_wconf 82' lang='grc' dir='ltr'><strong>τὴν</strong></span> <span class='ocrx_word' id='word_1_630' title='bbox 3330 3032 3646 3099; x_wconf 78' lang='grc' dir='ltr'>παραϐολὴν</span> <span class='ocrx_word' id='word_1_631' title='bbox 3702 3032 3796 3086; x_wconf 88' lang='grc' dir='ltr'><strong>τοῦ</strong></span> 
     </span>
    </p>
   </div>
   <div class='ocr_carea' id='block_1_89' title="bbox 2217 3118 3797 3193">
    <p class='ocr_par' dir='ltr' id='par_1_89' title="bbox 2217 3118 3797 3193">
     <span class='ocr_line' id='line_1_89' title="bbox 2217 3118 3797 3193; baseline 0.001 -18"><span class='ocrx_word' id='word_1_632' title='bbox 2217 3121 2444 3193; x_wconf 84' lang='grc' dir='ltr'>σπόρου.</span> <span class='ocrx_word' id='word_1_633' title='bbox 2485 3119 2711 3191; x_wconf 81' lang='grc' dir='ltr'>Ἐλέχθη</span> <span class='ocrx_word' id='word_1_634' title='bbox 2740 3121 2799 3175; x_wconf 83' lang='grc' dir='ltr'>ὲν</span> <span class='ocrx_word' id='word_1_635' title='bbox 2820 3119 2898 3190; x_wconf 84' lang='grc' dir='ltr'>τῷ</span> <span class='ocrx_word' id='word_1_636' title='bbox 2942 3119 3176 3190; x_wconf 78' lang='grc' dir='ltr'>ἄμϐωνι.</span> <span class='ocrx_word' id='word_1_637' title='bbox 3223 3118 3406 3176; x_wconf 87' lang='lat' dir='ltr'><strong>Sermo</strong></span> <span class='ocrx_word' id='word_1_638' title='bbox 3436 3121 3523 3176; x_wconf 79' lang='grc'><strong>59.</strong></span> <span class='ocrx_word' id='word_1_639' title='bbox 3565 3122 3797 3176; x_wconf 84' lang='lat' dir='ltr'><strong>llomilia</strong></span> 
     </span>
    </p>
   </div>
   <div class='ocr_carea' id='block_1_90' title="bbox 2213 3209 3795 3281">
    <p class='ocr_par' dir='ltr' id='par_1_90' title="bbox 2213 3209 3795 3281">
     <span class='ocr_line' id='line_1_90' title="bbox 2213 3209 3795 3281; baseline 0.001 -12"><span class='ocrx_word' id='word_1_640' title='bbox 2213 3216 2268 3269; x_wconf 86' lang='lat' dir='ltr'><strong>in</strong></span> <span class='ocrx_word' id='word_1_641' title='bbox 2299 3212 2611 3278; x_wconf 82' lang='lat' dir='ltr'><strong>parabolam</strong></span> <span class='ocrx_word' id='word_1_642' title='bbox 2640 3212 2909 3266; x_wconf 82' lang='lat' dir='ltr'><strong>sementis.</strong></span> <span class='ocrx_word' id='word_1_643' title='bbox 2946 3209 3306 3265; x_wconf 84' lang='lat' dir='ltr'><strong>Pronuntiata</strong></span> <span class='ocrx_word' id='word_1_644' title='bbox 3330 3212 3430 3281; x_wconf 77' lang='lat' dir='ltr'><strong>fuit</strong></span> <span class='ocrx_word' id='word_1_645' title='bbox 3473 3213 3525 3264; x_wconf 87' lang='lat' dir='ltr'><strong>iu</strong></span> <span class='ocrx_word' id='word_1_646' title='bbox 3556 3215 3795 3270; x_wconf 78' lang='lat' dir='ltr'><strong>amboue.</strong></span> 
     </span>
    </p>
   </div>
   <div class='ocr_carea' id='block_1_91' title="bbox 2214 3304 3799 3379">
    <p class='ocr_par' dir='ltr' id='par_1_91' title="bbox 2214 3304 3799 3379">
     <span class='ocr_line' id='line_1_91' title="bbox 2214 3304 3799 3379; baseline -0.001 -17"><span class='ocrx_word' id='word_1_647' title='bbox 2214 3308 2428 3376; x_wconf 83' lang='lat' dir='ltr'><strong>Incipit,</strong></span> <span class='ocrx_word' id='word_1_648' title='bbox 2483 3308 2545 3361; x_wconf 81' lang='lat' dir='ltr'><strong>Ol</strong></span> <span class='ocrx_word' id='word_1_649' title='bbox 2588 3306 2687 3369; x_wconf 80' lang='grc' dir='ltr'>τὰς</span> <span class='ocrx_word' id='word_1_650' title='bbox 2738 3304 2955 3377; x_wconf 79' lang='grc' dir='ltr'>μακρὰς</span> <span class='ocrx_word' id='word_1_651' title='bbox 3005 3306 3315 3375; x_wconf 85' lang='grc' dir='ltr'>ἀποδημίας</span> <span class='ocrx_word' id='word_1_652' title='bbox 3360 3307 3483 3359; x_wconf 76' lang='grc' dir='ltr'>κατ’</span> <span class='ocrx_word' id='word_1_653' title='bbox 3527 3306 3799 3379; x_wconf 76' lang='grc' dir='ltr'>ἐμπορίαν</span> 
     </span>
    </p>
   </div>
   <div class='ocr_carea' id='block_1_92' title="bbox 2214 3397 3283 3470">
    <p class='ocr_par' dir='ltr' id='par_1_92' title="bbox 2214 3397 3283 3470">
     <span class='ocr_line' id='line_1_92' title="bbox 2214 3397 3283 3470; baseline 0.001 -18"><span class='ocrx_word' id='word_1_654' title='bbox 2214 3400 2446 3454; x_wconf 80' lang='grc' dir='ltr'>πλούτου</span> <span class='ocrx_word' id='word_1_655' title='bbox 2473 3400 2838 3470; x_wconf 84' lang='grc' dir='ltr'>στελλόμενοι.</span> <span class='ocrx_word' id='word_1_656' title='bbox 2886 3399 2978 3455; x_wconf 78' lang='lat' dir='ltr'><strong>Est</strong></span> <span class='ocrx_word' id='word_1_657' title='bbox 3008 3399 3205 3453; x_wconf 87' lang='lat' dir='ltr'><strong>ibidem</strong></span> <span class='ocrx_word' id='word_1_658' title='bbox 3231 3397 3283 3453; x_wconf 88' lang='lat'><strong>7.</strong></span> 
     </span>
    </p>
   </div>
   <div class='ocr_carea' id='block_1_93' title="bbox 2283 3487 3797 3563">
    <p class='ocr_par' dir='ltr' id='par_1_93' title="bbox 2283 3487 3797 3563">
     <span class='ocr_line' id='line_1_93' title="bbox 2283 3487 3797 3563; baseline -0.003 -14"><span class='ocrx_word' id='word_1_659' title='bbox 2283 3493 2374 3559; x_wconf 84' lang='lat'><strong>95,</strong></span> <span class='ocrx_word' id='word_1_660' title='bbox 2414 3507 2626 3547; x_wconf 86' lang='lat' dir='ltr'><strong>averso.</strong></span> <span class='ocrx_word' id='word_1_661' title='bbox 2668 3491 2800 3560; x_wconf 88' lang='grc' dir='ltr'>Λόγ.</span> <span class='ocrx_word' id='word_1_662' title='bbox 2845 3487 3190 3560; x_wconf 85' lang='grc' dir='ltr'>μ’.·⁹Ομιλία</span> <span class='ocrx_word' id='word_1_663' title='bbox 3266 3490 3395 3559; x_wconf 71' lang='grc' dir='ltr'>περὶ</span> <span class='ocrx_word' id='word_1_664' title='bbox 3447 3490 3539 3545; x_wconf 86' lang='grc' dir='ltr'><strong>τοῦ</strong></span> <span class='ocrx_word' id='word_1_665' title='bbox 3586 3493 3797 3563; x_wconf 71' lang='grc' dir='ltr'>ἐπερω-</span> 
     </span>
    </p>
   </div>
   <div class='ocr_carea' id='block_1_94' title="bbox 2211 3582 3801 3657">
    <p class='ocr_par' dir='ltr' id='par_1_94' title="bbox 2211 3582 3801 3657">
     <span class='ocr_line' id='line_1_94' title="bbox 2211 3582 3801 3657; baseline -0.002 -18"><span class='ocrx_word' id='word_1_666' title='bbox 2211 3586 2478 3657; x_wconf 89' lang='grc' dir='ltr'>τήσαντος</span> <span class='ocrx_word' id='word_1_667' title='bbox 2499 3584 2763 3655; x_wconf 83' lang='grc' dir='ltr'>νομικοῦ.’</span> <span class='ocrx_word' id='word_1_668' title='bbox 2789 3583 3012 3655; x_wconf 81' lang='grc' dir='ltr'>Ἐλέχθη</span> <span class='ocrx_word' id='word_1_669' title='bbox 3044 3584 3101 3635; x_wconf 80' lang='grc' dir='ltr'>ὲν</span> <span class='ocrx_word' id='word_1_670' title='bbox 3127 3583 3206 3653; x_wconf 81' lang='grc' dir='ltr'>τῷ</span> <span class='ocrx_word' id='word_1_671' title='bbox 3228 3582 3443 3654; x_wconf 72' lang='grc' dir='ltr'>ἄμϐωνι</span> <span class='ocrx_word' id='word_1_672' title='bbox 3475 3582 3575 3653; x_wconf 82' lang='grc' dir='ltr'>τῆς</span> <span class='ocrx_word' id='word_1_673' title='bbox 3614 3584 3801 3653; x_wconf 79' lang='grc' dir='ltr'>ἀρχιε-</span> 
     </span>
    </p>
   </div>
   <div class='ocr_carea' id='block_1_95' title="bbox 2212 3673 3799 3747">
    <p class='ocr_par' dir='ltr' id='par_1_95' title="bbox 2212 3673 3799 3747">
     <span class='ocr_line' id='line_1_95' title="bbox 2212 3673 3799 3747; baseline -0.004 -14"><span class='ocrx_word' id='word_1_674' title='bbox 2212 3678 2494 3747; x_wconf 82' lang='grc' dir='ltr'>πισκοπῆς</span> <span class='ocrx_word' id='word_1_675' title='bbox 2530 3676 2668 3745; x_wconf 81' lang='grc' dir='ltr'><strong>μετὰ</strong></span> <span class='ocrx_word' id='word_1_676' title='bbox 2695 3675 2796 3746; x_wconf 80' lang='grc' dir='ltr'><strong>τὴν</strong></span> <span class='ocrx_word' id='word_1_677' title='bbox 2817 3677 2879 3730; x_wconf 76' lang='grc' dir='ltr'><strong>ἐκ</strong></span> <span class='ocrx_word' id='word_1_678' title='bbox 2923 3674 3172 3739; x_wconf 85' lang='grc' dir='ltr'>Σικελίας</span> <span class='ocrx_word' id='word_1_679' title='bbox 3204 3675 3573 3746; x_wconf 55' lang='grc' dir='ltr'>ὑποστροφήν.</span> <span class='ocrx_word' id='word_1_680' title='bbox 3615 3673 3799 3729; x_wconf 87' lang='lat' dir='ltr'><strong>Sermo</strong></span> 
     </span>
    </p>
   </div>
   <div class='ocr_carea' id='block_1_96' title="bbox 2210 3767 3796 3838">
    <p class='ocr_par' dir='ltr' id='par_1_96' title="bbox 2210 3767 3796 3838">
     <span class='ocr_line' id='line_1_96' title="bbox 2210 3767 3796 3838; baseline -0.003 -11"><span class='ocrx_word' id='word_1_681' title='bbox 2210 3773 2303 3827; x_wconf 73' lang='grc'><strong>40.</strong></span> <span class='ocrx_word' id='word_1_682' title='bbox 2339 3770 2571 3826; x_wconf 87' lang='lat' dir='ltr'><strong>Homilia</strong></span> <span class='ocrx_word' id='word_1_683' title='bbox 2601 3771 2667 3824; x_wconf 86' lang='lat' dir='ltr'><strong>de</strong></span> <span class='ocrx_word' id='word_1_684' title='bbox 2703 3769 3001 3838; x_wconf 80' lang='lat' dir='ltr'><strong>legisperito</strong></span> <span class='ocrx_word' id='word_1_685' title='bbox 3039 3770 3415 3838; x_wconf 84' lang='lat' dir='ltr'><strong>interrogante.</strong></span> <span class='ocrx_word' id='word_1_686' title='bbox 3438 3767 3796 3822; x_wconf 87' lang='lat' dir='ltr'><strong>Pronuntiata</strong></span> 
     </span>
    </p>
   </div>
   <div class='ocr_carea' id='block_1_97' title="bbox 2211 3862 3794 3935">
    <p class='ocr_par' dir='ltr' id='par_1_97' title="bbox 2211 3862 3794 3935">
     <span class='ocr_line' id='line_1_97' title="bbox 2211 3862 3794 3935; baseline -0.004 -16"><span class='ocrx_word' id='word_1_687' title='bbox 2211 3866 2315 3935; x_wconf 78' lang='lat' dir='ltr'><strong>fuit</strong></span> <span class='ocrx_word' id='word_1_688' title='bbox 2346 3865 2398 3918; x_wconf 89' lang='lat' dir='ltr'><strong>iu</strong></span> <span class='ocrx_word' id='word_1_689' title='bbox 2434 3864 2651 3918; x_wconf 84' lang='lat' dir='ltr'><strong>amboue</strong></span> <span class='ocrx_word' id='word_1_690' title='bbox 2676 3862 2907 3917; x_wconf 80' lang='lat' dir='ltr'><strong>ecclesia:</strong></span> <span class='ocrx_word' id='word_1_691' title='bbox 2940 3862 3429 3932; x_wconf 77' lang='lat' dir='ltr'><strong>archiepiscopalis,</strong></span> <span class='ocrx_word' id='word_1_692' title='bbox 3474 3869 3588 3927; x_wconf 81' lang='lat' dir='ltr'><strong>post</strong></span> <span class='ocrx_word' id='word_1_693' title='bbox 3638 3877 3794 3915; x_wconf 84' lang='lat' dir='ltr'><strong>suum</strong></span> 
     </span>
    </p>
   </div>
   <div class='ocr_carea' id='block_1_98' title="bbox 2209 3951 3792 4023">
    <p class='ocr_par' dir='ltr' id='par_1_98' title="bbox 2209 3951 3792 4023">
     <span class='ocr_line' id='line_1_98' title="bbox 2209 3951 3792 4023; baseline -0.006 -11"><span class='ocrx_word' id='word_1_694' title='bbox 2209 3973 2275 4012; x_wconf 72' lang='lat' dir='ltr'><strong>ea:</strong></span> <span class='ocrx_word' id='word_1_695' title='bbox 2322 3954 2513 4011; x_wconf 75' lang='lat' dir='ltr'><strong>Sicilia</strong></span> <span class='ocrx_word' id='word_1_696' title='bbox 2565 3955 2812 4009; x_wconf 82' lang='lat' dir='ltr'><strong>reditum.</strong></span> <span class='ocrx_word' id='word_1_697' title='bbox 2865 3952 2937 4005; x_wconf 75' lang='lat' dir='ltr'><strong>At</strong></span> <span class='ocrx_word' id='word_1_698' title='bbox 2971 3954 3250 4023; x_wconf 82' lang='lat' dir='ltr'><strong>legendum</strong></span> <span class='ocrx_word' id='word_1_699' title='bbox 3296 3953 3385 4006; x_wconf 89' lang='lat' dir='ltr'><strong>hic</strong></span> <span class='ocrx_word' id='word_1_700' title='bbox 3441 3951 3672 4016; x_wconf 89' lang='lat' dir='ltr'><strong>videtur,</strong></span> <span class='ocrx_word' id='word_1_701' title='bbox 3713 3953 3792 4015; x_wconf 86' lang='grc' dir='ltr'><strong>είς</strong></span> 
     </span>
    </p>
   </div>
   <div class='ocr_carea' id='block_1_99' title="bbox 2212 4044 3797 4115">
    <p class='ocr_par' dir='ltr' id='par_1_99' title="bbox 2212 4044 3797 4115">
     <span class='ocr_line' id='line_1_99' title="bbox 2212 4044 3797 4115; baseline -0.005 -11"><span class='ocrx_word' id='word_1_702' title='bbox 2212 4049 2482 4112; x_wconf 82' lang='grc' dir='ltr'>Σικελίαν,</span> <span class='ocrx_word' id='word_1_703' title='bbox 2534 4050 2588 4102; x_wconf 88' lang='lat' dir='ltr'><strong>in</strong></span> <span class='ocrx_word' id='word_1_704' title='bbox 2642 4047 2907 4108; x_wconf 77' lang='lat' dir='ltr'><strong>Siciliam,</strong></span> <span class='ocrx_word' id='word_1_705' title='bbox 2956 4054 3015 4100; x_wconf 88' lang='lat' dir='ltr'><strong>ut</strong></span> <span class='ocrx_word' id='word_1_706' title='bbox 3068 4046 3183 4115; x_wconf 85' lang='lat' dir='ltr'><strong>ipse</strong></span> <span class='ocrx_word' id='word_1_707' title='bbox 3231 4044 3463 4099; x_wconf 70' lang='lat' dir='ltr'><strong>homilim</strong></span> <span class='ocrx_word' id='word_1_708' title='bbox 3508 4052 3797 4098; x_wconf 81' lang='lat' dir='ltr'><strong>contextus</strong></span> 
     </span>
    </p>
   </div>
   <div class='ocr_carea' id='block_1_100' title="bbox 2212 4131 3797 4208">
    <p class='ocr_par' dir='ltr' id='par_1_100' title="bbox 2212 4131 3797 4208">
     <span class='ocr_line' id='line_1_100' title="bbox 2212 4131 3797 4208; baseline -0.006 -12"><span class='ocrx_word' id='word_1_709' title='bbox 2212 4142 2472 4197; x_wconf 88' lang='lat' dir='ltr'><strong>clamitat.</strong></span> <span class='ocrx_word' id='word_1_710' title='bbox 2533 4137 2745 4208; x_wconf 87' lang='lat' dir='ltr'><strong>Incipit,</strong></span> <span class='ocrx_word' id='word_1_711' title='bbox 2780 4137 2856 4190; x_wconf 76' lang='grc' dir='ltr'><strong>Οὐ</strong></span> <span class='ocrx_word' id='word_1_712' title='bbox 2905 4134 3161 4189; x_wconf 77' lang='grc' dir='ltr'>τοσοῦτον</span> <span class='ocrx_word' id='word_1_713' title='bbox 3212 4131 3513 4203; x_wconf 79' lang='grc' dir='ltr'>αὐχμώδης</span> <span class='ocrx_word' id='word_1_714' title='bbox 3553 4134 3648 4204; x_wconf 80' lang='grc' dir='ltr'>γῆ,</span> <span class='ocrx_word' id='word_1_715' title='bbox 3702 4132 3797 4187; x_wconf 79' lang='grc' dir='ltr'>καὶ</span> 
     </span>
    </p>
   </div>
   <div class='ocr_carea' id='block_1_101' title="bbox 2208 4229 3401 4309">
    <p class='ocr_par' dir='ltr' id='par_1_101' title="bbox 2208 4229 3401 4309">
     <span class='ocr_line' id='line_1_101' title="bbox 2208 4229 3401 4309; baseline -0.007 -18"><span class='ocrx_word' id='word_1_716' title='bbox 2208 4236 2428 4309; x_wconf 80' lang='grc' dir='ltr'>κραναὴ</span> <span class='ocrx_word' id='word_1_717' title='bbox 2463 4234 2558 4287; x_wconf 75' lang='grc' dir='ltr'><strong>καὶ</strong></span> <span class='ocrx_word' id='word_1_718' title='bbox 2589 4232 2920 4301; x_wconf 81' lang='grc' dir='ltr'>κατάξηρος.</span> <span class='ocrx_word' id='word_1_719' title='bbox 2955 4229 3053 4284; x_wconf 85' lang='lat' dir='ltr'><strong>Est</strong></span> <span class='ocrx_word' id='word_1_720' title='bbox 3078 4229 3273 4283; x_wconf 89' lang='lat' dir='ltr'><strong>ibidem</strong></span> <span class='ocrx_word' id='word_1_721' title='bbox 3313 4229 3401 4283; x_wconf 83' lang='lat' dir='ltr'><strong>II.</strong></span> 
     </span>
    </p>
   </div>
   <div class='ocr_carea' id='block_1_102' title="bbox 2284 4321 3792 4399">
    <p class='ocr_par' dir='ltr' id='par_1_102' title="bbox 2284 4321 3792 4399">
     <span class='ocr_line' id='line_1_102' title="bbox 2284 4321 3792 4399; baseline -0.003 -17"><span class='ocrx_word' id='word_1_722' title='bbox 2284 4326 2459 4399; x_wconf 88' lang='lat' dir='ltr'><strong>llujus</strong></span> <span class='ocrx_word' id='word_1_723' title='bbox 2489 4324 2724 4383; x_wconf 67' lang='lat' dir='ltr'><strong>homiliaa</strong></span> <span class='ocrx_word' id='word_1_724' title='bbox 2754 4325 2855 4379; x_wconf 86' lang='lat' dir='ltr'><strong>sub</strong></span> <span class='ocrx_word' id='word_1_725' title='bbox 2892 4322 3050 4377; x_wconf 84' lang='lat' dir='ltr'><strong>ﬁnem</strong></span> <span class='ocrx_word' id='word_1_726' title='bbox 3083 4321 3327 4377; x_wconf 78' lang='lat' dir='ltr'><strong>occurrit</strong></span> <span class='ocrx_word' id='word_1_727' title='bbox 3370 4321 3517 4377; x_wconf 87' lang='lat' dir='ltr'><strong>Patri</strong></span> <span class='ocrx_word' id='word_1_728' title='bbox 3572 4321 3792 4388; x_wconf 89' lang='lat' dir='ltr'><strong>Seorso,</strong></span> 
     </span>
    </p>
   </div>
   <div class='ocr_carea' id='block_1_103' title="bbox 2210 4413 3796 4492">
    <p class='ocr_par' dir='ltr' id='par_1_103' title="bbox 2210 4413 3796 4492">
     <span class='ocr_line' id='line_1_103' title="bbox 2210 4413 3796 4492; baseline -0.006 -16"><span class='ocrx_word' id='word_1_729' title='bbox 2210 4437 2333 4492; x_wconf 88' lang='lat' dir='ltr'><strong>pag.</strong></span> <span class='ocrx_word' id='word_1_730' title='bbox 2372 4420 2580 4475; x_wconf 89' lang='lat' dir='ltr'><strong>scilicet</strong></span> <span class='ocrx_word' id='word_1_731' title='bbox 2606 4417 2674 4475; x_wconf 89' lang='lat'><strong>68</strong></span> <span class='ocrx_word' id='word_1_732' title='bbox 2696 4414 2949 4472; x_wconf 87' lang='lat' dir='ltr'><strong>editionis</strong></span> <span class='ocrx_word' id='word_1_733' title='bbox 2979 4414 3045 4468; x_wconf 89' lang='lat' dir='ltr'><strong>ab</strong></span> <span class='ocrx_word' id='word_1_734' title='bbox 3078 4413 3195 4484; x_wconf 90' lang='lat' dir='ltr'><strong>ipso</strong></span> <span class='ocrx_word' id='word_1_735' title='bbox 3243 4413 3424 4478; x_wconf 67' lang='lat' dir='ltr'><strong>factae,</strong></span> <span class='ocrx_word' id='word_1_736' title='bbox 3458 4413 3549 4469; x_wconf 86' lang='lat' dir='ltr'><strong>ubi</strong></span> <span class='ocrx_word' id='word_1_737' title='bbox 3578 4414 3796 4469; x_wconf 87' lang='lat' dir='ltr'><strong>elucent</strong></span> 
     </span>
    </p>
   </div>
   <div class='ocr_carea' id='block_1_104' title="bbox 2210 4504 3792 4577">
    <p class='ocr_par' dir='ltr' id='par_1_104' title="bbox 2210 4504 3792 4577">
     <span class='ocr_line' id='line_1_104' title="bbox 2210 4504 3792 4577; baseline -0.006 -10"><span class='ocrx_word' id='word_1_738' title='bbox 2210 4514 2325 4567; x_wconf 78' lang='lat' dir='ltr'><strong>lucc</strong></span> <span class='ocrx_word' id='word_1_739' title='bbox 2377 4510 2541 4568; x_wconf 84' lang='lat' dir='ltr'><strong>verba</strong></span> <span class='ocrx_word' id='word_1_740' title='bbox 2620 4506 2885 4564; x_wconf 84' lang='lat' dir='ltr'><strong>asterisco</strong></span> <span class='ocrx_word' id='word_1_741' title='bbox 2934 4511 3117 4559; x_wconf 86' lang='lat' dir='ltr'><strong>notata</strong></span> <span class='ocrx_word' id='word_1_742' title='bbox 3192 4504 3298 4559; x_wconf 83' lang='grc' dir='ltr'><strong>κᾶν</strong></span> <span class='ocrx_word' id='word_1_743' title='bbox 3355 4506 3619 4575; x_wconf 81' lang='grc' dir='ltr'>ἐτύγχανε</span> <span class='ocrx_word' id='word_1_744' title='bbox 3671 4504 3792 4577; x_wconf 82' lang='grc' dir='ltr'>τὴν,</span> 
     </span>
    </p>
   </div>
   <div class='ocr_carea' id='block_1_105' title="bbox 2210 4596 3794 4672">
    <p class='ocr_par' dir='ltr' id='par_1_105' title="bbox 2210 4596 3794 4672">
     <span class='ocr_line' id='line_1_105' title="bbox 2210 4596 3794 4672; baseline -0.004 -14"><span class='ocrx_word' id='word_1_745' title='bbox 2210 4606 2359 4659; x_wconf 87' lang='lat' dir='ltr'><strong>locus</strong></span> <span class='ocrx_word' id='word_1_746' title='bbox 2387 4601 2671 4672; x_wconf 74' lang='lat' dir='ltr'><strong>scriptum</strong></span> <span class='ocrx_word' id='word_1_747' title='bbox 2705 4599 3008 4667; x_wconf 78' lang='lat' dir='ltr'><strong>depravata:</strong></span> <span class='ocrx_word' id='word_1_748' title='bbox 3043 4596 3173 4651; x_wconf 89' lang='lat' dir='ltr'><strong>vitio</strong></span> <span class='ocrx_word' id='word_1_749' title='bbox 3226 4596 3378 4653; x_wconf 88' lang='lat' dir='ltr'><strong>valde</strong></span> <span class='ocrx_word' id='word_1_750' title='bbox 3420 4600 3681 4653; x_wconf 87' lang='lat' dir='ltr'><strong>obscurus</strong></span> <span class='ocrx_word' id='word_1_751' title='bbox 3731 4612 3794 4652; x_wconf 87' lang='lat' dir='ltr'><strong>ac</strong></span> 
     </span>
    </p>
   </div>
   <div class='ocr_carea' id='block_1_106' title="bbox 2209 4687 3793 4765">
    <p class='ocr_par' dir='ltr' id='par_1_106' title="bbox 2209 4687 3793 4765">
     <span class='ocr_line' id='line_1_106' title="bbox 2209 4687 3793 4765; baseline -0.005 -13"><span class='ocrx_word' id='word_1_752' title='bbox 2209 4696 2465 4762; x_wconf 78' lang='lat' dir='ltr'><strong>difﬁcilis,</strong></span> <span class='ocrx_word' id='word_1_753' title='bbox 2489 4708 2674 4765; x_wconf 88' lang='lat' dir='ltr'><strong>quem,</strong></span> <span class='ocrx_word' id='word_1_754' title='bbox 2718 4689 2943 4745; x_wconf 83' lang='lat' dir='ltr'><strong>alterius</strong></span> <span class='ocrx_word' id='word_1_755' title='bbox 2982 4687 3311 4758; x_wconf 79' lang='lat' dir='ltr'><strong>exemplaris</strong></span> <span class='ocrx_word' id='word_1_756' title='bbox 3360 4689 3601 4744; x_wconf 88' lang='lat' dir='ltr'><strong>subsidio</strong></span> <span class='ocrx_word' id='word_1_757' title='bbox 3637 4690 3793 4758; x_wconf 85' lang='lat' dir='ltr'><strong>plane</strong></span> 
     </span>
    </p>
   </div>
   <div class='ocr_carea' id='block_1_107' title="bbox 2208 4780 3792 4852">
    <p class='ocr_par' dir='ltr' id='par_1_107' title="bbox 2208 4780 3792 4852">
     <span class='ocr_line' id='line_1_107' title="bbox 2208 4780 3792 4852; baseline -0.008 -7"><span class='ocrx_word' id='word_1_758' title='bbox 2208 4789 2522 4852; x_wconf 87' lang='lat' dir='ltr'><strong>destitutus,</strong></span> <span class='ocrx_word' id='word_1_759' title='bbox 2571 4799 2631 4840; x_wconf 87' lang='lat' dir='ltr'><strong>se</strong></span> <span class='ocrx_word' id='word_1_760' title='bbox 2669 4783 2760 4837; x_wconf 89' lang='lat' dir='ltr'><strong>ille</strong></span> <span class='ocrx_word' id='word_1_761' title='bbox 2812 4781 3096 4851; x_wconf 82' lang='lat' dir='ltr'><strong>profitetur</strong></span> <span class='ocrx_word' id='word_1_762' title='bbox 3139 4789 3560 4837; x_wconf 87' lang='lat' dir='ltr'><strong>commentatum</strong></span> <span class='ocrx_word' id='word_1_763' title='bbox 3612 4780 3792 4847; x_wconf 90' lang='lat' dir='ltr'><strong>potius</strong></span> 
     </span>
    </p>
   </div>
   <div class='ocr_carea' id='block_1_108' title="bbox 2205 4872 3787 4951">
    <p class='ocr_par' dir='ltr' id='par_1_108' title="bbox 2205 4872 3787 4951">
     <span class='ocr_line' id='line_1_108' title="bbox 2205 4872 3787 4951; baseline -0.008 -13"><span class='ocrx_word' id='word_1_764' title='bbox 2205 4896 2326 4938; x_wconf 89' lang='lat' dir='ltr'><strong>esse</strong></span> <span class='ocrx_word' id='word_1_765' title='bbox 2358 4894 2521 4951; x_wconf 86' lang='lat' dir='ltr'><strong>quam</strong></span> <span class='ocrx_word' id='word_1_766' title='bbox 2560 4878 3002 4947; x_wconf 89' lang='lat' dir='ltr'><strong>interpretatum.</strong></span> <span class='ocrx_word' id='word_1_767' title='bbox 3044 4872 3099 4929; x_wconf 87' lang='lat' dir='ltr'><strong>id</strong></span> <span class='ocrx_word' id='word_1_768' title='bbox 3135 4880 3315 4927; x_wconf 90' lang='lat' dir='ltr'><strong>autem</strong></span> <span class='ocrx_word' id='word_1_769' title='bbox 3352 4872 3542 4926; x_wconf 84' lang='lat' dir='ltr'><strong>vitium</strong></span> <span class='ocrx_word' id='word_1_770' title='bbox 3578 4882 3689 4926; x_wconf 89' lang='lat' dir='ltr'><strong>tum</strong></span> <span class='ocrx_word' id='word_1_771' title='bbox 3721 4887 3787 4925; x_wconf 76' lang='lat' dir='ltr'><strong>ex</strong></span> 
     </span>
    </p>
   </div>
   <div class='ocr_carea' id='block_1_109' title="bbox 2207 4964 3792 5044">
    <p class='ocr_par' dir='ltr' id='par_1_109' title="bbox 2207 4964 3792 5044">
     <span class='ocr_line' id='line_1_109' title="bbox 2207 4964 3792 5044; baseline -0.005 -17"><span class='ocrx_word' id='word_1_772' title='bbox 2207 4982 2533 5044; x_wconf 69' lang='lat' dir='ltr'><strong>praepostera</strong></span> <span class='ocrx_word' id='word_1_773' title='bbox 2592 4967 2911 5037; x_wconf 88' lang='lat' dir='ltr'><strong>trajectione</strong></span> <span class='ocrx_word' id='word_1_774' title='bbox 2964 4966 3254 5021; x_wconf 86' lang='lat' dir='ltr'><strong>verborum</strong></span> <span class='ocrx_word' id='word_1_775' title='bbox 3297 4979 3362 5018; x_wconf 82' lang='lat' dir='ltr'><strong>ex</strong></span> <span class='ocrx_word' id='word_1_776' title='bbox 3413 4979 3518 5018; x_wconf 86' lang='lat' dir='ltr'><strong>una</strong></span> <span class='ocrx_word' id='word_1_777' title='bbox 3569 4964 3792 5034; x_wconf 83' lang='lat' dir='ltr'><strong>periodo</strong></span> 
     </span>
    </p>
   </div>
   <div class='ocr_carea' id='block_1_110' title="bbox 2207 5056 3791 5131">
    <p class='ocr_par' dir='ltr' id='par_1_110' title="bbox 2207 5056 3791 5131">
     <span class='ocr_line' id='line_1_110' title="bbox 2207 5056 3791 5131; baseline -0.008 -11"><span class='ocrx_word' id='word_1_778' title='bbox 2207 5067 2260 5120; x_wconf 92' lang='lat' dir='ltr'><strong>in</strong></span> <span class='ocrx_word' id='word_1_779' title='bbox 2282 5065 2465 5127; x_wconf 84' lang='lat' dir='ltr'><strong>aliam,</strong></span> <span class='ocrx_word' id='word_1_780' title='bbox 2488 5073 2597 5115; x_wconf 89' lang='lat' dir='ltr'><strong>tum</strong></span> <span class='ocrx_word' id='word_1_781' title='bbox 2616 5076 2681 5116; x_wconf 79' lang='lat' dir='ltr'><strong>ex</strong></span> <span class='ocrx_word' id='word_1_782' title='bbox 2700 5075 2866 5131; x_wconf 85' lang='lat' dir='ltr'><strong>prava</strong></span> <span class='ocrx_word' id='word_1_783' title='bbox 2888 5061 3039 5114; x_wconf 90' lang='lat' dir='ltr'><strong>vocis</strong></span> <span class='ocrx_word' id='word_1_784' title='bbox 3057 5056 3425 5127; x_wconf 75' lang='grc' dir='ltr'>ἐτυγχανέτην</span> <span class='ocrx_word' id='word_1_785' title='bbox 3446 5056 3497 5110; x_wconf 91' lang='lat' dir='ltr'><strong>in</strong></span> <span class='ocrx_word' id='word_1_786' title='bbox 3524 5056 3791 5126; x_wconf 77' lang='grc' dir='ltr'>ἐτύγχανε</span> 
     </span>
    </p>
   </div>
   <div class='ocr_carea' id='block_1_111' title="bbox 2208 5149 3791 5227">
    <p class='ocr_par' dir='ltr' id='par_1_111' title="bbox 2208 5149 3791 5227">
     <span class='ocr_line' id='line_1_111' title="bbox 2208 5149 3791 5227; baseline -0.006 -15"><span class='ocrx_word' id='word_1_787' title='bbox 2208 5172 2272 5212; x_wconf 86' lang='lat' dir='ltr'><strong>ac</strong></span> <span class='ocrx_word' id='word_1_788' title='bbox 2304 5157 2406 5227; x_wconf 80' lang='grc' dir='ltr'>τὴν</span> <span class='ocrx_word' id='word_1_789' title='bbox 2436 5154 2703 5209; x_wconf 88' lang='lat' dir='ltr'><strong>divisione</strong></span> <span class='ocrx_word' id='word_1_790' title='bbox 2758 5166 2985 5223; x_wconf 85' lang='lat' dir='ltr'><strong>prorsus</strong></span> <span class='ocrx_word' id='word_1_791' title='bbox 3018 5151 3317 5204; x_wconf 87' lang='lat' dir='ltr'><strong>emanavit.</strong></span> <span class='ocrx_word' id='word_1_792' title='bbox 3362 5149 3434 5203; x_wconf 80' lang='lat' dir='ltr'><strong>At</strong></span> <span class='ocrx_word' id='word_1_793' title='bbox 3477 5164 3597 5203; x_wconf 92' lang='lat' dir='ltr'><strong>cum</strong></span> <span class='ocrx_word' id='word_1_794' title='bbox 3632 5150 3791 5218; x_wconf 79' lang='lat' dir='ltr'><strong>hujus</strong></span> 
     </span>
    </p>
   </div>
   <div class='ocr_carea' id='block_1_112' title="bbox 2206 5240 3791 5319">
    <p class='ocr_par' dir='ltr' id='par_1_112' title="bbox 2206 5240 3791 5319">
     <span class='ocr_line' id='line_1_112' title="bbox 2206 5240 3791 5319; baseline -0.005 -15"><span class='ocrx_word' id='word_1_795' title='bbox 2206 5251 2327 5304; x_wconf 88' lang='lat' dir='ltr'><strong>vitii</strong></span> <span class='ocrx_word' id='word_1_796' title='bbox 2368 5262 2564 5319; x_wconf 79' lang='lat' dir='ltr'><strong>expers</strong></span> <span class='ocrx_word' id='word_1_797' title='bbox 2597 5246 2667 5301; x_wconf 85' lang='lat' dir='ltr'><strong>sit</strong></span> <span class='ocrx_word' id='word_1_798' title='bbox 2696 5245 2831 5300; x_wconf 90' lang='lat' dir='ltr'><strong>liber</strong></span> <span class='ocrx_word' id='word_1_799' title='bbox 2858 5253 3064 5306; x_wconf 89' lang='lat' dir='ltr'><strong>noster,</strong></span> <span class='ocrx_word' id='word_1_800' title='bbox 3091 5255 3268 5310; x_wconf 65' lang='lat' dir='ltr'><strong>opera:</strong></span> <span class='ocrx_word' id='word_1_801' title='bbox 3314 5241 3543 5311; x_wconf 87' lang='lat' dir='ltr'><strong>pretium</strong></span> <span class='ocrx_word' id='word_1_802' title='bbox 3591 5240 3791 5296; x_wconf 78' lang='lat' dir='ltr'><strong>facturi</strong></span> 
     </span>
    </p>
   </div>
   <div class='ocr_carea' id='block_1_113' title="bbox 2204 5331 3790 5404">
    <p class='ocr_par' dir='ltr' id='par_1_113' title="bbox 2204 5331 3790 5404">
     <span class='ocr_line' id='line_1_113' title="bbox 2204 5331 3790 5404; baseline -0.006 -8"><span class='ocrx_word' id='word_1_803' title='bbox 2204 5342 2375 5396; x_wconf 87' lang='lat' dir='ltr'><strong>simus</strong></span> <span class='ocrx_word' id='word_1_804' title='bbox 2405 5339 2723 5400; x_wconf 79' lang='lat' dir='ltr'><strong>maximum,</strong></span> <span class='ocrx_word' id='word_1_805' title='bbox 2754 5335 2823 5397; x_wconf 89' lang='lat' dir='ltr'><strong>si,</strong></span> <span class='ocrx_word' id='word_1_806' title='bbox 2859 5349 2969 5404; x_wconf 89' lang='lat' dir='ltr'><strong>quo</strong></span> <span class='ocrx_word' id='word_1_807' title='bbox 3002 5342 3147 5390; x_wconf 88' lang='lat' dir='ltr'><strong>totus</strong></span> <span class='ocrx_word' id='word_1_808' title='bbox 3188 5335 3337 5386; x_wconf 87' lang='lat' dir='ltr'><strong>locus</strong></span> <span class='ocrx_word' id='word_1_809' title='bbox 3374 5331 3592 5386; x_wconf 88' lang='lat' dir='ltr'><strong>sanitati</strong></span> <span class='ocrx_word' id='word_1_810' title='bbox 3626 5332 3790 5386; x_wconf 85' lang='lat' dir='ltr'><strong>resti—</strong></span> 
     </span>
    </p>
   </div>
   <div class='ocr_carea' id='block_1_114' title="bbox 2207 5422 3790 5495">
    <p class='ocr_par' dir='ltr' id='par_1_114' title="bbox 2207 5422 3790 5495">
     <span class='ocr_line' id='line_1_114' title="bbox 2207 5422 3790 5495; baseline -0.008 -7"><span class='ocrx_word' id='word_1_811' title='bbox 2207 5439 2412 5495; x_wconf 82' lang='lat' dir='ltr'><strong>tuatur,</strong></span> <span class='ocrx_word' id='word_1_812' title='bbox 2444 5428 2606 5484; x_wconf 87' lang='lat' dir='ltr'><strong>verba</strong></span> <span class='ocrx_word' id='word_1_813' title='bbox 2638 5427 2821 5482; x_wconf 87' lang='lat' dir='ltr'><strong>omnia</strong></span> <span class='ocrx_word' id='word_1_814' title='bbox 2860 5428 2928 5481; x_wconf 89' lang='lat' dir='ltr'><strong>ad</strong></span> <span class='ocrx_word' id='word_1_815' title='bbox 2974 5426 3148 5495; x_wconf 84' lang='lat' dir='ltr'><strong>ipsum</strong></span> <span class='ocrx_word' id='word_1_816' title='bbox 3194 5422 3598 5492; x_wconf 89' lang='lat' dir='ltr'><strong>intelligendum</strong></span> <span class='ocrx_word' id='word_1_817' title='bbox 3625 5423 3790 5492; x_wconf 67' lang='lat' dir='ltr'><strong>perti-</strong></span> 
     </span>
    </p>
   </div>
   <div class='ocr_carea' id='block_1_115' title="bbox 2207 5516 3789 5591">
    <p class='ocr_par' dir='ltr' id='par_1_115' title="bbox 2207 5516 3789 5591">
     <span class='ocr_line' id='line_1_115' title="bbox 2207 5516 3789 5591; baseline -0.007 -10"><span class='ocrx_word' id='word_1_818' title='bbox 2207 5524 2412 5588; x_wconf 88' lang='lat' dir='ltr'><strong>nentia,</strong></span> <span class='ocrx_word' id='word_1_819' title='bbox 2466 5530 2627 5591; x_wconf 85' lang='lat' dir='ltr'><strong>prout</strong></span> <span class='ocrx_word' id='word_1_820' title='bbox 2679 5522 2731 5575; x_wconf 91' lang='lat' dir='ltr'><strong>in</strong></span> <span class='ocrx_word' id='word_1_821' title='bbox 2794 5519 2997 5575; x_wconf 88' lang='lat' dir='ltr'><strong>codicis</strong></span> <span class='ocrx_word' id='word_1_822' title='bbox 3047 5533 3147 5574; x_wconf 87' lang='lat' dir='ltr'><strong>ms.</strong></span> <span class='ocrx_word' id='word_1_823' title='bbox 3201 5516 3293 5573; x_wconf 90' lang='lat' dir='ltr'><strong>fol.</strong></span> <span class='ocrx_word' id='word_1_824' title='bbox 3366 5532 3559 5573; x_wconf 83' lang='lat' dir='ltr'><strong>averso</strong></span> <span class='ocrx_word' id='word_1_825' title='bbox 3612 5517 3682 5572; x_wconf 89' lang='lat'><strong>97</strong></span> <span class='ocrx_word' id='word_1_826' title='bbox 3729 5531 3789 5571; x_wconf 89' lang='lat' dir='ltr'><strong>se</strong></span> 
     </span>
    </p>
   </div>
   <div class='ocr_carea' id='block_1_116' title="bbox 2207 5611 3790 5687">
    <p class='ocr_par' dir='ltr' id='par_1_116' title="bbox 2207 5611 3790 5687">
     <span class='ocr_line' id='line_1_116' title="bbox 2207 5611 3790 5687; baseline -0.008 -14"><span class='ocrx_word' id='word_1_827' title='bbox 2207 5620 2431 5681; x_wconf 87' lang='lat' dir='ltr'><strong>habent,</strong></span> <span class='ocrx_word' id='word_1_828' title='bbox 2464 5630 2627 5687; x_wconf 88' lang='lat' dir='ltr'><strong>quam</strong></span> <span class='ocrx_word' id='word_1_829' title='bbox 2678 5611 3087 5669; x_wconf 86' lang='lat' dir='ltr'><strong>accuratissime</strong></span> <span class='ocrx_word' id='word_1_830' title='bbox 3128 5619 3604 5680; x_wconf 70' lang='lat' dir='ltr'><strong>repraesentemus,</strong></span> <span class='ocrx_word' id='word_1_831' title='bbox 3645 5617 3790 5662; x_wconf 85' lang='lat' dir='ltr'><strong>aste-</strong></span> 
     </span>
    </p>
   </div>
   <div class='ocr_carea' id='block_1_117' title="bbox 2208 5701 3789 5775">
    <p class='ocr_par' dir='ltr' id='par_1_117' title="bbox 2208 5701 3789 5775">
     <span class='ocr_line' id='line_1_117' title="bbox 2208 5701 3789 5775; baseline -0.006 -11"><span class='ocrx_word' id='word_1_832' title='bbox 2208 5711 2360 5765; x_wconf 86' lang='lat' dir='ltr'><strong>riscis</strong></span> <span class='ocrx_word' id='word_1_833' title='bbox 2388 5725 2449 5764; x_wconf 90' lang='lat' dir='ltr'><strong>ea</strong></span> <span class='ocrx_word' id='word_1_834' title='bbox 2480 5708 2735 5764; x_wconf 82' lang='lat' dir='ltr'><strong>videlicet</strong></span> <span class='ocrx_word' id='word_1_835' title='bbox 2757 5705 3047 5775; x_wconf 82' lang='lat' dir='ltr'><strong>complexi,</strong></span> <span class='ocrx_word' id='word_1_836' title='bbox 3072 5719 3192 5774; x_wconf 70' lang='lat' dir='ltr'><strong>qua:</strong></span> <span class='ocrx_word' id='word_1_837' title='bbox 3215 5704 3331 5759; x_wconf 89' lang='lat' dir='ltr'><strong>suis</strong></span> <span class='ocrx_word' id='word_1_838' title='bbox 3360 5715 3538 5757; x_wconf 84' lang='lat' dir='ltr'><strong>emata</strong></span> <span class='ocrx_word' id='word_1_839' title='bbox 3564 5701 3789 5757; x_wconf 86' lang='lat' dir='ltr'><strong>sedibus</strong></span> 
     </span>
    </p>
   </div>
   <div class='ocr_carea' id='block_1_118' title="bbox 2207 5793 3787 5871">
    <p class='ocr_par' dir='ltr' id='par_1_118' title="bbox 2207 5793 3787 5871">
     <span class='ocr_line' id='line_1_118' title="bbox 2207 5793 3787 5871; baseline -0.004 -14"><span class='ocrx_word' id='word_1_840' title='bbox 2207 5814 2592 5871; x_wconf 81' lang='lat' dir='ltr'><strong>corruptaque,</strong></span> <span class='ocrx_word' id='word_1_841' title='bbox 2623 5800 3007 5857; x_wconf 85' lang='lat' dir='ltr'><strong>obscuritatem</strong></span> <span class='ocrx_word' id='word_1_842' title='bbox 3041 5811 3319 5868; x_wconf 86' lang='lat' dir='ltr'><strong>peperere.</strong></span> <span class='ocrx_word' id='word_1_843' title='bbox 3342 5794 3413 5849; x_wconf 83' lang='lat' dir='ltr'><strong>Ea</strong></span> <span class='ocrx_word' id='word_1_844' title='bbox 3448 5809 3571 5851; x_wconf 86' lang='lat' dir='ltr'><strong>vero</strong></span> <span class='ocrx_word' id='word_1_845' title='bbox 3604 5793 3787 5861; x_wconf 86' lang='lat' dir='ltr'><strong>hujus-</strong></span> 
     </span>
    </p>
   </div>
   <div class='ocr_carea' id='block_1_119' title="bbox 2209 5893 2528 5947">
    <p class='ocr_par' dir='ltr' id='par_1_119' title="bbox 2209 5893 2528 5947">
     <span class='ocr_line' id='line_1_119' title="bbox 2209 5893 2528 5947; baseline -0.003 -1"><span class='ocrx_word' id='word_1_846' title='bbox 2209 5893 2351 5947; x_wconf 90' lang='lat' dir='ltr'><strong>modi</strong></span> <span class='ocrx_word' id='word_1_847' title='bbox 2384 5901 2528 5946; x_wconf 84' lang='lat' dir='ltr'><strong>sunt.</strong></span> 
     </span>
    </p>
   </div>
  </div>
