4122 6418
498 390 565 455 31
1657 402 2047 464 RECENSIO
2086 401 2253 465 COD.
2298 406 2617 471 MATRIT.
3719 415 3790 477 32

498 510 862 572 Pronuntiata
892 520 997 589 fuit
1033 523 1292 584 Panormi
1323 530 1377 584 in
1416 532 1827 601 processionem,
1864 534 1925 598 in.
1950 548 2087 601 pra:-

498 607 670 697 sentia
725 611 882 679 regis.
925 614 1141 685 Incipit,
1185 622 1391 694 Φαιδρά
1433 627 1534 696 τῆς
1571 626 1857 697 παρούσης
1890 627 2088 697 ἑορτῆς

498 695 533 764 ἢ
576 698 909 791 συξέλευσις,
943 703 1171 780 λαμπρά
1198 712 1299 783 τῆς
1338 695 1706 787 πανηγύρεως
1732 719 1765 790 ἡ
1794 695 2089 791 συνάοροι-

499 804 605 850 σις.
637 790 730 845 Est
760 793 956 850 ibidem
988 798 1080 857 26.

499 1074 669 1118 ausus
702 1068 892 1125 fuisset
920 1074 1388 1153 Constantinopoli
1420 1104 1605 1146 coram
1636 1092 1963 1162 imperatore
1986 1098 2089 1150 ha-

500 1154 820 1260 bium-esse
854 1177 963 1221 tam
996 1175 1200 1230 acriter
1233 1180 1284 1232 in
1334 1180 1571 1240 Promm.
1613 1186 1728 1260 l|,§
1761 1189 1814 1255 6,
1856 1201 2085 1247 conten-

496 1244 645 1348 dere.
675 1249 871 1309 Verum
905 1258 994 1313 ille
1018 1270 1130 1317 toto
1160 1268 1343 1326 animo
1368 1288 1432 1329 ac
1456 1277 1634 1332 studio
1660 1244 1728 1334 ad
1749 1282 2085 1348 probandum

498 1336 767 1440 incumbit
787 1350 1054 1409 vocabulo
1088 1355 1371 1431 βασιλεὺς,
1395 1369 1538 1435 quod
1576 1336 1940 1440 Theophanes
1963 1391 2084 1430 cum

500 1430 608 1526 bic,
663 1443 776 1491 tum
828 1441 981 1511 alibi,
1029 1458 1156 1516 puta
1197 1430 1425 1510 homiliia—
1453 1458 1488 1513 4
1523 1470 1576 1513 et
1628 1430 1745 1526 40,-
1783 1469 2083 1523 secundum

394 1530 397 1531 '
498 1520 826 1584 Scorsanam
874 1537 1195 1607 editionem,
1230 1560 1479 1618 usurpat,
1522 1551 2085 1626 Constantinopolita-

496 1623 687 1672 tanum
715 1621 1124 1696 imperatorem,
1158 1651 1261 1690 non
1298 1637 1544 1697 Siculum
1570 1660 1751 1716 regem
1785 1650 2081 1720 designari.

499 1708 631 1765 I'Isto
675 1728 831 1782 sane,
866 1726 1324 1788 quemadmodum
1359 1733 1472 1803 ipse
1516 1737 1707 1793 multis
1742 1708 2081 1811 comprobat,

498 1801 551 1854 id
589 1809 935 1878 vocabulum,
969 1817 1036 1869 ad
1060 1815 1302 1878 Orientis
1342 1801 1705 1896 imperatores
1749 1835 1817 1887 ab
1859 1801 2086 1907 Europa;

498 1895 716 1963 regibus
741 1909 1127 1976 secernendos,
1164 1912 1215 1966 in
1239 1895 1549 1984 diplomatis
1583 1924 1700 1980 sive
1733 1927 1853 1983 aliis
1885 1895 2087 1985 instru-

499 1990 699 2045 mentis
737 1994 971 2063 publicis
1011 1999 1175 2058 fuerit
1215 2008 1507 2080 usitatum;
1552 2014 1645 2069 sed
1684 2035 1890 2075 morem
1940 2024 2085 2079 hunc

499 2095 606 2135 non
636 2085 708 2139 ita
746 2090 965 2156 quidem
1003 2096 1298 2157 invaluisse
1339 2107 1690 2177 crediderim,
1724 2123 1782 2168 ut
1818 2116 2086 2187 episcopis

500 2186 657 2244 reges
691 2192 818 2235 suos
866 2183 916 2237 in
961 2190 1239 2257 precibus,
1275 2204 1372 2250 aut
1407 2200 1788 2269 concionibus,
1838 2183 1930 2261 aut
1978 2183 2086 2264 alio

500 2270 696 2335 quovis
755 2276 1023 2335 orationis
1056 2296 1253 2352 genere
1299 2291 1628 2360 compellare
1678 2296 1940 2366 βασιλέας
1981 2303 2087 2357 mi-

500 2359 647 2417 nime
682 2363 890 2423 liceret.
918 2369 1188 2431 Caeterum
1241 2396 1393 2437 suam
1428 2399 1828 2448 commentator
1873 2396 2087 2464 opinio-

496 2465 622 2549 nem
656 2457 735 2510 sic
766 2462 1040 2519 mordicus
1067 2468 1264 2539 ubique
1288 2481 1455 2541 tenet,
1485 2488 1542 2532 ut
1562 2483 1777 2549 quoties
1805 2457 2083 2543 auctorem

502 2542 785 2642 Baetici);
825 2567 1023 2612 nomen
1088 2560 1454 2629 proferentem
1527 2542 1699 2642 audit,
1742 2591 1868 2632 eum
1927 2583 2086 2639 toties

498 2630 1033 2733 Fonstantinopolim
1084 2662 1260 2720 usque
1312 2668 1500 2713 coram
1557 2630 1889 2733 imperatore
1920 2630 2084 2727 ἓὲὲιηῖ

498 2723 797 2796 facturum,
850 2747 917 2790 eo
964 2737 1086 2807 ipso
1142 2752 1386 2814 tempore
1434 2763 1543 2819 quo
1588 2723 1689 2812 nec
1730 2772 1759 2811 a
1811 2760 1957 2832 regis
2001 2765 2085 2820 sui

500 2834 798 2926 conspectu
827 2828 1042 2896 oculos.
1074 2848 1176 2890 nec
1207 2852 1239 2891 a
1275 2836 1463 2896 Sicilia
1495 2846 1687 2915 pedem
1726 2828 1931 2923 move‘t,
1959 2871 2087 2926 per-

500 2909 726 3009 ducere,
757 2918 842 2973 vel
881 2922 1064 2990 potius
1097 2927 1315 2987 trahere
1339 2909 1686 3009 nequaquam
1724 2909 1952 3001 dubitei.

569 3004 696 3108 ﬁl:
743 3024 956 3108 averso.
1013 3016 1149 3088 Λόγ.
1191 3020 1287 3077 νε’.
1327 3004 1557 3099 Ὀμίιλία
1584 3033 1664 3097 εἰς
1695 3035 1779 3101 rb,
1829 3055 1849 3088 ι
1888 3039 2003 3108 Πρὸ
2028 3042 2089 3107 ἓξ

499 3096 730 3206 ημὶρῶν
746 3101 843 3206 τοῦ
870 3104 1118 3206 Πάσχα.»
1148 3096 1613 3191 Snperscriptnm,
1663 3096 1891 3201 Ἐλέχθη
1923 3096 1982 3185 έν
2010 3096 2088 3206 τῶ

501 3188 742 3258 ἀμϐωνι.
802 3193 989 3253 Sermo
1028 3199 1120 3257 55.
1176 3203 1415 3264 [Ioniilia
1441 3188 1505 3267 vin
1542 3214 1680 3269 illud
1705 3233 1726 3272 :
1766 3188 1954 3277 (“Arum
1996 3188 2089 3278 sea:

499 3281 610 3335 dies
650 3281 894 3343 Paacltaz.
932 3309 951 3343 ι
990 3290 1349 3353 Pronuntiata
1400 3304 1501 3373 fuit
1532 3309 1585 3361 in
1607 3310 1851 3367 amboue.

571 3377 781 3480 Incipit,
824 3385 931 3439 Τοῦ
972 3390 1247 3445 Δεσπότου
1278 3394 1374 3449 καὶ
1415 3398 1671 3472 Σωτῆρος
1706 3406 1866 3477 ήμῶν
1906 3408 2086 3480 Ἰησοῦ

498 3468 560 3521 rb
589 3470 874 3573 ὑπερφυὲς
922 3481 1018 3533 καὶ
1060 3483 1205 3552 μέγα
1252 3484 1441 3559 θαῦμα
1489 3468 1821 3564 ποιήσαντος
1854 3468 2087 3573 τῆν’τε·

499 3564 819 3657 τραᾲημέρου
871 3568 966 3622 τοῦ
1018 3572 1275 3645 Λαζάρου
1311 3578 1636 3640 ἀνάστασιν.
1692 3564 1921 3657 Desinit,
1976 3593 2089 3648 Kal

498 3656 566 3748 τῇ
595 3655 814 3729 θεότητι
832 3660 923 3715 διά
957 3663 1055 3717 τοῦ
1083 3669 1503 3741 προλήμματος,
1530 3675 1668 3746 ὅπερ
1687 3678 1880 3748 γέγονε
1896 3655 2088 3739 ένὼσει

497 3747 785 3849 όμόθξιονι·
819 3754 880 3806 ὲν
929 3758 1032 3828 μιᾷ
1075 3758 1170 3812 τοῦ
1196 3760 1357 3832 λόγου
1392 3765 1694 3826 ὑποστάσει
1718 3787 1734 3803 ο
1768 3747 1867 3827 σὺν
1910 3776 2089 3849 Πατρὶ

499 3838 597 3934 καί.
622 3840 903 3913 Πνεύματι
937 3845 1303 3922 δοξαζόμενον
1334 3853 1436 3911 νῦν
1460 3858 1559 3912 καὶ
1588 3860 1700 3929 ἀεὶ,
1726 3865 1824 3919 καὶ
1848 3867 1931 3931 εἰς
1959 3838 2088 3934 τοῦς

499 3932 724 4000 αἰῶνας.
774 3938 973 4012 Ἀμήν.

731 4031 863 4100 Λόγ.
888 4032 997 4098 νς’.
1027 4034 1243 4106 Ὀμιλία
1266 4041 1347 4107 εἰς
1362 4042 1464 4115 τὴν
1484 4048 1805 4123 παραϐολὴν
1824 4053 1933 4107 τῶν
1952 4054 2088 4110 δέκα

502 4120 814 4192 παρθένων.
852 4123 1036 4181 Sermo
1076 4128 1163 4183 56.
1198 4130 1441 4189 Homilia
1479 4138 1533 4192 in
1560 4120 1872 4204 parabolam
1908 4146 2086 4203 decem

509 4206 816 4278 Virginum.

568 4302 790 4373 Incipit,
825 4307 1043 4381 Ταύτην
1077 4314 1189 4382 ἐγὼ
1220 4316 1451 4389 πάσχειν
1496 4321 1651 4378 ἔοικα
1695 4325 1940 4398 σήμερον
1970 4329 2084 4384 ὅσοι

498 4399 936 4466 περισκοποῦσιν
970 4404 1318 4475 ὲναιθρίατον
1357 4412 1588 4479 οὐρανὸν
1617 4415 1712 4468 καὶ
1737 4415 2083 4487 θαυμάζουσι

496 4486 610 4541 τῶν
648 4489 894 4561 ἀστέρων
932 4495 1003 4549 τὰ
1054 4498 1453 4569 σελαγίσματα.
1504 4506 1733 4571 Desinit,
1770 4486 1862 4580 Τῷ
1912 4510 2083 4583 ἱλαρῷ

494 4579 596 4649 τῆς
627 4581 1001 4655 ἐλεημοσύνης
1030 4588 1193 4659 ὲλαέῳ
1234 4595 1443 4663 ταύτην
1488 4579 1947 4664 πιαίνοντες,ἴνα
1986 4579 2083 4657 καλ

495 4669 575 4739 τῷ
599 4674 823 4745 νυμφίῳ
861 4677 1088 4749 Χριστῷ
1127 4682 1209 4745 εἰς
1238 4682 1330 4736 τὸν
1376 4686 1649 4758 μακάριον
1691 4689 1937 4761 θάλαμον
1983 4694 2082 4747 σὺν

496 4763 854 4835 εἰσέλθωμεν,
896 4770 1128 4827 καὶτῶν
1169 4776 1473 4845 ἀκηράτων,
1506 4781 1731 4848 ἀγαθῶν
1748 4784 2082 4840 ἀπολαύσω--

500 4870 621 4948 μεν,
663 4859 722 4910 ὲν
753 4860 976 4932 Χριστῷ
1007 4864 1189 4934 Ἰησοῦ
1221 4869 1304 4939 τῷ
1344 4873 1535 4943 Κυρίῳ
1576 4875 1737 4944 ἡμῶν
1760 4893 1776 4909 ·
1810 4871 1854 4945 ᾧ
1888 4881 1919 4948 ή
1953 4880 2080 4947 δόξα

494 4946 577 5009 εἰς
607 4948 737 5011 τοὺς
769 4951 1114 5023 ἀπεράντους
1140 4960 1348 5025 αἰῶνας
1376 4964 1486 5017 τῶν
1515 4966 1753 5024 αἰώνων.
1794 4971 1993 5044 Ἀμήν.

569 5039 692 5106 156,
732 5057 944 5101 averso.
973 5048 1107 5117 Λόγ.
1146 5051 1244 5117 νζ¹.
1279 5054 1386 5108 Τοῦ
1419 5057 1587 5111 αὐτοῦ
1609 5059 1797 5130 ὁμιλία
1823 5039 1951 5134 περλ
1979 5066 2080 5138 τῆς

494 5131 827 5207 ἀπογραφῆς
857 5139 959 5207 τῆς
988 5142 1278 5203 Θεοτόκου.
1320 5147 1506 5204 Sermo
1548 5151 1639 5207 57.
1688 5131 1941 5225 Ejusdem
1985 5131 2080 5214 Ito-

496 5225 743 5281 milia'de
772 5246 929 5285 censu
956 5234 1219 5301 Πείραντα

551 5313 766 5385 Incipit,
786 5320 1035 5388 Ἐγένετο
1050 5326 1107 5378 δὲ
1126 5328 1184 5379 ἐν
1203 5330 1579 5401 ταῖςήμέραις
1598 5334 1859 5401 ἐκείναις,
1880 5338 2078 5409 ἐξῆλθε

492 5407 671 5477 δόγμα
692 5412 846 5481 παρά
883 5414 1159 5488 Καίσαρος
1175 5420 1491 5489 Αὐγούστου
1528 5407 2083 5498 ἀπογράφεσθαιπᾶ-

498 5512 599 5551 σαν
622 5501 718 5572 τὴν
739 5505 1068 5578 οἰκουμένην
1094 5525 1108 5541 °
1147 5509 1341 5583 αῦτηὴ
1367 5514 1663 5588 ἀπογραφὴ
1694 5520 1913 5587 ἐγένετο
1947 5524 2079 5592 ἡγε-

501 5592 819 5688 μονεύοντος
850 5599 947 5666 τῆς
967 5602 1169 5671 Συρίας
1186 5603 1479 5676 Κυρηνίου.
1514 5610 1741 5677 Desinit,
1786 5614 2074 5688 Ἐπέστρε-

496 5676 603 5743 ψαν
638 5682 694 5733 δὲ
726 5688 776 5737 ot
815 5693 1074 5759 ποιμένες
1124 5696 1581 5766 εὐχαριστοῦντες
1618 5676 1733 5757 ἐπὶν
1763 5707 1959 5761 πᾶσιν.
1987 5676 2073 5763 ’ού

497 5768 612 5872 γὰρ.
660 5769 803 5841 ἦσαν
851 5781 1107 5851 φθονεροὶ
1160 5789 1305 5841 κατά
1354 5793 1666 5858 Ἰουδαίους.
1698 5798 1789 5868 Τῷ
1843 5800 1903 5853 δὲ
1955 5800 2075 5872 Θεῷ

496 5858 656 5926 ήμῶν
681 5865 766 5935 εἰη
799 5866 927 5933 δόξα
953 5874 1032 5936 εἰς
1074 5877 1200 5939 τοὺς
1228 5879 1430 5945 αἰῶνας
1454 5885 1563 5940 τῶν
1594 5858 1812 5943 αἰώνων
1874 5860 2066 5962 Ἀμήν..

2272 532 2397 601 157,
2425 548 2640 592 averso.
2671 536 2805 605 Λόγ.
2828 535 2931 609 νη’.
2957 537 3063 592 Τοῦ
3093 536 3261 592 αὐτοῦ
3285 538 3472 607 ὁμιλία
3494 540 3575 604 εἰς
3596 542 3657 594 rb
3684 543 3790 596 ὑπὸ

2198 621 2352 675 παντ¹
2388 624 2506 693 (sic)
2546 625 2639 679 τοῦ
2675 627 2878 698 Κυρίου
2918 629 3077 699 ἡμῶν
3121 630 3301 699 Ἰησοῦ
3357 631 3622 701 Χριστοῦ.
3655 631 3829 714 δεῖ-ι.

2197 730 2283 766 mo
2315 715 2403 769 58.
2426 716 2678 783 Ejusdem
2696 721 2915 775 homilia
2942 723 2996 775 in
3025 722 3161 775 illud
3309 742 3328 775 ι
3369 723 3586 778 Domini
3616 727 3787 780 nostri

2194 803 2327 861 Jesu
2368 807 2591 863 Christi.
2634 831 2653 864 ι
3290 848 3293 849 ν

2266 902 2485 971 Incipit,
2514 903 2622 957 Καὶ
2654 905 2743 958 ὅτε
2786 905 3142 978 ἐπλήσθησαν
3171 909 3229 961 αἰ
3274 910 3483 980 ἡμέραι
3519 910 3665 964 ὀκτὼ
3689 912 3785 965 τοῦ

2196 997 2515 1065 περιτεμεῖν
2547 997 2608 1049 rb
2638 998 2872 1065 παιδίον,
2916 1001 3010 1053 καὶ
3044 1002 3249 1073 ἐκλήθη
3292 1005 3351 1056 τὸ
3398 1004 3572 1073 δνομα
3620 1006 3786 1058 αὑτοῦ

2208 1088 2441 1159 Ἰησοῦς,
2465 1090 2527 1143 rb
2551 1092 2753 1159 κληθὲν
2778 1094 2882 1148 ὑπὸ
2904 1094 3000 1148 τοῦ
3032 1096 3288 1165 ἀγγέλου.
3312 1100 3538 1163 Desinit,
3555 1100 3630 1151 Οὐ
3651 1101 3789 1170 πρὸς

2194 1180 2499 1252 λαμϐάνειν
2540 1187 2738 1253 σοφίαν
2758 1202 2773 1217 '
2802 1188 2856 1241 τί
2886 1190 2998 1260 γὰρ
3042 1191 3139 1244 τοῦ
3184 1192 3439 1263 ἀπάρχου
3464 1194 3677 1247 τελείου
3703 1197 3791 1263 γέ-

2195 1274 2328 1328 νοιτ’
2353 1277 2441 1330 ἀν
2484 1278 2871 1351 τελειώτερον;
2903 1282 3037 1337 ἀλλά
3068 1286 3167 1355 τὴν
3210 1280 3379 1338 οῦσαν
3424 1286 3565 1340 κατά
3610 1287 3786 1358 βραχὺ

2196 1366 2589 1440 παράγυμνον.

2270 1459 2395 1526 159,
2444 1478 2657 1517 averso.
2694 1465 2826 1533 Λόγ.
2860 1465 2957 1522 νϐ’.
3007 1468 3231 1538 Ὀμιλία
3256 1473 3336 1534 εἰς
3359 1472 3421 1525 rb
3447 1472 3787 1541 Εὖαγγέλιον

2196 1556 2275 1615 εἰς
2303 1555 2383 1616 τὸ,
2410 1575 2428 1607 ι
2465 1555 2554 1608 Ἑν
2577 1557 2731 1628 Κανᾷ
2752 1560 2852 1629 τῆς
2880 1562 3196 1628 Γαλιλαίας.
3223 1564 3406 1619 Sermo
3432 1566 3520 1621 59.
3550 1565 3789 1621 Humilia

2196 1644 2251 1697 in
2279 1644 2643 1715 Evnngelium,
2670 1650 2722 1701 in
2764 1651 2899 1704 illud
2925 1669 2944 1707 :
2975 1673 2993 1704 ι
3029 1654 3096 1707 In
3128 1654 3274 1709 Cana
3305 1654 3565 1711 Galila’te.
3603 1675 3623 1707 ι

2266 1738 2475 1808 Incipit,
2496 1741 2585 1809 Τῷ
2600 1742 2778 1812 καιρῷ
2798 1746 2991 1817 ἐκείνῳ
3023 1748 3201 1817 γάμος
3226 1748 3467 1816 ἐγένετο,
3506 1750 3696 1819 φησὶν,
3723 1750 3783 1802 ἐν

2196 1827 2350 1900 Κανᾷ
2397 1831 2498 1898 τῆς
2531 1834 2846 1899 Γαλιλαίας.
2903 1837 3135 1903 Desinit,
3172 1840 3247 1892 Tb
3285 1839 3342 1892 δὲ
3377 1842 3504 1904 τοὺς
3544 1842 3789 1903 δικαίους

2194 1928 2428 1993 χωρίσαι
2463 1927 2573 1978 ἀπὸ
2620 1927 2728 1980 τῶν
2769 1930 3139 2000 ἁμαρτωλῶν,
3189 1934 3284 1985 καὶ
3323 1933 3626 2003 διακρίνειν
3659 1936 3789 1999 τοὺς

2194 2016 2437 2081 ἀγαθοὺς
2495 2019 2603 2070 ἀπὸ
2644 2020 2755 2072 τῶν
2805 2022 3061 2092 πονηρῶν
3105 2024 3255 2094 μόνῳ
3294 2024 3413 2095 Θεῷ
3437 2026 3515 2096 τῷ
3563 2026 3787 2097 ἄρχοντι

2197 2107 2292 2159 καὶ
2318 2111 2694 2179 οἰκονομοῦντι
2726 2113 2971 2183 πέφυκεν
3003 2114 3155 2168 ἴδιον.

2272 2202 2392 2257 145.
2428 2204 2649 2259 Averso.
2685 2206 2818 2273 Λόγ.
2849 2206 2908 2271 ξ’.
2955 2208 3174 2276 Ὀμιλία
3211 2211 3293 2272 εἰς
3334 2210 3417 2274 rb,
3468 2230 3485 2262 ι
3518 2213 3610 2264 Ἐν
3644 2212 3785 2282 ἀρχῇ

2195 2289 2263 2366 ἦν
2299 2295 2327 2346 ὁ
2370 2296 2546 2360 Λόγος
2601 2317 2618 2349 ι
2669 2299 2813 2352 κατά
2858 2299 3037 2354 Ἰωάν.
3088 2300 3274 2355 Sermo
3313 2304 3404 2359 60.
3450 2302 3687 2357 Homilia
3730 2304 3787 2357 in

2197 2387 2332 2440 illud
2374 2392 2659 2443 Secundum
2689 2391 2977 2457 Joannem,
3035 2410 3055 2446 ι
3105 2394 3169 2449 1η
3209 2397 3473 2467 principio
3505 2408 3619 2451 erat
3663 2396 3789 2453 Ver-

2198 2480 2340 2534 bum.
2378 2501 2397 2533 ι

2272 2574 2480 2643 Incipit,
2517 2597 2535 2627 ‹
2578 2577 2644 2630 'II
2678 2578 2772 2631 τοῦ
2802 2579 3124 2650 Πνεύματος
3152 2582 3386 2649 δύναμις
3433 2584 3490 2635 ἐν
3532 2583 3789 2657 ἀσθενείᾳ

2196 2666 2535 2730 τελειοῦται,
2582 2672 3051 2739 καταγέγραπται
3100 2674 3194 2727 καὶ
3238 2676 3588 2744 πιστεύομεν.
3635 2676 3788 2729 Ι)ρεί-

2198 2760 2297 2824 nit,
2321 2760 2506 2831 Νόμος
2528 2761 2629 2832 μὲν
2659 2763 2768 2833 γὰρ
2794 2764 2968 2835 ἐδὼθη
3005 2766 3160 2836 παρὰ
3203 2764 3340 2819 Θεοῦ
3380 2766 3468 2819 διὰ
3494 2767 3661 2836 μέσου
3690 2768 3785 2821 τοῦ

2197 2853 2443 2918 Μωσέως
2468 2871 2483 2886 ο
2511 2856 2545 2926 ἡ
2565 2854 2620 2907 δὲ
2645 2857 2806 2927 χάρις
2842 2857 3081 2925 ἐγένετο,
3113 2858 3234 2929 οὐχὶ
3257 2858 3452 2929 ὲδώθη,
3493 2859 3583 2913 διά
3607 2859 3786 2931 Ἰησοῦ

2195 2945 2460 3014 Χριστοῦ.
2492 2946 2829 3001 Αύθεντικὸν
2862 2949 2965 3019 μὲν
3004 2948 3115 3021 γὰρ
3160 2950 3223 3005 τὸ
3250 2950 3496 3020 ἐγένετο,
3537 2952 3785 3005 δουλικὸν

2200 3034 2259 3088 δὲ
2290 3036 2352 3089 rb
2374 3035 2575 3106 ὲδώθη.

2270 3124 2396 3183 152.
2417 3129 2551 3198 Λόγ.
2576 3127 2676 3195 Ea’.
2708 3130 2926 3200 Ὀμιλία
2951 3133 3033 3196 εἰς
3053 3132 3134 3198 τὸ,
3168 3152 3187 3185 ι
3220 3135 3355 3188 Θεὸν
3376 3136 3549 3200 οὐδείς
3567 3136 3781 3205 ἑώρακε

2200 3219 2445 3277 πώποτε.
2488 3241 2507 3275 ι
2544 3224 2778 3294 Ἐλέχοη
2809 3226 2866 3278 ὲν
2915 3226 2994 3296 τῷ
3030 3226 3272 3297 ἀμϐωνι.
3311 3228 3501 3283 Sermo
3539 3231 3627 3285 6|.
3670 3230 3785 3285 Ho-

2198 3312 2348 3365 milia
2395 3312 2655 3369 inillud:
2696 3332 2715 3364 ι
2752 3314 2922 3369 Deum
2964 3333 3111 3372 nemo
3155 3318 3281 3372 vidit
3319 3337 3575 3390 unquam.
3608 3344 3625 3375 ι
3650 3319 3786 3377 Ρνο‹

2199 3407 2445 3457 nuntiata
2471 3403 2572 3471 fuit
2609 3407 2661 3459 in
2693 3407 2932 3462 amboue.

2268 3489 2486 3561 Incipit,
2514 3491 2741 3565 Ἐπειδὴ
2764 3489 2921 3549 εἶπεν
2944 3498 3027 3552 ὅτι
3049 3500 3083 3569 ἡ
3125 3499 3289 3569 χάρις
3318 3500 3410 3555 καὶ
3442 3502 3670 3572 ἀλήθεια
3696 3503 3786 3557 διὰ

2197 3580 2377 3652 Ἰησοῦ
2410 3583 2651 3654 Χριστοῦ
2683 3586 2922 3655 ἐγένετο,
2948 3589 3108 3643 τοῦτο
3138 3590 3313 3645 θέλων
3350 3594 3787 3659 κατασκευάσαι,

2199 3676 2367 3745 φησὶν
2400 3677 2482 3741 ὅτι
2523 3678 2677 3732 οὐδὲν
2721 3680 2950 3735 ἄπιστον
2989 3683 3238 3754 εἴρηκεν.
3295 3685 3524 3751 Desinit,
3566 3687 3688 3756 Χρὴ
3725 3686 3785 3739 δὲ

2196 3768 2515 3837 γινώσκειν,
2537 3771 2608 3825 τὰ
2639 3773 2846 3846 ἀκριϐῆ
2878 3774 2988 3828 τῶν
3019 3776 3377 3847 ἀντιγράφων
3401 3779 3459 3831 ὲν
3486 3779 3788 3853 Βηθαϐαρᾷ

2198 3859 2335 3930 ἔχει,
2362 3862 2396 3931 ἡ
2430 3861 2538 3932 γὰρ
2570 3862 2814 3932 Βηθανία
2850 3865 2913 3919 οὐ
2956 3866 3130 3937 πέραν
3155 3868 3250 3921 τοῦ
3301 3869 3570 3941 Ἰορδάνου
3612 3872 3784 3938 ἐστὶν,

2196 3950 2313 4007 ἀλλ’
2346 3951 2516 4021 ἐγγὺς
2547 3952 2754 4006 τούτων
2797 3954 3213 4027 Ἱεροσολύμων.

2268 4043 2393 4098 154.
2438 4044 2575 4112 Λόγ.
2603 4042 2705 4114 ξβ’.
2761 4044 2990 4117 Ὀμιλία
3027 4050 3359 4122 ρηθεῖσα’τῇ
3395 4053 3653 4123 Κυριακῇ
3688 4054 3782 4107 τοῦ

2196 4134 2525 4206 Παραλήτου
2562 4136 2687 4205 (leg.
2725 4137 3158 4209 Παραλυτικοῦ).
3193 4140 3376 4196 Sermo
3427 4143 3518 4198 62.
3546 4144 3783 4199 Homilia

2195 4227 2341 4281 dicta
2381 4226 2661 4282 Dominica
2695 4226 3015 4300 Paralytici.

2268 4320 2479 4387 Incipit,
2515 4321 2708 4391 ’Λνέϐη
2743 4323 2771 4374 ό
2821 4322 3029 4393 Κύριος
3082 4324 3164 4388 εἰς
3214 4324 3586 4397 Ἰεροσόλυμα.
3627 4328 3784 4384 Ἔστι

2194 4412 2251 4466 δὲ
2279 4414 2336 4466 ὲν
2364 4415 2477 4477 τοῖς
2518 4414 2919 4485 Ἰεροσολύμοις
2967 4417 3063 4470 ἐπὶ
3105 4420 3173 4488 τῇ
3221 4418 3535 4491 Προϐατικῇ
3580 4423 3783 4493 κολυμ-

2194 4504 2376 4577 ϐήθρα
2419 4508 2452 4577 ἡ
2506 4506 2780 4579 λεγομένη
2832 4508 3127 4579 Ἐϐραϊστί
3181 4511 3452 4581 Βηθεσδά.
3530 4513 3779 4580 Desinit,

2195 4598 2308 4651 Καὶ
2347 4598 2405 4651 ὲν
2442 4597 2521 4669 τῷ
2562 4599 2699 4669 ίερῷ
2731 4600 2930 4671 εὐρεθῦ
2974 4603 3095 4672 (sic)
3131 4603 3269 4672 μετά
3302 4604 3400 4674 τὴν
3436 4604 3615 4674 ὐγίαν,
3658 4608 3779 4677 ἦτοι

2197 4690 2396 4760 μηκέτι
2416 4691 2656 4760 ἀνιέροις
2685 4690 2970 4761 λογισμοῖς
2994 4693 3431 4764 ἐμμολυνθῆναι,
3451 4699 3535 4751 ἵνα
3558 4698 3634 4768 μὴ
3657 4700 3779 4769 χεὶρ

2194 4782 2386 4851 ἡμῖνή
2414 4782 2690 4847 μέλλουσα
2718 4784 2852 4835 κόλα
2885 4784 3039 4853 (fort.
3084 4786 3259 4858 χωλὴ)
3300 4788 3539 4855 γένοιτο.
3586 4790 3676 4861 Τῷ
3722 4792 3779 4845 δὲ

2192 4872 2313 4944 Θεῷ
2338 4874 2497 4944 ἡμῶν
2528 4876 2617 4945 εἴη
2652 4875 2781 4941 δόξα
2814 4879 2895 4939 εἰς
2926 4879 3086 4944 τοὺς,
3119 4888 3229 4934 etc.

2265 4961 2389 5015 156.
2461 4964 2688 5018 Averso.
2752 4964 2883 5030 Λόγ.
2923 4963 3025 5033 ξγ¹.
3058 4966 3288 5035 Ὀμιλία
3315 4968 3543 5039 ῥηθεῖσα
3578 4972 3657 5036 εἰς
3694 4976 3777 5040 rb,

2198 5054 2354 5122 «ιἘκ
2384 5056 2613 5127 γενετῆς
2636 5056 2861 5126 τυφλόν.
2901 5076 2920 5110 ι
2958 5057 3185 5128 Ἐλέχθη
3228 5059 3288 5109 ὲν
3319 5060 3396 5128 τῷ
3431 5062 3630 5130 ἀμϐονι
3680 5069 3780 5135 τῆς

2190 5148 2651 5222 ἀρχιεπισκοπῆς.
2692 5151 2880 5206 Sermo
2919 5152 3010 5205 65.
3054 5150 3299 5205 Humilia
3335 5153 3477 5208 dicta
3505 5157 3559 5209 in
3603 5159 3777 5215 illud:

2198 5257 2217 5292 ι
2251 5240 2463 5297 chum
2493 5260 2524 5295 a
2557 5245 2858 5299 nativitate.
2891 5263 2909 5297 ι
2947 5243 3309 5297 Pronuntiala
3338 5244 3439 5313 fuit
3466 5248 3517 5300 in
3558 5252 3778 5305 amboue

2192 5336 2429 5391 ecclesia?
2451 5337 2941 5405 archiepiscopalia.

2263 5428 2476 5497 Incipit,
2518 5429 2632 5482 Kal
2673 5430 2942 5500 παράγων
2986 5433 3015 5484 ό
3047 5431 3260 5503 Ἰησοῦς
3302 5429 3446 5486 εἶδεν
3485 5434 3778 5506 ἄνθρωπον

2191 5521 2396 5590 τυφλὸν
2426 5522 2491 5572 ἐκ
2523 5523 2778 5589 γενετῆς,
2800 5522 2897 5575 καὶ
2915 5522 3214 5594 ἠρώτησαν
3246 5526 3413 5580 αὐτὸν
3436 5528 3486 5579 οἰ
3511 5527 3775 5598 μαθηταί.

2192 5610 2422 5673 Desinit,
2467 5610 2558 5673 Ὠς
2621 5611 2715 5664 τὸν
2743 5612 2874 5665 Υἰὸν
2929 5613 3026 5666 τοῦ
3075 5613 3237 5681 Θεοῦ,
3272 5616 3453 5686 σάρκα
3507 5618 3776 5684 γεγονότα

2189 5702 2483 5770 γεννοῦσα,
2522 5702 2835 5774 ἀδιαίρετον
2865 5704 3018 5773 ὄντα,
3053 5706 3151 5760 καὶ
3176 5706 3274 5760 ἕνα
3302 5709 3396 5762 τὸν
3420 5708 3665 5777 διπλοῦν,
3714 5711 3771 5773 ὃς

2191 5797 2310 5848 ἐστι
2334 5795 2574 5867 Χριστὸς
2606 5797 2701 5850 καὶ
2724 5796 2952 5868 Κύριος.

2260 5890 2384 5947 ιθι.
2443 5889 2737 5957 Ὑπόθεσις
2795 5893 2891 5947 τοῦ
2953 5893 3095 5951 κατά
3143 5897 3362 5951 Λουκᾶν
3411 5896 3768 5965 Εὑαγγελίου.
