4122 6434
346 348 426 411 33
1518 333 1906 403 RECENSIO
1940 330 2109 394 COD.
2154 334 2500 399 MATRIT.’
3562 334 3637 399 34

354 462 683 535 ngothesis
735 461 855 517 sive
909 464 1288 529 argumentum
1346 452 1626 523 Euangelii
1655 447 1946 535 secundum

352 532 584 609 Lissum.
619 553 842 622 Incipit,
881 550 1102 613 Λουκᾶς
1128 549 1157 600 ὁ
1188 546 1331 609 θεῖος
1359 542 1673 614 ’Δντιοχεὺς
1697 540 1797 612 μὲν
1852 532 1945 608 ἦν,

359 646 556 719 ἰατρὸς
601 646 681 700 δέ.
739 643 971 703 Desinit,
1028 642 1124 703 Ὃς
1172 636 1270 692 καὶ
1321 636 1474 700 ἄξιός
1525 634 1643 687 ἐστι
1702 631 1781 701 τῷ
1832 630 1949 685 δντι

354 739 586 792 ἀκούειν
618 737 715 789 τοῦ
744 734 1112 803 Εὐαγγελίου.

435 829 761 899 Ilypotliesis
797 829 913 882 Itan:
965 828 1155 881 eadem
1199 823 1357 894 plane
1401 829 1486 875 est
1516 833 1634 889 quae
1660 814 1953 883 Tlteoplty-

359 923 517 984 lacti.
571 922 840 990 Bulgaria:
889 915 1284 985 arcltiepismpi
1315 956 1330 979 ,
1386 914 1609 968 nomine
1663 909 1948 977 inscripta,

358 1016 544 1068 ci.!cttt
603 1013 902 1082 Evangelia
961 1012 1011 1063 in
1069 1008 1478 1076 exemplaribus
1539 1003 1768 1066 Graecis,
1834 1002 1952 1055 sive

363 1123 528 1168 mss...
558 1108 673 1160 sive
696 1107 939 1168 excusis,
970 1104 1223 1173 praemitti
1255 1101 1411 1156 solet.
1440 1096 1797 1169 Ilypothesim
1822 1108 1952 1148 vero

361 1198 573 1265 excipit
598 1196 821 1249 humilia
851 1196 953 1249 ltoc
981 1194 1134 1248 titulo
1168 1212 1182 1246 :

434 1288 575 1353 Λόγ.
605 1283 697 1349 ξδ’.
728 1284 833 1338 Τοῦ
857 1284 1022 1338 αὐτοῦ
1057 1282 1268 1354 ἱστορία
1296 1283 1375 1344 εἰς
1417 1281 1518 1353 τὴν
1557 1281 1815 1349 γέννησιν
1855 1275 1952 1330 τοῦ

361 1378 714 1448 Προδρόμου.
763 1374 949 1432 Sermo
981 1374 1069 1430 64.
1133 1375 1388 1443 Ejusdem
1419 1372 1695 1427 enarratio
1726 1373 1780 1424 in
1812 1370 1955 1424 nati-

361 1472 582 1524 vitatem
610 1469 993 1523 Pra'cursoris.

439 1565 663 1634 Incipit,
714 1564 1075 1634 Ἐπειδήπερ“
1103 1561 1293 1615 πολλοὶ
1329 1560 1696 1631 ἐπεχείρησαν
1748 1552 1954 1609 ἀνατά-

362 1661 565 1725 ξασθαι
611 1660 866 1730 διήγησιν
922 1659 1053 1728 περὶ
1100 1657 1209 1710 τῶν
1259 1650 1842 1725 πεπληροφορημένων
1897 1648 1956 1700 ὲν

363 1757 506 1823 ήμῖν
538 1754 912 1824 πραγμάτων.
966 1751 1195 1817 Desinit,
1241 1749 1580 1821 Ἐκρὺπτετο
1616 1746 1674 1799 δὲ
1725 1746 1783 1799 ὲν
1833 1744 1957 1804 ταῖς

361 1848 467 1915 ὲρή
479 1863 626 1915 μοις,
647 1845 807 1915 ἀχρις
832 1840 895 1899 οὗ
922 1843 1218 1911 εὐδόκησεν
1246 1844 1275 1896 ό
1303 1842 1457 1906 Θεὸς,
1489 1842 1579 1894 ἵνα
1610 1837 1758 1908 δείξῃ
1791 1834 1956 1889 αὐτὸν

360 1939 449 2008 τῷ
483 1939 846 2007 Ἰσραηλιτῶν
878 1937 992 2004 λαῷ
1022 1952 1035 1965 ·
1066 1929 1109 2003 ᾧ
1139 1935 1339 2004 πρέπει
1376 1936 1526 1987 πᾶσα
1554 1930 1690 2003 τιμὴ
1713 1928 1809 1985 καὶ
1829 1928 1959 1995 δόξα

362 2032 451 2093 εἰς
480 2034 607 2093 τοὺς
637 2029 840 2093 αἰῶνας
868 2030 981 2083 τῶν
1001 2028 1235 2082 αἰώνων.
1262 2027 1461 2098 Ἀμήν.

443 2120 571 2175 I75.
598 2123 827 2175 Averso.
862 2119 999 2189 Λόγ.
1031 2117 1124 2186 εί.
1155 2118 1384 2189 Ὀμιλία
1417 2117 1646 2188 ρηθείσα
1664 2112 1961 2185 κοιμηθένσ

362 2228 465 2275 τος
498 2211 598 2265 τοῦ
636 2212 884 2283 ἀοιδίμου
923 2212 1134 2283 Harpe;
1166 2210 1600 2281 Βαρθολομαίου,
1627 2211 1723 2263 καὶ
1758 2206 1960 2279 μερικὴ

360 2303 627 2371 διήγησις
656 2301 751 2354 τοῦ
790 2302 909 2371 βίου
942 2300 1109 2357 αὐτοῦ
1147 2316 1159 2328 ·
1189 2302 1286 2354 καὶ
1334 2303 1465 2372 περὶ
1499 2299 1594 2353 τοῦ
1632 2300 1706 2371 μὴ
1741 2298 1962 2368 θρηνεῖν

363 2397 499 2459 τοὺς
530 2394 993 2464 τελευτήσαντας.
1022 2393 1206 2448 Sermo
1241 2393 1330 2448 65.
1363 2392 1603 2447 Homilia
1623 2394 1763 2445 dicta
1788 2392 1841 2445 in
1875 2391 1963 2460 [u-

366 2502 498 2540 nere
534 2486 892 2540 memorabilis
921 2484 1106 2540 Patris
1146 2485 1549 2549 Bartltoloma‘i,
1595 2495 1641 2537 et
1675 2482 1962 2552 peculiaris

365 2579 649 2631 enarratio
674 2579 788 2647 ejus
812 2580 970 2644 uitw;
994 2595 1055 2632 ac
1088 2581 1152 2631 de
1175 2594 1278 2632 non
1323 2577 1564 2647 lugendis
1605 2576 1890 2643 defunctis.

447 2670 667 2737 Incipit,
716 2671 1005 2739 Πατρικῆς
1054 2670 1279 2740 μνήμης
1321 2668 1519 2739 ἑορτὴν
1544 2668 1754 2737 ἄγομεν
1789 2668 1966 2737 σήμε-

373 2775 495 2827 ρον,
555 2750 603 2810 ὦ
635 2759 886 2827 πατέρων
919 2760 1231 2829 ὁμήγυρις,
1270 2759 1429 2828 εἴπερ
1470 2759 1580 2810 τινὶ
1626 2756 1736 2809 τῶν
1786 2756 1965 2809 ἄλλων

370 2849 518 2917 ἡμῖν
550 2848 861 2915 ἀνήκουσαν
905 2847 1166 2916 μάλιστα.
1205 2845 1431 2912 Desinit,
1485 2844 1687 2917 Χάριτι
1730 2844 1827 2898 καὶ
1876 2862 1967 2914 φι-

371 2936 710 3007 λανθρωπίᾳ
749 2936 845 2989 τοῦ
881 2934 1090 3006 Κυρίου
1128 2935 1286 3005 ήμῶν
1320 2934 1502 3005 Ἰησοῦ
1534 2935 1798 3006 Χριστοῦ,
1844 2934 1965 3004 μεθ’

373 3019 441 3078 οὗ
474 3024 555 3091 τῷ
585 3024 764 3094 Πατρὶ
798 3028 915 3095 ἅμα
946 3024 1024 3094 τῷ
1047 3025 1190 3093 ἁγίῳ
1214 3023 1497 3094 Πνεύματι
1520 3024 1668 3091 δόξα,
1695 3024 1852 3095 τιμὴ,
1872 3027 1968 3077 καὶ

376 3118 608 3187 κράτος,
641 3118 735 3170 καὶ
765 3119 1163 3187 προσκύνησις,
1200 3119 1295 3172 καὶ
1340 3117 1795 3190 μεγαλοπρέπεια
1831 3118 1969 3170 πάν-

373 3228 527 3277 τοτε,
560 3211 681 3275 νῦν,
714 3213 809 3266 καὶ
845 3212 955 3278 ἀεὶ,
986 3212 1082 3266 καὶ
1103 3215 1185 3277 εἰς
1213 3214 1337 3277 τοὺς
1367 3213 1571 3275 αἰῶνας
1593 3216 1702 3267 τῶν
1730 3214 1964 3268 αἰώνων.

374 3303 579 3373 ’Δμήν.

452 3398 578 3450 176.
602 3397 829 3451 Averso.
862 3398 998 3465 Λόγ.
1018 3396 1130 3464 Eg’.
1155 3398 1385 3468 Ὀμιλία
1403 3401 1483 3462 εἰς
1501 3398 1790 3467 Ἐγκαίνια
1810 3400 1963 3467 ναοῦ,

375 3486 556 3553 ήγουν
606 3489 687 3549 εἰς
730 3487 823 3538 τὸν
862 3488 1228 3559 Θρονιασμόν.
1266 3489 1449 3543 Sermo
1486 3491 1576 3545 66.
1632 3491 1868 3545 Homilia
1915 3495 1968 3544 in

379 3575 645 3631 Enca'nia
678 3581 878 3646 templi,
906 3583 1091 3637 sit-ein
1116 3582 1348 3637 ecclesia:
1372 3582 1789 3639 Dedicationem.

453 3671 673 3738 Incipit,
724 3672 814 3741 Τῷ
861 3671 1042 3742 καιρῷ
1076 3674 1275 3744 ἐκείνῳ
1331 3675 1553 3742 ἐγένετο
1584 3675 1652 3727 τὰ
1683 3674 1968 3742 Ἐγκαίνια

377 3764 437 3815 ὲν
465 3761 897 3833 Ἰεροσολύμοις.
947 3763 1176 3828 Desinit,
1226 3765 1431 3835 Χάριτι
1478 3764 1720 3836 Χριστοῦ
1756 3766 1967 3819 είστοτε

378 3856 698 3924 κινούμενοί
729 3871 787 3907 τε
815 3855 911 3907 καὶ
950 3855 1061 3908 ἀπὸ
1108 3854 1205 3907 τοῦ
1235 3856 1482 3927 χείρονος
1516 3857 1598 3919 εἰς
1624 3856 1686 3909 τὸ
1715 3858 1968 3927 κρεῖττον

378 3947 747 4016 ἀμειϐόμενοι
782 3964 796 3978 ·
833 3947 1017 4017 χάριτι
1042 3947 1138 3999 τοῦ
1167 3948 1397 4017 Κυρίου,
1435 3947 1531 4001 καί
1559 3946 1715 4010 Θεοῦ,
1744 3949 1971 4002 καὶΣω-

377 4043 552 4111 τῆρος
576 4040 734 4111 ήμῶν
764 4040 940 4112 Ἰησοῦ
961 4041 1206 4112 Χριστοῦ
1229 4055 1243 4069 ’
1272 4042 1509 4104 ίκεσίαις
1536 4039 1632 4094 τοῦ
1671 4042 1830 4109 ἁγίου
1872 4042 1968 4096 όδύ

382 4132 515 4201 (leg.
542 4130 784 4201 ὁδηγοῦ).

458 4220 583 4272 178.
626 4220 760 4287 Λόγ.
821 4219 918 4284 EC’.
982 4219 1213 4290 Ὀμιλία
1270 4221 1349 4282 εἰς
1398 4220 1496 4292 τὴν
1551 4219 1812 4291 κοίμησιν
1866 4220 1967 4290 τῆς

382 4308 696 4378 ὑπεραγίας
748 4310 1038 4364 Θεοτόκου.
1089 4307 1318 4379 Ἐλέχθη
1376 4310 1436 4361 ὲν
1487 4309 1566 4380 τῷ
1610 4311 1827 4379 ἁμδωνι
1870 4313 1969 4381 τῆς

380 4402 827 4472 ἀρχιεπισκοπῆς
876 4400 1192 4470 Πανόρμου.
1243 4398 1426 4454 Sermo
1474 4402 1562 4454 67.
1629 4401 1864 4454 Ilomilia
1914 4403 1969 4455 in

381 4494 780 4548 Dormitionem
807 4492 1157 4545 sanctissime
1191 4490 1826 4558 Deiparw.pPronuntiata
1867 4491 1969 4559 fuit

380 4585 439 4638 in
472 4586 696 4635 amboue
719 4582 1189 4650 arcltiepiscopalis
1212 4583 1441 4635 ecclesia:
1474 4580 1755 4636 Panormi.

460 4674 680 4743 Incipit,
741 4674 952 4743 Φαιδρὰ
998 4675 1157 4742 ήμῶν
1179 4677 1215 4744 ή
1244 4676 1557 4736 συνέλευσις
1590 4676 1831 4745 σήμερον
1864 4674 1973 4727 διε.

384 4766 655 4835 γείρουσα
687 4766 776 4819 τὸν
816 4766 962 4832 νοῦν,
1002 4767 1098 4819 καὶ
1125 4765 1461 4819 διανεστῶσα
1496 4766 1556 4819 τὸ
1596 4767 1898 4836 πρόθυμον,
1927 4765 1974 4819 ὧ
2010 4786 2014 4790 ‘

386 4861 537 4915 θεῖον
566 4861 661 4913 καὶ
692 4860 915 4928 ἀγαθὸν
964 4862 1087 4929 ἐμοὶ
1142 4860 1535 4931 ἀκροατήριον.
1582 4859 1727 4913 Ἀλλ’
1770 4863 1798 4914 ό
1838 4860 1974 4930 ὲμδς

387 4957 553 5024 λόγος
598 4954 805 5025 βραχύς
847 4971 909 5007 τε
945 4953 1044 5008 καὶ
1090 4954 1327 5024 ἀσθενής
1369 4957 1536 5009 ἐστιν.
1592 4954 1823 5019 Desinit,
1880 4954 1974 5016 Εἰς

384 5048 554 5103 ἀλλον
619 5048 810 5117 καιρὸν
868 5045 1301 5115 καταλείψαντες
1341 5046 1442 5116 τὴν
1494 5045 1605 5100 τῶν
1659 5044 1974 5116 βαθυτέρων

386 5140 620 5194 ἐννοιῶν
652 5139 1004 5208 ὲπιδίφρησίν
1038 5155 1099 5190 τε
1129 5142 1222 5190 καὶ
1247 5138 1561 5209 ψηλάφησιν
1584 5152 1597 5166 '
1620 5136 1850 5199 ἱκεσίαις
1875 5137 1975 5204 τῆς

383 5232 624 5303 Μητρὸς
656 5230 749 5284 τοῦ
795 5231 1026 5301 Κυρίου,
1072 5230 1181 5283 τῶν
1211 5229 1417 5301 νοερῶν
1457 5227 1813 5300 λειτουργῶν,
1865 5227 1976 5280 τῶν

386 5326 626 5389 ἐνδόξων
654 5326 749 5377 καὶ
776 5326 1153 5393 πανευφήμων
1179 5322 1515 5388 ἀποστόλων,
1534 5322 1628 5376 κειιί¹
1656 5317 1973 5393 προφητῶν,

383 5421 487 5475 καὶ
518 5418 735 5473 πάντων
762 5417 873 5471 τῶν
905 5416 1101 5484 ἁγίων.
1136 5416 1331 5487 ’Δμήν.

463 5510 593 5566 179.
621 5510 852 5567 Averso.
897 5509 1031 5578 Λόγ.
1070 5508 1173 5580 ξη’.
1210 5508 1440 5580 Ὀμιλια
1466 5510 1547 5572 εἰς
1579 5508 1678 5579 τὴν
1723 5508 1977 5563 εῑσὸασιν

384 5608 492 5677 τῆς
519 5605 681 5671 ἁγίας
707 5604 1198 5676 Τεσσαρακοστῆς.
1253 5602 1439 5660 Sermo
1482 5602 1576 5659 68.
1628 5600 1867 5656 Homilia
1922 5601 1979 5655 in

382 5700 683 5769 ingressum
708 5704 911 5753 sancte
940 5693 1394 5767 Quadragesinw.

460 5790 672 5863 Incipit,
700 5791 777 5847 Ἦ
815 5789 917 5859 τῆς
956 5787 1249 5860 μετανοίας
1305 5788 1455 5859 πύλη
1516 5787 1625 5843 ἰδοὺ
1677 5784 1974 5859 ὴνέῳκται,

2059 435 2105 495 ὦ
2135 443 2680 514 Χριστιανικὼτατον
2717 444 2995 518 ἄθροισμα
3018 485 3034 512 ,
3071 445 3181 501 ἰδοὺ
3209 445 3238 499 ό
3269 450 3645 518 πνευματικὸς

2058 534 2211 602 ἀγὼν
2230 536 2693 606 προητοίμασται.
2727 537 2960 604 Desinit,
2989 539 3111 593 Ἵνα
3139 538 3348 609 ἀξιώσῃ
3376 542 3409 611 ή
3420 544 3525 610 μᾶς
3544 542 3645 613 τὴν

2061 626 2362 700 σεϐάσμιον
2410 631 2629 701 ἡμέραν
2668 631 2769 700 τῆς
2815 632 3035 699 ἐνδόξου
3085 633 3442 698 ἀναστάσεως
3475 635 3642 689 αὑτοῦ

2063 720 2214 786 ἰδεῖν,
2253 721 2350 774 καὶ
2381 721 2490 774 τῶν
2540 722 2780 776 αἰωνίων
2808 727 2998 793 τυχεῖν
3031 725 3277 793 ἀγαθῶν,
3308 726 3492 796 χάριτι
3551 727 3645 780 καὶ

2060 809 2446 879 φιλανθρωπία
2480 811 2575 862 τοῦ
2609 809 2818 879 Κυρίου
2852 812 3035 882 ήμῶν,
3072 815 3165 865 καὶ
3198 813 3356 876 Θεοῦ,
3407 816 3501 868 καὶ
3534 815 3649 866 Σω-

2060 899 2230 971 τῆρος
2272 899 2453 971 Ἰησοῦ
2515 900 2756 971 Χριστοῦ
2784 940 2798 965 ,
2839 902 2959 973 μεθ’
2999 898 3061 958 οῦ
3101 904 3179 975 τῷ
3216 905 3392 973 Πατρί
3432 906 3525 958 καὶ
3569 904 3647 975 τῷ

2063 993 2203 1064 ἁγίῳ
2239 993 2519 1064 Πνεύματι
2550 994 2713 1059 δόξα,
2750 995 2953 1066 κράτος
2998 998 3093 1048 καὶ
3141 998 3349 1062 αίνεσις
3390 1001 3650 1066 πάντοτε,

2064 1085 2157 1139 νῦν
2182 1086 2274 1137 καὶ
2307 1086 2413 1150 ἀεὶ,
2441 1084 2535 1138 καὶ
2565 1087 2643 1147 είς
2669 1087 2795 1148 τοὺς
2829 1086 3054 1152 αἰῶνας.
3089 1088 3289 1158 Ἀμήν.

2134 1177 2257 1231 I80.
2313 1181 2543 1232 Averso.
2590 1176 2817 1247 Ὀμιλία
2867 1180 2965 1244 ξθ¹,
3019 1185 3098 1241 εἰς
3150 1181 3249 1248 τὴν
3298 1182 3503 1234 εἴσοδον
3540 1183 3648 1234 τῶν

2062 1269 2236 1339 ἁγίων
2270 1270 2581 1340 Νηστειῶν.
2660 1270 2893 1325 liomilia
2922 1272 3012 1336 69,
3061 1274 3115 1325 in
3155 1275 3473 1342 principium
3520 1292 3648 1329 san-

2072 1374 2276 1417 ctorum
2300 1362 2659 1431 Iejuniorum.

2137 1454 2352 1523 Incipit,
2408 1456 2705 1525 Εὐλογήσω
2740 1456 2833 1509 τὸν
2872 1457 3077 1528 Κύριον
3123 1459 3182 1510 ἐν
3216 1459 3379 1512 παντὶ
3442 1462 3646 1533 καιρῷ,

2064 1548 2152 1602 διὰ
2199 1549 2403 1612 παντὸς
2441 1550 2474 1620 ἡ
2527 1549 2735 1612 αἴνεσις
2796 1550 2962 1603 αὐτοῦ
3005 1551 3063 1603 ἐν
3113 1551 3189 1621 τῷ
3253 1551 3485 1620 στόματί
3518 1572 3640 1621 μου,

2067 1641 2295 1706 Desinit,
2350 1639 2646 1712 Εὐλογήσω
2676 1640 2767 1693 τὸν
2796 1641 2998 1713 Κυρίον
3028 1644 3085 1695 ὲν
3134 1644 3297 1695 παντὶ
3343 1644 3542 1714 καιρῷ,
3566 1645 3656 1697 διὰ

2067 1733 2559 1805 παντὸςήαίνεσις
2592 1733 2761 1787 αὑτοῦ
2803 1736 2861 1786 ὲν
2907 1735 2984 1804 τῷ
3027 1737 3257 1807 στόματί
3317 1755 3441 1806 μου.
3490 1738 3654 1808 Αὐτῷ

2064 1829 2144 1900 τῷ
2176 1828 2390 1899 Κυρίῳ,
2416 1829 2513 1881 καὶ
2546 1828 2665 1894 Θεῷ
2689 1867 2704 1892 ,
2738 1828 2834 1881 καὶ
2866 1829 3079 1898 Σωτῆρι
3111 1829 3268 1897 ήμῶν
3303 1828 3481 1901 Ἰησοῦ
3518 1832 3657 1901 Χρι-

2070 1919 2184 1990 στῴ
2221 1921 2305 1989 εἴη
2339 1920 2372 1988 ἡ
2410 1918 2538 1982 δόξα
2562 1918 2795 1971 πάντοτε
2818 1956 2833 1980 ,
2867 1917 2963 1972 νῦν
3001 1920 3094 1971 καὶ
3130 1920 3250 1984 ἀεὶ,
3285 1922 3379 1972 καὶ
3409 1922 3489 1984 είς
3531 1923 3660 1985 τοὺς

2068 2012 2271 2074 αἰῶνας
2300 2010 2411 2064 τῶν
2448 2009 2684 2062 αίὼνων.
2722 2009 2917 2081 Ἀμήν.

2143 2107 2266 2161 181.
2317 2105 2540 2176 ὐμιλία
2580 2104 2642 2171 o',
2696 2107 2778 2168 εἰς
2828 2104 2928 2175 τὴν
2965 2105 3330 2176 Ὀρθοδοξίαν,
3384 2108 3478 2162 καὶ
3531 2109 3665 2178 περὶ

2068 2199 2179 2253 τῶν
2203 2200 2373 2267 ἁγίων
2401 2197 2654 2259 εἰκόνων.
2686 2200 2781 2252 καί
2807 2198 2888 2261 εἰς
2919 2199 3262 2269 ἐξαγορείαν.
3296 2199 3533 2254 Homilia
3570 2200 3662 2264 70,

2072 2293 2125 2346 in
2157 2292 2551 2356 orthodoxiam,
2592 2302 2637 2345 et
2690 2295 2754 2345 dc
2786 2294 2984 2345 sanctis
3017 2294 3359 2362 imaginibus,
3411 2302 3569 2363 atque
3609 2294 3663 2347 in

2072 2384 2471 2453 confessionem.

2150 2472 2363 2541 Incipit,
2417 2474 2796 2543 Προφητικαῖς
2861 2473 3178 2542 πειθόμενοι
3242 2475 3491 2543 ῥήσεσιν,
3527 2476 3669 2526 ἀπο-

2076 2566 2358 2628 στολικαϊς
2398 2582 2458 2617 τε
2505 2565 2897 2636 παραινέσεσιν
2960 2564 3291 2628 ἀκούοντες,
3344 2567 3439 2619 καὶ
3491 2566 3669 2634 εὐαγ-

2074 2656 2323 2725 γελικαῖς
2384 2656 2649 2724 ἱστορίαις
2694 2655 3124 2724 στοιχειούμενοι
3196 2656 3305 2708 τῶν
3372 2656 3666 2724 ὲγκαινεων

2074 2748 2175 2819 τὴν
2223 2746 2441 2817 ἡμέραν
2488 2746 2864 2815 ἑορτάζωμεν.
2912 2748 3144 2813 Desinit,
3199 2747 3290 2801 'Ev
3331 2748 3481 2818 αὐτῷ
3530 2751 3669 2820 Χρι-

2078 2838 2190 2909 στῷ
2238 2838 2316 2908 τῷ
2369 2837 2629 2906 ἀθανάτῳ
2688 2837 2903 2907 βασιλεῖ
2963 2839 3434 2910 ὲνδυναμούμενοί
3478 2858 3535 2898 τε
3572 2841 3674 2894 καὶ

2078 2931 2443 3001 σκεπόμενοιο
2501 2929 2623 3001 μεθ’
2662 2925 2723 2983 οὗ
2762 2930 2841 2999 τῷ
2877 2931 3098 3001 ἀνάρχῳ
3144 2931 3239 2984 καὶ
3294 2931 3667 3001 φιλανθρώπῳ

2078 3022 2277 3093 Πατρὶ,
2340 3022 2437 3075 καὶ
2492 3023 2570 3092 τῷ
2626 3021 2877 3092 ζωοποιῷ
2928 3023 3024 3075 καί
3073 3023 3328 3093 παναγίῳ
3384 3024 3669 3094 Πνεύματι

2076 3116 2227 3181 δόξα,
2259 3114 2603 3185 μεγαλοσύνη
2634 3131 2695 3167 τε
2727 3116 2822 3167 καὶ
2853 3115 3063 3178 ατνεσις
3116 3116 3374 3181 πάντοτε,
3425 3116 3522 3171 νῦν
3572 3119 3671 3171 καὶ

2076 3208 2164 3260 ἀεὶ
2200 3208 2280 3268 εἰς
2308 3206 2434 3268 τοὺς
2461 3204 2687 3267 αἰῶνας.

2154 3299 2286 3353 Emi.
2322 3302 2549 3351 Averso.
2602 3296 2824 3366 Ὀμιλία
2857 3302 2961 3361 oa',
2996 3298 3076 3361 εἰς
3141 3299 3240 3367 τήν
3300 3298 3664 3367 Ὀρθοδοξίαν,

2078 3390 2172 3443 καὶ
2211 3390 2293 3451 εἰς
2334 3390 2434 3458 τὴν
2474 3389 2823 3456 ἐξαγορείαν,
2872 3388 3131 3459 καὶπερὶ
3180 3389 3290 3441 τῶν
3341 3391 3513 3457 ἁγίων
3573 3391 3666 3441 εἰ·-

2079 3483 2273 3535 κόνων.
2314 3480 2553 3534 Ilnmilia
2588 3481 2677 3546 7|,
2710 3483 2765 3535 in
2816 3481 3188 3535 orthodoxiam
3217 3491 3264 3535 et
3297 3484 3349 3536 in
3375 3483 3675 3551 confessio-

2079 3592 2217 3633 nem.
2252 3592 2314 3627 ac
2339 3575 2401 3628 de
2432 3575 2629 3627 sanctis
2654 3575 3000 3642 imaginibus.

2155 3667 2367 3736 Incipit,
2426 3667 2564 3736 Φέρε
2616 3669 2858 3737 σήμερον
2901 3668 2996 3720 ἐπὶ
3026 3667 3122 3738 τὴν
3190 3668 3469 3739 προτέραν
3514 3670 3674 3722 εὐκο-

2079 3755 2248 3824 σμίαν
2285 3755 2393 3807 τῶν
2424 3755 2584 3808 θείων
2615 3757 2708 3808 καὶ
2737 3755 2909 3824 ἁγίων
2939 3758 3167 3811 εἰκόνων
3212 3761 3279 3828 ἣν
3310 3760 3342 3828 ἡ
3374 3760 3678 3828 Ἐκκλησία

2078 3844 2370 3898 ἐνεδύσατο
2396 3845 2669 3915 λαμπρῶς
2712 3848 3218 3917 πανηγυρίσωμεν,
3256 3854 3350 3902 καὶ
3375 3852 3475 3922 τὴν
3509 3870 3671 3905 πνευρ

2083 3937 2324 4007 ματικὴν
2355 3937 2626 4008 εὐθυμίαν
2656 3938 3045 4010 ἀναλάϐωμεν.
3079 3937 3431 4007 υρςὶιιὶι,⁷Ης
3456 3944 3678 4011 γένοιτο

2079 4034 2289 4096 πάντας
2330 4035 2481 4105 ἡμᾶς
2530 4036 2847 4104 μετασχεῖν,
2908 4036 3093 4107 χάριτι
3150 4046 3243 4092 καὶ
3287 4038 3672 4111 φιλανθρωπία

2078 4125 2172 4177 τοῦ
2228 4126 2437 4195 Κυρίου
2487 4126 2646 4197 ήμῶν
2720 4126 2915 4195 Ἰησοῦ,
2955 4130 3075 4199 μεθ’
3103 4125 3164 4185 οὗ
3209 4130 3286 4200 τῷ
3339 4133 3516 4203 Πατρὶ
3576 4136 3673 4185 καὶ

2079 4216 2221 4287 ἁγίῳ
2236 4216 2513 4289 Πνεῦματι
2533 4218 2681 4285 δόξα,
2697 4218 2793 4275 νῦν
2810 4222 2903 4274 καὶ
2929 4223 3007 4285 είς
3030 4223 3425 4295 ἀτελευτήτους
3441 4226 3668 4288 αἰῶνας.

2092 4308 2289 4378 Ἀμήν.

2154 4401 2278 4457 185.
2334 4401 2556 4472 Ὀμιλία
2586 4401 2686 4472 οβ’,
2721 4405 2800 4467 εἰς
2829 4403 2926 4475 τὴν
2960 4405 3123 4473 ἁγίαν
3156 4408 3483 4479 μετάληψιν,
3513 4410 3671 4478 λεγομ-

2085 4496 2222 4568 μένη
2274 4495 2355 4557 εἰς
2400 4494 2500 4557 τὰς
2543 4495 3140 4565 Δεσποτικὰςξὲορτάς.
3199 4498 3438 4554 Humilia
3478 4502 3566 4565 72,
3611 4504 3670 4556 in

2080 4597 2317 4642 sanctam
2345 4587 2545 4642 Christi
2568 4590 2849 4658 sanguinis
2877 4593 3251 4661 sumptionem,
3276 4595 3417 4647 dicta
3434 4596 3488 4648 in
3517 4596 3671 4662 festis

2081 4677 2389 4731 Dominicis.

2155 4770 2372 4840 Incipit,
2424 4769 2569 4840 Ἐγὼ
2613 4770 2713 4841 μὲν
2740 4811 2757 4836 ,
2788 4765 2833 4825 ὦ
2864 4774 3104 4844 πατέρες
3155 4774 3249 4828 καὶ
3293 4775 3515 4845 ἀδελφοὶ
3572 4778 3674 4830 καὶ

2082 4863 2253 4916 τέκνα
2286 4863 2751 4932 προσφιλέστατα,
2774 4865 2869 4917 καὶ
2898 4868 2998 4935 τῆς
3027 4866 3188 4933 ἁγίας
3208 4868 3537 4937 Ἐκκλησίας
3567 4887 3669 4922 πε-

2088 4953 2316 5025 ρύφημα
2351 4955 2448 5008 καὶ
2474 4956 2637 5024 τίμια
2668 4955 2890 5023 γύναια,
2927 4956 3156 5024 Desinit,
3208 4958 3380 5029 Κάγὼ
3417 4963 3475 5014 ὲν
3516 4961 3673 5032 αὐτῷ

2084 5045 2233 5109 ὅπως
2258 5046 2561 5101 ὲνοικοῦντι
2607 5049 2664 5101 ὲν
2708 5048 2858 5119 ὑμῖν,
2897 5050 3166 5119 γενόμεθα
3196 5053 3323 5115 ναὸς
3353 5052 3451 5105 τοῦ
3492 5073 3670 5109 παναο

2084 5138 2205 5205 γίου
2246 5138 2410 5191 αὐτοῦ
2468 5139 2683 5209 Πατρός
2709 5156 2724 5171 ο
2749 5141 2831 5194 ὅτι
2867 5142 3020 5213 αὐτῷ
3065 5145 3270 5214 πρέπει
3322 5146 3451 5213 δόξα
3477 5187 3493 5213 ,
3532 5150 3670 5220 τιμὴ

2086 5228 2168 5291 είς
2198 5229 2325 5287 τοὺς
2351 5229 2557 5292 αἰῶνας
2588 5230 2697 5283 τῶν
2719 5231 2955 5286 αίώνων.
2983 5235 3181 5305 Ἀμήν.

2160 5321 2285 5376 185.
2310 5321 2540 5377 Averso.
2590 5321 2812 5395 Ὀμιλία
2847 5332 2950 5396 ογ’,
2986 5327 3052 5382 ἐκ
3085 5329 3198 5383 τῶν
3228 5328 3370 5385 Ἱώδ.
3431 5330 3672 5388 Homilia

2087 5411 2185 5477 73,
2217 5428 2282 5467 ex
2304 5411 2460 5466 dictis
2491 5414 2608 5467 Iob.

2159 5505 2375 5575 Incipit,
2405 5504 2765 5575 Προέφθασάν
2796 5525 2865 5579 με
2888 5510 3099 5581 ήμέραι
3127 5513 3401 5581 πτωχείας
3428 5527 3442 5541 ·
3468 5512 3673 5568 στέ.ων

2088 5601 2443 5671 πεπόρευμαι
2476 5600 2608 5653 ἀνευ
2648 5601 2819 5671 φιμοῦ
2847 5618 2862 5633 ⁸
2895 5604 3126 5674 ἀδελφὸς
3150 5608 3353 5676 γέγονα
3378 5609 3666 5679 σειρήνων,

2089 5695 2306 5764 ἑταῖρος
2338 5691 2396 5745 δὲ
2422 5690 2722 5759 στρουθῶν.
2751 5693 2978 5761 Desinit,
3014 5697 3339 5752 ’Υπολαὸὼν
3364 5699 3420 5752 δὲ
3443 5699 3673 5769 Ἐλιφὰζ

2093 5789 2122 5842 ό
2174 5785 2558 5857 Θαιμανίτης,
2614 5784 2808 5855 λέγει·
2858 5786 3096 5858 Πότερον
3158 5790 3322 5861 σοφὸς
3376 5794 3672 5865 ἀπόκρισιν
