4122 6422
476 342 548 404 35
1628 316 2009 392 RECENSIO
2042 321 2191 384 COD
2250 325 2577 399 MATRIT.
3667 343 3738 407 3c

470 455 634 510 δώσει
702 451 972 515 συνέσεως
1010 451 1227 520 πνεῦμα
1269 452 1363 505 καὶ
1415 447 1687 520 ἐνέπλησε
1737 448 1902 501 πόνον
1951 463 2057 512 γα-

473 545 657 609 στρός.

714 637 940 691 Averso.
984 634 1089 690 06'.
1126 634 1398 705 Πρόλογος
1435 635 1517 696 είς
1550 632 1650 705 τὴν
1682 632 1811 687 νέαν
1853 630 2049 701 κυρίου

471 732 567 785 τοῦ
597 730 789 801 Θωμᾶ.
825 728 910 783 74.
949 728 1205 797 Prologus
1236 727 1286 781 in
1326 742 1511 780 novam
1545 726 1815 779 ecclesiam
1850 723 2051 776 domini

474 822 708 877 Thoma’.

545 916 756 981 Incipit,
803 911 1109 982 Εὐλογητὸς
1155 912 1183 963 6
1228 909 1362 972 Θεὸς
1421 910 1449 961 6
1495 906 1843 973 καταξιώσας
1896 908 2050 976 ἡμᾶς

473 1004 602 1057 ἰδεῖν
626 1004 832 1074 ταύτην
849 1004 950 1073 τὴν
981 1001 1143 1071 ἁγίαν
1167 1002 1262 1053 καὶ
1288 999 1547 1071 λαμπρὰν
1575 1000 1789 1071 ἑορτήν.
1821 998 2045 1066 Desinit,

465 1096 602 1165 Φέρε
623 1095 678 1147 δὲ
701 1096 789 1147 τὸν
824 1095 1027 1148 πέπλον
1059 1094 1475 1148 ἀναπετάσαντα
1509 1093 1642 1146 είσω
1675 1095 1775 1164 τῆς
1809 1094 2043 1165 θεωρίας

465 1185 753 1254 γενόμεθα.

539 1276 663 1331 185.
722 1275 940 1347 Ὀμιλία
971 1276 1064 1332 οε’.
1099 1278 1375 1347 Πρόλογος
1412 1276 1495 1340 είς
1519 1278 1613 1331 τὸν
1646 1277 1879 1349 αὐχμόν.
1928 1277 2044 1332 Ηυ-

465 1368 615 1421 milia
651 1368 738 1424 75.
775 1368 1040 1438 Prologus
1065 1371 1119 1421 in
1141 1367 1458 1424 siccitatem.

542 1477 755 1547 Incipit,
802 1479 1130 1549 Προσέχετε,
1176 1478 1305 1542 λαός
1359 1499 1483 1550 μου,
1537 1483 1629 1534 τὸν
1683 1482 1848 1552 νόμον
1883 1499 1987 1553 μου
2022 1498 2039 1514 ·

464 1570 686 1623 κλίνατε
730 1570 792 1623 τὸ
837 1567 929 1632 οὖς
973 1570 1131 1639 ἡμῶν
1169 1573 1249 1634 είς
1282 1572 1350 1625 τά
1387 1574 1610 1643 ῥήματα
1639 1573 1735 1626 τοῦ
1773 1573 2041 1644 στόματός

466 1680 590 1732 μου.
646 1662 872 1725 Desinit,
913 1663 970 1715 '0
1022 1662 1131 1732 γὰρ
1186 1666 1342 1728 τόκος
1400 1666 1495 1720 καὶ
1540 1667 1570 1736 ἡ
1623 1666 1908 1733 πλεονεξία
1943 1668 2038 1720 τοῦ

462 1753 713 1806 διαϐόλου
795 1753 1196 1823 συνέζευκται,
1256 1757 1438 1821 καθὼς
1501 1759 1764 1831 ἀνωτέρω
1839 1759 2038 1830 ὲπροέ-

463 1864 670 1918 φημεν-

534 1960 657 2016 186.
712 1962 930 2031 Ὀμιλία
953 1964 1176 2041 ος’,,είς
1206 1965 1304 2037 τὴν
1338 1966 1642 2038 Βαῖοιρόρον
1672 1966 1910 2033 δοθεῖσα,
1941 1966 2034 2021 τοῦ

461 2052 620 2120 ἁγίου
657 2050 806 2107 Σάὄα
837 2053 931 2108 τοῦ
978 2057 1234 2127 Μεσιμερ
1277 2058 1394 2125 (sic)
1438 2059 1734 2131 γενομένου
1788 2060 2034 2130 μαθητοῦ

460 2145 648 2198 αὐτοῦ.
684 2149 919 2201 [Iomilia
947 2148 1032 2209 76,
1068 2151 1124 2203 in
1156 2152 1293 2204 diem
1325 2151 1633 2205 Pnlmarnm
1662 2154 1835 2219 edita,
1862 2156 2034 2207 sancti

460 2231 603 2287 Saba
628 2233 922 2302 Mesimeri,
955 2238 1045 2306 qui
1074 2238 1174 2306 fuit
1200 2239 1431 2306 ejusdem
1454 2241 1763 2304 discipulus.

533 2324 748 2391 Incipit,
805 2326 1002 2398 Ἐορτὴ
1058 2329 1401 2398 χαρμόσυνος
1448 2330 1741 2399 ἀπέλαμψε
1790 2334 2034 2402 σήμερον

456 2418 570 2479 τοῖς
604 2417 805 2480 πέρασι
848 2419 1018 2489 ήτών
1061 2420 1230 2489 βαῖων
1269 2418 1407 2490 αὕτη
1440 2419 1534 2473 τοῦ
1586 2423 1786 2491 Κυρίου
1826 2421 2030 2492 ἡμέρα.

458 2506 882 2573 Desinit,"0nw;
911 2508 1084 2573 οὕτως
1122 2512 1287 2576 ἀξίως
1318 2511 1672 2582 δοξαζόμενος
1708 2513 1836 2583 παρ’
1869 2512 2030 2584 ἡμῶν

453 2596 528 2661 ὡς
554 2598 689 2662 Θεὸς
716 2599 1053 2666 ἀντιδοξάσει
1077 2602 1228 2672 ἡμᾶς
1254 2618 1269 2633 ο
1300 2605 1365 2672 τῇ
1402 2602 1559 2672 θεῖκῇ
1594 2603 1758 2656 αὐτοῦ
1782 2603 1931 2676 δόξῃ,
1960 2605 2027 2674 τῇ

453 2688 618 2742 αὐτοῦ
646 2691 946 2761 ἀγαθότητι
969 2692 1227 2757 πάντοτε,
1251 2693 1368 2758 νῦν,
1397 2693 1492 2746 καὶ
1529 2695 1611 2756 εἰς
1644 2695 1770 2757 τοὺς
1807 2694 2028 2748 ἀτελευ-

448 2780 648 2850 τήτους
678 2782 900 2845 αἰῶνας.
939 2780 1134 2853 Ἀμήν.

526 2890 650 2946 ΙΙιιιο
688 2893 904 2947 homilia
940 2894 995 2948 in
1030 2897 1277 2965 catalogo
1327 2897 1504 2952 codici
1539 2898 1844 2967 praemisso,
1885 2902 2026 2955 inter

447 2982 759 3054 Philagathi
820 3001 1125 3052 sermones,
1168 2989 1328 3044 .nullo
1377 2992 1624 3060 magistri
1652 3006 1716 3047 ac
1775 2993 2025 3063 discipuli

448 3075 783 3144 discrimine,
815 3090 1160 3149 recensetur.
1192 3081 1326 3147 Quis
1351 3094 1530 3138 autem
1561 3082 1702 3138 Saba
1733 3085 1822 3140 hic
1864 3086 2028 3142 Μεδε-

450 3181 648 3233 merus,
681 3168 796 3222 sive
838 3168 1171 3226 Mesimerius
1204 3172 1496 3237 exstiterit,
1544 3174 1687 3230 haud
1736 3175 1897 3232 facile
1943 3187 2027 3234 est

446 3259 724 3327 expedire.
760 3260 908 3315 Nihil
959 3264 1028 3318 de
1075 3279 1140 3319 eo
1191 3265 1331 3332 apud
1388 3266 1685 3333 Labbeum,
1737 3270 2021 3337 Aliatiutn,

446 3350 775 3418 Nesselium,
805 3352 1138 3420 Fabricium,
1176 3355 1681 3423 Montel'alcouium,
1705 3361 1910 3417 aliosve
1938 3364 2021 3418 bi-

444 3442 803 3514 hIiographia:
839 3457 1162 3504 tractatores
1194 3449 1462 3505 invenias.

521 3560 646 3615 488.
701 3563 931 3618 Averso.
983 3563 1202 3633 ὐμιλία
1230 3564 1330 3633 τῆς
1373 3567 1664 3639 Κυριακῆς
1706 3569 1807 3639 τῆς
1852 3571 2019 3624 Ἀπο-

442 3652 630 3723 κρέου.
674 3654 913 3709 Homiliu
948 3655 1241 3711 Dominicw
1267 3658 1645 3729 Carnisprivii.

519 3744 730 3811 Incipit,
765 3746 935 3800 Ὅταν
981 3746 1108 3818 ἔλθῃ
1154 3751 1180 3801 6
1220 3750 1342 3813 Υἱὸς
1375 3752 1467 3803 τοῦ
1512 3752 1802 3823 ἀνθρώπου
1841 3755 1900 3806 ἐν
1946 3757 2014 3827 τῇ

438 3836 565 3909 δόξῃ
594 3838 781 3899 αὑτοῦ,
809 3841 907 3892 καὶ
931 3842 1135 3903 πάντες
1161 3843 1211 3895 οἱ
1238 3841 1385 3910 ἅγιοι
1416 3844 1640 3911 ἄγγελοι
1675 3848 1794 3916 μετ’
1819 3848 2014 3913 αὑτοῦ,

437 3931 559 3981 τότε
591 3929 807 3983 καθίσει
845 3931 939 3983 ἐπὶ
981 3931 1172 4002 θρόνου
1203 3932 1360 4003 δόξης
1397 3935 1585 3989 αὐτοῦ.
1631 3937 1859 4002 Desinit,
1881 3940 2015 3993 Τότε

437 4019 726 4088 φονεύουσι
752 4025 1274 4094 καταφρονήσαντες
1295 4027 1389 4078 καὶ
1417 4026 1511 4079 τοῦ
1543 4026 1709 4097 ὄχλου
1742 4031 1903 4101 μόνον
1926 4032 2016 4086 ἵνα

435 4111 500 4163 τὸ
537 4112 750 4182 θέλημα
776 4114 960 4167 αὐτῶν
983 4116 1228 4185 γένηται.

508 4200 742 4259 Humilia
779 4208 891 4261 haec
920 4220 1242 4262 camerarum
1267 4226 1553 4266 numerum
1588 4215 1902 4285 neutiquam
1926 4232 2013 4273 se-

436 4297 658 4365 quitur;
700 4313 801 4351 nec
839 4301 975 4353 satis
1008 4300 1175 4369 liquet
1218 4302 1349 4370 quid
1392 4304 1490 4371 ipsi
1521 4302 1808 4374 praeposita
1843 4310 2012 4381 signi-

437 4387 563 4442 ﬁcet
598 4391 711 4443 haec
736 4401 860 4443 nota
885 4392 906 4442 ἰ
933 4393 1304 4460 superscripto
1335 4393 1385 4446 θ.
1410 4396 1631 4450 Partem
1670 4397 1788 4469 ejus
1825 4413 2008 4456 extre-

434 4494 578 4532 mam
631 4480 972 4547 trauscripsit
1021 4482 1127 4535 alia
1187 4498 1403 4537 manus.
1486 4485 1602 4554 Ipsa
1661 4503 1790 4545 vero
1849 4492 2008 4560 plane

433 4569 709 4638 discrepat
738 4574 805 4624 ab
839 4573 1011 4626 altera
1058 4573 1299 4639 ejusdem
1334 4574 1728 4647 inscriptionis,
1772 4594 1893 4651 qua:
1920 4585 2010 4638 tle-

429 4661 568 4716 ciuta
600 4662 787 4732 quinta
815 4678 1151 4718 numeratur.

503 4750 627 4809 190.
671 4755 890 4826 Ὀμιλία
913 4759 994 4820 είς
1027 4759 1126 4829 τὴν
1158 4759 1533 4832 προσκύνησιν
1558 4762 1668 4816 τῶν
1690 4764 2006 4837 σεϐασμίων

428 4850 524 4899 καὶ
561 4847 730 4914 ἁγίων
762 4849 1010 4904 είκόνων.
1050 4850 1286 4905 Homiliu
1317 4854 1371 4907 in
1402 4839 1762 4910 adorationem
1791 4874 2005 4912 uenera-

428 4943 613 4995 bilium
633 4953 683 4997 et
713 4958 1019 4997 sanctarum
1043 4948 1359 5016 imaginum.
1381 4947 1753 5005 Prartermissa
1786 4952 2000 5009 numeri

427 5041 578 5097 nota,
599 5036 806 5101 incipit,
832 5037 1079 5107 Λαμπρὰ
1107 5039 1271 5109 ἑορτὴ
1305 5040 1401 5092 καὶ
1435 5042 1748 5112 πανήγυρις
1768 5044 1999 5111 ἐπέστη.

497 5125 625 5180 Haec
654 5128 873 5181 humilia
909 5133 1098 5185 eadem
1139 5133 1359 5188 omnino
1389 5143 1472 5188 est
1506 5150 1623 5203 qua:
1658 5136 1866 5191 decima
1914 5154 2002 5191 se-

424 5219 591 5288 ptima
624 5219 715 5273 fol.
741 5221 809 5273 27
829 5236 1021 5276 averso
1046 5238 1206 5293 supra
1235 5227 1533 5291 recensita;
1569 5228 1660 5282 sed
1697 5230 1797 5282 alia
1838 5246 1995 5299 pror-

421 5326 517 5368 sus
549 5328 732 5378 manu,
769 5315 1153 5383 graudimibus
1185 5318 1435 5373 videlicet
1469 5333 1537 5375 ac
1586 5321 1754 5375 multo
1796 5324 1995 5379 clario-

421 5406 572 5458 ribus
609 5406 807 5459 litteris
842 5417 1063 5461 exarata

487 5498 614 5552 202.
648 5502 870 5555 Averso.
920 5502 1092 5566 Πίναξ
1148 5502 1256 5556 τῶν
1310 5502 1536 5573 ὁμιλιῶν
1580 5505 1690 5556 τῶν
1740 5504 1986 5576 Εὐαγγε-

420 5587 574 5641 λίων.
611 5590 771 5646 Index
801 5595 1144 5649 Itomiliarutn
1174 5596 1608 5666 Evangeliorum.

493 5675 569 5736 ls,
594 5676 898 5736 litterarum
935 5685 1109 5739 l'orma
1138 5684 1297 5756 longe
1329 5687 1508 5743 minus
1542 5697 1751 5744 vetusta
1785 5691 1989 5747 descri-

420 5775 566 5833 ptus,
592 5765 834 5833 priorum
866 5772 939 5825 εδ
972 5775 1130 5843 hujus
1154 5778 1362 5835 codicis
1410 5780 1753 5855 homiliarum
1794 5783 1983 5840 titulos

2170 444 2570 514 conplectitur,
2610 464 2840 519 quarum
2897 459 3074 508 tamen
3125 460 3357 524 septem,
3403 463 3464 512 ut
3505 472 3738 527 praemo-

2162 534 2401 602 nuimus,
2435 537 2837 596 desiderantur.

2224 623 2495 682 Continuo
2523 627 2670 684 subit
2720 634 2879 688 unius
2928 644 2986 689 et
3032 638 3202 692 semis
3251 640 3463 710 pagina:
3497 643 3730 712 spatium

2152 716 2347 782 partim
2378 718 2777 788 oblitteratum,
2811 728 3006 794 partim
3050 731 3413 796 maculosum,
3450 735 3537 787 cui
3586 750 3731 805 pra:-

2153 806 2255 860 lixa
2289 808 2574 880 inscriptio
2626 816 3060 888 Καλανδολόγιον
3090 823 3167 890 (h.
3222 841 3272 879 ιι.
3306 823 3723 898 Kalendarinm)

2152 896 2387 969 legitur;
2425 915 2622 961 caetera
2673 909 2907 979 legentis
2939 915 3129 970 oculos
3167 917 3326 985 plane
3349 918 3584 990 fugiunt.

2218 991 2346 1047 284.
2386 994 2608 1065 ὐμιλία
2653 997 2752 1063 οζ’.
2794 1004 3105 1071 Φιλαγάθου
3163 1008 3386 1079 πόνημα
3441 1011 3534 1064 τοῦ
3578 1013 3730 1082 φιλο-

2150 1086 2337 1154 σόφου.
2375 1087 2617 1146 Homilia
2645 1091 2732 1149 ΤΙ.
2765 1093 3071 1168 Philagathi
3104 1101 3401 1172 philosophi
3427 1120 3580 1171 opus.

2220 1180 2453 1251 Incipit:
2482 1182 2630 1238 Ἔδει
2664 1187 2799 1256 μηδὲ
2837 1189 3014 1256 λόγων
3047 1192 3148 1264 τὴν
3181 1196 3474 1263 ἀγροικίαν
3501 1197 3689 1263 ἀξιοῦν
3711 1216 3724 1231 ·

2144 1269 2298 1323 οὐδὲν
2326 1274 2439 1342 γὰρ
2471 1278 2585 1338 τοῖς
2616 1277 2953 1345 έτερουσίοις
2976 1282 3179 1345 κοινὸν,
3215 1287 3264 1336 εί
3293 1285 3403 1355 γὰρ
3437 1286 3514 1356 τῷ
3550 1289 3724 1344 λέοντι

2146 1362 2436 1435 πάρδαλις,
2462 1368 2556 1419 καὶ
2581 1368 2843 1424 δασύποδι
2863 1373 3162 1443 ἐρυθνᾶκος
3188 1376 3346 1445 (forte
3370 1382 3510 1448 quod
3535 1380 3725 1435 Latine

2143 1454 2468 1529 Erinaceus)
2512 1460 2913 1519 ἀντιτάττοιτο.
2960 1467 3182 1533 Desinit,
3229 1472 3364 1523 Τότε
3408 1472 3503 1525 καὶ
3558 1474 3723 1543 ἡμεῖς

2142 1547 2242 1617 τὴν
2263 1548 2542 1617 ἀρκοῦσαν
2567 1555 2773 1626 ταύτην
2797 1555 2979 1621 δεξιὰν
3003 1560 3138 1630 πρὸς
3166 1560 3445 1630 ἐκδίκησιν
3462 1565 3561 1633 τῆς
3585 1565 3722 1633 ἁλη-

2143 1636 2292 1703 θείας
2322 1642 2640 1712 όπλίσομεν,
2674 1648 2770 1700 καὶ
2802 1648 2995 1718 μέλανι
3018 1653 3111 1705 καὶ
3137 1652 3371 1725 καλάμῳ
3414 1658 3525 1719 τοῖς
3569 1658 3721 1711 ἀντι-

2141 1730 2335 1796 πάλοις
2367 1734 2760 1804 διαλεξώμεϐα.

2214 1822 2267 1876 In
2304 1824 2411 1880 [me
2446 1827 2673 1898 hujusce
2704 1834 2961 1900 humilia,
2993 1839 3183 1892 eadem
3212 1856 3399 1905 manu,
3433 1842 3720 1913 rubrisquo

2140 1912 2327 1981 etiam,
2358 1929 2415 1970 ut
2442 1918 2557 1988 ipsa
2588 1923 2890 1991 inscriptio,
2921 1927 3117 1983 litteris
3142 1931 3352 2000 depicta
3379 1932 3570 2001 legitur
3602 1912 3718 1989 haec

2139 2004 2472 2076 subscriptio
2511 2029 2524 2064 :
2573 2012 2632 2066 Ὀ
2659 2015 2962 2085 Ψιλάγαθος
3007 2021 3230 2092 εὐτελὴς
3266 2024 3600 2094 μονότροπος
3640 2026 3733 2089 ὡς.

2138 2096 2357 2162 ἀνάξιος
2387 2102 2562 2156 ταῦτα
2590 2104 2743 2159 λαλεί
2770 2110 2865 2161 καὶ
2894 2111 3118 2180 γράφει.
3153 2113 3341 2176 Τέλος.
3377 2115 3429 2168 Id
3456 2126 3558 2180 est,
3587 2116 3717 2169 Phi-

2137 2186 2416 2257 lagathus,
2462 2195 2580 2249 silis
2620 2184 2905 2254 monachus
2937 2203 3152 2270 perinde
3189 2221 3253 2257 ac
3295 2206 3564 2273 indignus,
3605 2207 3716 2262 hac

2136 2280 2372 2350 loquitur
2409 2297 2455 2337 et
2485 2289 2690 2343 scribit.
2719 2289 2896 2347 Finis.

2210 2373 2345 2430 Eod.
2409 2392 2623 2432 averso.
2667 2382 2891 2451 Ὀμιλία
2940 2392 3043 2457 οη’,
3095 2389 3175 2451 είς
3233 2388 3332 2458 τὴν
3389 2390 3712 2460 Βαῖοφόρον.

2147 2464 2372 2536 Ἐλέχθη
2400 2472 2480 2532 είς
2504 2471 2604 2541 τὴν
2635 2473 2788 2544 λιτὴν
2816 2476 2875 2528 ὲν
2895 2480 2960 2547 τῇ
2996 2479 3148 2531 πόλει
3171 2481 3382 2553 Μεσίνῃ
3413 2481 3535 2551 (leg.
3564 2483 3715 2536 Μεσ-

2134 2556 2314 2627 σήνῃ).
2346 2562 2584 2616 Homilia
2620 2565 2705 2628 73,
2738 2568 2795 2619 in
2829 2567 2967 2621 diem
2995 2567 3332 2625 Palnmrnm.
3354 2570 3713 2627 Pronuntiata

2132 2647 2235 2715 fuit
2262 2650 2315 2702 in
2357 2655 2767 2719 processionem,
2795 2659 2850 2711 in
2888 2658 3014 2712 urbe
3046 2659 3314 2714 Messana.

2205 2738 2418 2810 Incipit,
2469 2746 2637 2801 Πάλιν
2684 2750 2816 2818 ημῖν
2850 2751 2883 2819 ὴ
2912 2751 3010 2819 τῆς
3048 2750 3319 2820 βασιλίδος
3363 2754 3472 2805 τῶν
3503 2753 3709 2823 ἑορτῶν

2130 2832 2291 2905 ἑορτὴ
2327 2836 2646 2907 προεόρτιος
2681 2840 3018 2911 ἐπεδήμησε.
3055 2843 3280 2906 Desinit,
3309 2845 3419 2897 Καὶ
3446 2845 3551 2899 ὑπὸ
3574 2848 3704 2911 τοὺς

2129 2925 2296 2989 πόδας
2320 2928 2485 2982 αὑτοῦ
2504 2931 2896 2987 ταπεινοῦσθαι
2914 2934 3041 2997 τοὺς
3066 2936 3479 3007 ὲναντιομένους
3501 2939 3666 2993 αὐτοῦ
3688 2956 3701 2970 ’

2128 3017 2276 3086 ἡμᾶς
2307 3019 2365 3071 δὲ
2400 3022 2810 3093 ἀκατακρίτους
2838 3025 3157 3096 προφθάσαι
3183 3030 3283 3097 τὴν
3314 3028 3705 3102 λαμπροφόρον

2128 3112 2223 3161 καὶ
2252 3109 2538 3182 ζωηφόρον
2582 3117 2883 3171 ἀνάστασιν
2908 3134 2921 3147 ’
2956 3120 3141 3189 χάριτι
3188 3121 3280 3173 καὶ
3319 3121 3702 3195 φιλανθρωπίᾳ

2122 3200 2217 3254 τοῦ
2262 3205 2468 3276 Κυρίου
2521 3209 2616 3261 καί⁵
2660 3208 2795 3262 Θεοῦ
2850 3211 2946 3262 καὶ
2998 3213 3251 3282 Σωτῆρος
3305 3214 3461 3283 ἡμῶν
3523 3215 3702 3285 Ἰησοῦ

2123 3292 2384 3365 Χριστοῦ,
2416 3290 2460 3364 ᾧ
2491 3300 2524 3370 ή
2556 3299 2685 3363 δόξα
2712 3301 2885 3355 καὶτὸ
2907 3303 3105 3372 κράτος
3132 3306 3213 3368 εἰς
3241 3306 3369 3369 τοὺς
3401 3308 3628 3371 αἰῶνας.

2199 3388 2431 3444 Humilia
2461 3393 2572 3445 hanc
2602 3395 2814 3449 diversa
2847 3405 2928 3449 est
2961 3395 3029 3448 ab
3056 3396 3157 3450 alia
3186 3400 3428 3467 ejusdem
3466 3402 3606 3456 tituli
3642 3413 3695 3459 et

2123 3484 2453 3549 argumenti,
2491 3486 2744 3552 superius
2777 3489 3067 3542 recensita.
3178 3502 3181 3505 ‘

2192 3573 2319 3628 205.
2382 3575 2608 3631 Averso.
2672 3576 2887 3646 Ὀμιλία
2938 3581 3036 3645 οϐ’,
3086 3582 3167 3645 είς
3222 3583 3320 3653 τὴν
3374 3586 3698 3657 Βαῖοφόρον.

2133 3663 2359 3735 Ἐλέχθη
2381 3666 2437 3719 ὲν
2459 3666 2538 3737 τῷ
2558 3668 2772 3739 ἄμϐωνι
2791 3671 2892 3741 τῆς
2914 3671 3212 3742 καθολικῆς
3243 3676 3481 3743 Ῥηγίου.
3507 3677 3695 3733 Homi-

2118 3757 2193 3809 Iia
2222 3756 2308 3822 79,
2347 3760 2400 3812 in
2428 3760 2569 3814 diem
2602 3760 2938 3818 Palmarnm.
2970 3763 3329 3820 Pronuntialu
3359 3768 3460 3837 [uit
3492 3772 3547 3826 in
3583 3788 3698 3826 ant-

2118 3846 2250 3902 bone
2280 3849 2598 3905 cathedra/is
2634 3851 2843 3922 Rhegii.
3044 3846 3051 3856 ’

2187 3941 2402 4009 Incipit,
2441 3943 2528 4006 Ὠς
2562 3944 2683 3997 λίαν
2710 3946 2827 4016 όρῶ
2870 3948 3239 4022 φαιδροτέραν
3267 3952 3366 4023 τὴν
3409 3954 3694 4025 παροῦσαν

2117 4034 2426 4103 πανήγυριν
2460 4037 2529 4089 τά
2574 4036 2837 4107 προοίμια
2872 4041 3148 4111 φέρουσαν
3174 4043 3277 4114 τὴν
3308 4044 3407 4096 τοῦ
3449 4046 3691 4116 Χριστοῦ

2114 4120 2411 4175 ἀνάστασιν
2457 4126 2550 4177 καὶ
2583 4127 2804 4198 τριττὴν
2847 4130 3191 4201 εὐφροσύνην
3230 4133 3307 4203 τῷ
3338 4136 3692 4207 χριστονύμῳ

2112 4211 2226 4282 λαῷ
2274 4215 2698 4284 ὲπεισὰγουσαν.
2757 4218 2985 4287 Desinit,
3047 4223 3155 4276 Kal.
3200 4226 3249 4276 εί
3305 4226 3375 4278 δι’
3426 4228 3690 4296 ἀμέλειαν

2116 4307 2304 4376 ἱερέως
2325 4307 2638 4380 τελευτήσει
2670 4313 2776 4365 κᾶν
2821 4315 2905 4378 είς
2939 4315 3390 4388 ἀνεξαγόρευτος,
3443 4321 3475 4391 ἢ
3535 4321 3690 4374 ἀκοι-

2111 4396 2393 4467 νώνητος’
2425 4401 2518 4453 τοῦ
2554 4403 2720 4457 αὐτοῦ
2771 4410 2946 4476 κρῖμα
2996 4409 3134 4478 πρὸς
3191 4411 3281 4463 τὸν
3336 4413 3487 4482 ἱερέα
3544 4412 3687 4465 ἔστω

2110 4488 2250 4541 κατά
2302 4490 2365 4542 τὸ
2399 4492 2494 4544 τοῦ
2528 4493 2779 4565 Σωτῆρος
2809 4497 3156 4569 ἐπάγγελμα.

2179 4580 2305 4639 208.
2335 4582 2441 4636 Τοῦ
2493 4586 2551 4636 ὲν
2593 4586 2770 4653 ἁγίοις
2821 4591 3035 4661 Πατρός
3091 4594 3247 4662 ἡμῶν
3287 4594 3536 4649 Ἰωάννου
3587 4596 3682 4651 τοῦ

2108 4671 2509 4743 Χρυσοστόμου
2536 4678 2724 4746 ὁμιλία
2765 4683 2887 4751 περί
2916 4684 3024 4735 τῶν
3058 4684 3198 4753 μετά
3240 4692 3681 4758 παρατηρήσεως

2109 4765 2446 4831 προσιόντων
2478 4768 2590 4829 τοῖς
2618 4768 2784 4833 Θείοις
2812 4773 3153 4841 μυστηρίοις,
3188 4768 3272 4837 εἷς
3304 4778 3431 4838 τοὺς
3458 4778 3677 4829 ἀπολει-

2106 4854 2340 4925 φθέντας
2362 4858 2443 4920 εἰς
2462 4859 2532 4910 τὰ
2566 4860 2869 4929 Ἑγκαίνια.
2894 4861 3075 4917 Sancti
3096 4864 3276 4918 Putris
3312 4871 3478 4919 nostri
3507 4867 3679 4923 Joan-

2107 4948 2186 5001 nis
2216 4948 2575 5018 Chrysostomi
2606 4953 2825 5006 humilia
2853 4956 2917 5007 de
2942 4955 3006 5008 iis
3030 4958 3119 5024 qui
3159 4958 3227 5008 ad
3262 4957 3444 5009 diuina
3484 4971 3678 5027 myste-

2107 5039 2183 5090 ria
2213 5054 2330 5092 cum
2364 5043 2648 5096 attentione
2685 5044 2965 5109 accedunt,
3001 5048 3053 5098 in
3082 5063 3168 5099 eos
3196 5048 3287 5115 qui
3317 5050 3386 5100 ad
3418 5047 3675 5104 Enca'nia

2104 5131 2274 5184 relicti
2299 5142 2440 5186 sunt.

2177 5225 2392 5293 Incipit,
2424 5226 2538 5281 Οὐκ
2566 5229 2731 5298 ἀρκεῖ
2758 5228 2817 5281 τὸ
2858 5228 3043 5291 ἀπλῶς
3068 5229 3161 5281 καὶ
3191 5229 3269 5292 ὡς
3292 5229 3481 5299 ἔτυχεν
3508 5231 3674 5284 ἀκού-

2099 5333 2180 5369 ειν
2203 5319 2351 5387 ήμᾶς
2379 5319 2744 5389 Χριστιανοὺς
2773 5321 2868 5373 καὶ
2890 5323 2939 5373 εἰ
2984 5319 3239 5389 βούλεσθε
3275 5322 3497 5392 παρέξω
3520 5323 3672 5387 ἀξιό-

2097 5426 2290 5462 πιστον
2334 5412 2587 5481 μάρτυρα
2619 5411 2709 5463 τὸν
2753 5412 3077 5480 ἁδελφόθεον
3120 5413 3376 5465 Ἰάκωϐον
3417 5412 3666 5482 λέγοντα.

2095 5501 2323 5566 Desinit,
2360 5504 2476 5557 Ἵνα
2512 5504 2612 5571 τῆς
2649 5503 2949 5574 μελλούσης
2978 5504 3073 5556 καὶ
3112 5503 3473 5575 ἀτελευτήτου
3507 5504 3668 5558 κολά-

2095 5610 2233 5658 σεως
2263 5595 2693 5666 ἀπαλλαγῶμεν,
2719 5596 2935 5665 καὶτῆς
2965 5597 3075 5650 τῶν
3110 5598 3362 5667 οὐρανῶν
3387 5598 3667 5667 βασιλείας

2093 5688 2419 5760 ἀξιωοῶμεν
2444 5731 2460 5756 ,
2501 5690 2689 5760 χάριτι
2731 5690 2828 5743 καὶ
2873 5689 3259 5762 φιλανθρωπίᾳ
3299 5690 3396 5744 τοῦ
3449 5691 3661 5761 Κυρίου

2094 5783 2254 5853 ἡμῶν
2296 5782 2474 5856 Ἰησοῦ
2499 5781 2764 5856 Χριστοῦ,
2796 5776 2843 5855 ᾧ
2873 5786 2907 5857 η
2934 5783 3064 5853 δόξα
3094 5786 3189 5840 καὶ
3211 5784 3271 5835 τὸ
3296 5784 3495 5851 κράτος
3525 5783 3662 5837 πάν-
