4122 6450
330 375 403 439 37
1486 360 1875 423 BECENSIO
1916 360 2083 422 COD.
2124 360 2445 422 MATRIT.
3554 350 3625 413 33

325 507 480 553 τοτε,
514 486 607 542 νῦν
638 486 736 539 καὶ
762 482 875 548 ἀεὶ,
907 481 1005 537 καὶ
1041 483 1118 545 εἰς
1149 483 1275 545 τοὺς
1308 480 1511 543 αἰῶνας
1541 476 1651 532 τῶν
1682 475 1922 533 αἰώνων.

338 579 540 647 Ἀμήν.

406 670 533 723 Haec
583 666 806 721 homilia
844 677 1024 735 neque
1074 662 1217 717 inter
1269 662 1523 732 genuina,
1570 676 1747 729 neque
1785 661 1927 714 inter

330 762 520 831 Spuria
571 759 626 813 S.
658 758 885 812 Joannis
914 755 1279 826 Chrysostomi
1314 770 1479 824 opera
1531 754 1828 816 invenitur,
1881 753 1925 807 si

331 856 498 908 modo
532 853 666 906 ﬁdes
695 851 947 905 habenda
972 851 1041 904 sit
1062 848 1406 919 Alphabetico
1440 847 1676 916 ejusdem
1709 862 1925 913 operum

332 945 513 999 Indici
550 958 613 995 ea:
659 941 848 1010 primis
883 942 1051 996 verbis
1101 956 1402 995 sermonum
1438 948 1487 991 et
1545 938 1921 1001 homiliarum,

329 1038 391 1089 in
444 1036 637 1103 quibus
697 1034 899 1100 spuria:
948 1045 995 1088 et
1043 1035 1207 1087 etiam
1264 1033 1508 1096 amisstv,
1562 1046 1720 1098 quem
1764 1030 1827 1083 P.
1863 1030 1931 1084 de

330 1127 685 1181 Montl'aucon
735 1126 959 1180 exhibet
1021 1124 1466 1194 locupletissima:
1514 1123 1770 1177 editionis
1814 1122 1925 1175 vol.

332 1218 478 1280 XIII,
519 1234 640 1288 pag.
680 1216 806 1272 296.
840 1220 909 1270 At
943 1232 1073 1270 vero
1108 1226 1228 1284 post
1258 1215 1399 1269 bene
1431 1215 1634 1269 multos
1669 1230 1801 1269 mss.
1834 1228 1929 1267 ca-

331 1314 551 1376 talogus
595 1321 649 1365 et
679 1310 888 1363 indices
942 1308 1142 1362 frustra
1190 1307 1499 1374 exploratos
1532 1321 1925 1376 excussosque.

341 1405 563 1456 tandem
599 1401 758 1469 hujus
808 1401 1042 1453 homiliae
1082 1401 1323 1453 occurrit
1369 1400 1568 1453 mentio
1601 1400 1652 1452 in
1706 1399 1928 1453 Antonii

341 1493 634 1563 Augustini
667 1492 995 1545 Bibliotheca
1036 1491 1223 1545 (ἔνατα
1265 1508 1387 1555 ms.,
1424 1493 1545 1546 cmi.
1580 1490 1669 1556 41,
1717 1491 1800 1544 his
1849 1490 1930 1542 di-

333 1589 508 1643 sertis
549 1582 731 1640 verbis
761 1604 773 1638 :
806 1583 1201 1640 CIIIiYSOST.
1242 1587 1365 1639 item
1400 1584 1463 1637 de
1497 1583 1841 1638 Eucharistia
1875 1584 1930 1637 in

340 1681 614 1734 Enca'niis
664 1695 866 1742 sermo,
917 1687 964 1732 et
1016 1680 1155 1746 quod
1204 1679 1449 1731 debemus
1511 1678 1759 1731 accedere
1809 1694 1929 1730 cum

336 1774 510 1826 multo
530 1774 719 1825 timore
739 1773 807 1824 ad
845 1773 1023 1825 divina
1046 1773 1323 1842 mysteria.
1344 1771 1480 1826 Cum
1517 1783 1698 1826 autem
1731 1773 1930 1825 doctis-

336 1866 464 1919 simi
508 1854 754 1933 prazsulis
786 1879 919 1920 mss.
960 1864 1283 1919 bibliotheca
1321 1864 1374 1917 in
1407 1862 1630 1931 Regiam
1674 1862 1930 1918 Escuria-

336 1958 552 2011 leuscm
584 1956 732 2009 illata
760 1956 852 2016 sit.
886 1956 1162 2011 homiliam
1194 1957 1338 2010 hane
1374 1956 1572 2011 ibidem
1599 1996 1613 2019 ,
1640 1957 1746 2010 nisi
1774 1954 1931 2010 fune-

339 2049 593 2102 stissima
637 2048 765 2100 anni
814 2048 947 2102 1671
995 2048 1246 2103 incendio
1293 2049 1475 2117 periit,
1509 2048 1685 2103 adhuc
1716 2059 1932 2104 exstare

341 2138 573 2193 minime
601 2138 935 2195 dubitamus.
988 2139 1057 2196 Ut
1108 2149 1167 2194 ut
1217 2150 1321 2206 est,
1359 2141 1597 2196 nondum
1647 2140 1737 2195 illa
1790 2143 1932 2212 typis

339 2228 606 2283 innotuit.

414 2324 546 2378 210.
582 2325 710 2381 Post
747 2325 1026 2380 homiliam
1059 2323 1433 2397 Chrysostomi
1477 2324 1817 2392 interiectam
1844 2340 1933 2377 re-

342 2416 425 2468 dit
453 2414 810 2487 Theophanis
840 2416 1187 2471 homiliarum
1221 2415 1377 2480 ordo,
1404 2431 1498 2469 sua
1526 2415 1723 2484 cuique
1753 2414 1930 2469 ascri-

342 2521 435 2579 pta
474 2511 684 2564 numeri
724 2518 873 2573 nota,
912 2522 969 2563 ut
999 2509 1245 2577 sequitur
1277 2525 1289 2561 :

433 2602 651 2671 Ὀμιλία
690 2600 763 2666 π’,
799 2603 879 2665 είς
909 2601 1009 2672 τὴν
1041 2601 1319 2671 σωτήριον
1364 2600 1660 2670 mmmam
1696 2597 1792 2652 τοῦ
1832 2601 1935 2652 Κυ-

348 2697 468 2767 ρίου
502 2696 597 2748 καὶ
621 2695 758 2748 Θεοῦ
792 2695 888 2748 καὶ
934 2693 1192 2764 Σωτῆρος
1244 2692 1401 2764 ἡμῶν
1460 2691 1638 2762 Ἰησοῦ
1672 2691 1933 2760 Χριστοῦ.

352 2790 593 2843 Homilia
628 2789 718 2854 80,
757 2790 811 2841 in
855 2787 1189 2855 salutiferam
1229 2786 1603 2840 Ascensionem
1645 2785 1857 2838 Domini
1887 2793 1937 2839 et

346 2881 450 2935 Dei
485 2890 533 2934 et
568 2879 857 2935 Salo-toris
891 2879 1060 2931 nostri
1091 2878 1217 2931 Iesu
1250 2877 1474 2931 Christi.

430 2971 646 3037 Incipit,
677 2970 928 3037 Σήμερον
956 2969 1051 3037 τῆς
1082 2970 1240 3037 ἡμῶν
1275 2969 1551 3039 σωτηρίας
1581 2969 1615 3038 ἠ
1647 2967 1932 3036 οἰκονομία

347 3060 733 3130 πεπλήρωται,
776 3060 1017 3128 σήμερον
1049 3061 1082 3129 ὴ
1116 3058 1281 3127 φύσις
1325 3059 1436 3112 τῶν
1485 3059 1792 3129 ἀνθρώπων
1820 3058 1933 3111 ἀπὸ

342 3150 449 3218 τῆς
496 3153 597 3217 γῆς
632 3150 711 3210 εἰς
736 3148 1003 3218 οὐρανοὺς
1045 3147 1407 3218 ἀνεφύτησεν.
1438 3146 1667 3212 Desinit,
1717 3148 1827 3200 Καὶ
1857 3145 1934 3217 τῷ

345 3246 493 3311 φωτὶ
511 3243 613 3308 τῆς
634 3242 797 3308 ἁγίας
823 3241 1058 3310 Τρίαδος
1088 3242 1405 3312 τελεότερον
1438 3241 1778 3311 ἐλλαμφθείη
1790 3257 1890 3309 μεν
1918 3257 1933 3271 ·

346 3335 416 3402 ἦν
448 3332 823 3401 ὁμολογοῦμεν
865 3333 924 3384 ἐν
970 3333 1256 3404 παρρησίᾳ.
1284 3350 1298 3367 ·
1337 3332 1585 3387 κελεύσει
1613 3332 1725 3385 τῶν
1762 3332 1937 3399 ἁγίων

349 3427 615 3495 Ila-repunt
663 3427 759 3478 καὶ
797 3424 1133 3489 ἀποστόλων,
1165 3425 1263 3479 καὶ
1310 3425 1529 3478 πάντων
1578 3426 1688 3477 τῶν
1739 3427 1934 3493 ἁγίων,

346 3519 612 3581 πάντοτε,
644 3516 738 3570 νῦν
770 3518 864 3571 καὶ
895 3517 1006 3585 ἀεὶ,
1044 3517 1124 3581 είς
1154 3518 1282 3579 τοὺς
1310 3517 1516 3580 αἰῶνας
1544 3518 1654 3571 τῶν
1699 3519 1934 3575 αἰώνων.

359 3610 559 3678 Ἀμήν.

417 3701 545 3755 212.
578 3700 865 3756 Homiliatn
896 3701 1035 3755 hanc
1059 3700 1402 3769 excipiebant
1426 3700 1553 3754 olim
1588 3707 1792 3769 septem
1819 3698 1939 3753 aliae

345 3796 403 3849 in
452 3795 637 3864 priora
674 3804 878 3862 septem
920 3791 1174 3857 'EwOwdt,
1210 3793 1313 3846 hoc
1345 3800 1430 3846 est
1488 3791 1796 3857 Matutino;
1838 3790 1935 3847 sed

345 3887 595 3950 avulsis,
654 3895 746 3940 aut
794 3887 1065 3954 corruptis
1127 3893 1395 3939 vetustate
1450 3884 1631 3949 foliis,
1691 3885 1939 3953 septimae

349 3988 564 4030 tantum
592 3987 770 4031 exstat
806 3979 1079 4045 posterior
1127 3977 1416 4045 particula,
1459 3977 1526 4030 ab
1554 3975 1639 4030 his
1672 3975 1938 4045 incipiens

346 4068 553 4129 verbis.
588 4068 662 4147 Τὸ
691 4068 879 4121 λοιπὸν
917 4068 1018 4139 τὴν
1067 4069 1464 4139 ἁνθρωπότητα
1497 4067 1828 4132 ἀκολούθως,
1880 4069 1938 4122 in

346 4163 468 4216 haec
499 4162 777 4223 desinens,
809 4160 917 4213 Τοῦ
957 4164 1053 4215 σὺν
1085 4164 1261 4234 Πατρί
1294 4164 1389 4215 καὶ
1433 4161 1548 4231 Υίῷ
1594 4177 1937 4231 προσκυνου-

351 4253 523 4323 μένου
556 4254 652 4306 καὶ
690 4252 1083 4323 δοξαζομένου,
1127 4254 1223 4308 νῦν
1258 4254 1355 4308 καὶ
1398 4254 1507 4319 ἀεὶ,
1551 4254 1646 4307 καὶ
1692 4255 1773 4317 εἰς
1808 4253 1937 4319 τοὺς

342 4345 575 4408 αἰῶνας.
632 4330 641 4336 ’
664 4332 669 4335 ’
847 4337 899 4344 ”’
912 4339 933 4345 ”

418 4436 553 4502 Quae
582 4438 799 4506 quidem
843 4447 1052 4509 septem
1103 4440 1341 4494 homiliac
1393 4449 1611 4495 emtant
1663 4440 1715 4494 in
1774 4456 1939 4510 supra

346 4528 569 4582 laudata
627 4530 887 4595 editione,
937 4540 993 4584 et
1044 4547 1074 4583 a
1114 4532 1370 4585 vicesima
1401 4543 1593 4585 octava
1624 4531 1690 4585 ad
1724 4533 1940 4588 tricesi-

351 4637 499 4674 mam
533 4623 869 4691 pertingant.

422 4715 563 4770 Ibid.
609 4715 830 4785 ’Θμιλία
864 4721 976 4787 πη’,
1011 4717 1092 4779 εἰς
1118 4721 1179 4769 τδ
1202 4723 1251 4788 η’
1290 4716 1588 4770 Ἐωθινῶν.
1610 4714 1844 4770 Homilia
1869 4716 1938 4770 88

348 4807 406 4859 in
446 4819 541 4858 nn
581 4804 991 4860 Matutinarum.
1032 4805 1268 4876 Incipit:
1307 4808 1467 4878 ’Λρτι
1498 4806 1593 4861 τοῦ
1633 4807 1936 4877 κορυφαίου

349 4897 465 4950 τῶν
509 4897 798 4970 φοιτητῶν.
861 4897 1054 4953 Exstat
1108 4901 1327 4965 ibidem,
1384 4910 1812 4969 numeraturque
1843 4899 1933 4965 51,

270 5046 273 5047 ,
349 4990 483 5044 licet
508 4988 593 5042 illa
621 4991 828 5058 plenior
862 4991 1108 5059 incipiat,
1152 4992 1343 5062 Μαρία
1377 4992 1647 5061 εἱστήκει.

272 5070 275 5089 ί
416 5081 551 5137 213.
589 5087 809 5139 Averso.
859 5084 1082 5155 Ὀμιλία
1128 5085 1237 5149 πον,
1297 5086 1377 5148 είς
1435 5085 1496 5137 τὸ
1553 5086 1596 5138 Θ¹
1640 5084 1933 5140 Ἓωθινῶν.

349 5176 595 5230 Homilia
620 5176 688 5231 89
720 5179 771 5230 in
798 5193 853 5231 lx
885 5176 1300 5232 Matutinarum.
1332 5177 1543 5248 Incipit,
1564 5176 1746 5249 Οὖσης
1776 5179 1937 5250 ὀψίας

342 5272 409 5340 τῇ
437 5267 624 5339 ἡμέρᾳ
648 5269 851 5340 ἐκείνῃ.
885 5270 979 5323 Est
1013 5270 1210 5323 ibidem
1249 5270 1338 5324 35.

414 5360 547 5414 215.
577 5363 802 5414 Averso.
848 5361 1070 5431 Ὀμιλὶα
1103 5360 1153 5428 1.(
1180 5365 1261 5425 είς
1294 5362 1356 5416 τὸ
1384 5359 1415 5415 ι’
1465 5362 1757 5417 Ἔωοινῶν.
1798 5364 1936 5436 Περὶ

341 5454 450 5523 τῆς
485 5453 660 5521 ἄγρας
689 5455 798 5505 τῶν
831 5452 1051 5524 ἰχθύων.
1094 5454 1333 5510 Ηοηιὶίὶα
1363 5455 1452 5520 90,
1483 5460 1535 5509 in
1572 5472 1601 5509 x
1636 5455 1936 5510 Matutino-

343 5562 490 5599 rum.
535 5545 609 5597 De
647 5557 877 5612 captura
912 5549 1162 5613 piscium.
1210 5548 1421 5617 incipit,
1476 5548 1599 5601 Ἐπὶ
1635 5551 1733 5621 τὴν
1770 5550 1935 5602 Τιϐε-

345 5639 537 5709 ριάδος
558 5637 777 5709 λίμνην.
819 5638 914 5693 Est
962 5641 1160 5694 ibidem
1199 5641 1290 5696 5G.

2100 477 2229 532 218.
2286 473 2510 543 Ὀμιλία
2546 476 2655 541 kal,
2701 471 2782 534 εἰς
2821 469 2883 524 τὸ
2938 474 3006 524 ια’
3051 466 3346 523 Ἐωθινῶν.
3382 465 3626 521 "ciuilia

2032 569 2122 633 9|,
2167 570 2223 622 in
2277 585 2327 623 att
2389 566 2810 620 Matutinarum.
2840 562 3056 630 Incipit,
3089 561 3181 631 Τῷ
3216 560 3391 629 καιρῷ
3439 559 3627 629 ἐνείνῳ

2032 662 2385 731 ἐφανέρωσεν
2419 659 2617 713 ἑαυτὸν
2658 660 2685 711 ὁ
2726 657 2936 727 Ἰησοῦς
2964 658 3079 720 τοῖς
3122 654 3396 724 μαθηταῖς
3431 652 3623 705 αὐτοῦ.

2034 756 2316 811 Postrema
2344 753 2508 823 hujus
2535 752 2771 807 humilia:
2800 752 3015 820 pagina,
3037 750 3227 803 deletis
3258 764 3396 817 pene
3429 748 3625 802 litteris

2035 849 2135 915 legi
2168 863 2226 901 se
2255 847 2476 899 minime
2506 849 2732 912 patitur.
2773 842 2868 896 Est
2901 857 3031 897 vero
3065 840 3265 895 ibidem
3294 841 3385 895 37.

2106 940 2389 994 Hactenus
2442 938 2803 1006 singularum,
2861 950 3000 1003 quas
3052 945 3197 989 totus
3242 932 3626 1002 complectitur

2033 1036 2226 1099 codex,
2264 1031 2610 1088 homiliarum
2663 1030 2933 1083 recensio.
2966 1026 3125 1081 Nunc
3156 1042 3305 1090 vero,
3340 1037 3533 1094 praner
3560 1039 3622 1078 ea

2034 1143 2153 1197 qua:
2190 1126 2368 1180 obiter
2402 1122 2843 1183 observavimus,
2889 1121 3067 1188 aliqua
3123 1120 3278 1173 nobis
3331 1126 3626 1187 supersunt

2038 1232 2146 1275 tum
2202 1222 2266 1273 de
2321 1217 2562 1271 auctoris
2600 1216 2840 1279 nomine,
2897 1222 3080 1277 :etate,
3118 1212 3359 1278 scriptis,
3410 1223 3519 1264 tum
3559 1213 3625 1264 de

2037 1315 2152 1381 ipso
2184 1311 2370 1363 codice
2407 1306 2746 1362 disserenda.

2106 1406 2312 1459 Auctor
2336 1404 2555 1470 quidem
2583 1416 2648 1455 ex
2685 1399 2792 1452 illis
2827 1408 2912 1451 est
2946 1397 3037 1465 qui
3078 1396 3441 1465 πολυωνυμίᾳ
3472 1395 3624 1449 labo-

2036 1508 2192 1562 rant;
2252 1496 2373 1550 aliis
2433 1494 2578 1549 enim
2641 1491 2920 1559 Georgius,
2958 1491 3084 1556 sive
3135 1488 3454 1557 Gregorius;
3506 1486 3627 1538 aliis

2040 1590 2407 1658 Theophanes,
2444 1585 2724 1653 Philippus
2767 1586 2910 1645 aliis,
2948 1583 3069 1635 aliis
3095 1582 3328 1649 denique
3357 1578 3625 1646 Nicepho-

2039 1699 2151 1746 rus,
2183 1682 2442 1749 adjuncto
2464 1693 2679 1745 semper
2706 1674 3013 1739 Cerameos,
3038 1673 3120 1726 vel
3152 1670 3452 1734 Cet-amita},
3484 1671 3626 1738 quod

2036 1774 2261 1845 ﬁgulum
2298 1782 2494 1836 sonat,
2548 1780 2929 1840 cognomento,
2967 1775 3331 1833 nuncupatur.
3362 1765 3466 1818 Sed
3503 1777 3627 1817 0m-

2038 1883 2132 1921 nes
2164 1864 2606 1934 lrequentissime
2639 1870 2733 1914 aut
2776 1858 3145 1926 Theophanes,
3173 1869 3266 1909 aut
3296 1852 3582 1923 Gregorius
3606 1868 3626 1906 :

2037 1960 2174 2012 adeo
2202 1968 2260 2010 ut
2291 1955 2481 2011 haberi
2511 1952 2814 2008 binominis
2842 1951 3040 2021 possit,
3067 1948 3251 2002 addito
3276 1948 3439 2002 etiam
3466 1943 3632 1998 Cera-

2037 2053 2141 2106 mei
2192 2051 2554 2121 cognomine,
2609 2058 2665 2102 et
2723 2045 3124 2115 archiepisc0pi
3182 2039 3629 2096 Tauromenitani

2040 2143 2216 2198 titulo.
2257 2145 2373 2210 Qua
2420 2143 2486 2197 de
2539 2156 2598 2196 re
2647 2141 2855 2195 videsis
2886 2137 3144 2193 Scorsunt
3179 2138 3232 2190 in
3268 2136 3532 2189 Prooemio
3562 2150 3626 2198 tt,

2039 2236 2176 2308 §2;
2226 2235 2465 2289 Leonem
2520 2232 2775 2286 Allalium
2838 2233 2917 2285 int
2956 2230 3202 2283 Diatribn
3246 2230 3311 2282 de
3367 2228 3629 2298 Georgiis,

2038 2344 2189 2382 nunt.
2227 2325 2418 2387 LXXI,
2457 2334 2512 2380 et
2545 2324 2857 2378 Fabricium
2908 2325 2958 2376 in
3000 2323 3261 2377 Biblioth.
3289 2320 3490 2376 ercw
3521 2321 3629 2375 vol.

2038 2419 2106 2485 Χ,
2144 2435 2262 2489 cap.
2287 2419 2378 2473 42.
2418 2420 2499 2472 Ad
2536 2418 2848 2486 Philagathi
2882 2416 3181 2486 philosoyhi
3212 2414 3627 2484 appellationem

2038 2516 2181 2580 quod
2216 2511 2433 2574 attinet,
2474 2510 2604 2578 quid
2640 2509 2729 2561 illa
2769 2506 2988 2561 rarius?
3022 2504 3177 2575 Apud
3227 2506 3436 2559 nullum
3492 2503 3634 2559 scri-

2040 2611 2249 2670 ptorem
2289 2600 2545 2669 nulloque
2603 2600 2654 2652 in
2717 2598 3055 2665 exemplari,
3112 2605 3476 2667 praeterquam
3528 2597 3633 2652 hoc

2044 2693 2346 2748 Matritensi
2410 2693 2671 2755 occurrit,
2729 2694 2817 2745 ubi
2871 2701 3085 2759 quater,
3156 2704 3262 2759 qua
3316 2687 3634 2743 suboriatur

2043 2782 2326 2836 dubitandi
2392 2783 2571 2849 ratio,
2628 2784 2917 2853 repetitur.
2989 2784 3126 2839 Hinc
3183 2786 3341 2855 plane
3404 2786 3633 2855 colligas

2042 2885 2243 2944 quanta
2308 2889 2395 2929 me
2450 2875 2713 2929 invaserit
2765 2892 3085 2945 germanum
3143 2877 3380 2932 auctoris
3436 2893 3631 2932 nomen

2044 2967 2334 3035 delegandi
2368 2966 2662 3036 cupiditas,
2693 2976 2931 3036 quantus
2959 2968 3088 3021 mihi
3125 2968 3177 3021 in
3212 2982 3277 3022 eo
3310 2968 3633 3023 inveniendo

2046 3059 2231 3124 labor;
2273 3069 2405 3127 quot
2436 3059 2785 3113 homiliarum
2814 3059 3176 3128 scriptoribus
3201 3061 3631 3130 pervolutandis,

2039 3161 2172 3220 quot
2230 3151 2577 3213 conierendis
2632 3151 2991 3220 impenderim
3044 3167 3312 3221 operam,
3366 3154 3539 3206 donec
3578 3152 3632 3205 in

2038 3240 2364 3310 Philagatho
2391 3257 2687 3312 agnoscere
2721 3240 3089 3312 Theophanem
3128 3245 3347 3298 deruunt
3377 3243 3633 3321 contigit.

2039 3333 2216 3389 Meum
2265 3336 2396 3390 mihi
2451 3336 2754 3400 inventum,
2803 3347 2859 3390 ut
2894 3338 3128 3404 ingenue
3175 3337 3368 3403 fatear,
3404 3338 3633 3391 miriﬁce

2040 3442 2159 3482 sum
2216 3427 2549 3497 gratulatus;
2592 3429 2885 3498 scriptoris
2952 3429 3202 3483 invenire
3262 3446 3457 3483 nomen
3514 3432 3635 3498 plus

2042 3518 2216 3573 visum
2250 3528 2333 3573 est
2362 3534 2522 3587 quam
2551 3520 2754 3590 scripta
2792 3522 2891 3591 (ιι).
2927 3520 3234 3590 Philaguthi
3266 3538 3426 3591 porro
3457 3522 3636 3577 umni-

2040 3624 2110 3663 ne
2140 3607 2555 3677 Theophanem,
2596 3612 2722 3664 dum
2776 3613 2945 3667 vitam
3009 3613 3367 3666 monasticam
3428 3623 3634 3682 ageret,

2041 3714 2201 3753 usum
2238 3701 2404 3755 fuisse
2437 3702 2597 3770 plane
2628 3711 2844 3757 constat
2884 3720 2947 3758 ex
2996 3705 3404 3773 subscriptione
3455 3706 3638 3759 11οηιί-

2040 3791 2127 3845 lize
2160 3791 2227 3845 77
2260 3792 2531 3860 subjecta,
2557 3808 2719 3861 quam
2748 3795 2911 3865 hujus
2941 3797 3146 3850 codicis
3178 3794 3274 3851 fol.
3301 3796 3409 3851 202
3439 3814 3638 3854 averso

2041 3883 2415 3940 exhibuimus.

2113 3974 2234 4030 Jam
2273 3993 2400 4033 vero
2431 3978 2497 4032 de
2520 3989 2679 4034 aetate
2715 3997 2821 4052 qua
2850 3980 3218 4053 Theophanes
3250 3984 3403 4047 vixit,
3431 3985 3473 4037 si
3509 3999 3638 4040 vera

2042 4079 2127 4125 est
2152 4070 2314 4125 lectio
2340 4073 2719 4144 inscriptionis
2747 4076 3008 4141 hontilizc,
3038 4076 3337 4131 secundum
3377 4077 3635 4132 Scorsnm

2040 4160 2133 4226 26,
2170 4162 2225 4229 in
2252 4165 2588 4221 solemnitate
2614 4165 2934 4222 Palmarnm
2956 4171 3114 4224 dictae
3146 4170 3378 4223 ἐνώπιον
3418 4171 3511 4223 τοῦ
3538 4174 3637 4242 ρη-

2042 4258 2139 4326 γὸς
2178 4255 2394 4325 Ῥόγου,
2434 4259 2521 4312 ubi
2552 4267 2607 4313 et
2640 4258 2751 4314 Leo
2776 4258 3031 4326 Allatius,
3064 4271 3138 4326 et,
3172 4262 3288 4331 ipso
3330 4264 3530 4317 Scorso
3561 4263 3613 4316 fa

2052 4361 2219 4420 lente,
2258 4352 2587 4407 Sirmuntlus
2630 4352 2917 4424 Ῥογερίου
2965 4369 3064 4423 pro
3108 4354 3299 4422 Ῥόγου
3357 4356 3638 4425 legendum

2046 4455 2296 4512 censent,
2328 4462 2411 4500 nae
2462 4445 2552 4501 ille
2587 4447 2789 4501 vixisse
2851 4448 3031 4517 potius
3097 4447 3315 4500 videmr
3350 4447 3567 4513 Roget-ii
3599 4448 3636 4510 Ι,

2045 4537 2246 4594 Siciliae
2293 4539 2434 4609 regis
2491 4549 2736 4607 tempore
2796 4540 2864 4593 ab
2915 4555 3059 4594 anno
3118 4540 3341 4595 circiter
3405 4541 3541 4595 1150
3572 4541 3639 4595 ad

2044 4632 2206 4697 1154,
2244 4647 2405 4701 quam
2436 4632 2636 4686 saeculo
2662 4649 2715 4686 rx
2754 4634 2854 4686 suh
2884 4632 3083 4687 Basilio
3111 4643 3164 4686 et
3191 4632 3370 4687 Lemne
3402 4634 3637 4702 impera-

2044 4724 2275 4778 toribus.
2318 4723 2377 4778 ld
2421 4734 2602 4778 tamen
2639 4727 2922 4779 contendit
2957 4725 3214 4789 Seorsus,
3249 4728 3409 4779 modo
3459 4725 3636 4793 Ῥογε-

2042 4816 2165 4885 ρίου
2200 4816 2383 4871 delere
2419 4831 2641 4882 nomen,
2671 4820 2833 4872 modo
2861 4819 3187 4871 voeabnlum
3236 4818 3428 4887 Ῥόγου
3469 4819 3640 4871 stabi—

2042 4909 2145 4963 lire
2175 4908 2325 4963 omni
2378 4910 2594 4963 ratione
2647 4908 2923 4965 adnitens.
2956 4920 3064 4963 tum
3100 4909 3363 4980 βασιλέως
3400 4910 3638 4978 appella-

2047 5001 2270 5066 tionem,
2306 5018 2473 5071 quam
2510 4999 2875 5071 TheOphaues
2906 5002 3224 5072 frequenter
3261 5013 3506 5069 usurpat,
3540 5003 3641 5054 im-

2042 5103 2366 5162 peratorem,
2412 5110 2517 5147 non
2555 5110 2725 5163 regem
2763 5096 3097 5163 pertinacius
3147 5096 3534 5165 interpretans.
3569 5096 3640 5149 At

2042 5186 2251 5255 singula
2277 5187 2438 5257 hujus
2466 5199 2786 5256 argumenta
2811 5188 3029 5259 egregie
3050 5190 3279 5241 Allatius
3308 5190 3361 5241 in
3391 5188 3635 5241 Diatriba

2042 5280 2105 5333 de
2138 5279 2444 5334 Simeonum
2472 5283 2684 5347 scriptis
2712 5281 2977 5347 confutat,
3011 5284 3185 5350 ipsum
3218 5282 3346 5335 item
3378 5282 3632 5334 Allatiunt

2041 5371 2320 5441 explanat,
2358 5382 2636 5441 totamque
2673 5389 2784 5426 rem
2838 5373 3045 5443 optime
3082 5373 3336 5427 enucleat
3368 5372 3634 5425 illustrat-
3668 5436 3669 5441 η

2042 5482 2147 5535 que
2174 5466 2474 5519 Casintirns
2509 5463 2757 5520 Ondinus
2787 5466 2837 5519 in
2868 5464 3261 5520 Commentario
3294 5467 3355 5517 de
3380 5464 3634 5518 Ecclesia:
3669 5510 3676 5543 ς

2042 5555 2395 5623 scriptoribus
2442 5558 2699 5626 antiquis,
2763 5568 2907 5612 tomo
2941 5558 3004 5621 ll,
3054 5559 3159 5613 col.
3198 5558 3336 5613 1185
3364 5575 3486 5628 sqq.

2116 5646 2197 5700 Ad
2226 5649 2468 5705 auctoris
2502 5652 2671 5706 nostri
2721 5653 2948 5721 scripta,
2984 5652 3034 5705 id
3072 5664 3156 5706 est
3204 5652 3475 5722 homilias,
3506 5659 3633 5707 tan-

418 5819 499 5888 (α)
543 5818 596 5873 Si
639 5820 942 5876 Villoisouo
999 5821 1229 5888 credas,
1287 5822 1489 5879 frustra
1540 5825 1629 5883 hic
1688 5825 1928 5883 exsultat
1964 5825 2202 5885 Yriartc.
2238 5826 2369 5886 Vide
2395 5844 2560 5902 Supra
2600 5831 2704 5887 col.
2740 5828 2831 5885 9-1.
2867 5831 3024 5886 Eutr.
3063 5831 3241 5914 Pun.-
