4122 6486
486 360 556 423 39
1636 349 2014 413 RECENSIO
2053 345 2222 409 con.
2262 344 2574 407 MATRIT.
3670 344 3741 407 to

486 475 608 529 dem
647 471 992 526 accedamus.
1041 468 1146 524 Eas
1194 466 1303 522 mnl
1318 477 1365 521 to
1404 464 1592 535 plures
1619 480 1740 520 esse
1770 466 2052 534 sexaginta

486 564 697 619 duabus
745 576 887 632 quas
923 561 1192 616 Scorsana
1226 565 1587 628 repraesentat
1627 556 1818 623 editio,
1864 554 1949 610 vel
1975 555 2065 610 hic

486 654 625 709 liber
651 667 751 708 ms.
785 652 944 706 [idem
981 650 1194 704 abunde
1226 648 1378 703 facit.
1425 648 1571 702 Inter
1606 656 1832 702 caeteros
1882 653 2063 700 autem

487 760 672 799 earum
735 743 1088 797 Homiliarum
1154 741 1369 795 codices
1416 736 1874 794 animadvertenti
1931 736 2063 791 mihi

488 854 613 892 cum
668 837 807 902 apud
862 839 1109 889 eumdem
1163 834 1446 898 Scorsum,
1475 840 1587 886 tum
1640 831 1781 900 apud
1821 829 2061 884 Leonem

488 930 746 984 Allatium
781 930 833 981 in
867 928 1107 980 Diatriba
1140 927 1205 979 de
1240 926 1477 995 Georgiis
1509 924 1675 979 etiam
1713 922 2062 977 Escurialen-

491 1036 579 1075 ses
616 1020 839 1089 allegari
889 1021 1073 1073 statim
1134 1017 1285 1071 adire
1342 1016 1613 1069 succurrit
1670 1013 2064 1083 prazcipnorum

490 1110 885 1166 Escurialensis
911 1108 1254 1163 bibliothecae
1296 1123 1425 1160 mss.
1460 1106 1720 1169 Iudicem,
1749 1119 1907 1171 quem
1938 1118 2064 1172 par-

489 1201 584 1254 tim
621 1216 686 1253 ex
727 1200 896 1267 ipsius
924 1198 1196 1266 catalogo,
1228 1197 1421 1265 partim
1457 1211 1519 1249 ex
1576 1195 1706 1263 ipsis
1737 1192 1890 1246 libris
1937 1192 2063 1245 olim

487 1292 968 1353 concinnaveram,
1025 1303 1165 1342 armo
1200 1288 1449 1342 videlicet
1509 1286 1687 1351 1747,
1739 1286 1866 1338 dum
1921 1284 2063 1352 apud

489 1383 697 1451 regium
727 1382 857 1433 illud
887 1380 1220 1445 comobium,
1250 1380 1488 1431 omnium
1516 1378 1715 1430 artium
1751 1376 2067 1443 disciplina-

490 1486 719 1538 rumque
750 1471 955 1532 sedem,
990 1469 1265 1523 mensibus
1290 1467 1513 1522 Octobri
1559 1477 1614 1519 et
1654 1465 1938 1520 Novembri
1973 1479 2068 1534 per

489 1561 606 1615 dies
629 1561 986 1630 quadraginta
1013 1574 1118 1613 non
1142 1560 1353 1613 otiosus
1378 1568 1651 1626 spectator
1674 1569 2062 1610 commorarer.

489 1652 566 1705 Eo
616 1654 667 1704 in
728 1651 908 1704 indice
968 1659 1366 1719 peropportune
1423 1649 1622 1702 librum
1668 1646 1869 1701 oﬂ‘endi
1904 1687 1917 1711 ,
1976 1644 2066 1699 cui

491 1742 681 1796 titulus
717 1758 731 1794 :
767 1741 1012 1810 Gregorii
1041 1741 1267 1808 episcopi
1301 1738 1665 1792 Tauromenia:
1687 1737 1884 1792 Sicilite
1906 1737 2067 1791 Cera-

488 1835 592 1887 mei
616 1834 774 1885 varia:
800 1832 1071 1893 Homilias,
1104 1834 1202 1885 hac
1231 1841 1354 1885 nota
1381 1831 1704 1885 distinctum
1728 1849 1740 1885 :
1763 1828 1854 1884 IV.
1887 1832 1946 1884 0.
1972 1830 2063 1886 27.

560 1926 830 1980 Continuo
861 1936 991 1993 quot
1022 1935 1075 1978 et
1117 1939 1252 1992 quas
1287 1923 1741 1991 complecteretur
1768 1922 1854 1977 hic
1887 1923 2067 1977 homi-

486 2020 610 2084 lias,
643 2018 843 2072 certior
887 2015 1001 2068 fieri
1055 2015 1305 2083 cupidus,
1357 2016 1422 2065 ad
1466 2012 1799 2067 Bernardum
1828 2011 2067 2077 Yriarte,

491 2111 677 2167 fratris
709 2110 811 2162 mei
839 2108 1029 2169 lilium,
1062 2105 1306 2176 primarii
1343 2106 1614 2174 regiorum
1640 2103 2067 2159 commentario-

494 2220 611 2257 rum
648 2201 835 2256 scrinii
861 2200 1267 2263 administrum,
1298 2195 1435 2267 apud
1471 2210 1632 2264 supra
1661 2195 1862 2250 dictum
1883 2207 2071 2249 caeno-

491 2292 661 2351 binm,
699 2289 999 2345 rustiCante
1031 2287 1103 2341 ibi
1136 2298 1286 2353 rege,
1333 2285 1635 2351 degentem,
1688 2281 1897 2335 litteras
1949 2279 2068 2334 dedi

488 2396 581 2436 xvi
636 2380 760 2433 Kal.
813 2379 950 2447 Aug.
980 2392 1075 2434 an.
1120 2374 1279 2441 I766,
1314 2374 1475 2428 enixe
1525 2371 1807 2441 postulans
1846 2377 1904 2424 ut
1934 2369 2070 2423 duos

490 2470 848 2537 peritissimos
881 2468 998 2536 ejus
1020 2466 1363 2520 bibliothecae
1388 2464 1640 2517 custodes
1666 2477 1727 2515 ea
1760 2462 1828 2517 de
1858 2477 1915 2517 re
1940 2477 2070 2517 con-

490 2560 699 2614 veniret
760 2558 1193 2624 consuleretque.
1261 2554 1413 2621 Quod
1487 2568 1609 2607 cum
1670 2552 1763 2608 ille
1825 2564 2067 2618 strenue,

491 2651 944 2720 quemadmodum
977 2648 1114 2702 solet
1156 2646 1360 2708 omnia,
1392 2643 1750 2715 praestitisset,
1786 2643 1853 2699 R.
1885 2642 1948 2697 P.
1978 2644 2071 2699 Di-

492 2746 660 2796 dacus
692 2742 758 2795 de
783 2740 1059 2805 Cisneros,
1086 2738 1371 2793 custodum
1412 2738 1701 2801 secundus,
1728 2737 1814 2790 cui
1844 2737 2074 2791 schedu-

486 2835 599 2888 lam
631 2848 805 2887 meam
838 2831 1043 2885 codicis
1093 2831 1328 2894 titulunt,
1364 2840 1655 2899 notamque
1694 2828 2070 2899 praeferentem

491 2926 583 2981 ille
615 2926 931 2987 tradiderat,
976 2932 1087 2977 tam
1144 2924 1431 2993 diligenter
1479 2938 1640 2993 quam
1676 2924 1985 2976 humaniter
2014 2929 2070 2975 et

496 3017 638 3076 illius
666 3017 823 3071 dictis
857 3024 912 3069 et
954 3014 1092 3069 meis
1122 3015 1427 3082 obsequens
1455 3013 1687 3082 optatis,
1728 3011 2075 3067 accuratissi-

495 3125 643 3163 mum
676 3107 942 3176 ejusmodi
975 3108 1201 3173 codicis,
1243 3105 1585 3161 homiliarum
1620 3116 1728 3159 tum
1761 3105 2073 3174 inscriptio-

494 3200 678 3263 nibus,
714 3209 826 3254 tum
855 3199 1044 3269 primis
1082 3198 1346 3267 cujusque
1378 3198 1557 3252 verbis
1602 3197 1791 3251 Graece
1839 3195 2076 3264 perscri-

486 3291 623 3358 ptis,
658 3291 959 3360 catalogum
991 3291 1057 3344 ad
1091 3306 1176 3345 me
1208 3289 1447 3357 ejusdem
1494 3288 1754 3344 Bcrnardi
1780 3303 1881 3358 ope
1909 3288 2074 3343 biduo

495 3390 617 3449 post
652 3381 967 3434 mittendum
993 3380 1223 3434 curavit.

569 3469 619 3521 ls
649 3471 808 3539 igitur
843 3469 1235 3525 Escurialcnsis
1264 3469 1455 3533 codex,
1498 3468 1639 3523 foliis
1662 3478 1919 3525 constans
1943 3471 2073 3537 299,

498 3569 553 3612 et
595 3570 887 3612 men-orata
928 3560 1180 3627 superius
1237 3568 1359 3611 nota
1408 3558 1496 3612 ιν.
1542 3561 1604 3611 Ω.
1656 3560 1727 3613 27
1768 3560 2073 3630 insignitus,

498 3648 851 3718 Theophanis
890 3652 1129 3705 continet
1170 3652 1432 3707 Homilias
1459 3654 1682 3706 omnino
1713 3653 1802 3717 56,
1846 3670 2074 3724 quarum

498 3744 749 3809 princeps
786 3740 947 3795 talem
996 3742 1214 3795 exhibet
1255 3742 1464 3796 titulum
1510 3761 1523 3797 :
1570 3744 1677 3796 Τοῦ
1712 3749 2072 3815 μακαριωτά-

495 3850 612 3896 του,
646 3833 957 3901 σοφωτάτου
996 3850 1055 3885 τε
1092 3836 1186 3887 καὶ
1238 3836 1683 3905 ῥητορικωτάτου
1715 3840 2073 3909 ἁρχιεπισκό-

497 3940 601 3976 που
645 3925 1051 3995 Ταυρομενείας
1097 3928 1196 3997 τῆς
1253 3927 1506 3990 Σικελίας
1553 3928 1722 3999 κόρου
1770 3931 1809 3982 Γ
1814 3934 2074 4002 ρηγορίου

496 4012 591 4066 τοῦ
625 4014 855 4083 ἐπίκλην
883 4015 1189 4085 Κεραμέως
1228 4017 1309 4078 εἱς
1328 4016 1427 4086 τὴν
1449 4017 1626 4087 ἀρχὴν
1658 4020 1759 4086 τῆς
1798 4021 2073 4088 Ἰνδίκτου,

496 4104 617 4174 ἦτοι
663 4104 756 4156 τοῦ
794 4105 916 4157 νέου
950 4106 1125 4167 ἔτους.
1163 4107 1221 4160 ld
1266 4122 1349 4160 est
1385 4123 1400 4159 :
1439 4106 1763 4174 Beatissimi,
1797 4115 2077 4182 sapientis-

499 4195 620 4247 simi
652 4211 713 4247 ac
735 4197 1143 4264 eloquentissimi
1196 4199 1577 4268 archiepiscopi
1619 4198 1954 4258 Tauromenii
1986 4206 2076 4260 Si-

497 4285 657 4351 cilia’,
687 4288 889 4340 domini
916 4286 1180 4358 Gregorii,
1213 4302 1551 4358 cognomento
1600 4289 1860 4361 Ceramsi,
1902 4296 2076 4350 homi-

496 4379 569 4433 lia
590 4379 641 4430 in
659 4379 977 4446 principium
1003 4379 1340 4447 lintictionis,
1359 4382 1464 4435 sive
1481 4382 1597 4435 novi
1613 4386 1774 4451 anni;
1804 4396 2076 4449 postrema

496 4471 576 4523 sic
612 4471 930 4524 inscribitur
962 4488 977 4525 :
1023 4472 1129 4524 Τοῦ
1163 4474 1329 4526 αὑτοῦ
1366 4474 1554 4543 ὁμιλία
1600 4478 1681 4539 εἰς
1719 4478 1780 4530 τὸ
1818 4479 1888 4532 ια’
1918 4480 2078 4534 ἑωθι-

496 4562 608 4629 νόν,
638 4564 954 4633 incipitque,
996 4563 1087 4633 Τῷ
1132 4564 1312 4636 καιρῷ
1340 4567 1534 4637 ἐκείνῳ
1564 4568 1909 4642 ἐφανέρωσεν
1949 4573 2080 4627 ἑαυ-

497 4655 590 4708 τὸν
620 4657 648 4707 ὁ
686 4656 891 4725 Ἰησοῦς
927 4658 1040 4718 τοῖς
1070 4657 1359 4728 μαθηταῖς.

570 4748 641 4798 At
668 4747 783 4800 istae
807 4763 995 4801 omnes
1016 4747 1123 4815 jam
1149 4766 1176 4800 a
1204 4748 1263 4802 P.
1294 4749 1491 4808 Scorso
1520 4754 1656 4823 typis
1680 4754 2080 4813 Parisieusihns

500 4839 782 4908 evulgatus.
832 4838 886 4892 lu
925 4839 1031 4894 ﬁne
1084 4844 1318 4909 accedit,
1355 4844 1471 4898 Τοῦ·
1512 4849 1829 4916 σοφωτάτου
1861 4854 1957 4905 καὶ
1991 4852 2081 4906 λο-

501 4932 771 4998 γιωτάτου
810 4933 903 4983 καὶ
930 4932 1239 4999 ἁγιωτάτου
1268 4936 1611 5008 πατριάρχου
1635 4939 2081 4999 Κωνσταντινου-

500 5020 712 5083 πόλεως
759 5021 929 5093 κύρου
987 5024 1293 5095 Γρηγορίου
1343 5027 1435 5079 τοῦ
1496 5028 1745 5099 Κυπρίου
1786 5033 1942 5103 λόγος
1998 5038 2080 5101 εἰς

499 5110 593 5163 τὸν
621 5111 776 5179 ἅγιον
831 5115 1295 5187 μεγαλομάρτυρα
1338 5119 1434 5171 καὶ
1460 5125 1862 5195 τροπαιοφόρον
1899 5127 1938 5180 Γ
1942 5128 2080 5199 εώρ-

501 5222 641 5275 γιον.
672 5204 785 5259 lloc
821 5216 905 5261 est
937 5226 949 5261 :
986 5206 1397 5275 Sapientissimi,
1433 5213 1847 5281 eloquentissimi
1880 5230 1928 5271 et
1952 5236 2081 5274 san-

502 5298 723 5350 ctissimi
768 5294 1291 5369 Constantinopoleos
1332 5305 1677 5371 patriarchw,
1713 5308 1914 5363 domini
1948 5308 2082 5367 Gre-

502 5390 637 5459 gorii
665 5388 849 5459 Cyprii
872 5406 1039 5444 sermo
1062 5393 1115 5445 in
1147 5404 1389 5447 sanctum
1417 5413 1663 5467 magnum
1707 5412 1991 5473 martyrem
2030 5417 2080 5460 et

504 5484 926 5553 troprphorum
969 5486 1275 5555 Georgium,
1306 5491 1375 5543 ab
1431 5493 1514 5545 his
1561 5494 1826 5564 incipiens
1850 5498 2030 5554 verbis
2063 5519 2077 5555 :

505 5573 667 5639 Ἔθος
695 5577 853 5629 τοῦτο
882 5577 988 5630 τῶν
1011 5578 1190 5647 λόγοις
1219 5582 1639 5652 ἀγωνιουμένων
1666 5587 1874 5657 σχεδὸν,
1901 5592 1993 5660 qui
2026 5596 2077 5647 in

501 5665 647 5721 Actis
686 5680 1011 5733 sanctorum,
1061 5672 1260 5739 Aprilis
1303 5683 1432 5729 tom.
1465 5673 1569 5741 .lll,
1619 5676 1705 5731 die
1746 5676 1837 5744 25,
1894 5678 2082 5738 Grmce

502 5772 567 5814 ac
621 5757 813 5816 Latine
862 5761 970 5832 jam
1029 5764 1249 5834 prodiit.
1312 5765 1554 5840 Denique
1603 5771 1657 5827 in
1711 5775 2018 5831 transmissi
2050 5793 2080 5833 a

2177 458 2243 513 Β.
2271 459 2334 515 Ρ.
2363 458 2623 515 Cisneros
2678 458 2907 531 catalogi
2948 461 3055 517 line
3088 459 3457 521 subnotatum,
3480 457 3613 513 nihil
3632 475 3753 513 am-

2171 552 2310 619 plius
2350 566 2415 606 ea:
2447 550 2629 606 eodem
2676 551 2933 623 Gregorio
2962 552 3213 607 Cerameo
3248 554 3302 607 in
3350 569 3411 607 ea
3437 560 3646 606 exstare
3674 551 3755 605 bi-

2177 640 2451 696 bliotheca.

2245 731 2377 785 Tam
2425 731 2571 786 clara
2616 740 2796 787 tamen
2844 741 3011 803 atque
3061 741 3245 801 aperta
3279 732 3616 802 sagacissimi
3653 732 3756 788 viri

2174 823 2575 893 signiﬁcatione
2601 838 2631 877 a
2660 822 3011 894 Theophanis
3031 840 3253 895 opcrum
3277 804 3590 893 inquirendi
3617 838 3755 880 con-

2176 915 2298 970 silio
2336 914 2559 969 minime
2600 925 2905 983 revocatus,
2934 918 3206 979 eumdem,
3242 916 3454 971 iteratis
3482 916 3549 970 ad
3594 930 3755 984 supra

2174 1007 2379 1062 dictum
2410 1005 2745 1061 Bernardum
2784 1009 3002 1075 litteris,
3045 1024 3239 1078 rogare
3286 1008 3477 1072 institi,
3513 1015 3570 1060 ut
3597 1021 3758 1060 accu-

2176 1102 2344 1154 ratius
2382 1100 2766 1171 investigaret,
2810 1102 2854 1155 si
2894 1114 2998 1170 qua
3037 1102 3246 1168 uspiam
3278 1098 3470 1153 lateret
3508 1096 3626 1165 ejus
3663 1113 3760 1151 au-

2177 1191 2367 1257 ctoris,
2411 1202 2503 1246 aut
2543 1193 2609 1246 ad
2639 1207 2766 1247 eum
2804 1193 3081 1260 pertinens
3116 1193 3363 1261 scriptio,
3402 1192 3578 1261 qualis
3606 1190 3756 1259 ejus-

2176 1285 2295 1338 dem
2350 1285 2711 1339 Homiliarum
2769 1284 3020 1349 Lexicon,
3071 1300 3100 1339 a
3134 1285 3195 1339 P.
3230 1284 3429 1339 Scorso
3474 1285 3526 1338 in
3567 1284 3757 1352 primis
3792 1268 3812 1303 ⁸

2182 1377 2642 1440 commendatum,
2686 1385 2744 1430 ut
2789 1376 3001 1446 plenius
3027 1376 3167 1430 infra
3198 1376 3528 1429 narrabitur.
3558 1374 3754 1429 Verum

2178 1467 2626 1538 diligentissimus
2659 1469 2748 1523 ille
2780 1469 2941 1538 regite
2988 1468 3336 1523 bibliotheca:
3365 1477 3570 1530 custos,
3600 1476 3758 1535 post-

2175 1574 2361 1627 quam,
2420 1560 2662 1614 adhibita
2718 1559 3033 1628 impensiori
3082 1575 3234 1625 cura,
3290 1558 3425 1612 nihil
3477 1559 3760 1611 invenerat

2176 1650 2323 1713 novi,
2354 1650 2611 1705 schedam
2647 1666 2806 1704 manu
2854 1666 2952 1706 sua
2983 1660 3263 1706 exaratam
3309 1650 3377 1705 ad
3428 1664 3512 1703 me
3545 1650 3760 1703 mittere

2179 1741 2422 1809 ejusdem
2459 1741 2723 1798 Bernardi
2774 1758 2940 1814 opera
2994 1758 3103 1798 non
3145 1752 3228 1798 est
3263 1748 3520 1811 gravatus
3550 1758 3564 1793 :
3597 1754 3759 1808 quam

2174 1833 2327 1888 velut
2358 1831 2473 1900 ejus
2507 1843 2617 1887 tum
2666 1834 2981 1903 diligentiae,
3029 1844 3140 1887 tum
3181 1832 3340 1886 ollicii
3376 1840 3568 1886 testem
3608 1830 3761 1885 locu-

2176 1923 2533 1991 pletissimum
2562 1924 2767 1994 placuit
2805 1925 2907 1977 huc
2941 1926 3259 1992 producere.

2255 2033 2273 2066 ι
2312 2015 2391 2068 En
2422 2017 2470 2068 el
2501 2015 2683 2069 lndice
2708 2016 2930 2083 antiguo
2952 2029 3058 2085 que
3094 2016 3239 2084 regia
3271 2023 3424 2069 antes
3448 2013 3533 2067 del
3568 2013 3759 2068 incen-

2178 2106 2266 2164 dio
2296 2107 2383 2161 del
2414 2121 2559 2161 anno
2590 2107 2721 2161 1671
2759 2122 2819 2161 se
2846 2117 3181 2161 encuentran
3229 2109 3294 2161 de
3324 2106 3587 2175 Gregorio
3618 2105 3765 2159 Tau-

2178 2212 2402 2253 romeno
2432 2198 2514 2254 las
2544 2198 2793 2254 homilias
2826 2216 2859 2269 y
2886 2200 3069 2253 titulos
3096 2200 3414 2269 siguieutes.

2250 2288 2307 2342 1.
2347 2306 2366 2340 ι
2400 2287 2654 2343 llomilia:
2681 2306 2712 2341 a
2747 2290 3028 2343 Dominica
3059 2287 3330 2357 Principis
3349 2288 3764 2342 Pnblieanorum

2178 2392 2226 2438 et
2274 2381 2488 2437 Zacluei
2525 2397 2689 2452 usque
2726 2383 2795 2434 ad
2833 2380 3171 2435 Dominicam
3220 2381 3275 2434 in
3319 2378 3501 2433 Ramis
3542 2378 3765 2433 Palma-

2179 2490 2319 2529 rum.

2249 2567 2304 2620 2.
2343 2585 2362 2617 ‹
2398 2565 2533 2620 Item
2573 2565 2807 2620 homilice
2844 2566 3198 2635 particulares
3221 2568 3383 2621 totius
3412 2566 3564 2619 anni.

2250 2659 2307 2714 5.
2354 2677 2373 2710 ι
2411 2657 2667 2713 Homilia:
2722 2676 2755 2712 a
2800 2659 3077 2713 Dominica
3124 2658 3392 2729 Principis
3443 2659 3769 2713 Publicano-

2181 2770 2300 2808 rum
2332 2771 2493 2824 usque
2523 2755 2592 2807 ad
2613 2764 2943 2808 transactam
2981 2754 3477 2823 Quadragesimam,
3500 2764 3546 2807 et
3568 2753 3767 2823 ﬁniunt

2180 2848 2235 2898 in
2260 2845 2392 2912 [esto
2419 2846 2668 2899 Omnium
2698 2845 3039 2901 Sanctorum.

2252 2938 2309 2993 4.
2356 2956 2374 2990 ι
2415 2934 2552 2991 Item
2579 2938 2633 2990 in
2660 2939 2901 2991 undecim
2932 2938 3199 2992 Matutino
3230 2938 3496 2993 Homiliee.

2248 3029 2304 3085 5.
2357 3048 2375 3081 ι
2416 3030 2646 3083 ιεπὶεοη
2687 3030 3074 3099 pra'cipuarum
3124 3031 3414 3085 dictionum
3464 3032 3770 3085 earumdem

2183 3121 2566 3177 llomiliarum.

2262 3228 2280 3261 ι
2322 3211 2449 3266 Este
2486 3211 2722 3266 Lexicon
2753 3209 2941 3265 estaba
2980 3209 3339 3281 incorporado
3372 3225 3439 3265 en
3476 3210 3525 3265 el
3563 3210 3763 3266 mismo

2187 3313 2331 3357 tomo
2354 3317 2419 3356 eu
2451 3317 2555 3371 que
2581 3318 2642 3359 se
2667 3302 2921 3357 hallabau
2954 3301 3036 3356 las
3071 3301 3332 3357 Homilias
3357 3303 3423 3357 de
3467 3302 3547 3357 los
3568 3301 3773 3358 Nume-

2186 3409 2275 3448 ros
2303 3394 2364 3459 2,
2394 3394 2449 3460 ‘5,
2483 3394 2537 3448 4.
2577 3392 2621 3447 Y
2657 3409 2827 3465 segun
2867 3408 3084 3463 parece,
3140 3394 3299 3450 habia
3351 3395 3447 3450 dos
3497 3394 3773 3463 exempla-

2186 3500 2298 3551 res,
2324 3494 2707 3539 como-consta
2743 3484 2811 3540 de
2837 3484 2918 3539 los
2952 3485 3204 3543 diversos
3234 3485 3453 3555 lugarcs
3485 3501 3589 3555 que
3633 3501 3771 3541 ocu-

2184 3578 2358 3647 paban
2395 3592 2461 3632 en
2488 3578 2535 3630 la
2571 3576 2925 3632 bibliotheca.
2957 3579 3033 3633 De
3059 3588 3211 3633 estos
3239 3581 3456 3648 perecio
3488 3579 3535 3632 el
3558 3594 3663 3647 que
3689 3589 3766 3633 te-

2185 3671 2273 3725 nia
2330 3680 2448 3726 esta
2496 3669 2651 3724 senal
2706 3670 2793 3726 Vl.
2836 3670 2898 3725 Γ.
2937 3669 2979 3725 1.
3014 3684 3047 3740 y
3082 3686 3149 3725 eo
3196 3680 3312 3725 este
3356 3685 3417 3725 se
3462 3671 3676 3725 hallaba
3721 3673 3771 3725 el

2185 3762 2445 3824 Lexicon.
2495 3762 2757 3818 Tambien
2814 3763 3028 3831 perecio
3071 3764 3120 3817 el
3155 3763 3242 3817 del
3286 3780 3515 3818 numero
3569 3763 3627 3817 1ο
3653 3762 3769 3818 Con

2183 3870 2291 3925 que
2338 3870 2409 3910 no
2446 3869 2548 3909 nos
2598 3855 2667 3908 ha
2694 3855 2942 3923 quedado
2989 3852 3120 3927 (que
3172 3854 3446 3925 sepamos)
3482 3871 3599 3910 mas
3635 3855 3774 3909 libro

2184 3962 2291 4016 que
2320 3946 2367 4001 el
2402 3945 2469 4000 de
2496 3946 2576 4001 las
2610 3945 2676 4000 57
2721 3944 3005 4011 Homilias,
3045 3946 3116 4001 de
3147 3961 3255 4015 que
3285 3947 3335 4001 di
3362 3947 3581 4001 noticia.
3613 3965 3633 3998 ι

2256 4037 2451 4093 Gravis
2481 4038 2793 4101 enimvero,
2830 4045 2886 4091 et
2919 4038 3274 4094 vehementer
3299 4037 3528 4093 dolenda
3575 4037 3776 4093 litteris

2181 4124 2396 4194 jactura
2429 4127 2445 4181 ι
2481 4128 2789 4196 praesertim
2848 4124 3051 4194 Lexici,
3082 4129 3148 4181 de
3191 4141 3318 4195 quo,
3367 4120 3623 4196 tanquam
3657 4126 3772 4180 siu-

2185 4218 2359 4286 gulari
2385 4228 2441 4272 et
2467 4219 2683 4274 cieteris
2713 4218 3065 4274 bibliothecis
3111 4220 3295 4289 ignoto
3330 4234 3552 4289 prorsus
3583 4234 3771 4288 opere,

2189 4311 2264 4364 ita
2307 4308 2538 4365 Scorsus
2567 4311 2709 4366 inter
2746 4311 3157 4367 Escurialenses
3183 4312 3532 4381 Theophanis
3556 4314 3774 4375 codices

2187 4399 2420 4454 Pratum.
2451 4416 2536 4467 ιιι,
2571 4400 2680 4473 §2,
2710 4403 2968 4457 disserit:
3008 4403 3275 4458 Praeterea
3301 4404 3353 4459 in
3392 4405 3541 4474 regia
3574 4404 3773 4460 biblio-

2191 4492 2348 4547 theca
2401 4492 2632 4564 llispan.
2684 4495 2738 4548 in
2783 4496 3115 4551 monasterio
3172 4497 3230 4549 S.
3277 4494 3583 4561 Laurentii,
3628 4497 3773 4566 quod

2188 4582 2522 4640 Escurialem
2564 4595 2783 4651 vocant,
2817 4587 3122 4657 Γρηγορίου
3154 4589 3455 4641 ἐπισκόπου
3487 4589 3582 4659 τῆς
3617 4590 3773 4642 Σικε-

2187 4673 2308 4738 λίας
2341 4674 2556 4745 ὁμιλίαι
2607 4677 2715 4729 ἀπὸ
2753 4677 2847 4729 τοῦ
2889 4678 3317 4748 Ἀρχιτελὼνου,
3360 4689 3414 4734 et
3459 4679 3512 4733 in
3552 4680 3658 4733 alio
3687 4692 3774 4732 co-

2189 4764 2329 4829 dice,
2374 4764 2617 4835 Ὀμιλίαι
2647 4766 2744 4820 τοῦ
2779 4768 2905 4820 ὅλου
2943 4769 3218 4824 ἐνιαυτοῦ.
3264 4767 3507 4840 Gregorii
3541 4769 3773 4839 episcopi

2189 4854 2394 4911 Sicilia:
2436 4858 2668 4913 homiliis:
2699 4876 2731 4913 a
2768 4862 3002 4930 principe
3035 4864 3436 4929 publicanorum
3475 4863 3772 4922 inchoatae;

2188 4947 2422 5003 homilias
2471 4953 2634 5004 tutius
2680 4953 2828 5016 anni,
2856 4968 2995 5022 quas
3044 4970 3176 5009 sane
3204 4955 3423 5008 easdem
3465 4969 3589 5009 esse
3612 4965 3773 5022 atque

2189 5040 2289 5096 has
2316 5056 2452 5111 quas
2498 5042 2818 5113 evulgamus
2865 5044 3022 5098 ﬁdem
3077 5046 3207 5099 fecit
3234 5044 3297 5099 D.
3344 5045 3623 5101 Marianus
3643 5045 3777 5100 Vul-

2190 5150 2460 5203 guarnera
2513 5134 2960 5201 Panormitanus,
3002 5151 3109 5190 non
3160 5139 3333 5206 magis
3377 5152 3575 5206 genere
3601 5154 3764 5207 quam

2190 5226 2488 5280 litterarum
2534 5225 2844 5282 Grmcarum
2886 5228 3194 5283 eruditione
3235 5230 3454 5296 clarus;
3535 5231 3621 5284 cui
3656 5230 3773 5283 Ma-

2192 5318 2321 5372 driti
2359 5319 2415 5371 in
2465 5319 2618 5387 regia
2648 5317 2885 5389 Philippi
2914 5319 2982 5373 ιν
3015 5321 3231 5391 degenti
3276 5324 3552 5390 negotium
3590 5323 3645 5378 in
3672 5324 3775 5378 hac

2191 5424 2251 5464 re
2277 5410 2545 5464 litterario
2580 5412 2724 5476 dedi,
2752 5423 2810 5464 ut
2839 5412 2907 5467 de
2951 5412 3035 5466 his
3070 5412 3309 5466 homiliis
3344 5414 3517 5483 deque
3553 5427 3775 5471 auctore

2193 5514 2567 5575 cognosceret,
2596 5514 2652 5559 et
2689 5520 2755 5559 ex
2781 5505 2959 5559 indice
2990 5520 3178 5561 earum
3210 5521 3346 5575 quas
3381 5510 3522 5577 apud
3564 5523 3650 5561 me
3675 5509 3775 5562 hac

2192 5598 2407 5665 bebam,
2432 5599 2498 5651 ad
2538 5598 2715 5667 ipsum
2752 5598 3077 5652 transmisso
3113 5597 3387 5654 conferret
3431 5609 3773 5666 argumenta,

2192 5688 2582 5759 inscriptiones
2610 5699 2666 5745 et
2694 5692 2867 5760 prima
2892 5691 3179 5763 ,cujusque
3220 5692 3408 5757 verba,
3438 5692 3632 5760 quibus
3663 5693 3777 5746 col-

2198 5781 2329 5839 latis
2351 5781 2574 5841 easdem
2596 5797 2717 5842 esse
2747 5786 3032 5857 comperit,
3063 5799 3199 5855 quas
3227 5785 3369 5856 apud
3419 5799 3504 5841 me
3542 5799 3663 5841 esse
3691 5784 3780 5839 in-
