4122 6418
500 357 575 423 ιθ
1684 350 2067 413 RECENSIO
2104 353 2268 418 COD.
2310 355 2630 417 MATRIT.
3699 349 3770 414 44

575 462 801 518 Ἐπεστί
855 476 943 532 μοι
981 456 1261 527 Θαυμάσαι
1298 456 1396 528 τὴν
1436 457 1534 529 τῆς
1574 458 1776 530 ἀρετῆς
1818 460 2073 530 ἰδιότητα.

498 564 600 620 SC.
630 561 722 616 54.

583 657 801 728 Έπέχει
850 672 953 727 μου
981 654 1081 726 τὴν
1110 651 1354 724 γλῶτταν
1398 650 1615 723 ήνόσος
1663 645 1757 701 τοῦ
1802 645 2076 717 σώματος.

499 751 530 786 C

499 751 530 786 ς

498 750 708 896 Sag;
753 840 851 913 τὴν
905 839 1060 911 ἱερὰν
1112 835 1361 908 Βηθλεὲμ
1398 834 1521 904 ἀγει
1568 833 1809 904 σήμερον
1848 831 1996 901 ἡμᾶς
2042 829 2077 899 ή

497 936 780 992 θεσπεσία.
812 932 912 989 SC.
940 933 1028 988 52.

579 1030 702 1083 Ἐπὶ
744 1027 845 1099 τὴν
877 1024 1199 1097 Τιϐεριάδος
1246 1023 1444 1094 λίμνην
1491 1020 1735 1090 σήμερον
1783 1017 1879 1070 καὶ
1918 1016 2081 1086 ἡμεῖς

497 1123 574 1193 τῷ
610 1122 777 1193 λόγῳ.
809 1119 911 1175 SC.
941 1116 1030 1173 56.

566 1213 800 1267 Εὑκαλεῖ
835 1210 933 1281 μὲν
964 1209 1136 1280 ἡμᾶς,
1161 1200 1205 1261 ὧ
1239 1206 1531 1276 φιλέορτοι,
1558 1203 1818 1273 σήμερον.
1850 1198 1948 1254 SC.
1984 1197 2073 1252 47.

566 1305 862 1376 Εὐλογήσω
890 1303 981 1355 τὸν
1016 1301 1221 1372 Κύριον
1256 1302 1311 1353 ἐν
1345 1298 1508 1352 παντὶ
1539 1295 1715 1368 καιρῷ
1743 1290 1830 1347 διά
1856 1289 2075 1351 παντός.

492 1399 560 1454 Μ.
594 1398 662 1454 ιι.
694 1397 782 1454 69.
817 1395 856 1468 ές

568 1489 871 1561 Εὐλογητὸς
918 1489 944 1541 6
989 1486 1119 1552 Θεδς
1146 1487 1174 1539 ό
1208 1481 1553 1547 καταξιώσας
1586 1480 1733 1552 ἡμᾶς
1756 1476 2076 1549 διαδραμεῖν

492 1588 592 1655 τὴν
626 1582 895 1654 κυκλικὴν
925 1580 1018 1635 τοῦ
1054 1579 1248 1651 χρόνου
1283 1574 1551 1649 περίοδον.
1582 1572 1683 1629 SC.
1724 1573 1775 1625 l.

562 1676 868 1746 Εὐλογητὸς
900 1677 927 1729 6
949 1674 1081 1737 Θεὺς
1106 1675 1132 1726 ό
1157 1669 1504 1737 καταξιώσας
1534 1667 1679 1737 ἡμᾶς
1717 1664 1844 1717 ἰδεῖν
1872 1660 2075 1732 ταύτην

493 1769 592 1839 τὴν
626 1767 790 1836 ἁγίαν
822 1766 915 1819 καὶ
939 1763 1200 1835 λαμπρὰν
1235 1761 1451 1832 ἑορτήν.
1480 1757 1551 1812 Μ.
1583 1756 1652 1811 Μ.
1686 1756 1773 1809 74.
1808 1753 1849 1825 ’ί-

569 1859 849 1928 Ἕφθασεν
876 1857 909 1923 ἡ
945 1852 1282 1924 εὐαγγελικὴ
1311 1850 1600 1923 φιλοσοφία
1628 1848 1735 1902 ἀπὸ
1762 1847 1871 1899 τῶν
1902 1845 2072 1899 κάτω.

494 1951 596 2008 SC.
625 1951 711 2006 17.

570 2045 639 2099 Ἠ
690 2044 772 2109 είς
817 2042 911 2097 τὸν
964 2040 1219 2113 Τελώνην
1270 2039 1367 2093 καὶ
1419 2036 1713 2107 Φαρισαῖον
1763 2030 2072 2104 παραϐολή.

488 2137 642 2280 AL};
845 2224 1139 2299 μετανοίας
1193 2222 1340 2294 πύλη
1385 2221 1495 2276 ίδοὺ
1544 2219 1837 2291 ἢνέφκται’
1884 2216 1953 2271 Μ’
1999 2214 2073 2271 Μ’

492 2319 561 2374 68
574 2317 658 2467 LI:
664 2410 757 2465 τοῦ
793 2408 1111 2481 Πνεύματος
1139 2407 1365 2478 δύναμις
1388 2408 1445 2461 ἐν
1473 2403 1731 2476 ἀσθενείᾳ
1751 2401 2071 2456 τελειοῦται.

489 2507 557 2561 ιι.
590 2505 658 2561 ιι.
696 2502 786 2558 60.
811 2502 850 2574 -ιη

565 2601 724 2662 Ἴσως
768 2596 867 2666 μὲν
893 2592 1141 2665 ἐπαχθὴς
1167 2591 1304 2659 δόξω
1339 2594 1475 2662 πρὸς
1504 2590 1603 2662 τὴν
1628 2589 1905 2661 ὑμετέραν
1932 2585 2074 2655 ἀγά-

488 2684 619 2761 3139.
653 2689 755 2745 SC.
782 2687 874 2742 27.

564 2782 674 2836 Καὶ
698 2778 996 2851 κιθαρῳδὸς
1029 2776 1170 2850 ἀνὴρ
1199 2776 1460 2842 πολλάκις
1492 2776 1591 2840 τὰς
1628 2774 1822 2845 ἀγυιᾶς
1852 2770 2076 2843 διερχό-

493 2893 680 2948 μενος.
712 2875 815 2930 SC.
843 2873 931 2929 56.

564 2968 676 3021 Καὶ
704 2966 792 3020 ὅτε
825 2962 1179 3035 ἐπλήσθησαν
1214 2964 1272 3016 αῑ
1301 2960 1505 3033 ἡμέραι
1542 2957 1690 3014 ὀκτὼ
1719 2956 1813 3011 τοῦ
1851 2970 2075 3026 περιτε-

483 3060 635 3132 μεῖν.
666 3059 736 3113 Μ.
767 3055 840 3113 Μ.
873 3056 962 3111 58.
988 3055 1030 3127 ’ί-

562 3149 680 3205 Καὶ
711 3148 980 3219 παράγων
1024 3147 1053 3200 6
1109 3143 1320 3219 Ἰησοῦς
1367 3138 1510 3198 εἶδεν
1553 3140 1839 3211 ἄνθρωπον
1876 3137 2076 3208 τυφλὸν

489 3249 556 3301 ὲκ
584 3244 829 3316 γενετῆς.
864 3243 934 3298 Μ.
964 3242 1036 3297 Μ.
1070 3242 1161 3299 55.
1183 3240 1225 3313 ἰ-

562 3336 675 3391 Kal
704 3334 1111 3408 χρεωφειλέτης
1152 3333 1473 3404 εὐχάριστος
1504 3329 1607 3385 κᾶν
1656 3327 1931 3401 μηδεμίαν
1971 3322 2076 3378 ὑπὸ

489 3427 584 3481 τοῦ
612 3423 916 3479 δανειστοῦ.
950 3422 1051 3478 SC.
1078 3422 1169 3478 42.

566 3513 841 3569 Καλοῦσιν
869 3514 949 3576 εἰς
987 3513 1077 3566 τὸν
1108 3510 1289 3583 γάμον
1314 3511 1406 3564 τὸν
1440 3508 1670 3581 Κύριον.
1703 3506 1863 3562 ALL.
1890 3506 1944 3561 5.
1979 3504 2018 3576 ’ζ-

560 3608 758 3673 Καλῶς
799 3608 1112 3677 ἐφήρμοσεν
1153 3605 1189 3675 ἡ
1235 3602 1389 3668 τάξις
1428 3601 1530 3673 τὴν
1576 3599 1670 3654 τοῦ
1754 3596 2073 3669 Προδρόμου

489 3701 793 3757 τελείωσιν.
830 3698 932 3755 SC.
965 3697 1055 3752 61.

564 3792 810 3863 Λαμπρά
850 3789 1033 3861 ἑορτὴ,
1074 3786 1173 3843 καὶ
1217 3786 1524 3858 πανήγυρις
1567 3782 1773 3854 ἐπέστη
1809 3781 2070 3853 σήμερον.

490 3885 592 3949 SC.
627 3883 718 3938 20.

559 3973 806 4046 Λαμπρά
833 3972 910 4044 τῷ
942 3971 1079 4036 ὄντι,
1111 3969 1206 4024 καὶ
1234 3966 1541 4040 περιφανὴς
1574 3967 1608 4038 ή
1644 3964 1898 4038 παροῦσα
1930 3979 2069 4017 παν-

487 4072 711 4141 ήγυρις.
741 4065 843 4121 SC.
880 4064 974 4121 59.

560 4159 752 4231 Μαρία
779 4156 1030 4227 εἱστήκει
1070 4154 1208 4228 πρὸς
1252 4154 1314 4208 τὸ
1351 4151 1618 4225 μνημεῖον
1654 4150 1916 4206 κλαίουσα
1942 4149 2069 4215 ἔξω.

489 4250 841 4396 ὃίῖίῗέτικδν
875 4340 1008 4412 ἡμῖν
1041 4338 1258 4393 δεῖπνον
1303 4338 1338 4410 ὴ
1374 4336 1660 4402 θεόλεκτος
1699 4336 1791 4390 τοῦ
1822 4336 2071 4405 Εὖαγγε-

491 4432 609 4490 lio»
638 4434 813 4498 φωνή.
850 4430 953 4488 SC.
984 4431 1072 4487 15.

560 4520 677 4575 Νῦν
716 4523 850 4593 ἡμῖν
886 4522 915 4575 6
951 4524 1052 4595 τῆς
1097 4521 1426 4595 ἐγκρατείας
1474 4523 1666 4595 καιρὸς
1715 4521 1953 4593 ἔφθασεν
1989 4537 2070 4584 ε.ς

490 4617 622 4669 αὐτὸ
651 4615 712 4667 τὸ
741 4616 1091 4686 μεσαίτατον.
1127 4614 1230 4672 SC.
1257 4615 1348 4671 22.

566 4708 630 4762 ὐ
666 4707 765 4777 μὲν
790 4709 983 4779 καιρὸς
1015 4709 1152 4781 πρὸς
1182 4708 1316 4763 αὐτὸ
1343 4709 1403 4764 τδ
1431 4707 1526 4763 τοῦ
1571 4708 1731 4779 ἔαρος
1769 4708 1917 4780 ἡμᾶς
1947 4704 2073 4775 άγει

489 4800 925 4872 ἀκροτελεὺτιον.
950 4798 1060 4856 SC.
1090 4798 1181 4856 4i.
1445 4831 1449 4835 -

574 4890 635 4943 Ὀ
663 4890 763 4962 μὲν
792 4891 890 4962 τῆς
932 4893 1263 4964 ἐγκρατείας
1292 4892 1484 4964 καιρὸς
1511 4891 1613 4964 ἤδη
1646 4889 1937 4962 προέκοψε,
1979 4888 2073 4943 καὶ

492 4984 630 5054 πρδς
658 4984 791 5036 αὐτὸ
824 4984 1052 5054 ἔφθακε.
1082 4984 1184 5041 SC.
1219 4985 1311 5042 24.

564 5073 631 5128 Ὅ
667 5075 873 5146 Πέτρος
904 5076 1145 5139 ἀναστὰς
1174 5074 1412 5147 ἔδραμεν
1437 5078 1530 5132 ἐπὶ
1568 5077 1630 5132 τὸ
1663 5079 1946 5149 μνημεῖον,
1977 5077 2072 5131 καὶ

490 5167 845 5236 παρακύψας.
872 5166 976 5225 SC.
1009 5168 1101 5223 52.

557 5258 634 5314 ’Ὁ
675 5259 777 5329 τῆς
821 5261 1102 5332 ἡμετέρας
1134 5261 1428 5327 πολιτείας,
1467 5255 1514 5317 ὣ
1555 5264 1813 5335 πατέρες,
1849 5264 2070 5328 σκοπός.

486 5353 560 5408 Μ.
592 5350 665 5406 ιι.
699 5351 860 5423 68.1-

550 5444 623 5498 Oi
654 5443 910 5517 ἀγύρται,
941 5447 1036 5500 καὶ
1063 5447 1308 5518 ἀγελαῖοι
1337 5448 1563 5518 πένητες
1587 5446 1683 5513 τὰς
1711 5448 1888 5512 οίκίας
1916 5466 2071 5521 περι-

368 5552 379 5572 ι
488 5535 823 5601 νοστοῦντες.
858 5537 961 5596 SC.
986 5539 1079 5595 45.

554 5623 626 5674 Oi
673 5627 916 5692 ἀεννάως
948 5631 1166 5702 ῥέοντες
1218 5628 1480 5703 ποταμοὶ,
1514 5632 1639 5687 οὔτε
1682 5632 1760 5705 τῷ
1791 5634 1942 5707 θέρει
1975 5635 2071 5710 λή-

489 5727 651 5779 γουσι
678 5714 919 5782 νάοντες.
958 5720 1059 5776 SC.
1086 5722 1174 5778 50.

554 5801 624 5854 0i
657 5802 714 5855 ἐν
746 5807 859 5870 τοῖς
893 5809 1138 5872 ἱππικοῖς
1176 5810 1361 5877 ἄθλοις
1390 5813 1807 5886 ἀγωνιζόμενοι.
1847 5811 1948 5869 SC.
1977 5813 2062 5873 19.

2263 467 2326 520 Oi
2360 467 2604 538 κηφῆνες
2656 458 2795 530 εἶδός
2838 461 2955 515 ὲστι
3014 458 3285 532 μελιςσῶν
3344 460 3513 532 ἀργόν
3567 478 3623 514 τε
3677 464 3772 516 καὶ

2188 561 2481 631 ἄχρηστον.
2512 558 2613 615 SC.
2650 558 2737 612 12.

2261 653 2324 705 Οί
2361 652 2459 722 μὲν
2491 648 2743 721 αἰσθητοὶ
2782 647 3050 719 λειμῶνες
3091 647 3199 700 τῶν
3241 645 3501 699 ποικίλων
3538 647 3769 701 ἀνθέων.

2188 744 2289 800 SC.
2315 744 2404 799 28.

2259 836 2325 892 Οἱ
2358 836 2724 906 παιδοτρίϐαι,
2760 834 2851 887 καὶ
2890 831 3001 886 τῶν
3029 832 3167 885 νέων
3200 830 3529 885 διδάσκαλοι.
3566 828 3668 885 SC.
3713 829 3769 883 2.

2259 933 2322 984 Oi
2357 930 2493 1000 πρὸς
2517 931 2615 1001 τὴν
2641 928 2924 999 πάνδημον
2967 925 3172 994 ταύτην
3221 922 3603 995 ἀθροισθέντες
3637 939 3770 975 παν-

2187 1026 2405 1095 ήγυριν.
2432 1022 2531 1079 SC.
2558 1021 2644 1077 58.

2257 1116 2320 1170 Oi
2352 1116 2447 1177 τὰς
2481 1114 2700 1185 μακρὰς
2732 1113 3046 1182 ἀποδημίας
3081 1113 3203 1167 κατ’
3234 1112 3507 1185 ἐμπορίαν
3537 1113 3770 1167 πλούτου

2189 1203 2553 1275 στελλόμενοι.
2581 1201 2684 1258 SC.
2717 1204 2770 1257 7.

2257 1289 2384 1349 Οἷόν
2420 1313 2472 1348 τι
2514 1294 2747 1365 πάσχειν
2775 1294 2932 1348 εἴωθε
2966 1294 3171 1366 ποιμὴν
3203 1295 3627 1367 πληθυνθείσαν.
3662 1293 3766 1352 SC.

2183 1387 2273 1442 45.

2257 1475 2388 1534 Οἷόν
2413 1497 2465 1532 τι
2502 1478 2804 1550 πάσχουσιν
2845 1480 2895 1535 οί
2942 1481 3049 1535 ἀπό
3083 1499 3228 1544 τινος
3274 1482 3506 1554 ὑψηλῆς.
3540 1483 3640 1538 SC.
3676 1484 3768 1539 18.

2256 1568 2381 1626 Οἷόν
2415 1590 2467 1627 τι
2502 1572 2823 1643 συμϐαίνειν
2853 1573 3013 1627 εἴωθε
3053 1575 3181 1645 περὶ
3218 1575 3288 1628 τὰ
3323 1574 3492 1647 μύρα.
3540 1573 3639 1630 SC.
3673 1575 3765 1632 45.

2271 1663 2413 1734 Ὀρῶ
2446 1665 2688 1736 σήμερον
2727 1664 2821 1717 τοῦ
2868 1664 3105 1735 μεγάλου
3133 1665 3285 1719 τοῦδε
3325 1665 3455 1720 ναοῦ
3483 1666 3575 1720 τὸν
3606 1666 3772 1721 σεϐά-

2187 1777 2345 1829 σμιον
2369 1757 2588 1827 ὄροφον.
2620 1756 2722 1814 SC.
2754 1756 2809 1811 4.

2262 1850 2444 1921 Ὀρῶν
2475 1849 2720 1920 σήμερον
2762 1850 2855 1903 τὸν
2889 1850 3195 1920 ἁγιώτατον
3228 1853 3329 1921 τῆς
3359 1850 3627 1919 παναγίου
3671 1851 3768 1902 Δε-

2185 1944 2414 2016 σποίνης
2443 1944 2595 2000 ναόν.
2637 1941 2738 1999 SC.
2776 1943 2865 2000 40.

2260 2040 2358 2103 Ὃς
2405 2035 2817 2109 προοιμιάστως
2864 2035 2945 2108 τῷ
2994 2036 3207 2106 Σωτῆρι
3263 2037 3505 2107 σήμερον
3562 2035 3767 2108 νοητῶς

2181 2128 2535 2201 ἑφεψώμεοα.
2561 2127 2660 2184 SC.
2691 2128 2781 2184 58.
2820 2126 3110 2200 Perperam
3144 2128 3242 2193 Ὅς
3273 2145 3288 2184 :
3318 2128 3453 2185 forte
3479 2130 3552 2184 Οὐ
3586 2129 3770 2202 legvn-

2183 2225 2333 2279 dum.
2370 2221 2500 2278 Vide
2533 2223 3035 2294 ’Λπροοιμιάστως.

2256 2316 2426 2369 Ὅταν
2450 2312 2581 2386 ἔλθῃ
2613 2315 2640 2367 6
2679 2312 2807 2376 Υἱὸς
2852 2314 2948 2367 τοῦ
2997 2312 3288 2385 ἀνθρώπου
3324 2314 3383 2370 ὲν
3425 2317 3491 2388 τῇ
3521 2314 3649 2389 δόξῃ
3670 2318 3768 2372 αὖε

2181 2403 2296 2459 τοῦ.
2324 2403 2395 2459 M.
2431 2404 2501 2459 Μ.
2529 2413 2683 2459 extra
2718 2418 3022 2459 numerum.
3052 2403 3093 2475 -ι-

2256 2496 2387 2549 Ὀτε
2424 2494 2561 2567 πρὸς
2594 2494 2691 2566 τὴν
2742 2493 2938 2548 ἑαυτοῦ
2996 2496 3147 2550 θείαν
3201 2497 3371 2572 αὐλὴν
3420 2502 3448 2555 6
3492 2499 3771 2572 Δεσπότης

2183 2588 2391 2644 ἐκάλει.
2422 2588 2525 2645 SC.
2560 2589 2651 2644 51.

2255 2681 2385 2736 Ὅτε
2414 2683 2513 2753 τὴν
2540 2681 2683 2737 κατὰ
2710 2680 2810 2755 τῆς
2835 2683 3113 2757 ἡμετέρας
3142 2682 3361 2754 φύσεως
3386 2685 3626 2757 ἀρχῆθεν
3650 2685 3769 2739 ἑπι-

2184 2773 2403 2844 ϐουλήν.
2431 2773 2530 2830 SC.
2563 2774 2652 2830 55.

2265 2868 2511 2939 Ὀτρύνει
2549 2871 2649 2940 μὲν
2680 2868 2848 2923 ἵππον
2891 2869 3171 2941 ἀγέρωχον
3210 2869 3398 2934 πεδιάς
3443 2868 3745 2941 ήπλωμένη

2186 2958 2285 3015 SC.
2315 2960 2405 3014 25.

2255 3050 2331 3104 Οὐ
2361 3051 2610 3118 κατόπιν,
2634 3050 2712 3117 ὡς
2747 3054 2777 3107 6
2818 3052 3000 3124 λόγος,
3034 3053 3246 3126 ἥκομεν
3296 3056 3513 3127 ἑορτῆς.
3546 3055 3646 3114 SC.
3678 3058 3766 3114 57.

2181 3142 2260 3198 lla
2307 3143 2619 3214 legendum,
2670 3159 2778 3201 non
2811 3144 3067 3211 πατόπιν,
3108 3158 3170 3201 ut
3212 3152 3467 3205 mendose
3510 3165 3768 3207 cxcusum

2187 3245 2293 3291 est.

2252 3328 2551 3400 Οὑμόνον
2610 3329 3037 3402 περιπολοῦντες
3094 3333 3428 3405 σωματικῶς
3474 3335 3533 3389 ἐν
3580 3336 3645 3406 τῇ
3693 3336 3764 3408 τῇ

2181 3418 2276 3472 τοῦ
2317 3420 2593 3490 Σωτῆρος.
2628 3419 2730 3477 SC.
2762 3421 2856 3477 49.

2254 3513 2329 3567 Οὐ
2363 3513 2926 3590 τοσοῦτοναύχμώδης
2947 3517 3040 3590 γῆ,
3064 3518 3160 3575 καὶ
3193 3519 3433 3591 κραναὴ,
3470 3520 3567 3574 καὶ
3592 3519 3764 3574 κατά-

2184 3601 2371 3674 ξηρος.
2401 3603 2505 3660 SC.
2540 3604 2628 3660 11.

2252 3695 2433 3768 Οὔσης
2470 3696 2629 3767 ὀψίας
2669 3700 2735 3771 τῇ
2771 3699 2957 3772 ἡμέρᾳ
3004 3701 3194 3774 ἐκείνῃ
3230 3704 3296 3774 τῇ
3335 3704 3436 3774 μιᾷ
3478 3703 3587 3757 τῶν
3620 3703 3766 3758 Σαϐ-

2181 3786 2383 3841 ϐάτων.
2420 3787 2521 3843 SC.
2557 3789 2648 3845 55.

2252 3878 2426 3933 Πάλαι
2471 3879 2572 3950 μὲν
2605 3881 2633 3934 6
2670 3880 2904 3953 θεόπτης
2933 3883 3139 3954 Μωσῆς
3181 3883 3400 3937 ἀνάνων
3426 3884 3519 3939 τὸν
3552 3885 3766 3959 Ἰσραη-

2180 3971 2390 4026 λιτικὸν
2418 3971 2568 4028 λαόν.
2608 3971 2710 4029 SC.
2741 3974 2835 4030 28.

2254 4063 2423 4117 Πάλιν
2447 4065 2479 4136 ἡ
2508 4064 2842 4136 εὐαγγελικὴ
2864 4066 3017 4138 φωνὴ
3042 4066 3178 4137 πρὸς
3200 4068 3301 4140 τὴν
3322 4070 3595 4143 πατρικὴν
3618 4072 3767 4144 ἡμᾶς

2179 4156 2463 4226 ἁνάγουσα
2495 4158 2766 4229 κλίμακα.
2797 4158 2896 4215 SC.
2932 4160 3018 4215 16.

2252 4248 2421 4302 Πάλιν
2456 4249 2489 4319 ή
2514 4249 2609 4302 τοῦ
2632 4249 2766 4304 Θεοῦ
2797 4251 3162 4316 ὲνυπόστατος
3193 4253 3358 4325 σοφία
3391 4255 3485 4309 καὶ
3508 4255 3764 4329 δύναμις.

2250 4435 2423 4489 Πάλιν
2453 4437 2587 4506 ἡμῖν
2633 4435 2803 4507 ήτῆς
2860 4435 3136 4507 βασιλίδος
3184 4438 3292 4493 τῶν
3338 4441 3543 4512 ἑορτῶν
3576 4442 3763 4517 ἑορτή.

2178 4528 2252 4583 Μ.
2286 4527 2357 4582 Μ.
2399 4528 2484 4584 78.
2514 4527 2554 4598 ἰ-

2251 4622 2534 4693 Πατρικῆς
2568 4621 2792 4692 μνήμης
2828 4622 3021 4696 ἑορτὴν
3051 4625 3260 4697 ἄγομεν
3283 4629 3547 4701 σήμερον,
3579 4624 3624 4685 ὧ
3652 4632 3767 4685 Πα-

2176 4711 2376 4784 τέρων.
2410 4713 2479 4768 Μ.
2513 4713 2582 4768 Μ.
2618 4714 2707 4769 65.
2738 4714 2778 4785 -ξ-

2252 4804 2462 4876 Πολλὴν
2478 4806 2805 4860 πανδαισίαν
2819 4808 2950 4878 ἡμῖν
2972 4809 2999 4862 6
3025 4809 3338 4883 ὲπιστήθιος
3371 4812 3767 4883 εὐαγγελιστὴς

2180 4897 2493 4967 προτίθησι.
2529 4897 2631 4954 SC.
2662 4899 2752 4954 25.

2248 4990 2555 5063 Πολυτελὴν
2604 4994 2905 5047 πανδασίαν
2961 4996 3117 5065 ἡμῖν,
3164 5005 3267 5050 etc.
3305 4994 3374 5050 M.
3410 4995 3483 5051 M.
3536 4995 3764 5060 Eadem,

2179 5096 2299 5152 quae
2328 5085 2579 5151 superius
2609 5083 2839 5153 incipit:
2873 5086 3083 5155 Πολλὴν
3128 5086 3478 5151 πανδαισίαν,
3515 5098 3620 5142 etc.

2251 5172 2366 5243 Πρὸ
2401 5174 2511 5244 γὰρ
2549 5173 2644 5227 τοῦ
2676 5175 2929 5230 ἑκουσίου
2976 5177 3184 5240 πάθους
3226 5178 3704 5247 ἐπαγγειλάμενος
3739 5180 3768 5233 ό

2180 5265 2393 5336 Σωτήρ.
2429 5264 2582 5320 ALL.
2611 5267 2665 5322 ε.
2694 5266 2736 5339 ἰ-

2251 5356 2612 5426 Προέφθασάν
2654 5376 2721 5429 με
2761 5360 2973 5431 ἡμέραι
3016 5361 3294 5434 πτωχείας
3320 5377 3334 5393 ·
3367 5361 3569 5417 στένων
3597 5363 3769 5417 πεπό-

2180 5468 2405 5523 ρευμαι.
2441 5452 2513 5508 Μ.
2545 5453 2615 5508 Μ.
2659 5455 2745 5510 75.
2777 5454 2819 5526 -ι-

2254 5544 2577 5615 Προσέχετε,
2612 5545 2739 5608 λαός
2781 5564 2906 5618 μου,
2943 5549 3035 5602 τὸν
3068 5547 3233 5619 νόμον
3273 5566 3375 5619 μου
3404 5565 3419 5580 ο
3456 5548 3675 5602 κλίνατε
3708 5550 3769 5602 τδ

2178 5633 2270 5698 οὓς
2302 5635 2475 5705 ὑμῶν.
2517 5636 2587 5694 M.
2626 5637 2697 5692 Μ.
2731 5639 2818 5693 75.
2844 5637 2886 5710 ἰ’

2256 5729 2637 5799 Προφητικαῖς
2666 5731 2985 5802 πειθόμενοι
3024 5733 3250 5804 ρήσεσιν
3293 5731 3678 5795 ἀποπολικσίς
3706 5748 3766 5785 τι

2183 5822 2570 5895 παραινέσεσιν
2604 5822 2826 5895 ἤχοντες
2858 5825 2986 5898 (leg.
3023 5825 3362 5899 ἀκούοντες).
3392 5824 3461 5881 Μ.
3492 5824 3562 5880 Μ.
3600 5823 3687 5881 70.
3726 5823 3769 5883 ἰ·
