4122 6416
382 397 453 458 ιιί
1578 396 1960 458 RECENSIO
2000 395 2165 455 COD.
2204 398 2517 459 MATRI'I‘.
3596 401 3667 464 46

448 512 697 581 Σήμερον
738 512 773 581 ἠ
822 510 1121 582 Ἐκκλησὲα
1150 510 1491 582 δᾳδουχεῖται
1527 511 1828 580 μυστικῶς.
1862 508 1963 564 SC.

373 608 466 662 55.

447 701 696 770 Σήμερον
727 699 831 769 τῆς
858 700 1020 770 ἡμῶν
1051 698 1325 768 σωτηρίας
1368 700 1400 767 ἠ
1436 694 1726 766 οἰκονομία
1755 693 1971 763 πεπλή-

376 810 571 865 ρωται.
601 793 667 847 Μ.
705 793 776 847 tt.
812 793 903 847 so.
933 791 973 862 -ιρ

448 888 722 954 Συγκαλεῖ
752 886 854 957 μὲν
882 888 1049 955 ἡμᾶς,
1076 896 1179 939 etc.
1215 882 1340 939 ESC
1396 883 1617 945 Eadem,
1654 897 1774 951 quae
1807 895 1967 950 supra

374 981 571 1049 incipit
608 999 622 1035 :
662 979 902 1032 Εὒκαλεῖ
935 978 1032 1047 μὲν
1063 979 1231 1048 ἡμᾶς.

449 1072 757 1143 Συνήδομαί
807 1090 915 1137 σοι,
951 1071 1123 1137 πόλις,
1168 1070 1260 1123 καί
1292 1087 1393 1135 σοι,
1430 1068 1539 1121 θεῖε
1580 1066 1689 1120 τῶν
1734 1065 1968 1120 ἀνακτό-

370 1184 490 1234 ρων
524 1164 643 1218 ναέ.
680 1162 783 1218 se.
824 1163 916 1218 55.
1968 1146 1978 1155 ’

451 1257 673 1327 Ταύτην
714 1254 828 1324 ἐγὼ
856 1255 1086 1325 πάσχειν
1128 1254 1281 1306 ἔοικα
1319 1252 1586 1322 σήμερον,
1628 1249 1767 1303 ὅσοι.
1799 1247 1867 1303 Μ.
1895 1248 1966 1303 Μ.

368 1352 466 1407 56.
504 1351 568 1421 τ.

446 1445 656 1513 Τέρπει
690 1441 786 1511 μὲν
824 1438 925 1504 τὰς
955 1438 1107 1509 ὄψεις
1138 1439 1376 1508 ἀνίσχων
1408 1437 1506 1501 τῆς
1546 1435 1687 1507 ἑῴας
1727 1438 1756 1489 6
1792 1436 1964 1508 ἥλιος.

368 1537 475 1593 SC.
511 1536 604 1591 29.

443 1631 562 1699 Τῆς
607 1626 879 1698 μυστικῆς
918 1624 1135 1694 ἐκείνης
1168 1622 1261 1678 καὶ
1311 1620 1464 1687 θείας
1517 1622 1782 1693 κλίμακος
1828 1623 1897 1695 ἣν
1940 1624 1968 1676 6

367 1724 506 1784 Θεὸς
541 1720 813 1786 ὑπέδειξε.
849 1717 949 1773 SC.
982 1717 1068 1771 15.

446 1812 549 1875 Τίς
582 1808 746 1862 δώσει
783 1810 849 1877 τῇ
881 1803 1095 1876 κεφαλῇ
1135 1821 1237 1875 μου
1275 1802 1444 1874 ὕδωρ;
1482 1804 1578 1857 καὶ
1607 1807 1717 1868 τοῖς
1767 1803 1969 1874 ὀφθαλ-

370 1907 500 1975 μοῖς
541 1900 663 1972 μοῦ.
698 1898 801 1954 SC.
832 1899 922 1952 (39..

445 1995 558 2047 Ἰηοῦ
589 1992 863 2045 Δεσπότου
899 1990 994 2041 καὶ
1023 1988 1276 2058 Σωτῆρος
1306 1986 1465 2058 ήμῶν
1507 1986 1681 2057 Ἰησοῦ
1711 1988 1769 2040 τὸ
1798 1990 1967 2060 ὑπερ-

366 2088 536 2156 φυές.
574 2084 645 2138 Μ.
682 2082 752 2136 Μ.
786 2082 874 2136 55.
908 2080 948 2151 ἰ·

436 2178 551 2231 Τοῦ
588 2178 687 2248 μὲν
737 2173 1000 2247 αἰσθητοῦ
1044 2173 1198 2243 ἡλίου
1235 2172 1330 2227 τοῦ
1370 2173 1644 2242 ὁρίζοντος
1696 2174 1966 2245 ὑπτρτέλ-

364 2270 581 2331 λοντος.
618 2265 721 2321 SC.
757 2266 841 2319 I4.

442 2360 540 2431 Τῷ
566 2358 745 2429 καιρῴ
787 2358 984 2429 ὲκείνῳ
1028 2356 1205 2428 γάμος
1235 2356 1473 2424 ἐγένετο,
1505 2360 1659 2429 φησὶ,
1695 2360 1753 2413 ἐν
1785 2360 1960 2429 Κλνᾷ.

366 2454 442 2508 at.
480 2452 554 2506 Μ.
586 2451 746 2523 59.1L

444 2545 542 2616 Τῷ
574 2545 751 2615 καιρῷ
781 2545 975 2615 ἐκείνῳ
998 2545 1217 2614 ἐγένετο
1257 2546 1325 2601 τὰ
1354 2546 1611 2615 ὲγκαίνια
1640 2546 1698 2597 ἐν
1736 2543 1965 2611 Ἰεροσο-

364 2638 591 2708 λύμοις.
633 2636 701 2690 Μ.
736 2637 806 2692 Μ.
846 2637 935 2691 66.
970 2636 1011 2708 ’ξ-

441 2734 538 2802 Τῷ
577 2730 755 2804 καιρῷ
798 2731 993 2803 ἐκείνῳ
1031 2733 1380 2804 ἐφανέρωσεν
1423 2731 1615 2785 ἑαυτὸν
1659 2732 1687 2784 6
1734 2729 1963 2799 Ἰησοῦς.

369 2825 478 2881 SC.
512 2826 605 2879 57.

444 2917 659 2988 Φαιδρὰ
685 2919 782 2988 τῆς
808 2917 1091 2989 παρούσης
1117 2918 1309 2987 ἑορτῆς
1332 2917 1366 2986 ἡ
1393 2918 1730 2978 συνέλευσις.
1751 2915 1831 2971 SC
1875 2915 1963 2969 ‘26.

442 3010 657 3080 Φαιδρᾶ
687 3009 842 3079 ὑμῶν
883 3011 917 3080 ή
957 3009 1274 3070 συνέλευσις
1326 3009 1568 3079 σήμερον
1612 3008 1967 3077 διαγείρουσα

367 3104 463 3156 τὸν
495 3101 647 3155 νοῦν.
679 3100 747 3154 Μ.
786 3098 856 3154 Μ.
890 3100 980 3155 67.
1018 3099 1059 3170 ἰ-

444 3196 587 3264 Φέρε
619 3193 866 3263 σήμερον
914 3191 1011 3245 ἐπὶ
1058 3190 1158 3263 τὴν
1203 3190 1478 3263 προτέραν
1527 3189 1849 3260 εὐκοσμίαν.
1895 3187 1963 3241 Μ.

370 3285 646 3357 11.71.1-

443 3381 588 3450 ψέρε
642 3380 904 3450 σήμερον,
946 3372 992 3431 ὦ
1036 3377 1455 3449 θεοφιλέστατον
1522 3378 1820 3451 ἄθροισμα,
1867 3378 1967 3447 τῆς

370 3474 669 3543 ζωηερόρου
697 3471 957 3542 σταυροῦ.
987 3470 1090 3528 SC.
1127 3472 1183 3527 5.

454 3567 547 3627 Ὠς
586 3566 711 3618 λίαν
759 3564 1082 3637 καλλίστην,
1108 3563 1346 3635 συνῆψεν
1390 3566 1418 3619 6
1458 3565 1685 3636 χρόνος,
1732 3563 1831 3635 τὴν
1870 3562 1963 3617 τοῦ

370 3659 623 3728 ⁸ι-ρὼτου.
658 3655 729 3709 Μ.
764 3655 839 3710 Μ.
886 3656 981 3711 56.
1014 3655 1054 3725 ἰ-

456 3752 551 3811 .a;
597 3748 720 3803 λίαν
763 3767 854 3820 μοι
909 3749 1275 3823 λαμπροτέρα
1318 3749 1418 3822 τὴν
1473 3750 1750 3821 σήμερον,
1792 3751 1826 3820 ἡ
1865 3751 1966 3821 τῆς

367 3840 753 3905 διδασκαλίας.
794 3840 897 3897 SC;
937 3839 1029 3896 60.

451 3934 548 3996 Ὠς
575 3932 697 3985 λίαν
728 3931 840 4002 ὁρῶ
872 3930 1241 4003 φαιδροτέραν
1266 3932 1367 4003 τὴν
1395 3931 1677 4003 παροῦσαν
1715 3932 1965 4002 πανήγυ-

372 4046 485 4100 ριν.
517 4026 589 4081 n.
621 4026 692 4081 ιι.
731 4026 819 4082 79.
864 4027 905 4097 τ

443 4120 848 4176 Ldmonendus
881 4121 971 4176 hic
1002 4121 1201 4176 Lector
1232 4120 1300 4175 ab
1339 4120 1443 4176 hoc
1470 4119 1716 4189 catalogo
1744 4121 1961 4175 exclusa

368 4216 550 4270 fuisse
601 4222 837 4283 quatuor
892 4213 1239 4268 homiliarum
1286 4213 1458 4275 initia.
1515 4229 1635 4281 quae
1683 4212 1966 4270 Fabricius

367 4308 632 4361 Biblioth.
676 4306 877 4361 Gram
909 4307 1015 4361 vol.
1049 4304 1117 4373 X,
1146 4320 1267 4375 cap.
1296 4305 1387 4371 42,
1430 4304 1674 4360 referens
1708 4321 1737 4360 a
1767 4307 1965 4363 Scorso

366 4398 573 4463 editas,
613 4397 837 4453 adducit
877 4412 942 4452 ex
972 4396 1160 4453 codice
1196 4396 1445 4451 Caesareo
1469 4411 1498 4450 a
1540 4396 1832 4452 Latnbecio
1877 4414 1963 4453 re-

366 4493 608 4556 censito,
637 4492 724 4545 ubi
764 4489 1067 4562 Ἑρμηνεία
1107 4491 1188 4553 είς
1226 4489 1294 4544 τὰ
1321 4489 1514 4544 ἕνδεκα
1555 4490 1775 4558 ὲωθινά,
1820 4492 1875 4547 b.
1912 4507 1962 4548 e.

365 4581 758 4650 Interpretatio
805 4582 864 4635 in
908 4580 1152 4633 undecim
1193 4579 1466 4651 evangelia
1509 4582 1796 4646 matutina,
1839 4596 1974 4656 conj

368 4674 603 4727 tinetur.
652 4672 721 4727 At
761 4672 894 4741 quid
948 4671 1058 4725 ita?
1094 4670 1224 4727 Ideo
1269 4670 1549 4734 nimirum,
1593 4672 1734 4740 quod
1774 4687 1963 4728 recen-

366 4762 583 4816 sionetn
622 4761 809 4831 potius
844 4760 1266 4816 Lambecianam
1300 4775 1462 4828 quam
1493 4759 1821 4817 Scorsanam
1849 4763 1965 4818 edi-

369 4854 577 4909 tionem
623 4853 929 4922 amplexus,
967 4852 1222 4907 homilias
1272 4851 1527 4906 maluerit
1569 4854 1878 4923 acephalas,
1911 4853 1965 4908 id

366 4951 488 5005 est,
557 4942 740 4996 verbis
790 4941 1068 5012 Evangelii
1125 4940 1378 5009 praemitti
1435 4941 1611 4996 solitis
1655 4942 1963 5007 destitutas,

365 5049 539 5105 quam
584 5033 773 5104 plenas
817 5035 1164 5105 integrasque
1202 5047 1528 5098 memorare,
1588 5034 1775 5103 quales
1824 5036 1963 5089 idem

364 5126 608 5183 Scorsus
640 5139 705 5179 ex
734 5126 1060 5195 optimorum
1096 5124 1489 5192 exemplarium
1521 5124 1623 5180 tide
1648 5125 1963 5196 publicavit.

366 5218 735 5275 Homiliarum
768 5226 947 5273 autem
1010 5232 1146 5288 quas
1205 5217 1375 5272 edidit
1407 5216 1659 5284 Scorsus,
1697 5233 1763 5272 en
1800 5218 1966 5272 habes

366 5312 532 5368 initia
562 5313 702 5381 apud
728 5310 1040 5368 Fabricium
1070 5311 1255 5365 allata.

451 5406 525 5459 'H
556 5405 833 5477 ζωοφόρος
876 5405 973 5459 τοῦ
1020 5404 1230 5476 Κυρίου
1282 5403 1603 5467 ἀνάστασις.
1636 5401 1961 5457 Matutinum

366 5499 434 5556 ἲ.
460 5498 619 5552 FAB.
666 5500 726 5553 Ὀ
757 5499 965 5568 Πέτρος
1004 5498 1249 5560 ἀναστὰς
1306 5496 1545 5568 ἔδραμεν
1579 5496 1673 5549 ἐπὶ
1727 5495 1787 5547 τὸ
1831 5513 1966 5567 μνη-

365 5590 554 5661 μεῖον,
592 5590 685 5643 καὶ
710 5590 1078 5660 παρακύψας.
1117 5588 1220 5645 SC.

452 5680 606 5733 Ἀντί
644 5682 763 5753 (leg.
798 5683 951 5751 ἄρτι)
994 5680 1298 5750 κορυφαίου
1324 5680 1433 5735 τῶν
1464 5678 1758 5751 φοιτητῶν.
1791 5679 1967 5734 Matu-

361 5776 551 5828 tinutn
608 5773 738 5829 VIII.
792 5773 949 5829 ΓΑΒ.
1008 5775 1199 5844 Μαρία
1250 5776 1497 5845 εἱστήκει
1534 5775 1669 5843 πρὸς
1730 5774 1791 5826 τὸ
1824 5790 1964 5843 μνη-

366 5869 529 5933 μεῖον
554 5868 818 5922 κλαίουσα
849 5868 959 5932 ἔξω
1009 5866 1113 5921 SC.

2149 515 2419 583 Ζητητέον
2444 518 2558 577 τοῖς
2590 515 2696 567 τῶν
2733 516 2894 585 ίερῶν
2938 515 3135 584 λογίων
3189 516 3524 581 ὲξετααταῐς.
3553 515 3669 569 Ma-

2076 603 2310 656 tutintun
2344 602 2434 657 IX.
2462 603 2612 657 FAB.
2650 604 2830 673 Οῠσης
2857 605 3017 675 ὀψίας
3062 609 3127 676 τῇ
3165 606 3349 676 ἡμέρᾳ
3386 605 3570 676 ἐκείνῃ
3598 606 3667 676 τῇ

2077 696 2178 763 μιᾷ
2204 694 2312 746 τῶν
2353 695 2666 748 Σαδϐἀτων.
2700 694 2803 751 SC.

2145 787 2270 848 Τοῖς
2312 788 2582 858 μαθηταῖς
2632 788 2819 859 ὀφθεὶς
2850 792 2878 844 6
2914 791 3138 862 Κύριος.
3200 791 3525 845 Matutinum
3568 789 3663 845 XI.

2020 848 2025 854 '
2075 876 2226 931 FAB.
2265 848 2354 947 τῷ
2388 848 2576 951 καιρῷ.
2610 848 2813 951 ἐκείνῳ.
2861 848 3211 954 ἐφανέρωσεν
3261 882 3456 937 ἑαυτὸν
3485 884 3513 935 6
3557 884 3666 955 ’1η-

2074 971 2220 1032 σοῦς.
2261 970 2364 1029 SC.

2143 1064 2413 1119 Caeterum
2493 1069 2651 1138 longe
2711 1069 2883 1139 major
2937 1068 3287 1138 Theophanis
3340 1082 3660 1125 sermonum

2073 1156 2189 1211 sive
2239 1158 2562 1211 concinnum
2614 1160 2769 1228 copia
2811 1159 3114 1229 catalogum
3151 1160 3294 1214 hunc
3333 1158 3668 1229 locupletare

2073 1258 2278 1316 posset,
2324 1248 2368 1301 si
2412 1250 2742 1316 scriptorum
2784 1250 2837 1303 in
2873 1252 3062 1319 primis
3108 1264 3293 1303 earmn
3330 1251 3508 1304 verbis
3539 1264 3666 1320 pro-

2071 1336 2313 1391 ferendis
2354 1339 2661 1393 accuratior
2695 1338 2886 1394 fuisset
2909 1355 3097 1409 opera.
3127 1338 3232 1393 Sed
3271 1355 3380 1393 rctn
3424 1339 3665 1408 plerique

2074 1432 2173 1485 levi
2207 1431 2449 1494 brachio,
2486 1445 2577 1485 seu
2613 1432 2791 1501 potius
2814 1431 3023 1485 calamo
3050 1432 3397 1498 attingentes,
3424 1431 3490 1485 de
3521 1432 3585 1485 iis
3609 1432 3660 1484 in

2074 1526 2387 1581 universmn
2443 1542 2603 1597 agere
2675 1527 2809 1581 satis
2860 1526 3120 1579 habuere.
3185 1526 3337 1591 Quod
3392 1524 3661 1593 prtecipue

2071 1618 2269 1673 mirum
2309 1619 2360 1672 in
2400 1618 2815 1687 diligentissimo
2845 1617 2906 1673 P.
2948 1618 3014 1672 de
3051 1617 3395 1671 Montfaucon
3439 1618 3657 1685 accidit,

2071 1710 2162 1779 qui
2197 1711 2246 1763 in
2280 1710 2466 1764 Diario
2502 1710 2716 1774 Italico,
2746 1711 2798 1765 id
2828 1721 2933 1773 est,
2964 1708 3163 1764 Itinere
3201 1710 3486 1773 litterario,
3522 1710 3660 1765 duos

2070 1802 2312 1872 ejusdem
2377 1802 2728 1870 TheOphanis
2794 1802 3145 1856 homiliarum
3226 1820 3355 1858 mss.
3444 1803 3660 1858 codices

2071 1895 2316 1965 Neapoli,
2351 1896 2573 1949 totidem
2610 1893 2853 1949 Venetiis
2895 1911 2923 1949 a
2949 1910 3008 1949 se
3061 1896 3335 1965 inspectos
3374 1910 3657 1961 enarrans,

2070 1987 2406 2057 singularum
2443 1987 2648 2055 titulos,
2690 1990 2889 2042 nedum
2932 1986 3102 2057 prima
3142 1988 3307 2041 verba
3348 1986 3659 2042 describere

2071 2081 2389 2150 neglexerit.

2144 2175 2297 2240 Quod
2368 2185 2643 2242 postremo
2716 2174 2834 2228 loco
2908 2174 3248 2243 praestituit-os
3320 2172 3652 2242 recepimus,

2071 2269 2289 2322 tandem
2328 2268 2734 2337 aggrediamur,
2777 2267 3047 2336 iidemque
3088 2266 3398 2320 liberemus.

2141 2358 2267 2413 Ilaec
2297 2374 2406 2426 prae
2432 2360 2647 2413 exteris
2681 2358 2857 2412 hocin
2886 2359 3069 2412 codice
3106 2359 3345 2426 reperias
3369 2359 3656 2412 obserVatu

2070 2448 2252 2517 digna.
2303 2447 2461 2501 Nulla
2514 2448 2626 2503 fere
2654 2463 2757 2502 vox
2812 2449 3081 2504 scribendi
3128 2450 3453 2518 compendio
3483 2457 3652 2504 vacat.

2070 2539 2401 2594 Litterarum
2428 2555 2599 2593 nexus
2624 2541 2828 2609 passim
2856 2540 3099 2595 difficiles
3126 2552 3179 2594 et
3215 2540 3652 2595 iuextricabiles:

2070 2635 2214 2688 unde
2263 2633 2398 2687 alias
2445 2632 2677 2701 OEdipo,
2730 2634 2867 2688 alias
2914 2629 3221 2687 Alexandro
3260 2634 3331 2687 sit
3374 2649 3528 2701 opus.
3574 2632 3656 2685 Ad

2071 2724 2173 2777 hoc
2223 2725 2386 2777 verba
2425 2732 2532 2776 tam
2568 2733 2717 2777 arcte
2758 2723 2898 2778 inter
2932 2738 2988 2777 se
3023 2724 3314 2792 aliquando
3360 2723 3654 2787 cohrcrerc,

2070 2827 2127 2871 ut
2166 2816 2273 2870 duo
2316 2817 2368 2870 in
2407 2832 2572 2871 unum
2604 2815 2949 2879 coalescant;
2980 2826 3084 2869 tam
3122 2816 3279 2884 longe
3327 2813 3592 2868 interdum
3626 2831 3657 2867 a

2070 2924 2129 2963 se
2154 2908 2285 2977 ipsis
2308 2908 2531 2967 distare.
2572 2916 2629 2961 ut
2661 2923 2827 2961 unum
2860 2908 2911 2959 in
2946 2910 3050 2960 duo
3082 2923 3303 2977 prorsus
3330 2909 3507 2961 abeat.
3540 2905 3658 2971 Quo

2069 3003 2197 3072 quid
2229 3002 2491 3055 orationis
2531 3002 2858 3053 sententiam
2897 3001 3114 3067 gravius
3157 2999 3473 3067 perturbet?
3514 2998 3655 3063 Quid

2069 3094 2343 3162 ingenium
2376 3093 2690 3160 interpretis
2721 3091 3002 3146 excruciet
3044 3090 3329 3144 acerbius?
3362 3089 3419 3144 In
3453 3089 3655 3144 litteris

2070 3201 2199 3241 vero
2232 3184 2529 3251 majoribus
2577 3200 2757 3237 rarum
2806 3183 2932 3237 illud
2979 3186 3215 3239 occurrit
3261 3199 3321 3237 ac
3362 3183 3654 3250 singulare,

2069 3277 2211 3346 quod
2251 3276 2429 3328 littera
2473 3272 2517 3328 Ο
2549 3274 2793 3343 pluribus
2836 3274 2992 3335 Iocis,
3035 3284 3155 3341 puta
3202 3273 3295 3328 l'ol.
3339 3274 3430 3337 95,
3470 3275 3570 3327 Ηὸ
3598 3285 3655 3329 et

2070 3366 2195 3428 116.
2249 3367 2450 3435 piscem
2499 3364 2799 3433 exprimat;
2839 3367 3083 3433 adeoque
3119 3364 3421 3418 animantes
3461 3373 3653 3418 natura

2073 3468 2252 3514 mutos
2280 3459 2498 3513 mireris
2528 3458 2708 3511 induci
2755 3458 3060 3525 loquentes.
3102 3458 3219 3523 Qua
3251 3456 3468 3524 quidem
3507 3457 3571 3510 de
3598 3471 3657 3510 rc

2071 3551 2162 3605 [iet
2204 3549 2327 3603 alibi
2377 3548 2603 3614 mentio,
2640 3558 2696 3604 et
2734 3563 2855 3604 cum
2886 3548 2945 3603 Ρ.
3004 3549 3069 3604 de
3102 3548 3443 3603 Montt'aucou
3474 3563 3656 3605 sermo

2069 3643 2403 3698 conferetur.

2139 3736 2218 3790 Ad
2251 3736 2457 3791 codicis
2488 3737 2800 3801 materiam,
2837 3737 2950 3791 sive
2988 3738 3357 3793 membranam
3397 3741 3536 3808 quod
3572 3748 3655 3793 at‘

2072 3829 2223 3893 tinet,
2275 3843 2335 3881 ea
2379 3828 2615 3881 crassior
2662 3839 2744 3882 est
2788 3845 2851 3882 ac
2898 3830 3080 3895 rudis;
3124 3830 3237 3899 ipse
3284 3842 3463 3885 autem
3510 3839 3654 3885 totus

2069 3929 2283 3975 constat
2326 3934 2357 3975 e
2401 3918 2756 3989 complurium
2809 3920 3071 3974 librorum
3111 3922 3254 3976 foliis
3291 3922 3655 3991 palimpsestis

2070 4013 2307 4083 undique
2352 4014 2587 4076 collatis.
2621 4031 2725 4069 non
2770 4033 2873 4069 una
2920 4030 3082 4070 manu
3140 4016 3221 4071 vel
3254 4026 3413 4071 atate
3444 4017 3652 4072 descri-

2067 4107 2196 4174 ptis,
2229 4121 2461 4177 quorum
2491 4107 2726 4175 priorem
2758 4108 3108 4176 scripturam,
3142 4120 3200 4162 ut
3222 4123 3416 4163 novam
3455 4109 3655 4164 admit-

2070 4208 2266 4264 terent,
2334 4201 2560 4255 eradere
2618 4199 2781 4269 jussit
2836 4201 3092 4270 frequens
3138 4202 3245 4256 illis
3318 4204 3653 4271 temporibus

2070 4292 2397 4347 membranae
2431 4294 2677 4361 penuria.
2718 4293 2833 4347 Non
2861 4303 3040 4347 tamen
3079 4294 3128 4347 id
3156 4295 3374 4349 omnino
3401 4295 3648 4363 pervii-iu

2067 4387 2333 4457 siquidem
2367 4385 2549 4439 multa:
2582 4385 2758 4440 adhuc
2782 4396 3041 4455 apparent
3072 4388 3297 4457 pagina),
3329 4389 3445 4442 alia:
3475 4390 3651 4441 minu-

2068 4482 2158 4546 tis,
2183 4479 2300 4533 alirc
2340 4478 2735 4541 mediocribus,
2771 4496 2875 4532 non
2916 4496 3098 4549 paucae
3148 4480 3525 4549 grandioribus
3564 4480 3648 4533 lit-

2068 4572 2224 4637 teris,
2265 4586 2409 4626 nunc
2442 4570 2788 4638 quadratam,
2828 4587 2973 4625 nunc
3010 4570 3323 4636 rotundam,
3369 4572 3530 4625 modo
3566 4587 3650 4624 rc-

2068 4674 2232 4731 ctam,
2260 4666 2418 4720 modo
2435 4664 2707 4733 obliquam
2728 4664 2956 4717 formam
2990 4662 3368 4729 referentibus,
3391 4672 3645 4717 exaratre.

2140 4756 2305 4811 Multa
2336 4756 2568 4825 denique
2614 4756 2679 4809 ad
2707 4756 3032 4825 exemplaris
3065 4755 3223 4822 hujus
3254 4756 3464 4809 laudem
3499 4770 3651 4809 com-

2067 4847 2572 4914 mendationemqne
2607 4860 2736 4899 sane
2768 4846 3103 4914 conspirant.
3159 4847 3514 4899 llmuiliarum
3562 4846 3648 4900 iu-

2068 4942 2389 5012 scriptiones
2423 4941 2486 4994 iis
2521 4941 2804 4993 uberiores
2828 4942 3142 5010 plerumque
3178 4958 3237 4995 ac
3272 4942 3648 5013 locupletiores

2070 5052 2192 5092 sese
2237 5037 2551 5099 OSIendunt,
2616 5051 2751 5103 quas
2798 5035 2854 5088 P.
2914 5036 3144 5091 Secrsns
3198 5036 3387 5091 edidit.
3437 5038 3648 5103 Quanta

2069 5145 2230 5199 porro
2282 5128 2406 5182 inde
2450 5129 2538 5180 lux
2585 5126 2932 5195 TheOphauis
2974 5131 3133 5182 rebus
3172 5132 3342 5198 gestis
3393 5130 3643 5200 aﬂ‘ulgetl

2068 5221 2183 5275 sive
2214 5220 2361 5274 locos
2400 5220 2659 5284 indicent,
2694 5218 2856 5271 urbes
2892 5220 3155 5281 videlicet,
3188 5223 3469 5285 ecclesias,
3506 5224 3648 5276 miles

2070 5316 2159 5371 ubi
2202 5316 2306 5370 illa:
2357 5315 2586 5380 habitae;
2641 5313 2753 5367 sive
2786 5315 2921 5379 dies,
2968 5326 3234 5383 tempora.
3278 5313 3435 5379 festa,
3465 5328 3646 5365 rerum

2066 5420 2315 5473 eventus,
2354 5418 2593 5467 sanctos,
2624 5407 2864 5474 aliosque
2895 5407 3131 5475 insignes
3174 5405 3460 5459 virtutibus
3500 5406 3648 5456 viros

2068 5500 2397 5570 signiﬁcent,
2452 5499 2504 5550 in
2548 5513 2778 5565 quorum
2826 5499 3140 5549 memoriam
3185 5512 3245 5549 ac
3277 5496 3645 5550 celebritatem

2068 5593 2447 5659 pronuntiaue.
2477 5590 2615 5655 Quid
2650 5605 2897 5659 magnam
2940 5590 3279 5642 homiliartun
3310 5590 3519 5657 cupiam
3563 5606 3636 5641 re-

2068 5680 2259 5739 ferant.
2294 5695 2411 5747 quae
2449 5682 2550 5733 hoc
2602 5691 2784 5732 nostro
2825 5680 3012 5732 codice
3062 5679 3426 5743 cmuinentur,
3474 5696 3646 5747 neque

2067 5775 2120 5826 in
2178 5773 2323 5833 ullis,
2365 5770 2664 5831 \‘at-iCanis,
2709 5770 2953 5833 Gallicis,
2999 5769 3335 5823 Germanicis
3385 5772 3647 5826 hactenus

2071 5864 2328 5933 inspectis
2357 5864 2606 5918 exstant?
2639 5863 2895 5933 Exemplo
2929 5864 2997 5915 sit
3031 5865 3112 5916 vel
3147 5865 3333 5917 Oratio
3366 5866 3427 5917 de
3450 5858 3649 5917 mento;-
