4122 6412
367 372 444 436 49
1414 379 1819 442 FRANCISCI
1861 380 2130 442 SCORSI
2167 381 2592 444 PREFATIO.
3585 383 3660 446 50

367 486 502 540 inde
556 499 746 541 rursus
792 487 992 542 absunt
1043 487 1278 544 liomiliae
1325 488 1379 544 in
1430 507 1484 544 γι
1548 489 1745 545 Priora
1775 530 1790 557 ,
1845 505 1970 546 cum

370 576 680 646 fragmento
717 578 958 633 homiliae
993 580 1045 634 in
1090 582 1405 648 septimum,
1438 598 1576 650 quas
1617 583 1706 639 hic
1743 586 1968 641 omnino

373 670 643 731 invenias.
678 679 844 739 atque
885 687 994 726 uno
1033 673 1201 728 verbo
1242 680 1453 728 caetera:
1491 675 1730 730 humiliae
1778 677 1962 742 varize,

372 774 672 828 earumque
704 761 1037 830 fragmenta,
1069 779 1187 832 qua).
1219 765 1307 819 hic
1329 769 1700 823 continentur.
1732 768 1800 822 At
1823 772 1966 827 unde

373 857 604 903 mutuus
640 853 930 922 utriusque
984 855 1188 910 codicis
1239 856 1515 912 defectus?
1562 858 1660 913 llic
1705 861 1962 915 nimirum

370 942 548 996 codex
592 944 661 998 53
712 948 995 1000 memorati
1049 948 1255 1003 codicis
1302 949 1368 1004 16
1399 966 1524 1017 pars
1563 962 1676 1019 est;
1731 953 1804 1006 ita
1843 967 1964 1007 esse

374 1037 519 1090 nihil
551 1039 818 1107 apertius,
863 1040 998 1093 nihil
1053 1040 1417 1099 manifestius.
1451 1042 1594 1099 Idem
1628 1046 1771 1100 enim
1825 1045 1964 1100 utri-

372 1144 482 1196 quc
528 1131 740 1194 modus,
793 1131 982 1185 eadem
1027 1137 1358 1189 membrame
1407 1137 1710 1201 crassities,
1762 1139 1965 1208 pariter

374 1222 595 1276 fumosa
639 1222 840 1288 facies;
877 1225 1064 1278 eadem
1103 1242 1314 1291 manus,
1345 1229 1535 1283 eadem
1568 1231 1802 1299 denique
1827 1231 1964 1287 scri-

376 1326 541 1385 ptura
607 1317 1001 1372 vetustioribus
1063 1318 1260 1374 litteris
1320 1323 1496 1376 erasis
1556 1323 1961 1390 superinducta.

372 1407 532 1461 Adde
573 1408 922 1463 bomiliarum
975 1421 1161 1466 mutua
1218 1411 1612 1482 supplementa,
1675 1414 1812 1469 adde
1854 1412 1965 1468 fra-

371 1511 719 1570 gmentorum
785 1503 1120 1570 aptissimam
1194 1506 1638 1573 copulatiouem,
1701 1517 1770 1569 et.
1808 1508 1962 1576 quasi

371 1595 793 1648 commissuram
828 1613 842 1649 :
887 1595 1044 1659 adeo,
1085 1607 1143 1652 ut
1179 1613 1364 1666 parem
1404 1598 1543 1653 alter
1590 1600 1750 1654 alteri
1792 1601 1961 1656 codex

371 1699 535 1751 opem
577 1694 820 1752 praestet,
858 1687 1170 1758 mutuisque
1209 1690 1464 1745 adhibeat
1497 1690 1817 1747 vulneri-bus
1854 1707 1964 1746 me-

368 1776 639 1830 dicinam.
665 1777 915 1843 Quonam
953 1789 1135 1834 autem
1171 1783 1337 1836 sortis
1371 1782 1456 1836 vel
1497 1783 1734 1852 ingenio,
1769 1784 1848 1839 vel
1879 1784 1964 1839 di-

367 1868 594 1938 ligentia
628 1868 827 1926 factum
858 1887 984 1928 esse
1011 1873 1263 1938 dixerim,
1295 1883 1353 1929 ut
1388 1874 1579 1930 avulsa
1613 1891 1680 1932 ex
1729 1891 1837 1932 uno
1866 1892 1960 1932 vo-

2075 492 2282 549 lumine
2339 495 2463 551 l'olia
2500 496 2555 550 in
2593 495 2822 551 alterum
2862 496 2982 552 sine
3021 496 3134 552 ullo
3184 494 3511 552 detrimento
3570 497 3665 550 aut

2080 584 2460 640 imminutione
2484 586 2880 642 convenerint?
2905 595 2963 642 ut
2989 573 3249 641 distracta
3279 589 3437 639 unius
3464 601 3660 654 corpo—

2074 677 2149 730 ris
2191 677 2436 732 membra
2489 679 2857 746 coagmentari
2904 678 3198 748 potuerint,
3239 689 3418 746 .atque
3461 676 3656 730 iterum

2071 769 2408 826 coalescere!
2446 769 2638 826 Nonne
2682 771 2872 827 ambos
2913 770 3219 841 lmjusmodi
3267 769 3486 824 codices
3534 783 3656 822 cum

2075 864 2179 918 illis
2209 874 2449 919 veterum
2494 874 2797 932 temporum
2845 865 3039 919 chartis
3085 881 3178 932 per
3204 863 3538 933 alphabetum
3577 861 3660 915 di-

2073 958 2197 1010 visis
2250 956 2447 1011 merito
2503 972 2806 1027 compares,
2849 973 2968 1027 quae
3013 956 3161 1026 prius
3201 957 3421 1019 decisae,
3463 963 3654 1024 postea

2073 1046 2305 1101 admotae
2349 1047 2686 1115 conataeque,
2737 1049 2961 1102 omnino
3011 1048 3166 1102 inter'
3199 1062 3258 1102 se
3317 1045 3652 1103 cohaerentes

2076 1138 2528 1193 inveniebantur?
2573 1138 2744 1193 Tanta
2778 1139 3007 1193 duorum
3049 1138 3382 1193 voluminum
3427 1149 3656 1192 concor-

2073 1229 2184 1295 dia,
2222 1240 2328 1284 tatn
2367 1229 2657 1300 singularis
2692 1230 3065 1301 mirificusque
3090 1245 3408 1287 consensus.

2141 1320 2368 1386 Quando
2407 1336 2536 1376 vero
2580 1321 2817 1377 insolens
2853 1321 3162 1391 hujusmodi
3203 1319 3414 1376 avulsio
3457 1328 3510 1374 et
3545 1318 3656 1373 dis-

2071 1413 2267 1467 tractio
2321 1413 2629 1483 coutigerit,
2687 1413 2810 1483 quis
2879 1428 3011 1468 vere
3065 1411 3348 1467 alIlrmet?
3392 1409 3552 1465 Certe
3597 1409 3653 1462 in

2071 1507 2418 1562 homiliarum
2444 1506 2626 1561 indice
2649 1506 2831 1562 saeculi
2862 1522 2930 1560 xv
2967 1520 3128 1560 manu
3167 1514 3415 1568 exat-ato,
3439 1502 3528 1571 qui
3564 1516 3655 1555 su-

2070 1614 2169 1670 pra
2218 1599 2366 1654 dicto
2419 1598 2594 1653 codici
2646 1598 2715 1652 16
2758 1597 3129 1667 pramittitur,
3186 1596 3388 1650 eadem
3425 1607 3652 1664 prorsus

2074 1689 2310 1746 homiliae
2359 1700 2752 1753 memorantur,
2799 1703 2936 1759 quas
2966 1688 3055 1744 hic
3098 1685 3240 1743 forte
3276 1685 3490 1741 fortuna
3526 1698 3654 1738 cou-

2071 1785 2207 1838 tiuet
2229 1781 2402 1836 codex
2434 1798 2449 1835 :
2479 1782 2717 1837 maximo
2735 1795 2870 1837 sane
2899 1788 3241 1851 argumento,
3280 1794 3386 1833 non
3413 1777 3548 1832 adeo
3568 1790 3654 1831 re-

2070 1885 2284 1932 centem
2311 1889 2436 1934 esse
2467 1875 2632 1932 talem
2665 1874 3001 1933 avolsionem
3033 1872 3574 1946 distractionemque.

380 2087 3612 2125 Μ

1038 2291 2102 2529 ’l‘llllllPllANlS
2254 2294 2992 2528 Cllllllllll

1696 2676 2346 2796 HOMILIXE

360 2957 586 3134 IN
751 2951 1635 3136 E'VANGE
1672 2951 2048 3134 LIA
2182 2950 3644 3139 DOMINICALIA

1252 3269 1402 3359 ET
1476 3268 1836 3359 FESTA
1908 3266 2353 3362 TOTIUS
2425 3272 2765 3362 ANNI.

837 3612 1370 3677 PRIMORIBUS
1413 3613 1540 3675 ET
1582 3613 1913 3676 POPULO
1958 3613 2058 3676 TA
2077 3612 2705 3678 UROMENITANO
2748 3613 2892 3677 ΗΝ]
2911 3608 3180 3675 VERSO

1487 3762 2014 3826 FRANCISCUS
2052 3761 2425 3824 SCORSUS
2458 3762 2526 3822 S.

439 3892 604 3953 Cum
661 3887 863 3949 multa
906 3890 1036 3952 sint
1105 3900 1322 3952 vestrae
1389 3891 1668 3954 civitatis
1722 3891 2026 3972 insignia,
2089 3890 2318 3973 quibus
2378 3891 2513 3952 sine
2553 3888 2683 3951 ullo
2737 3889 3067 3968 jactantite
3124 3890 3302 3970 fastu
3369 3886 3650 3966 gloriari

357 3992 570 4066 vobis,
628 4000 686 4053 et
739 3991 906 4052 inter
930 3992 1274 4070 primarias
1314 3993 1551 4055 Siciliae
1593 3993 1776 4055 urbes
1808 3995 2214 4074 conspicuum
2253 3993 2469 4056 tollere
2521 3993 2814 4054 verticem
2872 3980 3051 4065 licet,
3127 3987 3650 4053 Tauromenitani

361 4099 555 4171 cives,
626 4096 741 4158 hoc
788 4106 952 4158 certe
1004 4097 1191 4159 decus
1251 4117 1328 4159 ea:
1385 4099 1499 4161 hoc
1558 4117 1743 4178 opere
1799 4099 1976 4161 vobis
2033 4117 2392 4179 assurgens,
2453 4098 2622 4178 quod
2685 4107 2743 4160 et
2806 4107 3014 4160 vestro
3072 4099 3324 4161 nomine
3371 4097 3563 4163 simul
3587 4106 3644 4160 et

361 4204 718 4264 uternitati
775 4215 1206 4266 consecratum
1246 4206 1466 4284 prodit
1529 4207 1597 4267 in
1665 4205 1884 4282 lucem,
1948 4217 2003 4268 et
2045 4206 2778 4283 honoriﬁcentissimum,
2830 4207 2887 4268 si
2938 4203 3108 4285 quod
3142 4203 3344 4279 aliud,
3413 4215 3471 4267 et
3508 4225 3647 4266 am-

357 4305 730 4385 plissimum
773 4315 886 4367 est.
950 4307 1203 4368 Etenim
1233 4318 1456 4370 caetera
1484 4327 1855 4390 mag-narum
1914 4309 2170 4374 urbium
2196 4309 2422 4370 decora
2467 4319 2522 4371 et
2567 4319 2991 4382 monumenta,
3049 4327 3184 4388 quae
3219 4308 3304 4369 ad
3352 4311 3651 4387 potentiae

365 4406 834 4488 opulentia’que
899 4411 1386 4472 ostentationem
1441 4431 1665 4491 magno
1712 4411 2031 4474 molimine
2091 4430 2474 4492 operosaque
2529 4430 2721 4472 manu
2778 4409 3167 4488 exwdiﬁcata
3227 4417 3400 4485 sunt,
3465 4429 3650 4490 quam

365 4515 500 4573 sint
555 4511 836 4572 obnoxia
887 4510 1024 4572 σα»ιί
1079 4532 1151 4572 ac
1197 4522 1632 4591 tempestatum
1680 4514 1965 4594 injuriis,
1999 4523 2055 4576 et
2120 4514 2174 4575 si
2212 4512 2303 4573 hee
2354 4513 2580 4585 desint,
2642 4532 2824 4593 quam
2880 4521 3190 4574 vetustate
3240 4513 3383 4591 ipsa
3430 4512 3646 4574 subsi-

366 4611 551 4676 dant.
629 4611 931 4690 [atiscant
1003 4619 1060 4670 et
1115 4609 1576 4688 dissolvantur,
1631 4631 1740 4672 vos
1794 4613 1919 4691 ipsi
1972 4612 2118 4674 estis
2177 4611 2416 4674 oculati
2485 4621 2694 4673 testes.
2775 4610 3040 4672 Habetis
3123 4620 3346 4672 vestras
3418 4613 3647 4674 veteris

366 4705 850 4786 amplitudinis,
908 4725 1041 4786 quis
1075 4705 1169 4767 vel
1198 4709 1540 4768 Romanam
1591 4710 1791 4786 ipsam
1816 4711 2314 4788 magnitudinem
2356 4708 2641 4770 aemulari
2672 4707 2945 4770 voluisse
3004 4709 3138 4768 visa
3176 4716 3348 4782 sunt,
3380 4710 3652 4788 vestigia

367 4810 576 4870 adhuc
625 4809 760 4869 solo
821 4810 1162 4882 exstantia,
1195 4827 1305 4869 seu
1331 4811 1554 4888 potius
1585 4811 1830 4871 stantia
1869 4811 2071 4872 adhuc
2117 4813 2365 4890 integra
2385 4818 2782 4871 monumenta
2810 4831 2829 4870 :
2879 4828 3026 4869 nam
3070 4827 3180 4869 vos
3211 4810 3412 4887 magis
3463 4827 3652 4890 quam

371 4922 639 4972 certares
668 4913 959 4991 fortuna
1009 4911 1371 4990 petulantia
1417 4911 1674 4973 videtur
1724 4914 2038 4982 reverita;
2088 4934 2127 4974 α
2169 4913 2348 4975 vobis
2389 4913 2502 4992 jus
2550 4930 2732 4971 suum
2783 4911 3121 4990 avidosque
3186 4909 3397 4970 dentes
3452 4909 3654 4972 absti-

365 5007 589 5070 nuisse
648 5009 1012 5079 Saturnus;
1069 5017 1138 5069 ut
1179 5020 1236 5070 et
1291 5009 1349 5069 si
1403 5026 1652 5070 morsus
1707 5007 2026 5087 inﬂixerit
2078 5009 2349 5089 aliquos,
2405 5019 2608 5070 tamen
2655 5009 2864 5070 omnia
2914 5025 3044 5068 non
3087 5005 3408 5087 afﬂixerit
3441 5025 3514 5067 ac
3539 5006 3646 5067 tle-

367 5115 622 5177 vorarit
653 5135 676 5178 :
735 5115 1068 5187 theatrum,
1131 5115 1591 5188 naumachiam,
1657 5132 1966 5192 aquarum
2017 5116 2100 5178 ad
2151 5134 2280 5176 eam
2337 5115 2586 5185 ductus,
2638 5124 2692 5176 et
2722 5112 3121 5192 receptacula
3153 5109 3652 5174 substructionis

366 5212 652 5291 antiques
703 5221 888 5292 atque
941 5212 1307 5292 magniﬁcae.
1375 5211 1497 5273 Sed
1543 5231 1611 5271 ea
1642 5231 1778 5292 quce
1830 5222 2054 5292 suapte
2096 5217 2334 5271 natura
2394 5208 2634 5271 caduca
2690 5220 2838 5271 sunt
2881 5209 3124 5286 partim
3181 5208 3435 5272 subruit
3467 5219 3654 5287 atque

369 5317 662 5388 detrivit,
723 5325 795 5375 ut
839 5317 1007 5391 dixi,
1058 5325 1335 5377 vetustas
1384 5319 1567 5396 ipsa;
1616 5320 1860 5398 partim
1908 5319 2097 5380 etiam
2136 5335 2256 5396 pro
2315 5336 2432 5377 sua
2491 5316 2860 5378 conditione
2933 5314 3188 5396 delapsa
3234 5315 3483 5377 tandem
3521 5329 3644 5392 po-

367 5421 631 5480 steritas
681 5420 1069 5500 ingemiscet.
1129 5421 1377 5482 Cretera:
1437 5424 1621 5484 etiam
1682 5431 1904 5485 vestrae
1977 5423 2255 5486 civitatis
2311 5423 2777 5502 prterogativa,
2843 5419 3247 5482 conditorum
3319 5417 3648 5491 nobilitas,

365 5518 728 5596 antiquitas
779 5537 920 5579 cum
949 5516 1246 5580 plurimis
1289 5518 1529 5581 Sicilire
1578 5518 1844 5582 urbibus
1881 5536 2087 5599 prope
2117 5539 2343 5596 coceva,
2400 5520 2682 5594 libertas,
2715 5516 2926 5582 civilis
2955 5517 3454 5588 administratio,
3489 5515 3655 5593 jura

369 5617 670 5676 Romanis
727 5601 1016 5690 colonae,
1078 5631 1421 5697 cceteraque
1483 5636 1618 5698 quae
1673 5637 1712 5678 α
1760 5637 1852 5679 me
1909 5619 1991 5682 ad
2044 5619 2475 5682 suscitandam
2532 5621 2815 5683 civitatis
2873 5631 3091 5683 vestra:
3122 5618 3397 5699 gloriam
3405 5616 3546 5696 jam
3578 5615 3648 5676 in

367 5713 692 5774 hominum
743 5717 974 5778 animis
1033 5733 1191 5794 pene
1243 5719 1617 5779 exstinctam
1673 5719 1741 5780 in
1798 5719 2005 5798 primo
2066 5720 2387 5800 isagogico
2427 5721 2728 5800 prooemio
2785 5720 3044 5800 longius
3115 5720 3437 5798 descripta
3475 5724 3651 5790 sunt,

366 5833 726 5896 quanquam
792 5817 1034 5881 litteris
1087 5838 1326 5899 semper
1384 5822 1650 5883 victuris
1695 5823 1826 5884 sint
1887 5826 2259 5904 consignata
2291 5847 2310 5894 ;
2371 5833 2573 5888 tamen
2609 5826 2817 5890 nescio
2875 5845 2998 5906 quo
3053 5836 3244 5906 pacto
3321 5824 3660 5888 etiamnum
