4122 6412
507 332 574 400 51
1535 336 1939 399 FRANCISCI
1984 335 2251 399 SCORSI
2294 335 2714 397 PIUEFATIO.
3710 324 3781 387 52

506 450 876 515 delitescunt
906 475 927 524 ;
987 463 1043 516 et
1092 454 1151 515 si
1177 454 1384 515 minus
1422 451 1637 525 abiis,
1696 460 1864 512 certe
1909 452 1985 514 ab
2051 454 2373 515 hominum
2427 449 2525 513 vel
2574 449 2865 523 scientia,
2925 447 3022 510 vel
3083 444 3383 508 memoria
3405 441 3775 517 obliterata,

505 557 823 639 multoque
877 560 1078 639 magis
1128 559 1203 621 ab
1264 576 1373 620 ore
1413 575 1487 618 ac
1553 574 1831 618 sermone
1893 559 2209 621 communi
2263 568 2525 630 remota,
2582 565 2640 618 et
2701 556 2759 618 si
2797 552 3204 634 paucissimis
3255 549 3645 631 antiquariis
3712 556 3771 611 et

504 665 1289 727 interiorum-litterarum
1346 662 1655 725 studiosis
1708 671 1886 737 nota,
1925 664 2215 725 maxima:
2269 673 2434 724 certe
2480 662 2801 724 hominum
2849 660 3025 739 parti
3077 659 3297 736 ignota
3342 665 3514 716 sunt.
3549 655 3774 734 Atque,

504 774 577 825 ut
633 784 755 827 acu
802 768 1075 845 propius
1125 783 1254 825 rem
1337 766 1680 842 attingam,
1740 763 2232 842 quotusquisque
2284 764 2713 841 Theophanem
2759 773 3033 822 vestrum
3087 768 3351 819 veterem
3405 758 3776 826 antistitem,

508 860 1081 943 eloquentissimum
1143 860 1565 935 ecclesiasten,
1642 861 1814 923 omni
1881 859 2323 922 doctrinarum
2372 879 2594 939 genere
2651 861 2960 939 insignem
3006 861 3213 920 virum
3256 877 3452 938 usque
3506 856 3589 918 ad
3650 859 3771 920 ho-

507 963 789 1025 diernam
856 965 1017 1026 diem
1065 963 1166 1027 vel
1224 964 1298 1026 de
1337 964 1609 1035 nomine,
1681 963 1910 1024 nedum
1970 963 2043 1024 de
2089 964 2254 1042 facie
2314 964 2624 1024 noverat?
2676 960 2929 1023 Claruit
2975 959 3085 1021 ille
3140 959 3388 1040 quidem
3449 976 3580 1018 una
3635 977 3776 1019 cum

502 1066 713 1126 aureis
767 1075 988 1127 vestra:
1042 1062 1407 1144 reipublicae
1450 1061 1747 1129 saeculis:
1790 1064 1898 1124 sed
1942 1063 2054 1125 ubi
2108 1063 2548 1141 Agarenorum
2579 1062 2910 1141 imperium
2939 1058 3286 1120 decolorem
3332 1057 3593 1119 induxit
3629 1067 3779 1117 wta-

505 1179 645 1246 tem,
706 1189 778 1231 ac
813 1172 1109 1252 ferream,
1169 1169 1435 1231 eamdem
1493 1186 1695 1247 prope
1751 1187 1824 1229 ac
1876 1177 2097 1229 vestra:
2150 1167 2431 1229 civitatis
2492 1166 2679 1227 decus
2735 1166 3060 1246 fortunam
3111 1162 3392 1236 subivit,
3449 1159 3779 1239 eademque

501 1277 697 1335 ruina
760 1291 963 1353 prope
995 1275 1361 1353 funeratum
1420 1272 1550 1354 ejus
1590 1289 1813 1332 nomen
1853 1280 1908 1333 et
1962 1270 2259 1333 obrutum
2306 1276 2415 1330 est.
2497 1269 2951 1339 Verumtamen,
3012 1264 3338 1345 quoniam,
3390 1270 3464 1324 ut
3495 1262 3585 1322 ait
3631 1259 3778 1325 Cal-

502 1372 811 1437 limachus
842 1357 950 1435 ille
989 1376 1334 1443 Romanus.
1387 1374 1716 1453 qucesitum
1747 1372 1997 1451 ingenio
2032 1388 2257 1432 nomen
2312 1369 2388 1431 ab
2442 1387 2568 1430 (evo
2600 1387 2729 1430 non
2764 1367 3037 1442 excidet,

901 1478 985 1538 Et
1024 1497 1161 1539 cum
1192 1490 1513 1538 consumat
1550 1475 1845 1555 lapidem,
1877 1479 2240 1557 ferrumque
2266 1484 2572 1547 vetustas,

500 1579 746 1658 scripta
794 1589 998 1641 tamen
1034 1599 1235 1641 annos
1294 1581 1610 1651 evincunt,

1144 1677 1413 1758 Solaque
1437 1697 1566 1740 non
1598 1690 1838 1743 norunt
1884 1682 2012 1743 haec
2041 1687 2441 1741 monumenta
2471 1679 2659 1753 mori,

498 1782 860 1860 perfugium
905 1788 1130 1842 nactus
1190 1793 1304 1856 est,
1362 1781 1475 1843 ubi
1522 1782 1767 1844 diutius
1823 1783 2057 1844 durare
2101 1791 2157 1842 et
2220 1783 2426 1843 vivere
2466 1792 2673 1861 posset
2712 1781 3111 1860 Theophanes
3171 1788 3375 1843 vester
3445 1777 3776 1842 Cerameus

503 1886 573 1946 in
639 1883 1165 1947 bibliothecarum
1229 1885 1426 1963 asylis
1461 1904 1482 1945 :
1542 1886 1613 1947 in
1675 1886 1903 1967 quibus
1962 1903 2103 1946 cum
2157 1885 2239 1947 ad
2301 1886 2465 1947 hunc
2490 1884 2653 1947 diem
2699 1886 3032 1948 abstrusus
3095 1885 3326 1964 fuerit,
3389 1902 3464 1945 en
3527 1881 3777 1945 tandem

500 1987 736 2065 aspicit
796 1985 1013 2061 lucem,
1068 1997 1125 2049 et
1163 1988 1231 2049 in
1285 2008 1399 2051 ora
1437 1988 1756 2050 hominum
1798 1986 2175 2068 linguasque
2210 1987 2577 2049 traducitur
2607 2007 2627 2047 :
2671 2006 2809 2047 cum
2857 2006 2979 2068 quo
3019 1986 3296 2067 equidem
3325 1986 3535 2047 omnia
3564 1992 3776 2046 vestra

501 2084 693 2148 simul
751 2086 1000 2160 decora,
1045 2105 1179 2168 qua:
1214 2089 1350 2168 jam
1402 2097 1713 2149 vetustate
1772 2086 2183 2148 inobscurata
2224 2097 2278 2149 et
2348 2085 2662 2149 oblivione
2716 2076 2917 2167 prope
2977 2086 3176 2148 deleta
3218 2089 3499 2169 fuerant,
3536 2083 3773 2147 revivi-

500 2204 673 2248 scere
725 2188 882 2251 mihi
928 2189 1276 2259 videntur;
1334 2208 1467 2251 non
1502 2188 1706 2251 solum
1767 2190 1916 2269 quia
1958 2190 2029 2250 in
2085 2189 2273 2270 hujus
2332 2188 2540 2268 operis
2589 2189 2906 2267 prooemiis
2958 2188 3297 2269 isagogicis
3336 2205 3404 2247 ea
3437 2183 3535 2246 vel
3559 2184 3636 2247 ab
3680 2182 3778 2245 ul-

504 2285 662 2348 tima
698 2290 1080 2370 antiquitate
1135 2291 1408 2367 repetita
1458 2288 1555 2350 vel
1596 2292 1660 2350 in
1697 2290 2054 2350 memoriam
2083 2290 2399 2351 hominum
2432 2307 2726 2351 revocare
2755 2290 2852 2351 vel
2880 2289 2949 2351 in
2990 2290 3411 2369 cognitionem
3440 2286 3772 2354 adducere,

501 2393 635 2449 tum
690 2387 785 2447 rei
841 2389 1046 2466 ipsius
1109 2388 1421 2468 dignitate
1478 2399 1829 2467 permotus.
1894 2399 2026 2450 tum
2083 2400 2291 2449 vestro
2350 2391 2564 2451 studio
2609 2391 2863 2450 omnino
2922 2393 3282 2470 compulsus
3321 2388 3624 2457 institui;
3670 2384 3779 2447 sed

502 2490 686 2550 etiam
710 2491 861 2569 quia
891 2509 1031 2551 cum
1077 2490 1470 2569 Theophanis
1492 2492 1961 2569 archiepiscopi
1998 2500 2051 2551 et
2089 2492 2427 2568 scriptoris
2478 2490 2889 2553 ecclesiastici
2927 2510 3148 2553 nomen
3165 2511 3297 2553 non
3318 2491 3498 2553 modo
3533 2492 3774 2553 littera-

502 2600 736 2662 torum,
789 2590 897 2652 sed
952 2593 1140 2654 etiam
1181 2610 1507 2653 sacrorum
1558 2602 1884 2654 oratorum
1944 2593 2012 2653 in
2056 2611 2164 2653 ore
2204 2591 2587 2667 versabitur,
2657 2612 2796 2655 cum
2847 2595 3159 2673 referetur
3203 2595 3273 2655 in
3300 2594 3770 2666 commentaria,

501 2711 640 2754 cum
683 2692 1005 2755 resonabit
1037 2695 1104 2754 in
1127 2692 1371 2772 templis
1396 2694 1901 2775 populorumque
1929 2695 2567 2771 concionibus,simul
2596 2696 2781 2757 etiam
2812 2696 3210 2758 Tauromenii
3231 2695 3440 2776 gloria
3469 2695 3773 2775 decusque

500 2793 845 2854 resonabit.
910 2792 1120 2868 Quare
1174 2798 1439 2872 vigescet
1501 2794 1627 2857 haec
1674 2796 2063 2874 Theophanis
2107 2795 2320 2864 vestri,
2357 2812 2604 2874 unaque
2638 2796 3160 2857 Tauromenitani
3191 2796 3466 2857 nominis
3518 2794 3773 2875 gloria;

502 2903 557 2955 et
614 2894 901 2973 ï¬‚orescet
955 2894 1239 2973 quotidie
1291 2897 1531 2972 magis:
1592 2903 1647 2956 et
1692 2904 1996 2975 quantum
2040 2894 2265 2955 vestris
2303 2895 2683 2974 manufactis
2721 2895 3016 2974 operibus
3074 2897 3450 2976 decerptura
3505 2904 3595 2958 est
3651 2898 3768 2959 aevi

502 2997 960 3080 longinquitas,
989 3006 1232 3060 tantum
1277 3009 1667 3080 arrogatura
1716 2998 2034 3062 laudibus.
2087 3000 2201 3061 Est
2254 3000 2414 3065 enim
2470 3000 2586 3061 hoc
2611 3019 2809 3059 meum
2852 3012 3337 3073 monumentum,
3399 3002 3637 3081 quoda
3672 3021 3766 3062 me

502 3105 723 3179 magno
791 3118 930 3161 cum
965 3099 1202 3170 studio,
1262 3100 1330 3162 in
1388 3117 1615 3180 magna
1677 3109 1883 3162 tamen
1923 3102 2221 3181 temporis
2248 3102 2466 3180 inopia
2515 3100 2846 3165 subcisivis
2873 3102 3329 3181 propemodum
3387 3104 3564 3166 horis
3615 3123 3763 3165 con-

501 3199 704 3264 ditum
762 3207 817 3261 et
879 3199 1313 3262 elucubratum
1367 3202 1620 3266 tandem
1672 3203 1977 3266 exsistit:
2008 3210 2121 3277 est,
2155 3202 2432 3283 inquam,
2487 3200 2653 3264 illud
2704 3203 3088 3282 hujusmodi,
3136 3212 3209 3264 ut
3258 3221 3376 3281 pro
3421 3204 3768 3270 immortali

500 3324 619 3368 .â€˜ua
676 3305 1039 3367 conditione
1091 3305 1297 3366 vivere
1336 3308 1543 3387 possit
1603 3310 1901 3370 memoria
1958 3306 2334 3369 seculorum
2391 3308 2687 3376 omnium,
2742 3307 2909 3385 quod
2960 3309 3301 3386 posteritas
3341 3325 3582 3387 semper
3636 3328 3768 3370 am-

501 3410 857 3493 plectatur,
914 3421 967 3473 et
1022 3412 1163 3491 ipsa
1219 3415 1549 3477 intueatur
1606 3415 1952 3477 wternitas.
2011 3415 2133 3477 Sed
2187 3415 2355 3494 quod
2406 3431 2604 3475 meum
2653 3413 2817 3487 dixi,
2878 3416 3012 3495 jam
3070 3424 3241 3476 muto
3299 3414 3575 3484 dictum;
3621 3424 3678 3477 et
3733 3436 3771 3476 a

500 3532 591 3576 me
649 3514 830 3595 quasi
875 3517 1172 3594 mancupi
1230 3534 1364 3578 rem
1413 3515 1750 3585 abalieno;
1803 3526 2076 3579 vestrum
2134 3516 2458 3579 volueram
2528 3515 2735 3577 dicere
2782 3518 2895 3578 hoc
2956 3534 3132 3594 opus,
3189 3515 3418 3594 quoda
3470 3534 3564 3576 me
3591 3516 3768 3577 vobis

498 3634 618 3693 pro
670 3616 892 3677 merito
940 3625 1169 3689 vestro,
1219 3636 1292 3679 ac
1324 3617 1533 3678 studio
1580 3619 1650 3679 in
1695 3618 2017 3679 alumnum
2046 3627 2229 3699 atque
2265 3628 2582 3697 pastorem
2625 3618 2873 3694 patriae,
2920 3616 3264 3697 collataque
3314 3618 3383 3679 in
3419 3618 3487 3679 id
3533 3618 3771 3679 exscri-

507 3712 774 3775 bendum
826 3732 943 3777 (ere
994 3715 1249 3796 publico
1309 3717 1608 3779 donatum
1672 3737 1745 3779 ac
1814 3719 2170 3782 dedicatum
2220 3717 2384 3781 volo.
2472 3719 2689 3779 Vestro
2750 3718 2912 3778 enim
2985 3719 3430 3798 praescriptum
3497 3719 3768 3787 nomini,

502 3821 981 3901 patrocinioque
1039 3821 1325 3884 devotum
1373 3821 1545 3886 haud
1606 3842 1847 3899 vereor,
1893 3833 1964 3886 ut
2029 3827 2097 3885 in
2137 3845 2251 3887 ora
2282 3844 2616 3904 manusque
2647 3831 2883 3885 vestras
2914 3833 2971 3884 et
3015 3826 3265 3904 gratius
3302 3834 3638 3888 venturum
3686 3827 3772 3887 sit

505 3930 562 3984 Î´Î¹
596 3924 818 4001 tutius,
852 3926 1210 4008 diutiusque
1245 3928 1313 3991 in
1344 3927 1586 4008 pluteis
1652 3928 1976 3991 doctorum
1999 3931 2317 3992 hominum
2356 3939 2774 3991 versaturum.

1854 4134 2118 4145 ...Î±-...Î±--ÏƒÎ¹Î¿
2134 4136 2298 4143 -Ïƒ-Î¼á¿„
2311 4134 2729 4146 Î¼Î¿Î½-...ÎœÎ·Î½-Îº-Î½-...Î¿Î¼Î·
2748 4135 3352 4149 Î½Î·Î·-Ï‚Ï--ÏÎ¿--Î·Îµ--Ï…-Î¿-Îº
3366 4138 3637 4150 â€”â€”~<o--â€”~-

1456 4293 2005 4383 HUMANIS
2082 4292 2826 4427 LECTORIBUS

1180 4507 2228 4627 FRANCISCUS
2369 4507 3101 4630 SCORSUS

1775 4734 2241 4800 SOCIETATIS
2287 4735 2498 4799 JESU.

589 5033 851 5098 Poetico
885 5049 1061 5096 more
1105 5027 1460 5110 etingenio
1489 5044 1651 5092 usus
1681 5030 1937 5092 videtur
1968 5032 2279 5095 Hebraeus
2316 5039 2491 5095 vates
2522 5040 2661 5095 tum
2690 5048 2859 5111 saepe
2886 5031 3066 5102 alias,
3095 5037 3229 5092 tum
3263 5044 3417 5093 vero
3450 5045 3596 5092 cum
3631 5032 3771 5095 ina-

507 5131 706 5195 nimis
737 5131 929 5193 rebus
974 5128 1254 5191 animam
1285 5124 1620 5204 afï¬ngens,
1654 5127 1881 5189 caelum
1911 5144 2209 5190 enarrare
2244 5128 2511 5208 gloriam
2546 5127 2688 5201 Dei,
2719 5134 2781 5190 et
2810 5126 2981 5189 diem
3008 5124 3139 5189 diei
3171 5127 3440 5189 verbum
3467 5135 3758 5191 eructare

508 5225 746 5289 cecinit
778 5229 817 5288 â€˜.
852 5226 1166 5303 Perpetua
1190 5220 1435 5283 scilicet
1464 5227 1561 5283 est
1601 5220 1907 5300 nullaque
1954 5232 2321 5302 temporum
2353 5220 2836 5303 intercapedine
2870 5225 3327 5285 obmutescens
3361 5223 3578 5285 divina
3629 5225 3767 5287 laus

508 5341 700 5404 quam
740 5339 950 5385 rerum
983 5327 1339 5384 crealarum
1369 5318 1764 5381 universitas
1803 5321 1935 5383 Deo
1968 5321 2046 5383 ÎŸ.
2082 5321 2167 5384 Îœ.
2201 5321 2548 5384 architecto
2579 5337 2702 5383 suo
2727 5319 3024 5399 quamvis
3060 5326 3237 5380 muta
3307 5318 3597 5381 decantat
3636 5335 3651 5379 :
3706 5326 3770 5382 et

508 5437 655 5482 cum
690 5437 765 5482 ea
792 5419 992 5483 unius
1023 5416 1156 5481 diei
1178 5415 1500 5495 angustiis
1529 5415 1977 5480 circumscribi
2019 5434 2150 5479 non
2184 5415 2410 5497 possit,
2441 5416 2643 5478 vicem
2679 5431 2884 5488 suam,
2918 5421 2981 5476 et
3034 5415 3212 5476 velut
3270 5414 3557 5493 lampada
3612 5416 3772 5478 alter

515 5516 696 5578 alteri
738 5516 940 5579 tradat
970 5531 1235 5577 necesse
1263 5519 1381 5576 est.
1415 5512 1599 5587 Quod
1633 5511 1689 5574 si
1713 5512 1835 5576 hoc
1859 5515 2197 5578 oraculum
2241 5512 2319 5575 ad
2351 5512 2699 5593 mysticum
2737 5528 3029 5582 sensum,
3065 5527 3260 5590 quem
3298 5512 3508 5584 multi,
3543 5520 3606 5573 et
3655 5528 3770 5589 0p-

516 5608 689 5670 tiuue
719 5618 885 5674 uotae
916 5611 1465 5687 indicantPatres,
1499 5609 1969 5674 traducendum
2010 5611 2120 5685 sit,
2152 5610 2217 5674 id
2240 5611 2435 5676 etiam
2469 5611 2804 5674 commode
2826 5610 2994 5672 cadit
3021 5610 3085 5671 in
3114 5625 3253 5671 eam
3308 5609 3423 5671 Dei
3481 5608 3764 5683 laudem,

588 5746 601 5776 Â¹
640 5746 781 5803 PSal.
820 5764 975 5816 xvm,
1006 5748 1064 5817 2,
1097 5749 1150 5806 '5.
