4122 6412
374 356 445 415 53
1408 356 1809 417 FRANCISCI
1857 357 2118 416 SCORSI
2169 355 2577 415 l‘il.EF.\TIO.
3565 355 3633 417 5.3

373 481 567 543 quam
603 465 805 527 sancti
846 466 1144 528 doctores
1182 464 1482 527 Ecclesiae
1517 464 1810 527 doctrina
1839 464 2229 543 scriptisque
2266 464 2665 525 tradiderunt
2697 464 2860 527 suis.
2902 465 3149 526 Etenim
3186 470 3499 543 perpetuo
3526 465 3632 526 illa

372 560 704 621 curriculo
738 562 821 623 ab
854 561 1064 639 ipsius
1095 562 1401 624 Ecclesim
1429 570 1655 623 exortu
1692 576 2031 640 progressa
2050 568 2466 639 etpervagala
2492 570 2625 634 est;
2654 569 2713 623 et
2745 580 2934 641 quam
2956 568 3342 640 acceperunt
3364 578 3396 622 a
3423 562 3635 644 primo

373 660 646 720 Doctore
677 658 931 721 Christo
959 661 1258 738 apostoli,
1299 677 1435 722 eam
1472 677 1586 739 per
1608 661 1825 721 Patres
1862 658 2153 719 traditam
2191 664 2385 737 atque
2412 660 2852 721 transmissam
2889 676 3015 720 non
3046 660 3405 738 intercepto
3432 677 3631 719 cursu

374 778 689 837 excepere
730 761 967 823 saecula
1005 763 1494 841 consequentia.
1532 762 1713 824 Unde
1752 762 1817 823 ﬁt
1866 759 1959 823 uti
1993 778 2119 822 non
2158 760 2347 822 modo
2406 778 2660 840 semper
2719 764 2939 825 eadem
2975 764 3210 843 vigeat,
3253 765 3366 824 sed
3437 762 3629 824 etiam

371 865 687 934 augeatur
725 858 929 937 magis
964 859 1299 940 magisque
1329 860 1758 939 splendescat,
1782 876 1927 921 cum
1962 874 2221 936 semper
2255 858 2332 919 ad
2388 859 2748 921 doctrinam
2797 860 3233 937 evangelicam
3296 860 3631 939 eXplican-

370 955 519 1014 dam
553 954 1185 1036 illuminandamque
1213 957 1380 1019 alius
1416 957 1607 1018 aliam
1662 955 1953 1034 prmferat
1982 954 2223 1029 facem;
2260 958 2610 1035 praesertim
2652 976 2800 1020 vero
2835 977 2980 1021 cum
3028 960 3247 1039 aliqua
3302 958 3637 1019 hmreseou

373 1058 592 1112 coorta
628 1058 997 1132 tempestas,
1031 1071 1178 1132 qua)
1211 1054 1691 1116 candidissimis
1725 1052 2012 1115 veritatis
2044 1054 2405 1115 luminibus
2441 1055 2699 1118 nebulis
2731 1054 2869 1116 suis
2906 1056 3237 1134 fotﬁceret;
3277 1071 3438 1133 quas
3481 1070 3636 1135 pro-

370 1145 543 1208 fecto
579 1149 738 1209 radii
794 1149 891 1210 illi
924 1149 1212 1212 ccelestes
1236 1168 1305 1213 ac
1332 1151 1747 1229 praevalentes
1781 1150 1867 1212 ita
1898 1158 2319 1229 penetrarunt
2348 1158 2542 1230 atque
2574 1154 3050 1228 discusserunt,
3098 1160 3164 1214 ut
3224 1152 3389 1213 nihil
3435 1151 3638 1229 magis

374 1245 791 1305 tenebrarum
839 1246 1140 1324 princeps
1172 1264 1248 1307 ex
1287 1246 1491 1309 otiosa
1523 1263 1636 1309 sua
1676 1245 1954 1325 caligine
1987 1245 2270 1307 lucratus
2297 1247 2404 1320 sit,
2431 1249 2525 1309 uti
2553 1248 2979 1327 TheOphanes
3015 1255 3230 1310 noster
3263 1248 3331 1309 in
3356 1247 3633 1326 quadam

374 1339 642 1403 homilia
671 1344 878 1416 docet,
908 1361 1099 1423 quam
1130 1349 1198 1405 ut
1233 1343 1436 1423 magis
1469 1342 1771 1404 Ecclesiae
1802 1341 2110 1421 splendor
2140 1343 2543 1405 enitesceret.
2577 1345 2662 1405 Ita
2703 1344 2899 1423 igitur
2950 1352 3019 1405 ut
3063 1344 3437 1406 institutum
3502 1359 3641 1402 ora-

372 1438 572 1499 tionis
605 1442 825 1501 orbem
869 1441 1224 1515 conficiam,
1247 1439 1385 1501 dies
1423 1442 1791 1519 prmcedens
1826 1439 2080 1500 videtur
2104 1442 2336 1502 docere
2363 1449 2780 1520 sequentem;
2812 1442 2987 1521 quod
3051 1440 3242 1503 etiam
3293 1441 3635 1519 Mimogra-

374 1535 546 1613 phus
568 1535 679 1598 illo
713 1535 1036 1600 versiculo
1073 1544 1342 1599 venuste
1375 1538 1693 1616 expressit
1732 1557 1748 1595 :

940 1678 1242 1749 Discipulus
1261 1690 1342 1736 est
1372 1679 1568 1750 prioris
1603 1681 1873 1751 posterior
1903 1679 2039 1735 dies.

372 1832 600 1909 Neque
636 1848 786 1892 vero
813 1833 932 1895 hoc
961 1833 1173 1895 solum
1206 1834 1284 1896 de
1309 1833 1611 1897 Ecclesim
1642 1835 1936 1896 Patribus
1975 1836 2216 1897 dictum
2259 1835 2479 1907 velim,
2517 1854 2593 1897 eo
2626 1836 2795 1915 quod
2831 1837 3083 1898 nullum
3135 1835 3270 1897 fere
3325 1837 3632 1897 smculum

369 1925 560 1986 (luxit
592 1926 749 2005 quin
794 1928 1077 2007 aliquem
1114 1930 1479 2008 protulerit,
1512 1929 1623 2009 qui
1649 1930 1707 1993 ei
1736 1932 2044 1994 doctrinae
2076 1932 2243 2005 luce,
2283 1934 2434 1994 dum
2470 1932 2735 2007 viveret,
2788 1934 3205 2013 prmluceret;
3267 1934 3378 1995 sed
3442 1933 3633 1995 etiam

366 2023 547 2101 quod
578 2040 799 2084 eorum
828 2040 1020 2102 opera
1048 2025 1248 2087 veluti
1283 2044 1427 2088 cum
1453 2027 1830 2088 eorumdem
1868 2028 1991 2089 vita
2023 2028 2337 2106 deposita,
2365 2036 2597 2091 etcum
2638 2030 3050 2109 corporejam
3106 2029 3387 2107 sepulta,
3434 2033 3635 2093 adeo-

366 2134 503 2196 que
530 2124 656 2177 tam
694 2134 921 2198 magna
967 2121 1071 2181 lux
1109 2122 1299 2182 etiam
1332 2122 1759 2185 intermortua
1800 2121 2211 2201 postaliquot
2242 2122 2478 2185 deinde
2512 2123 2821 2187 revixerit
2852 2125 3107 2195 saecula,
3143 2135 3336 2203 atque
3361 2126 3439 2186 ab
3471 2125 3637 2187 obli-

368 2214 589 2276 vionis
634 2218 936 2293 sepulcro
970 2228 1174 2292 eruta,
1214 2219 1282 2282 in
1321 2220 1529 2282 lucem
1560 2223 1848 2283 evenerit
1883 2245 1897 2281 :
1939 2236 2069 2299 quo
2102 2237 2250 2282 casu
2279 2221 2625 2299 plerosque
2662 2224 2759 2284 vel
2798 2222 3067 2299 primos,
3114 2229 3174 2283 et
3208 2228 3496 2300 tempore
3569 2232 3633 2285 et

366 2312 682 2391 dignitate
708 2316 923 2377 Patres
950 2316 1290 2379 defunctos
1323 2335 1465 2379 esse
1500 2319 1817 2379 videmus.
1848 2318 2143 2390 Quantus
2203 2323 2264 2378 et
2317 2334 2510 2395 quam
2559 2318 2931 2379 luculentus
2984 2318 3209 2380 doctor
3266 2318 3633 2397 Dionysius

365 2410 780 2489 Areopagita,
849 2413 961 2488 qui
1019 2413 1327 2475 altissima
1390 2415 1471 2476 de
1527 2414 1768 2476 divinis
1834 2414 2235 2485 nominibus,
2298 2422 2490 2492 atque
2546 2413 2813 2476 omnino
2878 2415 3196 2476 caelestem
3250 2415 3329 2476 de
3392 2415 3631 2477 ccelesti

366 2506 727 2567 bierarchia
756 2507 1143 2587 theologiam
1179 2511 1446 2590 propius
1479 2514 1559 2574 ab
1612 2513 2051 2589 apostolorum
2108 2508 2284 2571 fonte
2352 2509 2647 2571 haustam
2727 2526 2841 2586 per
2901 2508 3101 2571 libros
3157 2526 3313 2571 suos
3383 2510 3448 2571 in
3520 2526 3631 2589 po-

362 2608 578 2663 steros
608 2602 968 2665 derivavit?
994 2606 1069 2667 Et
1100 2614 1309 2668 tamen
1342 2595 1481 2686 ejus
1514 2607 1663 2670 libri
1699 2615 1823 2670 tam
1863 2607 2151 2685 insignes
2183 2615 2520 2669 sexcentos
2561 2622 2759 2685 prOpe
2808 2622 3013 2668 annos
3063 2607 3131 2670 in
3192 2609 3444 2670 occulto
3493 2608 3635 2669 fue-

365 2706 545 2772 runt,
580 2716 727 2761 cum
754 2718 947 2763 nemo
975 2710 1121 2764 ante
1153 2703 1287 2765 divi
1320 2705 1616 2784 Gregorii
1656 2712 1941 2783 tempora
1975 2720 2197 2764 eorum
2234 2703 2609 2765 meminisse
2636 2704 3030 2781 reperiatur;
3088 2703 3273 2783 cujus
3328 2704 3423 2765 rei
3491 2720 3624 2766 non

364 2793 560 2855 aliam
614 2795 816 2857 fuisse
865 2814 1123 2861 causam
1174 2801 1429 2863 censuit
1491 2801 1833 2862 cardinalis
1896 2799 2345 2870 Bellarminus,
2408 2815 2599 2877 quam
2656 2800 2827 2878 quod
2892 2799 3131 2862 alicubi
3184 2800 3513 2876 latuerint,
3562 2809 3639 2863 ut

368 2892 578 2954 multa
608 2893 731 2955 alia
758 2912 925 2975 saepe
961 2897 1151 2976 longo
1185 2903 1475 2975 tempore
1505 2899 1916 2960 delitescunt.
1944 2899 2006 2959 S.
2034 2896 2331 2975 Gregorii
2353 2898 2629 2975 Nyssem
2657 2896 2858 2957 libros
2892 2896 3204 2957 adversus
3233 2896 3628 2958 Eunomium

365 2990 433 3051 S.
474 2990 913 3071 Hieronymus
943 2994 1106 3055 libro
1146 2996 1229 3054 De
1257 2996 1415 3055 viris
1440 2994 1802 3057 illustribus
1837 3000 2150 3065 recenset,
2187 3008 2432 3071 eosque
2464 2990 2591 3053 sibi
2634 2990 2714 3053 ab
2765 2993 2990 3053 eodem
3049 2992 3363 3069 Gregorio
3425 2993 3624 3055 lectos

368 3094 683 3158 testatur;
714 3089 775 3148 hi
813 3105 965 3150 vero
998 3090 1238 3151 nostris
1270 3090 1445 3151 hisce
1476 3091 1876 3169 temporibus
1906 3108 2053 3153 cum
2088 3098 2176 3152 tot
2206 3099 2352 3151 ante
2378 3089 2633 3151 szeculis
2663 3089 2730 3149 in
2765 3090 3051 3151 tenebris
3074 3090 3455 3169 jacuissent,
3527 3109 3624 3152 as-

368 3200 611 3259 pexere
653 3182 901 3258 lucem;
936 3202 1101 3264 quos
1135 3202 1277 3246 cum
1306 3187 1371 3244 P.
1406 3185 1684 3247 Iacobus
1710 3187 2073 3262 Gretserus,
2108 3188 2186 3247 de
2225 3186 2483 3261 litteris,
2523 3192 2586 3247 et
2610 3186 2783 3264 quod
2830 3192 2927 3247 est
3001 3186 3191 3266 longe
3226 3187 3625 3263 prmclarius,

365 3281 447 3341 de
479 3281 801 3344 Catholica
828 3283 1110 3345 Ecclesia
1134 3285 1373 3363 Optime
1406 3285 1701 3357 meritus,
1737 3302 1820 3345 ex
1850 3283 2147 3347 Bavarica
2173 3280 2567 3344 bibliotheca
2614 3289 2833 3343 erutos
2864 3299 2997 3360 pra)
3025 3282 3323 3343 manibus
3368 3282 3627 3345 habere!

366 3382 429 3437 et
471 3378 814 3455 expoliret,
855 3389 920 3440 ut
958 3381 1022 3441 in
1053 3381 1257 3441 lucem
1289 3380 1766 3459 utilitatemque
1794 3397 2202 3441 communem
2237 3379 2519 3451 efferret,
2557 3378 3029 3458 praeoccupavit
3057 3379 3251 3440 edere
3276 3396 3354 3439 ex
3376 3378 3626 3440 Nirolai

365 3474 637 3535 Gulonii
680 3475 1214 3554 interpretatione
1249 3480 1314 3538 P.
1348 3479 1629 3539 Joannes
1662 3494 1695 3539 a
1725 3480 1784 3539 S.
1811 3479 2178 3548 Francisco,
2214 3472 2567 3535 monachus
2595 3473 2947 3546 Fuliensis,
3007 3472 3386 3551 interpretis
3429 3473 3627 3543 ﬁlius,

365 3577 759 3649 exstantque
823 3573 1017 3634 hodie
1060 3582 1232 3635 tomo
1282 3575 1339 3635 Π
1383 3576 1670 3653 Operum
1725 3575 2023 3653 Nysseni.
2080 3572 2229 3649 Ejus
2277 3586 2428 3630 vero
2453 3569 2669 3632 fratris
2692 3568 2912 3631 Basilii
2943 3569 3156 3648 Magni
3200 3577 3455 3630 centum
3489 3586 3629 3629 am-

363 3666 542 3746 plius
568 3668 860 3743 epistolae
903 3669 967 3730 in
1014 3685 1175 3732 nova
1211 3670 1496 3733 editione
1537 3687 1811 3749 Operum
1848 3668 1990 3749 ejus
2022 3667 2239 3727 Graece
2274 3663 2471 3725 simul
2496 3671 2558 3726 et
2589 3665 2811 3725 Latine
2843 3664 2910 3725 in
2943 3664 3146 3725 lucem
3183 3663 3503 3743 prodiere.
3564 3665 3626 3724 S.

365 3763 596 3841 Cyrilli
634 3765 1233 3828 Commentariosin
1268 3768 1611 3847 prOphetas
1648 3767 1935 3828 minores
1977 3782 2182 3843 nuper
2220 3762 2503 3823 vidimus
2528 3778 2559 3822 a
2606 3763 2842 3822 Iacobo
2876 3764 3163 3823 Pontano
3206 3761 3570 3839 publicatos
3611 3787 3625 3823 :

366 3868 431 3920 et
464 3877 547 3921 ne
574 3878 651 3921 ex
676 3861 952 3941 singulis
992 3862 1352 3940 catalognm
1398 3872 1626 3937 texam,
1664 3863 2023 3940 longiorem
2082 3878 2235 3921 sane
2271 3857 2559 3918 futurum
2615 3874 2805 3936 quam
2869 3857 3000 3918 haec
3046 3856 3333 3917 lefatio
3400 3874 3631 3937 capere

368 3959 601 4033 possit,
637 3960 747 4037 qui
784 3969 1149 4022 sanctorum
1184 3966 1471 4021 veterum
1505 3963 1763 4022 Patrum
1799 3958 2154 4025 volumina,
2183 3956 2296 4034 qui
2334 3952 2754 4015 bibliothecas
2810 3962 3055 4015 veteres
3093 3970 3423 4032 novasque
3480 3972 3626 4017 ver-

366 4053 552 4127 sarit,
592 4073 783 4136 quam
816 4058 934 4119 hoc
971 4075 1192 4118 verum
1244 4058 1352 4132 sit,
1389 4059 1562 4138 quod
1610 4058 1713 4119 hic
1776 4054 2203 4137 proponimus
2266 4051 2830 4124 considerandum,
2907 4051 3424 4113 animadvertet:
3480 4069 3624 4115 nam

364 4151 661 4229 profecto
688 4170 757 4213 ea
781 4172 925 4232 quae
955 4154 1239 4216 Coloniae
1265 4156 1433 4217 edita
1463 4162 1555 4217 est
1587 4172 1755 4216 anno
1781 4155 1935 4214 1618
1963 4152 2274 4228 etMagna
2291 4147 2669 4227 appellatur,
2704 4148 2847 4227 plus
2865 4157 3123 4209 centum
3146 4152 3400 4211 Patrum
3430 4164 3630 4228 opus-

365 4247 562 4321 culis,
599 4266 744 4325 qum
781 4260 963 4312 antea
999 4251 1328 4329 incognita
1359 4262 1564 4325 erant,
1605 4261 1787 4313 aucta
1818 4258 1881 4313 et
1906 4247 2289 4325 locupletata
2315 4253 2436 4310 est.
2463 4244 2527 4306 ln
2579 4261 2709 4323 quo
2764 4262 3003 4321 genere
3063 4262 3286 4323 magna
3362 4245 3633 4324 quidem

368 4358 591 4421 operm
628 4345 829 4421 pretia
859 4345 1067 4407 facere
1087 4346 1386 4409 homines
1420 4355 1657 4409 nostrae
1687 4343 2047 4417 Societatis,
2094 4349 2155 4402 et
2212 4341 2504 4404 doctrina
2570 4347 2633 4402 et
2696 4342 3030 4402 sanctitate
3091 4340 3455 4420 conspicui,
3497 4340 3626 4419 jam

368 4445 511 4501 tum
545 4440 782 4520 abipsa
813 4444 1066 4505 condita
1105 4446 1419 4507 Societate
1447 4465 1463 4517 ;
1496 4443 1737 4523 quibus
1770 4457 1909 4504 eam
1938 4445 2245 4512 mentem,
2280 4454 2522 4517 eosque
2554 4454 2680 4498 non
2710 4436 3051 4511 humanos,
3085 4438 3193 4498 sed
3228 4438 3488 4499 divinos
3516 4439 3639 4497 im-

370 4534 632 4618 misisse
689 4537 963 4616 spiritus
1018 4540 1094 4601 ad
1127 4539 1351 4618 glorire
1378 4547 1439 4602 et
1474 4538 1777 4602 Ecclesia:
1805 4554 1941 4599 sum
1977 4535 2506 4613 prOpagationem
2547 4535 2801 4595 videtur
2827 4536 3024 4609 Deus,
3052 4542 3123 4596 ut
3170 4535 3235 4594 in
3304 4534 3581 4612 pervesti
3606 4569 3625 4578 -

368 4610 605 4711 gandis
636 4610 922 4696 vet-erum
958 4610 1239 4709 Patrum,
1269 4635 1629 4715 praesertim
1665 4652 1819 4696 vero
1851 4610 2249 4703 Graicor'um,
2286 4647 2361 4691 ex
2425 4629 2959 4691 bibliothecarum
3020 4628 3281 4706 angulis
3341 4628 3633 4691 latebris-

368 4746 503 4808 que
536 4730 1114 4805 reconditioribus,
1152 4731 1623 4804 monumentis,
1662 4732 1724 4792 in
1760 4731 1978 4810 iisque
2024 4726 2428 4788 illustrandis
2478 4725 2769 4788 Studium
2835 4742 3054 4800 suum,
3117 4725 3628 4803 linguarumque

368 4824 695 4903 peritiam,
721 4844 913 4905 quam
954 4827 1079 4890 sibi
1115 4829 1595 4907 quaasivissent,
1627 4830 1791 4891 bene
1822 4826 2255 4897 collocarent;
2290 4830 2351 4885 et
2391 4841 2468 4884 ex
2504 4822 2848 4885 blattarum
2890 4840 3035 4885 esca
3070 4823 3505 4884 humanorum
3539 4823 3637 4883 in-

369 4922 715 5001 geniorum
753 4923 1010 4999 pabula,
1036 4933 1094 4985 et
1127 4926 1429 4988 Ecclesiae
1458 4926 1903 4988 emolumenta
1933 4941 2011 4985 ex
2045 4920 2304 4982 illarum
2340 4920 2831 4981 oblectamentis
2865 4920 3213 4982 eﬂicerent.
3253 4919 3439 4992 Quod
3484 4937 3631 4982 cum

368 5019 474 5080 illi
502 5020 861 5085 studiosius
898 5023 1099 5083 multo
1132 5023 1566 5102 cupidiusque
1597 5022 1927 5090 fecissent,
1954 5038 2146 5101 quam
2178 5019 2294 5099 qui
2342 5018 2643 5081 mox'tales
2704 5019 2971 5081 avaritia
3025 5018 3340 5081 stimulati
3400 5035 3630 5081 aurum

367 5134 451 5178 ex
487 5125 671 5180 terrae
699 5118 881 5181 venis
910 5127 1103 5199 atque
1138 5120 1493 5184 visceribus
1526 5129 1865 5195 aruerunt,
1898 5127 2033 5182 tum
2066 5122 2260 5184 etiam
2298 5120 2530 5183 utilius
2560 5138 2630 5183 ac
2663 5119 3015 5183 salutarius
3067 5118 3356 5183 humano
3408 5118 3635 5198 generi

366 5214 538 5291 fuit;
577 5233 720 5278 nam
748 5216 1040 5297 profecto
1073 5218 1514 5298 perniciosum
1553 5226 1647 5280 est
1694 5236 1924 5280 aurum

1150 5360 1357 5428 Cogere
1385 5364 1649 5417 humanos
1690 5364 1743 5416 iu
1786 5378 1936 5427 usus,

1154 5449 1325 5505 Omne
1360 5467 1577 5505 sacrum
1606 5453 1847 5521 rapiente
1889 5454 2082 5511 dextra
2120 5468 2133 5511 ξ

366 5566 583 5625 (δαείω
622 5578 774 5625 vero

1124 5686 1315 5740 Parum
1346 5686 1568 5754 sepulta:
1594 5688 1757 5743 distat
1788 5688 1998 5744 inertia:

1130 5776 1310 5830 Celata
1344 5777 1537 5831 virtus.
