4122 6468
455 311 529 377 55
1487 315 1889 377 FRANCISCI
1933 316 2195 379 SCORSI
2241 318 2660 382 PREFATIO.
3650 319 3723 384 56

456 423 534 484 Et
562 422 642 485 de
677 439 745 484 ea
783 423 1019 485 melius
1045 425 1314 504 Sapiens
1358 427 1595 486 cmlcsti
1631 426 1871 505 Spiritu
1920 424 2164 489 amatus
2193 429 2635 506 pronuntiavit
2671 428 3041 506 :Sapt'entia
3078 426 3414 504 absconsa,
3478 435 3533 489 et
3576 429 3716 490 the-

451 536 682 581 caurus
714 521 1018 596 occultus,
1061 540 1194 602 qua
1228 522 1477 584 utilitas
1508 525 1574 586 in
1596 525 1881 604 utrisque
1903 524 1923 553 ²
1963 526 1991 582 ?

530 627 779 689 Horum
835 624 1188 707 insignium
1254 627 1538 692 virorum
1611 630 2011 701 auctoritate,
2069 644 2212 690 cum
2279 629 2736 708 i..telligcrem,
2797 635 2860 690 et
2906 643 3099 709 quam
3169 633 3343 689 esset
3405 625 3524 688 hoc
3572 635 3715 687 stu-

452 721 635 784 dium
710 721 1044 785 Societatis
1095 734 1331 785 nostra
1382 726 1742 802 preprium,
1802 735 1861 787 et
1917 734 2159 804 quanto
2244 726 2624 789 Christiana
2697 726 3091 806 Reipublicae
3174 728 3539 797 commodo,
3619 724 3719 785 bis

458 817 812 897 prasertim
853 820 1274 899 temporibus,
1311 839 1454 883 cum
1501 831 1868 884 sanctorum
1906 824 2158 887 Patrum
2207 826 2578 898 auctoritas,
2632 834 2694 887 et
2774 823 3061 886 doctrina
3095 826 3173 887 ab
3232 822 3552 885 hareticis
3614 823 3718 882 in-

455 917 848 995 terpretibus
880 918 1289 995 depravatur,
1354 919 1452 981 vel
1493 922 2008 999 parvipenditur,
2057 931 2387 999 permotus
2434 921 2856 984 vehementer
2934 938 3107 995 sum,
3169 926 3237 983 ut
3321 920 3373 981 si
3436 917 3592 996 quid
3651 920 3719 981 in

452 1014 695 1076 Latinis
769 1022 828 1074 et
882 1013 1118 1085 Gracis
1188 1015 1419 1076 litteris
1484 1016 1850 1079 ediscendis
1908 1018 2416 1100 excolendisque
2508 1019 2708 1083 studii
2762 1036 3106 1097 operaque
3166 1016 3569 1097 posuissem,
3649 1015 3714 1077 in

453 1107 575 1170 hoc
603 1124 769 1186 Opus
804 1122 932 1171 non
966 1109 1142 1188 parvi
1171 1111 1481 1175 momenti
1522 1113 1908 1187 conferrem,
1946 1116 2438 1197 symbolamque
2517 1134 2746 1193 meam,
2817 1122 3076 1177 tenuem
3146 1113 3445 1193 quamvis
3512 1111 3716 1185 illam,

453 1204 532 1267 ad
560 1211 682 1266 tam
712 1204 962 1267 lautum
997 1206 1367 1270 convivium
1403 1208 1667 1281 ferrem,
1701 1211 1763 1272 iu
1806 1228 2016 1292 eoque
2051 1211 2225 1277 imus
2265 1216 2736 1277 accumberem.
2763 1213 2968 1292 Igitur
2993 1211 3190 1274 simul
3228 1220 3421 1290 atque
3479 1210 3555 1279 ad
3619 1226 3718 1270 me

454 1302 681 1365 delata
738 1308 890 1364 sunt
935 1302 1220 1367 bomilia
1249 1305 1658 1386 Theophanis
1708 1308 2522 1392 Ceramet,archiepisc0pi
2585 1310 3001 1375 Tauromenii
3062 1310 3126 1372 in
3199 1307 3416 1370 Sicilia
3475 1314 3715 1378 nostra,

457 1400 686 1463 deesse
718 1397 877 1460 mihi
910 1408 971 1463 et
1004 1402 1094 1463 rei
1132 1401 1459 1466 litteraria
1507 1404 1728 1481 nolui,
1772 1407 1926 1486 quin
1987 1405 2258 1471 oblatam
2300 1407 2699 1471 occasionem
2745 1407 3122 1487 arriperem,
3158 1413 3219 1467 et
3271 1410 3545 1482 spartam
3610 1418 3722 1463 na-

456 1503 631 1569 ctus,
672 1513 807 1558 eam
843 1512 1137 1561 ornarem
1168 1520 1183 1560 :
1209 1502 1283 1562 ad
1318 1518 1509 1580 quam
1543 1502 1735 1563 etiam
1770 1503 1924 1564 mihi
1961 1505 2241 1569 acriores
2290 1506 2536 1567 addidit
2587 1504 2887 1566 stimulos
2922 1501 3150 1564 natalis
3212 1499 3334 1561 soli
3387 1515 3594 1572 amor,
3656 1506 3720 1560 et

457 1593 749 1655 studium
780 1593 1184 1658 illustranda
1213 1597 1421 1675 gentis
1454 1607 1714 1674 nostra,
1744 1616 1890 1661 cum
1924 1617 2054 1662 non
2083 1601 2269 1663 modo
2303 1602 2624 1664 universa
2655 1599 2976 1672 Ecclesia,
3003 1597 3114 1660 sed
3139 1596 3456 1659 etSicilia
3479 1602 3717 1655 nostra

458 1688 685 1767 gloria
712 1691 1176 1772 Splendorique
1217 1710 1315 1755 me
1341 1696 1681 1757 consulere
1711 1704 1903 1777 atque
1935 1700 2181 1761 servire
2215 1707 2601 1778 reputarem,
2634 1699 2685 1759 si
2749 1697 3129 1776 scriptorem
3172 1693 3343 1754 hunc
3408 1689 3718 1752 ecclesia-

459 1786 693 1849 sticum
729 1788 794 1850 in
823 1789 1033 1852 lucem
1066 1792 1439 1867 proderem;
1465 1810 1596 1873 quo
1628 1811 1757 1856 uno
1790 1802 1961 1859 certe
1987 1797 2188 1876 possit
2212 1796 2427 1859 Sicilia
2457 1795 2743 1875 gloriari,
2769 1812 2912 1856 cum
2940 1778 3137 1855 alium
3176 1789 3401 1850 habeat
3435 1787 3567 1848 fere
3602 1804 3718 1847 ne-

458 1885 730 1960 minem,
771 1888 959 1968 cujus
993 1895 1114 1950 tam
1155 1904 1455 1968 magnum
1482 1906 1645 1970 Opus
1678 1893 1753 1954 ad
1786 1892 1949 1955 hanc
1982 1911 2191 1974 usque
2216 1893 2386 1955 diem
2426 1894 2724 1956 traditum
2764 1891 2952 1955 nobis
3006 1889 3112 1951 sit.
3173 1886 3483 1961 Quamvis
3539 1883 3716 1946 enim

458 1982 892 2046 Paschasinus
934 1985 1353 2064 Lilybetanus
1387 1986 1736 2066 epismpus
1775 1989 2114 2069 sapientia
2135 1990 2339 2071 gloria
2366 1990 2688 2063 ﬂoruerit,
2724 1998 2784 2050 et
2834 1987 3161 2067 Ephesino
3206 1981 3484 2046 concilio
3541 1981 3713 2057 lega-

462 2085 569 2142 tus
604 2078 889 2142 Leonis!
938 2081 1261 2144 Pontiﬁcis
1292 2083 1564 2144 Romani
1595 2083 1945 2162 praefuerit,
1978 2095 2190 2153 tamen
2242 2087 2382 2168 ejus
2440 2086 2704 2150 nonnisi
2758 2102 2975 2165 paucae
3022 2083 3313 2161 quadam
3379 2079 3456 2141 ad
3502 2077 3717 2156 ipsum

461 2177 744 2238 Leonem
782 2178 1076 2258 epistola
1105 2177 1276 2240 inter
1308 2179 1488 2240 illius
1526 2196 1721 2260 opera
1766 2192 2039 2247 exstant.
2074 2184 2241 2247 Pctri
2273 2183 2474 2247 Siculi
2508 2182 2846 2244 historiam
2880 2181 2960 2241 de
3009 2194 3164 2240 vana
3211 2174 3715 2237 Manichaeorum

459 2272 691 2334 haresi
718 2290 798 2335 ex
830 2273 1109 2337 Malthai
1136 2274 1366 2336 Raderi
1393 2275 1724 2338 Societatis
1762 2284 2376 2344 nostraeru'titione
2410 2281 2748 2343 clarissimi
2791 2278 3010 2353 studio
3069 2285 3129 2337 et
3179 2271 3717 2348 interpretatione

459 2367 694 2431 lucrali
723 2385 993 2443 sumus;
1037 2369 1152 2449 qui
1183 2385 1337 2433 sane
1370 2372 1597 2434 Petrus
1628 2374 1852 2436 eodem
1884 2374 2019 2439 fere
2042 2379 2274 2440 saculo
2300 2378 2457 2439 vixit
2485 2378 2876 2457 scripsitque
2916 2392 3046 2454 quo
3081 2372 3183 2435 hic
3224 2372 3485 2442 Noster,
3537 2366 3717 2427 Basi-

460 2463 552 2526 lio
575 2466 889 2529 nimirum
923 2476 984 2529 et
1016 2466 1166 2529 ﬁliis
1199 2468 1339 2547 ejus
1368 2468 1791 2534 Constantino
1819 2481 1880 2534 et
1914 2474 2123 2534 Leone
2149 2460 2671 2552 imperatoribus,
2698 2490 2730 2534 a
2770 2470 3009 2552 quibus
3047 2469 3293 2546 legatus
3347 2464 3586 2524 mi~sus
3619 2467 3716 2523 est

460 2562 785 2626 Tibricam
818 2566 1144 2629 Armenia
1172 2565 1542 2640 civitatem;
1577 2567 1688 2631 sed
1723 2568 1845 2632 hoc
1883 2571 2099 2632 brevis
2129 2570 2423 2634 historia
2454 2588 2643 2650 quam
2684 2578 2876 2632 tenue
2908 2565 3217 2628 lucellum
3275 2571 3391 2625 est.
3442 2559 3507 2621 Si
3567 2556 3717 2635 quis

457 2672 614 2723 vero
643 2658 810 2722 alius
838 2659 1217 2727 Christiana
1247 2663 1582 2742 sapientia
1609 2664 1810 2741 gloria
1839 2667 2292 2745 superioribus
2328 2667 2560 2730 claruit
2584 2666 2863 2739 saculis,
2894 2663 3032 2743 ejus
3071 2670 3282 2723 tamen
3317 2673 3512 2737 opera
3552 2671 3717 2717 non-

463 2753 647 2832 dum,
681 2755 856 2836 quod
883 2757 1210 2832 sciam,ad
1242 2758 1450 2822 lucem
1486 2761 1821 2823 hominum
1860 2773 2342 2840 permanarunt.
2379 2763 2735 2826 Accedebat
2785 2762 2975 2823 etiam
3030 2758 3216 2833 illud,
3269 2754 3445 2836 quod
3510 2749 3719 2812 Theo-

459 2852 736 2934 phanem
764 2863 1055 2918 nostrum
1077 2874 1153 2920 eo
1180 2857 1419 2921 saculo
1441 2859 1681 2921 vixisse
1700 2860 2151 2938 comperet-im,
2175 2861 2347 2942 quod
2374 2865 2455 2923 ob
2478 2862 2812 2924 doctorum
2836 2857 3174 2918 hominum
3205 2849 3566 2934 penuriam,
3603 2843 3717 2924 qui

459 2950 628 3015 illud
672 2952 812 3016 luce
851 2954 1161 3018 doctrina
1192 2954 1619 3029 illustrarent,
1653 2957 2001 3018 obscurum
2041 2959 2404 3038 appellatur
2434 2977 2465 3019 a
2489 2957 2716 3029 doctis,
2751 2962 2976 3016 utnon
3013 2951 3354 3013 minimum
3408 2945 3497 3008 rei
3534 2942 3711 3003 litte-

463 3047 650 3110 raria
683 3055 745 3110 et
769 3048 913 3112 ﬁdei
956 3052 1412 3129 compendium
1448 3049 1656 3117 facere
1692 3051 1851 3113 mihi
1889 3053 2241 3129 viderer,si
2277 3055 2373 3117 illi
2398 3053 2636 3118 saeculo
2664 3049 3095 3114 illuminaudo
3125 3044 3326 3109 facem
3363 3042 3459 3105 vel
3491 3039 3719 3102 stellu-

467 3144 590 3207 lam
621 3144 903 3226 aliquam
939 3146 1340 3228 praferrem,
1377 3154 1926 3229 ostenderemque
1968 3168 2179 3232 neque
2216 3160 2349 3215 tum
2375 3151 2660 3215 defuisse
2693 3151 2757 3211 in
2794 3145 3074 3210 Ecclesia
3106 3142 3339 3207 Christi
3380 3140 3717 3232 doctorum

462 3244 723 3305 Patrum
762 3244 995 3306 lucem.
1029 3244 1281 3319 Quibus
1306 3246 1641 3307 subductis
1675 3245 2036 3309 rationibus
2068 3229 2444 3327 praclarum
2476 3251 2805 3326 negotium
2837 3243 3170 3321 suscipere
3210 3231 3605 3303 existimavi,
3660 3229 3717 3291 si

462 3346 706 3402 catena
733 3347 1100 3403 sanctorum
1121 3344 1404 3415 Patrum,
1435 3359 1561 3422 qua
1588 3344 1850 3422 Sponsa
1879 3343 2116 3406 collum
2151 3353 2441 3412 ornatur,
2466 3345 2641 3406 hunc
2672 3344 2863 3405 etiam
2897 3337 3212 3402 annulum
3243 3327 3718 3396 conserendum

462 3435 787 3498 aﬂ‘errem.
823 3436 989 3501 Illud
1020 3453 1172 3500 vero
1207 3437 1274 3499 in
1315 3445 1486 3500 tanta
1520 3437 1766 3502 inventi
1806 3438 1995 3519 hujus
2030 3441 2309 3503 thesauri
2346 3442 2562 3504 latitia
2595 3438 2940 3504 dolendum
2984 3433 3139 3496 mihi
3176 3438 3236 3494 et
3268 3426 3575 3500 omnibus
3610 3424 3722 3526 bo-

470 3533 570 3594 nis
596 3541 715 3607 est,
751 3535 864 3614 qui
895 3533 1082 3598 dolor
1107 3536 1301 3598 etiam
1336 3554 1510 3598 nunc
1531 3537 1749 3599 animo
1779 3537 2017 3599 inﬁxus
2053 3537 2279 3613 haeret,
2302 3540 2476 3618 quod
2509 3556 2655 3601 cum
2690 3536 2792 3598 bis
2816 3534 2958 3614 ejus
2989 3529 3237 3609 ingenii
3272 3524 3717 3618 monumentis

471 3647 597 3691 non
644 3630 834 3692 etiam
857 3630 1101 3711 aliquid
1126 3633 1204 3695 de
1246 3634 1374 3695 vita
1398 3633 1563 3713 ejus,
1595 3652 1715 3697 seu
1747 3637 1938 3697 rebus
1969 3632 2167 3714 gestis
2199 3635 2546 3714 Vestigium
2576 3634 2966 3711 impressum
2994 3626 3165 3707 apud
3220 3617 3565 3683 historicos
3603 3630 3719 3724 .re-

472 3728 824 3805 periamus.
860 3727 1046 3802 Quod
1079 3745 1232 3790 sane
1273 3736 1407 3791 tum
1446 3729 1826 3793 obscuritati
1877 3733 2100 3795 saculi
2164 3731 2330 3812 ejus,
2394 3731 2459 3793 in
2511 3746 2641 3810 quo
2696 3728 2879 3799 vixit,
2930 3734 3065 3787 tum
3100 3722 3291 3784 etiam
3318 3718 3717 3817 Saracenica

469 3826 632 3889 cladi
671 3827 1082 3890 tribuendum
1136 3828 1413 3903 videtur,
1444 3846 1570 3909 qua
1604 3828 1924 3909 quidquid
1959 3831 2027 3894 in
2068 3829 2377 3893 omnibus
2409 3826 2644 3890 Sicilia
2684 3823 2964 3904 Oppidis,
3001 3820 3058 3884 si
3098 3820 3492 3881 Panormum
3540 3823 3721 3871 exot-

468 3927 631 4005 pias,
668 3924 819 3987 boui
855 3925 1240 4006 pulchrique
1272 3926 1541 3997 exstitit,
1569 3926 1852 3989 deletum
1879 3937 1996 3996 est.
2031 3933 2100 3989 ut
2130 3943 2247 3988 nec
2270 3924 2336 3987 in
2363 3941 2435 3985 ea
2467 3921 2999 4001 tabulafastique
3029 3913 3444 3995 superiorum
3474 3914 3727 3983 tempo-

471 4042 613 4087 rum
652 4023 1037 4102 superstites
1070 4030 1309 4097 essent,
1343 4041 1462 4085 nec
1492 4024 1560 4085 in
1583 4030 1752 4086 tanta
1780 4023 2073 4088 barbarie
2106 4038 2423 4087 novorum
2462 4019 2828 4083 conditores
2860 4014 3251 4079 exsisterent
3283 4027 3297 4071 :
3334 4019 3547 4083 neque
3575 4015 3723 4061 vero

472 4128 618 4201 post
649 4127 935 4183 octavam
969 4118 1317 4201 synodum,
1356 4138 1392 4183 a
1415 4137 1544 4199 quo
1570 4127 1857 4200 tempore
1887 4120 2073 4185 illum
2107 4120 2337 4183 florere
2370 4118 2640 4197 capisse
2672 4114 3085 4198 conjicimus,
3113 4127 3184 4172 ac
3215 4103 3504 4188 profecto
3548 4104 3723 4161 certo
3823 4200 3830 4205 .

472 4219 824 4281 suademus
850 4225 907 4277 ἐν
927 4223 1041 4286 τοῖς
1067 4219 1510 4291 προλεγομένοις,
1541 4216 1663 4279 alia
1695 4217 1985 4298 synodus
2024 4216 2091 4279 in

2122 4218 2277 4279 orbe
2309 4216 2624 4280 celebrata
2653 4223 2770 4286 est,
2808 4212 2871 4274 in
2922 4225 3049 4291 qua
3108 4206 3218 4268 ille
3260 4204 3573 4298 interesse
3604 4211 3724 4273 po-

476 4314 697 4385 tuerit,
746 4318 814 4376 ut
840 4310 1122 4391 aliquam
1146 4309 1224 4371 de
1251 4311 1392 4389 ipso
1422 4310 1591 4374 sicut
1629 4314 1706 4376 de
1736 4297 2191 4392 Superioribus
2224 4313 2787 4377 Tauromenitana
2813 4305 3117 4372 Ecclesia
3152 4297 3476 4381 episcopis
3502 4308 3581 4356 ex
3617 4308 3728 4371 sy—

476 4411 669 4471 nodis
712 4407 1003 4471 notitiam
1035 4422 1376 4486 possemus
1407 4407 1738 4487 accipere:
1773 4408 1884 4471 sed
1926 4406 2354 4473 non‘omnino
2379 4412 2737 4482 ἀνιστόρητος
2772 4405 2897 4471 erit
2963 4397 3390 4477 Theophanes
3458 4393 3723 4460 noster;

477 4505 586 4567 sed
622 4500 778 4566 illud
813 4502 1097 4581 profecto
1118 4503 1422 4576 conabor,
1456 4504 1630 4583 quod
1667 4503 2052 4585 plerumque
2073 4486 2347 4585 pictores
2371 4506 2608 4579 solent,
2635 4502 2745 4581 qui
2780 4519 2923 4564 cum
2962 4495 3237 4560 viventis
3261 4488 3546 4553 hominis
3573 4490 3719 4546 vut-

479 4610 614 4665 tum
649 4601 1033 4679 coloresque
1066 4599 1429 4678 exprimere
1465 4616 1591 4662 non
1626 4600 1901 4672 licuerit,
1935 4620 2013 4664 ex
2048 4603 2191 4681 ipso
2227 4603 2467 4666 recenti
2501 4601 2807 4665 cadavere
2833 4596 3225 4660 lineamenta
3252 4589 3524 4688 ducunt,
3556 4587 3727 4688 (at-ex

478 4706 735 4759 mortuo
770 4696 991 4759 vivum
1031 4691 1369 4773 efﬁngunt.
1397 4695 1485 4756 Ita
1520 4713 1639 4774 ego
1672 4712 1751 4757 ex
1782 4695 1883 4756 his
1917 4695 2230 4772 homiliis,
2256 4699 2324 4762 in
2357 4697 2598 4778 quibus
2624 4700 2765 4775 ipse
2816 4688 2949 4757 non
2997 4705 3192 4770 pauca
3254 4681 3527 4761 reliquit
3567 4681 3728 4778 ⁸νίιεθ

475 4810 613 4855 sua
634 4810 1022 4872 morumque
1053 4790 1325 4870 vestigia
1355 4772 1684 4866 aclineas,
1719 4791 2066 4872 imaginem
2107 4796 2249 4859 vita
2278 4772 2489 4877 ipsius
2521 4772 2748 4858 ducam
2779 4813 2797 4866 ;
2829 4788 3008 4854 nulla
3040 4794 3137 4850 est
3201 4782 3376 4846 enim
3439 4772 3725 4857 profecto

476 4890 691 4970 imago
723 4889 927 4953 animi
967 4891 1176 4953 verior
1201 4888 1627 4962 etillustrior,
1662 4905 1852 4968 quam
1880 4894 2085 4956 oratio
2126 4893 2379 4974 ingenii
2424 4902 2486 4957 et
2540 4891 2742 4956 animi
2799 4888 3011 4969 ipsius
3067 4892 3415 4964 germanus
3476 4878 3725 4974 partus,

475 4987 847 5066 scitumque
886 4994 984 5047 est
1012 4985 1175 5049 illud
1212 4984 1519 5048 Demetrii
1545 4982 1838 5048 Phalerei
1878 5007 1892 5045 :
1928 4988 2103 5059 Σχεδὸπ

2102 5010 2124 5046 v
2149 4971 2334 5047 εἰῆόνα
2364 4991 2599 5054 ἕκαστος
2653 4990 2750 5060 τῆς
2784 4986 2978 5042 ἑαυτοῦ
3012 4984 3194 5054 ψυχῆς
3240 4979 3451 5069 γᾲράφεξ
3477 4971 3730 5069 γὴνιξπιῖ

479 5082 700 5154 στολὴν,
729 5056 827 5139 ᾖα).
858 5082 976 5137 ἔστι
1010 5083 1110 5155 μὲν
1138 5082 1237 5137 καὶ
1281 5079 1341 5145 ἐξ
1371 5080 1533 5137 ἄλλου
1566 5081 1728 5151 λόγου
1758 5056 2107 5148 παντδςῖίδεῖκ

2097 5082 2204 5135 ne
2232 5077 2362 5154 ἦθος
2384 5081 2478 5135 τοῦ
2518 5056 2849 5153 γράφοξατος.
2883 5074 3194 5151 Idemque
3233 5067 3289 5128 si
3341 5062 3497 5144 quid
3547 5056 3725 5121 aliud

478 5186 683 5252 prase
714 5172 881 5234 ferre
914 5171 1074 5232 mihi
1107 5170 1416 5235 videntur
1450 5171 1517 5232 hi
1549 5171 1965 5250 Theophanis
1999 5186 2359 5243 sermones,
2394 5187 2470 5231 ex
2503 5171 2746 5249 quibus
2772 5171 2959 5250 quasi
2991 5165 3286 5245 vestigiis
3321 5178 3440 5241 ego
3480 5154 3726 5252 omnia.

476 5250 625 5349 qua
654 5268 731 5330 ad
763 5268 904 5348 ejus
932 5269 1226 5347 patriam,
1266 5266 1574 5330 saculum
1619 5283 1750 5347 quo
1779 5266 1958 5339 vixit,
1984 5265 2362 5343 dignitatem
2397 5267 2715 5346 episcopi,
2754 5264 3337 5345 peregrinationes,
3376 5270 3591 5318 mores
3617 5250 3730 5310 dc-

481 5366 680 5447 nique
709 5382 781 5428 ac
821 5364 1032 5428 studia
1068 5364 1420 5443 pertinent,
1454 5363 1940 5444 pervestigabo;
1969 5379 2160 5440 spero
2185 5371 2400 5427 autem
2460 5369 2755 5440 εὐστόχως,
2785 5363 2838 5425 si
2875 5366 3046 5425 Deus
3090 5358 3353 5441 juverit.
3416 5353 3509 5450 Ne
3575 5361 3724 5450 vero

483 5443 618 5524 uno
650 5461 967 5527 orationis
1006 5469 1205 5524 tractu
1256 5460 1476 5524 omnia
1523 5443 1917 5534 dicerentur,
1973 5474 2111 5521 una:

2096 5475 2166 5518 tm
2219 5461 2534 5531 εἰσαγωγὴν
2560 5473 2677 5517 seu
2713 5460 2999 5530 προοίμιον
3055 5451 3425 5524 εἰσαγωγικδν
3484 5443 3553 5503 in
3609 5443 3724 5501 tria

492 5562 828 5635 proamia,
854 5557 1149 5639 eaquein
1182 5558 1404 5640 plures
1438 5558 1627 5622 etiam
1663 5565 1871 5639 partes
1902 5555 2233 5637 diSpertiri
2276 5553 2487 5618 visum
2535 5560 2630 5616 est
2669 5573 2684 5613 :
2720 5552 2813 5613 sic
2837 5548 3010 5613 enim
3055 5554 3114 5609 et
3174 5555 3250 5608 ta
3276 5545 3433 5605 lium
3491 5541 3731 5618 legenti

561 5745 581 5779 ⁸
613 5745 775 5804 Etcli.
807 5763 895 5807 xx,
929 5746 1018 5801 5?.
