4122 6420
369 366 432 429 οι
1401 369 1804 433 FRANCISCI
1846 371 2113 432 SCORSI
2150 370 2589 432 PROOEMIUM
2631 368 2680 431 Ι.
3610 359 3681 422 02

372 501 538 541 unum
573 500 639 539 ex
667 484 899 540 alterius
933 483 1154 540 interitu
1189 486 1453 555 nascitur,
1485 487 1781 542 excitatum
1816 501 1972 543 com-

373 578 674 645 periemus.
710 578 789 632 Ac
832 593 1024 648 parum
1068 578 1156 633 hic
1186 579 1251 634 ad
1290 594 1401 635 rem
1434 583 1673 651 pertinet
1704 589 1971 649 nostram,

376 681 557 724 utrum
590 669 775 725 Naxus
806 686 872 726 eo
905 672 1019 727 loco
1042 671 1144 727 sita
1172 672 1354 737 fuerit,
1388 675 1476 729 ubi
1516 691 1658 729 nunc
1690 675 1971 730 castellum

376 764 715 831 conspicitur
770 763 916 833 vulgi
974 762 1334 834 appellatione
1387 767 1437 819 ιο
1500 764 1686 822 Scltt'so
1743 766 1972 831 dictum,

373 854 519 923 quod
555 853 766 908 duobus
797 854 1021 908 circiter
1056 853 1294 911 millibus
1333 870 1363 910 a
1390 855 1759 911 Tauromenio
1786 856 1973 921 distat,

375 958 435 1003 ut
461 945 701 1002 Thomas
728 946 980 1004 Fazellus
1013 950 1239 1020 ejusque
1269 949 1490 1004 asseclre
1520 959 1873 1009 censuerunt.
1904 964 1973 1002 an

377 1040 660 1108 aliquanto
688 1038 921 1111 longius,
951 1041 1189 1110 quinque
1217 1041 1425 1096 scilicet
1456 1041 1783 1096 milliaribus
1814 1040 1975 1094 dissi-

378 1139 496 1183 tum
534 1128 719 1195 fuerit,
750 1132 891 1200 quod
945 1128 1229 1199 Philippus
1278 1130 1586 1195 Cluverius,
1617 1128 1975 1198 diligentissi-

377 1236 501 1276 mus
554 1221 756 1276 veteris
801 1221 1002 1276 Siciliae
1043 1222 1460 1292 pervestigator,
1507 1221 1733 1285 scribit,
1776 1218 1869 1289 qui
1921 1224 1977 1273 et

382 1313 699 1383 opinionem
735 1313 1036 1382 superioris
1081 1315 1366 1382 scriptoris
1395 1330 1460 1369 ex
1497 1313 1782 1369 itinerario
1810 1314 1977 1366 Auto-

379 1405 493 1459 niui
525 1405 743 1460 refellit.
775 1405 993 1461 Certum
1030 1406 1179 1473 illud,
1207 1416 1260 1462 et
1294 1423 1325 1461 a
1358 1407 1599 1475 probatis
1631 1404 1971 1471 auctoribus,

381 1491 673 1558 Strabone,
727 1495 823 1549 lib.
875 1511 953 1563 vr,
1010 1494 1264 1564 Diodoro,
1323 1495 1414 1552 lib.
1471 1512 1586 1564 tm,
1634 1494 1969 1566 Thucydide,

379 1584 475 1638 lib.
511 1600 584 1649 vr,
616 1585 908 1641 Plutarcho
947 1587 999 1642 in
1033 1586 1357 1643 Timoleonta
1397 1604 1415 1642 :
1448 1603 1512 1643 ex
1546 1602 1652 1657 quo
1678 1586 1971 1641 confirma-

381 1685 474 1728 tur
505 1676 744 1729 narratio
774 1674 841 1730 de
870 1673 1222 1731 Tauromenii
1256 1677 1467 1746 origine
1498 1676 1657 1730 allata
1681 1690 1710 1729 a
1740 1674 1972 1730 Diodoro

376 1767 504 1821 loco
528 1765 640 1836 jam
676 1766 845 1831 dicto,
894 1782 1066 1837 eaque
1098 1767 1277 1839 potior
1318 1777 1373 1823 ct
1401 1769 1581 1823 verior
1625 1766 1974 1823 existimatur

377 1872 547 1926 quam
596 1872 717 1927 qua:
755 1857 987 1913 traditur
1016 1859 1085 1914 ab
1112 1860 1303 1914 eodem
1353 1859 1434 1914 sui
1486 1874 1673 1929 parum
1710 1871 1972 1923 memore,

378 1948 480 2003 lib.
523 1963 639 2015 xtv,
684 1965 714 2004 a
761 1951 1003 2007 secunda
1035 1951 1272 2006 diversa.
1321 1949 1414 2005 llis
1459 1951 1628 2021 igitur
1660 1948 1973 2005 auctoribus

379 2042 503 2094 ba'c
553 2038 833 2097 aﬂ'erimus
877 2060 892 2097 :
938 2056 970 2096 a
1027 2041 1266 2097 Theocle
1319 2041 1637 2097 Atheniensi
1694 2040 1969 2096 conditum

377 2130 618 2197 Naxum,
667 2133 759 2203 qui
808 2148 931 2220 curn
980 2132 1049 2189 ab
1090 2133 1338 2190 instituto
1372 2149 1531 2188 cursu
1579 2134 1629 2187 in
1673 2149 1736 2190 ea
1789 2133 1969 2187 littora

378 2226 559 2281 ventis
606 2236 751 2282 esset
796 2225 1074 2295 abreptus,
1106 2241 1340 2297 cumque
1386 2226 1488 2281 soli
1539 2228 1836 2281 bonitatem
1872 2227 1972 2279 ad-

376 2318 665 2384 vertisset,
707 2325 762 2372 et
806 2317 1117 2373 Siculorum
1160 2318 1213 2372 in
1261 2333 1326 2373 eo
1373 2318 1599 2373 colendo
1646 2318 1971 2388 segnitiem,

376 2411 600 2465 domum
633 2425 903 2475 reversus,
937 2425 1057 2465 cum
1104 2411 1548 2477 Atheniensibus,
1594 2412 1668 2466 uti
1700 2410 1968 2465 coloniam

378 2517 446 2557 eo
474 2502 773 2569 mitterent,
804 2502 1134 2570 persuadere
1178 2518 1284 2556 non
1318 2503 1603 2570 potuisset,
1639 2504 1810 2560 ascito
1857 2516 1974 2556 rna-

378 2606 490 2663 gno
531 2590 976 2650 Chalcidensium
1020 2592 1296 2649 Lubacam
1339 2594 1574 2650 insulam
1620 2595 1971 2651 incolentium

380 2699 638 2748 numero,
669 2684 855 2739 lonutn
891 2685 1017 2741 item
1044 2695 1100 2743 et
1132 2686 1505 2752 Doriensium,
1535 2702 1764 2757 quorum
1802 2685 1973 2752 ma]0r

378 2794 514 2849 pars
555 2778 902 2850 Megarenses
945 2792 1122 2847 erant,
1175 2782 1227 2836 iu
1284 2783 1525 2838 Siciliam
1574 2782 1871 2850 navigavit,
1918 2790 1973 2833 et

379 2869 775 2927 Chalcidenses
816 2871 1035 2942 quidem
1081 2872 1316 2938 Naxum,
1364 2874 1655 2929 Dorienses
1701 2872 1971 2943 Megaram

377 2959 700 3027 condidere,
734 2961 893 3032 idque
921 2962 1215 3032 contigisse
1240 2980 1385 3018 anno
1415 2974 1541 3019 ante
1570 2964 1847 3019 Christum
1874 2979 1977 3018 nae

384 3060 502 3105 tum
534 3052 659 3118 756,
686 3061 809 3123 post
829 3052 1126 3120 Troianum
1155 3056 1352 3110 bellum
1376 3055 1504 3111 448.
1529 3054 1814 3111 Cluverius
1840 3053 1977 3110 scri-

380 3142 487 3207 bit,
517 3158 642 3197 cum
669 3158 841 3200 annos
868 3144 974 3200 555
1015 3145 1202 3201 Naxus
1233 3146 1497 3213 stetisset,
1531 3148 1747 3201 tandem
1790 3161 1820 3200 a
1856 3146 1979 3200 Dio-

381 3235 546 3305 nysio
592 3234 986 3307 Syracusarum
1032 3246 1259 3310 tyranno
1284 3239 1522 3309 juniore,
1554 3239 1698 3311 quod
1739 3238 1856 3308 ejus
1886 3249 1975 3310 ty-

380 3329 604 3385 rannidi
656 3330 865 3387 infensa
913 3331 1104 3388 civitas
1137 3335 1205 3388 ab
1253 3348 1319 3389 eo
1359 3334 1696 3400 descivisset,
1729 3348 1974 3389 eversam

378 3435 524 3476 esse.
556 3419 727 3491 Igitur
754 3430 873 3492 post
903 3422 1037 3477 Naxi
1069 3426 1341 3480 excidium
1375 3439 1521 3480 anno
1547 3425 1638 3491 57,
1668 3425 1975 3480 Androma-

381 3514 543 3578 chus,
586 3513 777 3571 Timaei
823 3516 1088 3585 historici,
1121 3534 1281 3588 quem
1312 3519 1495 3576 laudat
1526 3519 1598 3576 Μ.
1631 3519 1841 3576 Tullius
1880 3519 1974 3574 lib.

378 3609 463 3663 De
492 3617 658 3677 orat.,
685 3620 860 3679 pater,
885 3613 1134 3666 exsulum
1171 3613 1429 3683 reliquias
1454 3614 1580 3669 hinc
1604 3614 1727 3668 inde
1750 3628 1969 3684 cogens,
1992 3646 2001 3653 -

378 3710 627 3757 montem
661 3701 923 3769 Taurum,
950 3703 1019 3758 ab
1048 3705 1187 3759 tauri
1219 3705 1393 3760 forma
1420 3706 1647 3771 dictum,
1676 3706 1784 3761 illis
1821 3705 1976 3761 habi-

382 3794 611 3847 tandum
658 3791 832 3859 dedit,
860 3794 1003 3864 quod
1053 3810 1083 3848 a
1120 3795 1282 3867 longo
1331 3798 1591 3867 temporis
1636 3800 1836 3867 spatio,
1871 3811 1978 3868 quo

380 3885 458 3941 ibi
515 3884 833 3939 substiterat
893 3884 1315 3943 Tauromenium
1368 3903 1398 3942 a
1432 3900 1587 3944 tauro
1616 3900 1669 3945 et
1695 3892 1979 3957 manendo,

380 3977 574 4035 Graece
594 3978 704 4032 ἀπὸ
722 3979 821 4049 τῆς
842 3980 938 4033 ἐπὶ
959 3979 1174 4051 Ταύρου
1203 3983 1375 4053 μονῆς
1397 3982 1721 4053 appellatum
1745 4001 1759 4038 :
1780 3994 1977 4041 etcum

381 4070 584 4127 subitis
625 4070 879 4141 oppidum
930 4072 1285 4130 incrementis
1337 4074 1530 4130 ﬂorere
1576 4076 1851 4144 coepisset,
1898 4078 1979 4131 fa-

383 4172 537 4219 ctum
583 4173 669 4217 est
720 4172 779 4217 ut
839 4172 894 4219 et
948 4165 1142 4221 incolae
1206 4166 1454 4238 ingentes
1505 4182 1637 4236 opes
1683 4180 1739 4224 et
1788 4172 1981 4226 civitas

388 4253 709 4326 dignitatem
739 4254 1127 4324 amplissimam
1159 4257 1261 4313 sibi
1285 4269 1648 4330 compararet.
1680 4262 1856 4331 Atque
1892 4264 1981 4320 hic

384 4357 473 4404 est
502 4347 854 4403 Tauromenii
886 4358 1063 4415 ortus,
1101 4351 1217 4406 haec
1250 4353 1486 4408 nominis
1532 4353 1708 4425 origo.
1745 4353 1900 4421 Quod
1933 4356 1979 4411 si

386 4440 620 4507 Plinius,
671 4439 912 4511 Colonia,
973 4442 1172 4513 inquit,
1223 4442 1653 4511 Tauromenium,
1689 4463 1807 4517 qua:
1858 4458 1981 4504 ante

386 4536 493 4605 fuit
523 4533 750 4601 Naxos;
789 4542 843 4589 et
884 4535 1106 4592 Solinus
1149 4537 1334 4593 itidem
1377 4537 1656 4594 Coloniam
1688 4539 1982 4596 Taurome-

389 4630 566 4692 nium,
600 4644 758 4697 quam
789 4628 949 4697 prisci
980 4627 1196 4685 Naxum
1229 4632 1516 4700 vocabant;
1555 4633 1599 4688 si
1631 4635 1697 4689 de
1742 4650 1872 4700 uno,
1897 4636 1981 4689 in-

388 4734 578 4790 quam,
604 4720 1119 4790 eodemqueoppido
1142 4731 1197 4778 et
1219 4724 1410 4779 codem
1436 4725 1541 4779 situ
1562 4726 1738 4795 posito
1759 4727 1983 4797 loquan-

389 4822 501 4875 tur,
535 4811 654 4866 l’alsi
681 4822 834 4878 sunt;
867 4813 914 4868 si
954 4812 1020 4867 ad
1058 4812 1202 4869 hunc
1232 4815 1565 4871 intellectum
1608 4819 1979 4886 traducantur,

386 4913 447 4959 ut
471 4917 539 4957 ex
563 4901 859 4958 Naxiorum
883 4902 1094 4959 colonia
1123 4902 1545 4961 Tauromenium
1578 4917 1759 4963 ortum
1789 4909 1978 4978 velint,

388 4994 529 5050 veri.
579 4990 846 5047 Ceterum
898 4992 1223 5066 etymologia
1288 5010 1450 5065 quam
1503 4993 1752 5052 Fazellus
1815 4997 1985 5052 refert

388 5088 616 5146 omnino
661 5087 840 5156 inepta
885 5095 1013 5143 est:
1050 5086 1463 5143 Tauromenium
1511 5090 1732 5157 dictant,
1783 5091 1980 5162 inquit,
2014 5124 2029 5135 -

383 5179 541 5253 quasi
590 5180 730 5232 tauri
772 5179 1047 5247 fortitudo.
1093 5178 1237 5235 Nam
1281 5196 1478 5236 menos
1508 5180 1691 5237 (ἔναιρε
1726 5194 1799 5238 est
1827 5184 1984 5253 [orti—

385 5274 516 5329 tudo
549 5291 643 5328 seu
686 5275 868 5330 robur.
916 5273 1110 5333 Falsus
1157 5284 1244 5332 est
1285 5276 1529 5333 Fazellus
1575 5277 1630 5332 in
1665 5278 1851 5343 verbo,
1888 5280 1980 5335 sed

384 5368 568 5437 magis
597 5368 648 5421 in
691 5382 783 5433 re;
819 5383 925 5423 non
966 5377 1053 5425 est
1097 5369 1261 5440 μένος
1294 5372 1511 5440 proprie
1559 5372 1819 5431 fortitudo
1851 5389 1985 5429 mm-

382 5463 625 5531 niorum,
646 5464 744 5520 sed
789 5465 1118 5532 animorum,
1166 5468 1250 5522 vel
1297 5483 1584 5536 corporum
1630 5485 1644 5523 :
1694 5484 1870 5539 neque
1918 5485 1983 5523 ex

387 5573 672 5614 murorum
701 5558 1041 5625 fortitudine,
1070 5562 1163 5615 sed
1194 5577 1259 5616 ex
1294 5563 1594 5628 mansione,
1628 5573 1686 5619 ut
1717 5563 1982 5621 Diodorus

382 5662 553 5718 supra
585 5648 782 5705 relatus
811 5661 901 5706 est
922 5662 1133 5720 auctor,
1178 5652 1413 5709 deducta
1445 5656 1735 5725 originatio
1768 5656 1980 5712 Tauro-

384 5742 591 5807 menii;
619 5745 712 5799 sed
754 5743 844 5799 hic
887 5757 1043 5798 error
1070 5744 1209 5801 forte
1244 5748 1635 5805 condonantlus
1674 5761 1841 5817 esset,
1878 5753 1981 5809 nisi

383 5849 446 5889 se
494 5833 607 5903 ipse
647 5837 699 5893 in
746 5836 950 5907 linguae
982 5837 1183 5896 Graeca:
1216 5841 1426 5911 Spincta
1455 5844 1643 5899 volens
1684 5860 1746 5900 ac
1779 5847 1976 5915 sciens,

2080 505 2175 546 seu
2211 489 2391 558 potius
2434 486 2702 552 nesciens,
2741 481 3068 539 induxisset.
3099 478 3236 548 Quid
3271 476 3401 533 illud
3434 476 3579 546 quod
3613 476 3681 528 ad

2079 582 2483 636 [irtnatuentum
2538 580 2711 645 addit,
2761 592 2925 648 quam
2977 574 3095 630 leve
3149 583 3312 642 atque
3368 569 3678 631 ridiculum,

2080 690 2265 730 muros
2302 673 2499 729 muenia
2547 672 2845 742 appellatos
2894 668 3049 740 quasi
3086 684 3114 723 a
3154 668 3336 738 μένος.
3373 663 3533 732 Atqui
3576 661 3680 716 hoc

2078 778 2161 823 est
2215 768 2375 822 etiam
2429 765 2623 820 Latine
2673 764 2929 819 nescire:
2963 762 3160 818 tutenia
3212 759 3365 829 quasi
3419 757 3597 810 munia
3650 769 3678 807 a

2080 861 2365 914 muniendo
2398 860 2541 913 dicta
2573 868 2700 913 sunt
2730 858 2909 927 prisco
2945 870 3195 911 sermone
3225 852 3561 913 Latinorum,
3588 847 3679 918 qui

2082 968 2175 1022 per
2215 968 2260 1007 ω
2292 951 2605 1007 scribebant
2634 962 2687 1005 et
2730 948 3048 1014 eﬂ‘erebant,
3084 962 3204 1015 qua:
3252 954 3437 1013 postea
3479 956 3577 1011 per
3620 955 3675 993 u.

2078 1047 2305 1102 Plautus
2357 1045 2514 1114 Capt.
2553 1059 2570 1097 :
2610 1042 2812 1096 Vinclis
2865 1041 3222 1109 custodiisque
3272 1031 3680 1090 circummoeniti

2077 1155 2280 1194 sumus.
2322 1137 2413 1192 Sic
2443 1137 2595 1192 moeri
2625 1150 2721 1204 pro
2751 1134 2911 1201 muri,
2945 1149 3083 1188 assus
3118 1146 3214 1201 pro
3246 1146 3407 1195 usus;
3435 1138 3487 1182 et
3522 1126 3679 1197 plura

2078 1234 2131 1290 id
2165 1248 2355 1303 genus.
2393 1232 2499 1287 Sed
2550 1231 2603 1285 in
2639 1228 2915 1284 nonnullis
2959 1241 3091 1280 usus
3137 1224 3358 1279 retinuit
3404 1237 3473 1287 ae,
3519 1230 3576 1274 ut
3626 1218 3678 1272 iu

2078 1326 2357 1389 moenibus,
2406 1325 2460 1380 in
2512 1323 2786 1393 plerisque
2830 1319 3158 1389 repudiavit,
3211 1323 3271 1369 ut
3320 1313 3372 1367 iu
3418 1310 3687 1379 exemplis

2076 1419 2283 1473 allatis.
2309 1417 2424 1473 Hoc
2453 1416 2617 1486 igitur
2644 1422 2863 1484 etymou
2894 1410 3112 1465 falsum.
3148 1407 3214 1462 Et
3240 1420 3368 1461 vero
3403 1405 3564 1459 etiam
3596 1402 3679 1456 fa-

2076 1513 2325 1573 bulosum
2378 1510 2507 1565 illud
2548 1509 2692 1578 quod
2737 1504 2897 1561 aﬁ‘ert
2941 1503 3175 1583 scriptor
3204 1498 3452 1554 historia:
3498 1494 3676 1551 sancti

2077 1602 2374 1666 Pancratii,
2406 1600 2564 1671 primi
2596 1596 2948 1654 Tauromenii
2994 1592 3259 1664 episcopi,
3295 1588 3452 1660 quasi
3482 1603 3510 1641 a
3544 1585 3679 1641 Ma:-

2080 1711 2199 1749 na'a
2248 1704 2304 1748 et
2349 1692 2531 1747 Tauro
2576 1691 2783 1745 dictum
2820 1685 3243 1742 Tauromenium
3276 1698 3289 1735 :
3327 1679 3558 1747 scriptor
3595 1678 3678 1730 in-

2078 1803 2241 1858 quam
2287 1798 2617 1855 anonymus,
2670 1797 2774 1836 non
2822 1777 3108 1848 Evagrius,
3158 1771 3458 1842 discipulus
3509 1768 3678 1837 ipsius

2078 1881 2250 1936 sancti
2288 1878 2581 1943 Pancratii,
2625 1874 2781 1945 cujus
2831 1873 3050 1929 nomine
3099 1867 3384 1938 supposito
3430 1873 3540 1918 tota
3586 1860 3675 1915 illa

2078 1971 2258 2026 fabula
2283 1970 2462 2041 potius
2487 1983 2650 2039 quam
2678 1964 2903 2022 historia
2927 1961 3174 2025 emersit,
3193 1961 3277 2013 vel
3303 1969 3451 2013 certe
3480 1952 3678 2009 fabulae

2080 2064 2264 2121 multa:
2322 2063 2375 2119 in
2430 2076 2616 2117 veram
2672 2057 2955 2115 historiam
3013 2055 3382 2123 irrepserunt,
3430 2061 3593 2116 quam
3644 2058 3676 2098 a

2080 2156 2271 2212 Graeco
2297 2155 2350 2208 in
2382 2152 2635 2207 Latinum
2663 2150 2963 2205 traductam
2994 2143 3180 2213 accepi
3212 2157 3277 2197 ex
3310 2136 3677 2193 monumentis

2079 2248 2142 2304 P.
2187 2247 2396 2304 Octavii
2444 2244 2692 2309 Caetani,
2733 2238 3017 2310 scriptoris
3061 2235 3306 2292 historiae
3358 2241 3676 2285 sanctorum

2083 2341 2416 2397 Siculorum.
2452 2337 2617 2406 Igitur
2650 2343 2923 2396 narratur,
2956 2329 3195 2391 Taurum,
3242 2328 3529 2395 quemdam
3578 2334 3676 2375 nov

2084 2436 2252 2500 mine,
2298 2433 2689 2495 Chananteum,
2739 2442 2769 2480 a
2821 2426 2973 2496 Syris
3025 2431 3262 2491 captum,
3293 2427 3345 2474 ct
3384 2413 3677 2470 mercatori

2083 2523 2332 2578 Romano
2364 2521 2643 2576 venditum
2680 2517 2731 2571 in
2769 2514 3041 2576 Calabria,
3078 2513 3300 2565 ductum
3360 2508 3425 2560 ad
3477 2503 3680 2560 ltenal-

2032 2674 2043 2675 ί
2084 2618 2214 2670 dum
2245 2610 2681 2684 toparcham,cui
2710 2623 2845 2663 uxor
2876 2615 2993 2659 erat
3025 2603 3239 2657 Mamaea
3269 2598 3677 2662 Macedonissa;

2082 2711 2179 2765 sed
2215 2724 2336 2763 cum
2374 2704 2646 2761 Renaldus
2689 2704 2741 2757 in
2794 2717 2859 2756 eo
2896 2700 3035 2755 bello
3083 2698 3228 2769 quod
3277 2695 3443 2765 gessit
3490 2701 3678 2745 contra

2083 2801 2420 2871 Aqttilitlum,
2452 2800 2502 2853 in
2529 2796 2777 2853 Calabria
2810 2809 3014 2865 regem,
3051 2805 3226 2846 cassus
3268 2795 3433 2850 esset,
3467 2783 3681 2838 Mmutca

2084 2894 2265 2949 Tauro
2293 2892 2497 2961 nupsit.
2525 2890 2644 2945 Mox
2674 2887 2960 2958 Aquilinus
2990 2900 3082 2940 rex
3107 2882 3292 2951 copias
3321 2889 3505 2934 contra
3532 2877 3678 2930 Tau-

2085 3004 2204 3043 rum
2235 2987 2452 3049 eduxit;
2490 2985 2645 3054 isque
2667 2998 2788 3036 cum
2840 2981 3056 3034 liltena-a
3086 2977 3316 3047 conjuge
3356 2975 3408 3027 in
3439 2971 3681 3026 Siciliam

2087 3082 2347 3153 profugit,
2397 3081 2486 3136 ubi
2516 3077 2941 3133 Tauromenium
2994 3089 3023 3126 a
3068 3070 3387 3140 coniugibus
3417 3066 3598 3120 Tauro
3627 3070 3683 3116 ct

2086 3179 2302 3233 Mamaea
2348 3174 2627 3231 conditum
2666 3180 2771 3226 est.
2821 3166 2945 3222 litec
2989 3173 3072 3220 est
3121 3162 3317 3218 fabella
3370 3161 3434 3215 de
3472 3157 3684 3226 origine

2084 3266 2444 3324 Tauromenii
2479 3264 2709 3320 conficta
2740 3270 2794 3317 et
2822 3261 2875 3314 in
2920 3258 3112 3325 vulgus
3154 3254 3356 3317 dedita,
3386 3266 3505 3320 qme
3552 3262 3684 3304 sane

2083 3361 2359 3432 pr0posita
2409 3375 2438 3413 a
2465 3372 2549 3410 me
2580 3365 2705 3411 ante
2740 3352 2982 3407 veritatis
3032 3348 3301 3405 historica:
3328 3346 3526 3408 lucem,
3565 3344 3684 3395 sine

2084 3455 2192 3508 ulla
2240 3449 2711 3522 argumentatione
2761 3445 2919 3516 quasi
2973 3442 3170 3496 nebula
3224 3438 3469 3494 discussa
3519 3432 3685 3501 disje-

2085 3553 2284 3613 ctaque
2323 3544 2436 3610 jam
2470 3551 2573 3603 est,
2607 3548 2661 3593 et
2705 3552 2734 3591 a
2769 3534 2963 3605 quovis
3000 3528 3347 3586 mediocriter
3394 3528 3446 3580 in
3494 3525 3682 3579 critica

2084 3641 2383 3693 exercitato
2440 3632 2756 3702 dispelletur
2788 3649 2802 3685 :
2838 3642 2998 3697 quam
3037 3634 3093 3679 et
3140 3621 3390 3678 Fazellus
3449 3620 3565 3685 ipse
3601 3631 3685 3670 re-

2087 3730 2255 3803 pulit;
2310 3742 2432 3780 nam
2475 3727 2541 3780 de
2589 3722 2815 3780 Octavio
2858 3719 3099 3777 Caetano
3149 3730 3253 3768 non
3301 3721 3443 3765 esset
3489 3709 3683 3762 tnirtttn

2088 3819 2320 3876 acrioris
2348 3818 2537 3888 judicii
2572 3815 2720 3879 viro;
2753 3811 2851 3867 sed
2888 3825 3007 3863 eam
3039 3808 3145 3861 huc
3176 3803 3358 3864 retuli,
3390 3810 3447 3853 ut
3482 3816 3509 3852 a
3540 3796 3682 3865 vulgi

2086 3915 2252 3973 etiam
2280 3908 2727 3967 Tauromenitani
2752 3904 3028 3967 sensibus,
3060 3900 3112 3952 in
3144 3896 3364 3966 quibus,
3391 3902 3447 3947 ut
3476 3900 3683 3945 caeteras

2088 4009 2260 4065 aniles
2297 4005 2491 4060 fabulae
2540 4001 2766 4057 hmsisse
2799 3998 2979 4062 video,
3012 4001 3272 4063 quantum
3310 3988 3427 4043 tieri
3477 3993 3682 4056 posset,

2088 4108 2535 4169 extorqueretur.
2559 4095 2641 4149 Ab
2671 4092 2778 4147 illis
2810 4091 2975 4162 igitur
3006 4086 3177 4142 initiis
3207 4080 3512 4153 profectum
3539 4075 3686 4128 Tau-

2088 4193 2391 4250 romeuium
2447 4203 2644 4259 capere
2690 4200 2788 4242 sua
2835 4181 3004 4254 cmpit
3051 4180 3408 4234 incrementa.
3453 4172 3529 4226 De
3574 4184 3685 4240 quo

2086 4287 2216 4342 illud
2244 4286 2405 4340 etiam
2439 4278 2780 4351 antiquitatis
2811 4277 2930 4345 ejus
2975 4282 3029 4328 et
3058 4269 3339 4341 dignitatis
3386 4266 3685 4319 documen-

2089 4391 2201 4437 tum
2233 4378 2427 4441 habeo,
2456 4373 2598 4443 quod
2631 4387 2659 4426 a
2700 4369 2941 4432 nemine,
2978 4365 3120 4435 quod
3148 4362 3341 4423 sciam,
3373 4371 3559 4413 eorum
3592 4352 3686 4423 qui

2087 4487 2177 4528 res
2211 4468 2527 4525 Sicilienses
2570 4463 2861 4533 scripsere,
2895 4458 3094 4514 litteris
3123 4456 3391 4526 proditum
3433 4460 3517 4505 est
3546 4472 3557 4505 :
3586 4465 3687 4519 ego

2086 4577 2220 4619 vero
2255 4564 2322 4615 ab
2368 4556 2709 4613 nobilissimo
2739 4567 2892 4623 teque
2922 4563 2986 4605 ac
3017 4547 3420 4604 studiosissimo
3452 4540 3688 4609 antiqui-

2087 4655 2217 4713 tatis
2259 4661 2310 4708 et
2347 4652 2650 4706 litterarum
2698 4647 2763 4701 D.
2798 4644 3029 4698 Martino
3076 4640 3349 4703 Lofarina,
3400 4634 3687 4690 Panormi-

2089 4755 2239 4810 tan'o,
2276 4742 2368 4812 qui
2400 4740 2560 4797 hodie
2588 4737 2728 4807 apud
2762 4734 3145 4805 Hispaniarum
3180 4743 3359 4799 regem
3401 4726 3547 4795 degit
3589 4738 3686 4777 ca-

2085 4837 2241 4908 pellae
2269 4834 2430 4904 regiae
2454 4831 2724 4893 addictus,
2757 4827 2886 4881 illud
2915 4823 3099 4892 accepi
3126 4837 3249 4875 cum
3278 4834 3345 4874 ex
3377 4817 3588 4872 Malcho
3619 4818 3685 4872 de

2086 4931 2198 4985 vita
2274 4926 2597 4998 Pythagora:
2667 4936 2697 4974 a
2751 4919 3003 4974 Cunrado
3073 4912 3443 4970 Rittershusio
3500 4908 3688 4963 Graece

2088 5023 2234 5079 edito
2269 5028 2556 5089 exceptum
2596 5016 2661 5070 ad
2716 5030 2800 5068 me
2833 5012 3135 5075 detulisset,
3186 5007 3328 5075 quod
3366 5016 3446 5060 est
3496 5001 3686 5069 hujus-

2089 5113 2281 5169 modi:
2319 5112 2417 5172 “Ag
2466 5107 2510 5160 δ’
2543 5106 2898 5176 ἐπιδημήσας
2940 5101 3144 5171 Ἰταλίᾳ
3200 5117 3259 5152 τε
3307 5099 3401 5152 καὶ
3464 5095 3687 5165 Σικελίᾳ

2090 5201 2361 5258 κατέϐαλε
2392 5199 2578 5259 πόλεις
2600 5194 3010 5263 δεδουλωμένας
3042 5194 3134 5246 ὑπ’
3164 5190 3542 5261 ἁλλήλων,τὰς
3586 5186 3684 5256 μὲν

2090 5297 2302 5351 πολλῶν
2343 5293 2508 5357 ἐτῶν,
2537 5292 2637 5352 τὰς
2679 5290 2735 5342 δὲ
2777 5288 2974 5340 νεωστὶ
3023 5286 3377 5356 φρονήματος
3406 5279 3687 5347 ἐξελευθε-

2092 5390 2210 5460 ρίου
2245 5388 2457 5458 πλήσας
2489 5384 2578 5438 διὰ
2619 5383 2729 5437 τῶν
2776 5381 2863 5450 ἐφ’
2898 5380 3142 5449 ἑκάστην
3190 5373 3477 5430 ἀκουστῶν
3512 5368 3681 5424 αὐτοῦ

2088 5481 2460 5552 ἠλευθέρωσε.
2500 5478 2792 5549 Κρότωνα,
2833 5476 2929 5529 καὶ
2955 5473 3217 5544 Σύῦαριν,
3260 5469 3355 5522 καὶ
3397 5466 3682 5531 Κατάνην,

2088 5576 2183 5627 καὶ
2246 5572 2489 5640 Ῥήγιον,
2539 5570 2636 5622 καὶ
2697 5567 2941 5638 Ἱμέραν,
3003 5565 3101 5618 καὶ⁸
3166 5558 3534 5630 Ἀκράγαντα,
3588 5554 3685 5607 καὶ

2090 5666 2486 5735 Ταυρομένιον,
2515 5663 2610 5717 καὶ
2633 5662 2799 5722 ἄλλας
2825 5658 3000 5723 τινας,
3037 5651 3125 5718 αἷς
3157 5654 3252 5708 καὶ
3289 5650 3487 5720 νόμους
3528 5647 3683 5700 ἔθετο

2093 5757 2179 5811 διὰ
2226 5756 2495 5828 Χαρώνδα
2533 5772 2593 5808 τε
2634 5754 2731 5807 τοῦ
2768 5750 3115 5810 Καταναῖον,
3153 5746 3245 5798 καὶ
3295 5742 3562 5798 Ζελεύκου
3586 5738 3681 5794 τοῦ

2107 5850 2351 5922 Λοκροῦ·
2404 5848 2471 5903 δι’
2520 5842 2594 5905 ὧν
2643 5846 2998 5917 ἁξιοζήλωτοι
3046 5842 3158 5903 τοῖς
3206 5836 3507 5908 περιοίκοις
3553 5832 3679 5904 ἄχρι
