4122 6420
444 331 513 396 63
1496 340 1898 403 FRANCISCI
1942 339 2206 404 SCORSI
2250 344 2686 408 PRO(EMIUM
2727 347 2774 410 Ι.
3665 351 3738 419 64

445 445 645 501 πολλοῦ
673 446 954 517 γεγόνασι.
987 448 1238 506 Civitates
1273 466 1412 516 vero,
1448 469 1580 522 quas
1628 453 1682 507 in
1725 470 1821 507 sua
1857 453 2034 507 Italia

447 538 750 610 Siciliaque
794 545 1212 614 peregrinatione
1263 545 1598 616 Pythagoras
1649 547 1829 602 uicinis
1876 549 2039 602 serti-

449 642 559 685 tute
586 633 721 686 alias
762 636 970 703 quidem
1001 623 1316 706 antiquitus,
1351 638 1485 691 alias
1518 655 1639 692 vero
1685 650 1919 693 recenter
1948 655 2040 708 op-

451 744 660 794 pressas
691 730 904 794 invenit,
930 747 1018 783 eos
1055 730 1310 783 libertatis
1339 732 1515 785 studio
1548 733 1750 802 replens
1785 750 1876 799 per
1915 749 2038 785 suos

455 823 744 883 audi;ores,
775 839 901 891 quos
934 839 997 876 ex
1032 840 1342 893 unaquaque
1386 841 1569 877 eorum
1616 836 1900 878 sectatores
1943 824 2038 877 ha-

455 912 622 974 bebat,
675 913 725 964 in
785 915 1058 980 pristinam
1116 916 1342 967 asseruit
1392 915 1708 979 libertatem,
1756 914 2037 968 Crotonem

451 1005 649 1058 scilicet
693 1014 742 1056 et
780 1005 1047 1074 Sybarim,
1094 1005 1374 1068 Catanam,
1423 1005 1705 1076 Rhegium,
1739 1005 2037 1068 Himeram,

450 1097 812 1166 Agrigentum,
869 1107 918 1150 et
974 1097 1406 1163 Tauromenium,
1458 1107 1507 1150 et
1570 1099 1829 1168 quasdam
1883 1097 2040 1164 alias,

449 1188 638 1250 quibus
667 1189 802 1258 leges
824 1205 917 1258 per
953 1189 1289 1243 Charondam
1321 1191 1650 1253 Catanazum,
1681 1201 1726 1243 et
1756 1188 2041 1243 Zaleucum

442 1277 678 1345 Locrum
705 1283 848 1346 tulit,
879 1299 1164 1352 earumque
1211 1300 1372 1337 causa
1407 1284 1582 1353 digna:
1615 1283 1754 1350 apud
1787 1283 2041 1350 ﬁnitimos

453 1378 520 1428 ad
552 1374 766 1444 longum
794 1391 956 1444 usque
971 1387 1174 1443 tempus
1208 1376 1402 1430 habita:
1435 1386 1577 1442 sunt,
1609 1392 1837 1447 quarum
1875 1390 2042 1428 amu-

453 1467 695 1520 laretttur
727 1469 992 1523 instituta.
1040 1471 1215 1540 Atque
1255 1472 1366 1524 haec
1402 1471 1670 1538 pertinent
1717 1471 1781 1523 ad
1833 1467 2043 1522 Tauro-

456 1561 619 1614 menii
653 1564 1058 1632 antiquitatem,
1093 1563 1177 1617 cui
1211 1579 1317 1618 non
1351 1565 1632 1619 minimum
1673 1563 1922 1630 adiecere
1948 1562 2044 1617 de-

455 1654 599 1707 coris
639 1654 744 1706 duo
771 1655 1103 1708 nobilissima
1141 1655 1379 1710 virorum
1413 1657 1594 1724 paria;
1633 1670 1861 1724 quorum
1910 1654 2045 1709 alter

457 1745 510 1800 in
546 1746 767 1802 historia
817 1763 940 1802 cum
979 1750 1092 1816 ipsa
1124 1766 1290 1818 prope
1340 1763 1596 1806 nascente
1641 1751 1810 1820 patria
1865 1748 2046 1804 ﬂoruit

457 1838 717 1902 Timaus,
747 1841 1112 1898 Andromachi
1138 1844 1436 1898 conditoris
1467 1843 1629 1906 ﬁlius,
1659 1844 1724 1897 de
1753 1857 1861 1912 quo
1891 1841 2046 1895 testi-

457 1931 697 1985 monium
740 1942 917 1987 exstat
947 1931 1019 1990 Μ.
1049 1934 1230 2000 Tullii,
1270 1935 1363 1989 lib.
1400 1951 1435 1990 ll
1475 1935 1551 1988 De
1587 1943 1729 1988 orat.
1761 1949 1779 1987 :
1817 1932 2045 1987 Timtcus

456 2023 608 2094 longe
658 2025 1078 2089 eruditissimus,
1112 2035 1160 2080 et
1207 2044 1385 2081 rerum
1435 2020 1634 2098 copia,
1665 2037 1715 2084 et
1761 2029 2048 2082 sententia-

455 2129 574 2170 rum
625 2117 876 2170 varietate
932 2117 1454 2183 abundantissimus,
1509 2119 1624 2190 ipsa
1676 2120 2048 2188 compositione

455 2208 731 2262 verborum
783 2225 887 2262 non
942 2209 1237 2277 impolitus,
1277 2227 1520 2280 magnam
1571 2210 1918 2281 eloquentiam
1977 2211 2047 2264 ad

457 2299 790 2352 scribendum
825 2298 1026 2353 attulit.
1066 2298 1310 2354 Meminit.
1348 2301 1413 2354 de
1444 2300 1632 2354 eodem
1667 2303 1806 2356 idem
1839 2300 2049 2357 Tullius

460 2390 559 2446 lih.
595 2407 647 2456 v,
687 2390 862 2459 Epist.
914 2393 980 2446 ad
1027 2391 1278 2448 Lucium.
1322 2394 1572 2448 Meminit
1620 2392 1944 2448 Plutarchus
1992 2395 2049 2450 in

457 2483 636 2546 Nicia,
667 2484 732 2537 de
781 2483 1028 2538 historiis
1059 2483 1126 2538 ab
1155 2498 1220 2538 eo
1263 2484 1592 2552 conscriptis
1619 2503 1633 2538 :
1665 2494 1894 2540 testatur
1935 2487 2052 2540 hac

459 2575 748 2644 Dionysius
768 2573 1236 2640 Halicarnasseus,
1267 2573 1360 2629 lib.
1383 2591 1401 2630 ι
1429 2576 1794 2646 Antiquitatis.
1815 2576 2049 2646 Τιμαίου

455 2667 553 2722 τοῦ
576 2667 904 2722 Σικελιώτου
938 2667 1006 2721 τὰ
1045 2665 1145 2736 μὲν
1171 2667 1379 2737 ἀρχαῖα
1435 2666 1544 2721 τῶν
1573 2667 1828 2736 ἱστοριῶν
1849 2668 1909 2721 ὲν
1929 2671 2052 2734 ταῖς

457 2766 665 2827 κοιναῖς
693 2761 959 2834 ἱστορίαις
988 2762 1451 2833 ἀφηγησαμένου,
1503 2765 1632 2826 τοὺς
1660 2764 1718 2818 δὲ
1741 2765 1878 2835 πρὸς
1907 2763 2054 2835 Πύρ-

460 2858 556 2926 ρον
598 2854 692 2907 τὸν
731 2853 1080 2926 Ἠπειρώτην
1119 2855 1396 2927 πολέμους
1427 2857 1508 2921 εις
1551 2857 1689 2911 ἰδίαν
1735 2855 2054 2928 καταχωρί-

459 2964 654 3011 σαντος
701 2949 1110 3019 πραγματείαν.
1165 2948 1278 3004 Hoc
1319 2956 1405 3004 est
1455 2951 1750 3018 interprete
1810 2949 2055 3021 Dionysii

457 3039 807 3108 Sigismundo
856 3040 1063 3096 Galeno
1107 3056 1123 3097 :
1172 3041 1400 3097 Timaus
1451 3041 1671 3098 Siculus
1719 3059 1802 3097 res
1848 3043 2055 3111 priscas

457 3135 764 3203 complexus
796 3134 1085 3189 universali
1115 3134 1365 3198 historia,
1398 3134 1590 3205 Pyrrhi
1636 3134 1872 3205 Epirota:
1903 3136 2053 3191 bellis

455 3228 710 3298 priuatim
754 3229 931 3283 dicato
973 3227 1253 3283 uolumine.
1303 3226 1408 3285 Sed
1443 3228 1581 3285 nihil
1620 3228 1781 3298 hujus
1827 3228 2056 3300 insignis

458 3318 704 3374 historici
738 3318 806 3373 ad
839 3327 1080 3374 nostram
1113 3327 1329 3374 atatem
1362 3321 1629 3390 pervenit.
1661 3319 1816 3376 Alter
1845 3322 2058 3378 Tauro.

461 3409 772 3464 menitanus
808 3408 860 3462 in
909 3408 1153 3464 historiis
1185 3416 1516 3464 memoratus
1545 3408 1762 3466 Phileas
1793 3417 1877 3466 est
1910 3410 1964 3465 in
1996 3425 2058 3468 re

461 3500 780 3557 mechanica
825 3499 1165 3569 praecellens,
1195 3500 1512 3558 Archimedi
1551 3501 1898 3573 Syracusano
1926 3503 2059 3572 σύγ-

459 3609 675 3665 χρονος,
721 3597 789 3649 de
829 3609 939 3664 quo
979 3592 1295 3658 Athenaeus,
1324 3593 1420 3649 lib.
1465 3609 1499 3648 v
1521 3598 1834 3664 Δειπνοσ.,
1863 3597 1955 3652 ιιΙή
1990 3597 2059 3654 de

459 3683 588 3738 navi
638 3681 914 3749 Hieronis,
972 3683 1116 3754 regis
1175 3682 1592 3756 Syracusarum,
1642 3687 1814 3756 ipsius
1859 3688 2059 3744 Archi-

464 3776 642 3832 medis
681 3776 963 3832 molimine
991 3784 1326 3840 constructa,
1367 3775 1596 3846 ejusque
1629 3777 1770 3832 malo
1813 3779 2059 3834 omnium

461 3871 702 3926 maximo
736 3884 752 3925 :
790 3871 1125 3943 Κατήγαγεν
1141 3871 1199 3926 δὲ
1232 3871 1395 3926 αὐτὸν
1424 3871 1520 3925 ἐπὶ
1550 3871 1826 3926 Θάλατταν
1861 3872 2061 3938 Φιλέας

462 3963 493 4017 ὁ
537 3964 950 4035 Ταυρομενίτης
1014 3965 1336 4036 μηχανικός.
1382 3963 1614 4018 Deduxit
1658 3980 1775 4020 eam
1817 3965 1875 4018 in
1917 3980 2062 4020 mare

460 4057 678 4112 Phileas
717 4057 1201 4112 Tauromenitanus
1225 4058 1580 4112 mechanicas.
1611 4056 1730 4112 iam
1769 4071 1899 4114 vero
1923 4057 2064 4116 situs

463 4149 818 4205 Tauromenii
856 4150 1198 4207 admirabilis
1228 4160 1331 4214 est,
1371 4161 1426 4205 et
1458 4161 1648 4206 natura
1689 4153 1863 4224 magis
1897 4167 2062 4224 quam

464 4251 583 4298 arte
615 4245 854 4298 munitus
884 4262 896 4298 :
929 4254 986 4297 ut
1018 4259 1128 4298 non
1169 4245 1364 4300 mirum
1393 4260 1514 4301 esse
1539 4246 1808 4314 videatur,
1834 4247 1879 4303 si
1905 4261 1937 4302 a
1965 4244 2064 4300 Sac

466 4341 702 4403 racenis,
736 4339 837 4394 nisi
869 4354 966 4407 per
998 4338 1224 4393 insidias
1267 4339 1386 4408 capi
1423 4339 1834 4410 expugnat-ique
1873 4349 2064 4410 potue-

471 4430 565 4489 rit.
612 4445 784 4499 eaque
830 4441 1102 4498 postrema
1155 4433 1317 4485 fuerit
1367 4433 1580 4487 urbium
1629 4433 2061 4488 clarissimarum

468 4523 674 4577 clades.
711 4525 802 4577 list
830 4525 976 4578 enim
1011 4539 1168 4579 mons
1202 4524 1312 4592 ipse
1349 4525 1400 4576 in
1430 4541 1537 4595 quo
1565 4525 1730 4581 situm
1767 4535 1852 4580 est
1891 4534 1946 4580 et
1977 4541 2065 4580 ar-

466 4616 608 4670 duus
635 4625 688 4670 et
721 4631 949 4671 ascensu
991 4616 1224 4671 difﬁcilis
1253 4627 1483 4686 utroque
1513 4633 1579 4672 ex
1607 4618 1800 4682 latere,
1831 4616 1976 4687 quod
2011 4626 2066 4672 ct

467 4723 566 4762 nos
601 4710 700 4776 ipsi
733 4710 906 4765 oculis
935 4710 1135 4763 nostris
1165 4711 1513 4779 suspeximus
1539 4722 1597 4766 et
1631 4711 2062 4780 peragravimus,

466 4815 767 4868 verumque
807 4817 927 4855 esse
959 4801 1313 4870 cognovimus
1354 4800 1497 4869 quod
1538 4799 1606 4855 de
1634 4815 1701 4854 eo
1741 4799 1908 4854 etiam
1951 4800 2064 4868 Ap-

467 4891 661 4960 pianus
700 4891 863 4945 tradit
902 4907 1022 4946 esse
1065 4893 1420 4958 asperrimum
1477 4892 1596 4946 visu
1632 4899 1684 4945 et
1732 4891 2064 4948 acutissimis

469 4982 708 5049 undique
750 4982 1028 5048 praﬁvum
1071 4993 1513 5051 praeruptumque
1544 4982 1714 5040 saxis.
1754 4982 1896 5038 Urbs
1937 4999 2066 5038 vero

470 5073 526 5127 in
560 5073 668 5128 illis
706 5073 900 5127 mediis
933 5074 1180 5142 Alpibus,
1211 5074 1385 5128 dicam
1415 5074 1591 5142 patius
1623 5089 1786 5143 quam
1815 5073 2066 5143 alpestri-

471 5166 577 5222 bus
607 5167 852 5234 rupibus,
886 5176 941 5220 et
971 5167 1244 5222 intercisis
1293 5171 1489 5236 posita,
1524 5175 1578 5220 et
1623 5166 1692 5222 ab
1723 5166 1915 5221 iisdem
1959 5167 2068 5220 cir-

471 5261 810 5314 cummunita
865 5270 919 5314 et
967 5257 1236 5314 obvallata
1281 5266 1362 5312 est
1397 5277 1412 5312 :
1443 5273 1673 5326 quarum
1727 5257 1902 5323 alias,
1959 5272 2064 5328 qua

472 5352 738 5408 Orientem
766 5359 997 5421 spectat,
1025 5349 1170 5404 inira
1203 5365 1261 5404 se
1286 5350 1453 5404 habet
1478 5350 1544 5403 ad
1570 5365 1719 5405 mare
1742 5351 2063 5420 depressas;

475 5444 628 5505 alias,
656 5459 759 5511 qua
796 5443 1154 5508 occidentem,
1191 5440 1391 5496 calum
1443 5442 1618 5508 ipsum
1665 5441 2066 5508 contingentes,

478 5543 536 5586 ut
565 5535 771 5601 poetice
799 5535 996 5598 dicam,
1029 5535 1186 5602 eique
1208 5533 1572 5598 tnittantes,in
1603 5548 1832 5602 quarum
1864 5534 2068 5588 vertice

479 5633 659 5678 exstat.
701 5642 795 5681 arx
827 5637 878 5682 et
912 5627 1230 5697 oppidulum
1263 5625 1422 5692 Mela,
1453 5635 1562 5681 tota
1608 5625 1796 5680 Sicilia
1841 5625 2067 5680 notissi-

485 5729 656 5776 mum,
688 5717 828 5782 quod
871 5734 938 5771 eo
979 5720 1220 5773 damnati
1257 5719 1504 5775 homines
1553 5718 1839 5775 facinorosi
1872 5722 2070 5788 depor-

487 5813 694 5872 tentur,
723 5816 781 5861 ut
814 5808 977 5865 tradit
1009 5811 1277 5880 Fazcllus,
1311 5813 1396 5870 cui
1425 5813 1612 5871 subest
1640 5827 1737 5870 ars
1770 5812 2067 5868 Taurome-

2150 453 2222 508 ttii
2265 455 2506 522 inferior,
2535 459 2606 513 ita
2639 470 2698 514 ut
2729 460 2961 515 molibus
2993 476 3023 515 a
3053 461 3190 518 mola
3218 461 3484 520 devolutis
3507 464 3738 534 opprimi

2147 546 2289 602 haud
2341 549 2540 606 diﬁicili
2608 551 2828 622 negotio
2877 552 3068 622 possit.
3115 554 3382 611 Caterum
3435 556 3740 611 Taurome-

2147 641 2387 695 nitanum
2436 646 2632 699 calum
2679 647 2862 701 latum
2898 663 2962 703 ac
2995 648 3213 704 salubre
3249 659 3370 716 est;
3419 659 3738 720 prospectus

2148 733 2215 786 ab
2245 737 2441 804 oppido
2475 738 2525 791 in
2559 738 2862 794 Mamertini
2902 741 3023 795 freti
3063 752 3118 797 et
3151 743 3320 798 maris
3360 743 3494 798 lonii
3539 743 3742 797 latissi-

2150 842 2295 879 tnunt
2332 843 2537 895 aequor,
2578 833 2962 903 oppositasque
3014 833 3326 890 Brutiorum
3375 845 3608 900 montes,
3649 837 3740 906 ju-

2150 921 2517 975 cttndissimus
2565 941 2578 978 :
2630 925 2744 992 agri
2805 927 2968 980 etiam
3030 927 3280 995 planities
3331 929 3738 994 amoenissima;

2149 1027 2335 1068 canna
2384 1014 2619 1079 mellita,
2665 1027 2720 1072 et
2756 1018 2864 1072 vini
2896 1021 3039 1088 apud
3086 1031 3317 1086 veteres,
3352 1030 3488 1077 teste
3537 1021 3734 1088 Plinio,

2149 1101 2566 1159 celebratissimi
2601 1105 2963 1174 feracissima,
2990 1121 3048 1165 ut
3078 1127 3182 1166 non
3215 1113 3485 1167 immerito
3507 1127 3624 1167 eam
3655 1128 3738 1167 re-

2150 1193 2364 1263 gionem
2400 1194 2544 1251 inter
2576 1206 2804 1254 cateras
2827 1200 3091 1270 elegerint
3111 1201 3340 1256 Romani
3368 1218 3476 1272 quo
3498 1203 3740 1259 colonias

2153 1281 2508 1353 deducerent,
2559 1289 2699 1357 quod
2748 1288 2890 1345 .lulio
2933 1291 3146 1346 Casare
3201 1305 3383 1346 rerum
3437 1293 3630 1362 potito,
3686 1303 3742 1348 et

2153 1374 2503 1432 Tauromenii
2543 1378 2910 1449 ampliﬁcandi
2959 1382 3202 1435 studioso
3249 1381 3473 1448 factum,
3524 1393 3582 1436 ut
3615 1381 3744 1436 Dio-

2153 1467 2316 1522 dorus
2343 1468 2586 1538 ejusdem
2618 1472 2877 1537 temporis
2915 1472 3152 1541 scriptor
3182 1481 3264 1526 est
3295 1473 3467 1529 testis.
3511 1471 3574 1525 Et
3608 1487 3742 1526 sane

2153 1573 2340 1612 eorum
2383 1560 2800 1628 magniﬁcentia
2845 1577 3008 1631 opera
3042 1563 3292 1618 videntur
3319 1577 3464 1629 esse,
3495 1564 3639 1633 quod
3673 1565 3744 1618 ah

2155 1651 2310 1706 initio
2344 1653 2624 1718 dicebam,
2681 1656 2953 1709 theatrum
3003 1654 3240 1710 lateritio
3287 1671 3452 1726 opere
3497 1667 3746 1711 constru-

2155 1754 2323 1807 ctum,
2361 1747 2505 1814 quod
2549 1761 2742 1815 magna
2790 1761 2856 1801 ex
2899 1759 3055 1816 parte
3087 1748 3354 1816 integrum
3390 1756 3594 1812 exstat,
3626 1763 3746 1818 qua

2155 1849 2275 1890 sors
2307 1835 2447 1889 haud
2480 1835 2594 1891 scio
2633 1851 2699 1890 an
2734 1836 2854 1892 aliis
2882 1837 3153 1893 veteribus
3183 1837 3389 1894 Sicilia
3423 1853 3747 1892 monumen-

2157 1925 2222 1979 tis
2259 1926 2586 1982 obvenerit:
2619 1928 2782 1997 idque
2825 1943 2926 1997 ego
2957 1944 3065 1984 non
3103 1932 3223 1986 sine
3260 1931 3430 1985 animi
3477 1930 3750 1999 voluptate

2154 2017 2327 2073 oculis
2357 2032 2422 2073 ac
2453 2017 2680 2086 pedibus
2710 2035 2815 2075 non
2839 2021 3008 2076 semel
3035 2020 3314 2077 dimensus
3341 2035 3465 2076 sum
3497 2021 3751 2090 doluique

2155 2119 2209 2164 et
2241 2121 2465 2180 questus
2515 2127 2634 2166 sum
2686 2113 2834 2183 apud
2885 2113 3057 2181 cives,
3091 2128 3160 2170 ex
3195 2128 3258 2171 ea
3309 2113 3507 2170 lateres
3542 2115 3608 2170 ad
3644 2117 3748 2170 alia

2159 2219 2296 2258 nova
2350 2203 2579 2260 adiﬁcia
2625 2206 2994 2263 substruenda
3041 2207 3272 2264 subinde
3319 2207 3595 2275 exscindi;
3643 2223 3752 2280 quo

2158 2291 2269 2356 ﬁet,
2303 2301 2363 2347 ut
2391 2293 2578 2362 paucis
2603 2301 2726 2362 post
2748 2297 2928 2360 annis,
2958 2295 3150 2364 ingens
3182 2295 3311 2350 illud
3341 2306 3750 2351 monumentum

2156 2383 2634 2440 Tauromenitana
2671 2386 3048 2456 amplitudinis
3076 2386 3321 2443 funditus
3349 2388 3621 2443 concidat.
3653 2386 3752 2443 lti-

2157 2481 2278 2534 dem
2307 2479 2550 2547 ejusdem
2576 2479 2912 2535 admiranda
2932 2480 3187 2551 potentia
3208 2495 3374 2550 opera
3403 2490 3530 2537 sunt
3561 2489 3750 2553 stagna

2157 2587 2254 2628 seu
2287 2573 2540 2628 cisterna
2587 2573 2961 2628 subterranea
2999 2571 3118 2627 dua
3153 2582 3569 2638 concamerata,
3615 2587 3755 2641 qua-

2159 2679 2281 2719 runt
2309 2664 2481 2718 altera
2509 2672 2634 2718 octo
2657 2663 2937 2733 quadratis
2958 2663 3291 2720 cementitiis
3311 2663 3526 2718 suﬁ‘ulta
3549 2666 3757 2720 colum-

2161 2757 2279 2825 nis;
2314 2757 2484 2812 altera
2517 2770 2648 2811 vero
2677 2771 2813 2824 pene
2843 2767 3113 2825 prostrata
3136 2767 3191 2812 et
3222 2755 3418 2812 aﬁlicta
3453 2766 3755 2828 temporum

2165 2847 2371 2918 injuria
2394 2849 2658 2904 cernitur.
2687 2848 3051 2917 Aquaductus
3076 2847 3204 2903 item
3233 2858 3446 2904 veteres
3476 2848 3548 2903 ibi
3577 2849 3761 2904 visun-

2163 2949 2285 3008 tur;
2327 2950 2382 2996 et
2418 2941 2523 2995 alia
2569 2941 2789 2996 demum
2835 2949 3314 2996 monumentorum
3361 2941 3414 2995 in
3461 2941 3760 3012 primisque

2161 3032 2423 3103 Aebegeti
2459 3032 2645 3102 templi
2697 3032 2956 3103 vestigia,
3005 3040 3060 3086 et
3116 3031 3366 3102 sepulcra
3420 3048 3525 3088 non
3563 3046 3758 3102 pauca,

2161 3139 2327 3193 quam
2376 3124 2462 3179 vel
2517 3123 2724 3180 ambitu
2779 3137 2976 3194 magna
3029 3125 3179 3192 (nam
3219 3133 3384 3194 quota
3435 3137 3561 3191 pars
3616 3122 3763 3178 illius

2164 3214 2329 3270 hodie
2357 3214 2585 3281 restat?)
2617 3212 2702 3268 vel
2732 3211 3131 3282 magniﬁcentia
3160 3212 3386 3278 nobilis,
3417 3211 3501 3267 vel
3534 3225 3765 3267 numero

2165 3301 2366 3360 civium
2409 3302 2642 3357 celebris
2675 3301 2841 3356 fuerit
2871 3300 3086 3366 civitas,
3114 3300 3432 3356 Ostendunt.
3466 3303 3644 3370 Atque
3677 3301 3766 3356 hic

2166 3392 2286 3464 ejus
2313 3391 2573 3462 splendor
2603 3391 2769 3447 etiam
2802 3404 2973 3460 usque
3000 3390 3066 3446 ad
3097 3387 3486 3445 Saracenicam
3519 3391 3768 3460 tyranni-

2169 3485 2316 3552 dem,
2337 3486 2594 3542 nimirum
2619 3493 2731 3540 toto
2751 3482 2968 3552 imperii
2986 3482 3300 3537 Gracorum
3329 3492 3572 3552 tempore
3593 3497 3766 3551 usque

2167 3581 2236 3640 ad
2268 3579 2464 3636 Leonis
2499 3577 2774 3648 Sapientis
2801 3591 2997 3642 avum,
3026 3573 3128 3631 sub
3157 3590 3267 3643 quo
3296 3582 3604 3645 expugnata
3635 3574 3762 3638 fuit,

2167 3672 2435 3730 mansisse
2475 3670 2715 3725 videtur.
2764 3666 2899 3722 Nam
2953 3665 3347 3722 Constantinus
3387 3664 3768 3736 Porphyroge-

2168 3772 2318 3831 neta,
2348 3763 2469 3834 ejus
2502 3761 2664 3824 illius,
2691 3761 2785 3830 qui
2817 3759 2892 3814 De
2927 3759 3246 3815 thematibus
3277 3759 3485 3827 imperii
3522 3757 3765 3813 libellum

2167 3857 2409 3928 scripsit,
2441 3855 2538 3911 lib.
2565 3869 2631 3920 ιι,
2671 3853 2725 3909 in
2762 3852 3003 3908 themate
3047 3849 3250 3907 Sicilia
3280 3849 3396 3905 hac
3433 3851 3618 3915 tradit,
3646 3863 3769 3920 qua

2168 3951 2402 4024 primam
2440 3951 2583 4006 hanc
2612 3945 2864 4019 proatnii
2900 3953 3110 4014 partem
3144 3944 3212 4000 de
3241 3942 3591 4000 Tauromenii
3620 3951 3768 3998 statu

2169 4040 2492 4118 politico'ita
2524 4042 2760 4106 claudat,
2785 4048 2842 4096 et
2862 4038 3099 4109 sigillum
3127 4037 3198 4094 sit
3223 4036 3494 4093 dictorum
3519 4035 3765 4092 omnium

2170 4135 2815 4201 honoriﬁcentissimam,
2847 4143 2902 4188 et
2951 4131 3121 4202 ipsius
3169 4129 3517 4216 imperatoris
3565 4129 3768 4184 annulo

2170 4230 2532 4298 impressum,
2587 4242 2657 4284 ne
2701 4228 2879 4283 dicam
2931 4224 3100 4294 digito
3151 4225 3414 4292 scriptum
3450 4241 3465 4278 :
3498 4221 3655 4292 Ἔχει
3711 4221 3768 4274 δὲ

2172 4323 2360 4387 πόλεις
2386 4322 2696 4393 ἐπισήμους
2722 4320 2824 4392 τήν
2851 4337 2910 4374 τε
2936 4319 3317 4392 Συράκουσαν,
3353 4316 3450 4371 καὶ
3478 4315 3539 4369 τὸ
3566 4315 3767 4368 καλού-

2174 4434 2338 4490 μενον
2382 4415 2784 4488 Ταυρομένιον,
2817 4413 2914 4467 καὶ
2941 4413 3112 4482 αὐτὴν
3137 4410 3238 4483 τὴν
3273 4409 3647 4480 Ἀκράγαντα,
3677 4408 3772 4462 καὶ

2170 4511 2268 4574 τὰς
2316 4509 2512 4572 λοιπὰς
2547 4509 2734 4572 πόλεις
2763 4508 2862 4570 τὰς
2903 4507 3002 4577 μὲν
3047 4503 3430 4576 ἠρημωμένας
3471 4502 3622 4572 παρὰ
3659 4501 3770 4556 τῶν

2172 4603 2533 4674 Σαρακηνῶν.
2562 4601 2676 4672 Τὴν
2713 4600 2814 4670 μὲν
2847 4597 2940 4653 οὖν
2974 4597 3333 4667 Συράκουσαν
3357 4597 3452 4650 ἐπὶ
3476 4595 3766 4650 Βασιλείου

2173 4699 2268 4753 τοῦ
2303 4697 2552 4768 ἀοιδίμου
2589 4694 2864 4766 βασιλέως
2894 4693 3209 4766 παρέλαὸον
3245 4693 3294 4745 οἱ
3332 4691 3673 4764 Σαρακηνοί·
3709 4689 3772 4742 τὸ

2172 4793 2229 4848 δὲ
2255 4791 2638 4863 Ταυρομένιον
2663 4791 2758 4844 ἐπὶ
2783 4790 3016 4853 Λέοντος
3061 4788 3159 4842 τοῦ
3207 4789 3556 4857 Σοφωτάτου.
3595 4784 3771 4840 σαπε-

2173 4903 2292 4942 rum
2327 4885 2559 4954 insignes
2608 4882 2764 4936 urbes
2816 4882 2967 4936 habet
3021 4881 3342 4951 Syracusas,
3381 4889 3430 4933 et
3480 4877 3772 4931 Taurome-

2173 4978 2322 5031 nium
2381 4976 2617 5040 dictutn,
2681 4976 2957 5043 ipsumque
3009 4973 3389 5040 Agrigentum,
3446 4978 3496 5023 et
3553 4975 3774 5022 steteras

2127 5107 2134 5112 -
2173 5070 2432 5132 ciuitates,
2461 5067 2652 5135 partim
2678 5065 2966 5125 desolatas.
2997 5065 3193 5133 partim
3229 5060 3514 5116 Saracenis
3547 5075 3777 5126 occupa-

2173 5174 2278 5218 tas.
2314 5163 2611 5233 Syracusas
2653 5169 2790 5214 certe
2821 5158 2918 5213 sub
2955 5156 3158 5210 Basilio
3193 5156 3514 5224 imperatore
3542 5153 3773 5224 percele-

2174 5258 2253 5311 bri
2285 5265 2529 5325 ceperunt
2558 5253 2836 5317 Saraceni,
2868 5250 3277 5306 Tauromenium
3305 5264 3424 5302 vero
3468 5247 3564 5301 sub
3602 5244 3775 5300 Leone

2174 5351 2491 5419 imperatore
2537 5346 2812 5415 Sapiente.

2318 5491 2346 5563 §
2393 5492 2459 5547 II.
2493 5523 2559 5535 —
2592 5491 2778 5546 Status
2827 5490 3212 5546 ecclesiasticus
3265 5471 3631 5547 Tauromenii.

2247 5624 2766 5682 Tauromenitanam
2819 5623 3115 5679 Ecclesiatn
3165 5625 3489 5694 antiquitate
3518 5633 3572 5678 et
3599 5624 3775 5694 digni-

2177 5729 2289 5774 tate
2320 5734 2442 5774 cum
2475 5718 2667 5788 primis
2693 5725 2748 5772 et
2777 5717 2967 5786 prima
3012 5716 3353 5786 antiquitatis
3387 5716 3648 5770 Ecclesiis
3684 5715 3774 5770 Si-

2185 5812 2321 5869 cilia
2355 5809 2782 5880 componendam
2825 5823 2986 5867 nemo
3015 5811 3223 5866 vocarit
3250 5809 3304 5865 itt
3337 5808 3580 5878 dubium,
3617 5807 3774 5868 modo
