4122 6436
371 402 441 466 σε)
1394 404 1802 466 FRANCISCI
1838 404 2104 465 SCORSI
2141 405 2577 469 PROCEMIUM
2621 408 2667 470 ι.
3596 425 3667 492 66

370 516 490 585 ejus
543 514 839 584 primordia
892 527 1134 586 reputet;
1195 517 1448 571 nimirum
1486 534 1513 572 a
1543 518 1599 573 S.
1633 517 1793 572 Petro
1835 532 1967 585 apo-

370 609 633 661 stolornm
675 609 923 676 principe
961 609 1266 674 fundatam,
1306 612 1471 665 misso
1490 626 1552 665 ex
1574 612 1792 666 Oriente
1822 608 1969 663 Tau—

373 705 669 758 rnnteniutu
706 701 766 756 S.
805 703 1127 766 l’ancratio,
1183 706 1358 772 primo
1408 704 1522 770 ejus
1578 704 1850 771 episcopo,
1900 702 1968 754 ab

372 800 605 866 ipsumet
641 795 699 850 8.
743 796 905 851 Petro
954 807 1294 864 consecrato,
1342 808 1490 851 extra
1543 796 1965 850 controversiam

371 900 476 942 est.
532 886 787 941 Testatur
839 887 1279 959 Martyrologitnn
1330 888 1627 943 Romanum
1657 888 1690 942 ’5
1724 887 1963 955 Aprilis;

366 980 527 1033 card.
574 977 835 1033 Baronius
866 981 916 1032 in
958 981 1138 1046 notis;
1190 980 1416 1049 Niceph.
1468 980 1562 1033 lib.
1592 996 1675 1045 ιιι,
1709 998 1758 1033 c.
1790 980 1879 1045 53,
1912 988 1967 1034 et

368 1078 555 1123 noster
591 1068 953 1138 Theophanes
1001 1072 1146 1125 hom.
1181 1071 1248 1125 de
1278 1070 1333 1125 S.
1370 1070 1694 1136 Pancratio;
1738 1068 1865 1137 quin
1899 1083 1960 1122 ex

369 1162 475 1215 fide
507 1176 625 1229 quze
656 1177 820 1228 penes
850 1161 1154 1217 Simeonem
1205 1162 1622 1232 Mctaphrastem
1656 1172 1757 1225 est,
1805 1162 1959 1217 Orat.

364 1254 430 1307 de
475 1252 576 1308 SS.
629 1251 785 1307 Petro
813 1265 859 1307 et
892 1254 1091 1321 Paula,
1155 1257 1395 1323 ejusdem
1425 1255 1481 1310 S.
1517 1256 1659 1310 Petri
1718 1256 1960 1324 vestigiis

363 1344 648 1413 impressis
680 1360 740 1396 ea
773 1345 1005 1399 ecclesia
1062 1348 1351 1402 sanctitate
1380 1356 1434 1401 et
1476 1346 1680 1401 honore
1714 1356 1870 1400 aucta
1907 1357 1960 1400 et

363 1438 607 1493 stabilita
636 1446 755 1502 est;
789 1438 1051 1508 siquidem
1100 1439 1291 1493 festum
1334 1456 1398 1495 ex
1433 1438 1626 1494 itinere
1652 1439 1956 1507 apostolum

364 1530 603 1596 hospitio
632 1532 862 1599 excepit,
903 1530 1019 1598 ipso
1051 1530 1107 1584 S.
1140 1518 1426 1584 Pancratio
1452 1531 1521 1584 illi
1558 1531 1773 1585 obviam
1810 1546 1959 1585 sum-

363 1622 471 1675 tnis
524 1624 726 1675 amoris
780 1623 1265 1691 significationibus
1339 1624 1682 1692 procedente.
1733 1624 1837 1677 Sed
1889 1624 1956 1677 de

360 1715 423 1769 8.
460 1714 746 1769 Pancratio
788 1716 1010 1786 ejusque
1040 1717 1176 1770 actis
1231 1733 1293 1770 ac
1322 1718 1579 1784 martyrio
1608 1716 1952 1770 Tauromenii

357 1809 528 1862 obilis
560 1808 811 1861 nonnulla
849 1807 1012 1862 refert
1048 1825 1111 1863 ex
1141 1810 1422 1864 Gallicano
1457 1809 1730 1864 Breviario
1761 1824 1954 1862 excer-

358 1915 452 1970 pta
492 1901 551 1955 D.
584 1901 833 1955 Bocchus
872 1902 1058 1957 Pirrus
1088 1905 1139 1956 in
1174 1905 1312 1957 nmis
1356 1901 1813 1956 Tauromenitana:
1845 1901 1953 1954 Ec-

354 1991 557 2055 clesia',
607 1996 744 2063 apud
778 2009 938 2063 quem
990 1994 1153 2049 etiam
1191 1994 1341 2061 plura
1374 1998 1438 2048 ad
1485 1997 1619 2049 hanc
1654 1993 1948 2048 Ecclesium

355 2087 664 2155 spectantia
720 2087 884 2155 leges.
949 2084 1057 2141 Nos
1105 2097 1187 2141 sat
1235 2086 1514 2150 habemus,
1574 2099 1630 2141 ιιι
1676 2090 1948 2158 εγιιιψεὲιιι

353 2179 651 2249 quamdam
712 2178 830 2247 ejus
883 2179 1138 2233 Ecclesiae
1189 2180 1275 2233 hic
1325 2181 1734 2249 prtentittamus,
1794 2188 1950 2247 prout

354 2279 606 2323 nostrum
658 2259 958 2323 institutum
1019 2268 1275 2338 postulat,
1327 2283 1536 2324 summa
1587 2271 1951 2339 perstringere

352 2363 559 2432 capita.
590 2360 647 2415 S.
683 2360 974 2415 Pancratio
1027 2360 1292 2416 successit
1347 2362 1605 2429 Evagrius
1636 2361 1751 2427 ejus
1787 2359 1948 2413 disci-

352 2453 552 2524 pulus;
591 2451 817 2521 Evagrio
847 2450 907 2507 S.
942 2451 1228 2512 Maximus,
1283 2454 1441 2507 ambo
1475 2468 1502 2506 a
1536 2451 1594 2506 S.
1631 2452 1789 2506 Petro
1820 2468 1949 2505 con-

351 2546 557 2600 secrati
610 2543 871 2614 episcopi,
904 2544 1110 2611 primus
1164 2542 1367 2607 Romae,
1399 2560 1517 2597 cum
1553 2554 1695 2598 esset
1742 2545 1947 2614 legatus

348 2650 419 2690 eo
476 2635 674 2689 missus
705 2650 733 2687 a
783 2634 843 2689 8.
875 2633 1200 2699 Pancratio;
1259 2633 1528 2688 secundus
1574 2633 1943 2692 Tauromenii,

352 2742 478 2781 eum
532 2726 607 2779 ibi
634 2741 699 2780 ex
746 2724 940 2779 itinere
996 2736 1319 2778 moraretur.
1372 2725 1445 2778 De
1490 2724 1668 2792 priore
1719 2735 1945 2778 testatur

349 2817 690 2873 Gallicanum
739 2815 1096 2879 Breviarium,
1131 2816 1273 2885 quod
1305 2830 1403 2886 ego
1434 2830 1554 2869 cum
1588 2831 1760 2870 essem
1796 2814 1943 2870 Tau-

350 2909 608 2973 romenii,
660 2907 896 2962 oblatum
943 2922 971 2960 a
1020 2906 1254 2971 civibus,
1310 2906 1551 2976 lcgi:ex
1598 2921 1704 2976 quo
1759 2908 1939 2961 itidem

349 2999 544 3055 Pirrus
571 3000 623 3052 in
652 3013 743 3054 sua
780 2996 969 3052 notitia
1011 2996 1247 3051 secundo
1294 2996 1411 3052 loco
1440 3006 1561 3065 post
1597 2995 1941 3051 Pancratium

348 3092 546 3149 statuit
595 3092 907 3162 Evagrium.
942 3090 1334 3145 Testimonium
1385 3089 1644 3144 Breviarii
1689 3091 1944 3159 produci-

350 3202 478 3243 mus
523 3187 591 3240 ad
636 3185 909 3239 homiliam
956 3183 1024 3238 de
1070 3184 1131 3238 S.
1183 3182 1469 3237 Pancratio
1518 3183 1725 3254 (homil.
1769 3186 1935 3252 Lvn),

348 3290 482 3333 nota
515 3278 617 3344 £5;
651 3274 989 3346 posterioris,
1026 3275 1126 3330 hoc
1157 3283 1235 3330 est
1268 3274 1326 3328 S.
1358 3275 1596 3341 Maximi,
1634 3274 1934 3344 Metaphra-

347 3382 488 3426 stem
520 3370 696 3424 habeo
729 3377 1001 3423 auctorem
1034 3368 1152 3422 loco
1184 3368 1369 3421 citato.
1416 3366 1584 3437 l‘lujns
1634 3366 1693 3425 S.
1720 3368 1935 3421 Maximi

346 3460 779 3517 anniversariam
827 3458 1283 3513 Tauromenitana
1332 3457 1571 3513 Ecclesia
1618 3459 1933 3513 memoriam

346 3556 478 3610 colit
512 3554 687 3621 pridie
719 3552 843 3607 ldus
871 3550 1134 3606 Januarii.
1170 3551 1299 3605 Post
1324 3550 1613 3605 Maximum
1646 3551 1779 3604 Nico
1805 3567 1939 3618 prth

349 3648 453 3703 fuit
476 3645 862 3710 Tauromenio,
892 3646 985 3714 qui
1020 3659 1139 3698 cum
1171 3654 1384 3697 centum
1424 3645 1713 3712 nonaginta
1745 3657 1933 3695 novem

347 3738 633 3806 discipulis
682 3737 816 3799 suis,
870 3736 1032 3789 Decio
1069 3734 1394 3800 imperatore
1436 3733 1760 3787 Christianae
1812 3734 1933 3787 fidei

350 3828 723 3885 testimonium
752 3825 899 3881 dedit
931 3832 1124 3879 morte.
1154 3822 1279 3877 Post
1308 3824 1403 3876 hos
1434 3824 1582 3876 mulli
1606 3840 1669 3876 ex
1695 3823 1935 3892 epistolis

348 3919 667 3993 pontificum
699 3926 750 3973 et
780 3916 998 3987 synodis
1031 3930 1152 3969 cum
1188 3915 1605 3983 provincialibus
1641 3925 1746 3968 tum
1782 3930 1933 3970 meu-

348 4010 582 4065 menicis
630 4004 1071 4061 Tauromenitani
1115 4003 1355 4074 episcopi
1405 4003 1747 4073 colliguntur.
1799 4004 1930 4059 Nam

349 4106 405 4162 S.
442 4104 555 4160 Leo
587 4104 822 4174 pontifex
860 4102 1083 4170 epistola
1134 4113 1293 4170 quam
1329 4099 1391 4153 ad
1425 4101 1703 4155 universos
1734 4101 1933 4156 Sicilia:

347 4202 633 4270 cpisc0pos
666 4196 881 4266 scripsit
908 4194 1051 4249 circa
1099 4208 1297 4247 annum
1333 4192 1460 4258 447,
1494 4192 1933 4249 Tauromenitani

346 4292 683 4347 mentionem
735 4288 881 4352 facit,
930 4285 1024 4341 sed
1076 4299 1269 4339 nomen
1325 4300 1428 4338 non
1480 4285 1754 4354 exprimit.
1804 4285 1933 4341 Post

347 4384 611 4440 Romanze
666 4381 871 4451 synodo
914 4380 1013 4431 sub
1065 4375 1392 4448 Symmacho
1449 4391 1586 4446 papa
1646 4377 1932 4433 celebratae

346 4476 600 4535 interfuit
646 4473 906 4542 Regatus,
945 4468 1436 4523 Tauromenitanus
1482 4468 1802 4536 cpiscopus;
1838 4467 1931 4523 Vi-

344 4566 545 4624 ctorini
576 4578 625 4619 et
658 4562 948 4620 Secundini
998 4560 1375 4629 episcoporum
1424 4559 1669 4614 meminit
1703 4559 1763 4613 D.
1797 4558 1930 4614 Gre-

344 4659 531 4733 gorius
585 4657 810 4726 epistola
838 4655 903 4708 ad
938 4653 1155 4709 Petrum
1208 4650 1617 4717 subdiaconum,
1654 4652 1797 4707 circa
1829 4667 1931 4706 an-

346 4760 479 4799 num
528 4744 669 4807 6J9;
718 4742 906 4799 Justus
934 4743 1000 4795 ad
1040 4740 1324 4797 concilium
1382 4739 1749 4795 Lateranense
1787 4742 1932 4795 venit

344 4836 584 4890 Μελινιίηο
618 4834 867 4904 pontiﬁce
892 4843 946 4887 et
971 4832 1267 4888 Constante
1293 4833 1650 4900 imperatore;
1687 4832 1751 4885 ad
1783 4845 1933 4886 oecu-

345 4929 619 4983 menicam
690 4928 951 4997 synodum
998 4943 1048 4981 \‘l
1100 4926 1457 4981 Constantino
1522 4927 1680 4980 tertio
1740 4934 1931 4980 contra

346 5021 733 5077 Mouothelitas
779 5020 1032 5074 convenit
1080 5035 1201 5074 cum
1236 5020 1448 5074 caeteris
1493 5017 1685 5073 Petrus
1720 5020 1932 5088 episco-

345 5130 448 5187 pus
497 5113 1022 5175 Tauromenitanus;
1063 5112 1304 5181 septimte
1353 5126 1499 5175 vero,
1536 5126 1655 5180 qua}
1699 5110 1799 5164 fuit
1835 5108 1932 5163 Ni-

344 5223 499 5262 cacna
558 5220 616 5267 tt,
668 5216 858 5260 contra
922 5201 1348 5265 lconomachos,
1403 5201 1754 5257 Constantino
1808 5218 1929 5257 cum

342 5299 501 5355 lrene
556 5306 727 5351 matre
778 5296 984 5366 impp.,
1040 5292 1276 5349 Joannes
1333 5292 1596 5349 interfuit.
1648 5291 1780 5348 Post
1833 5295 1932 5350 hos

343 5392 546 5462 legitur
596 5389 889 5445 Zacharias
922 5385 1427 5441 Tauromenitanus
1476 5387 1784 5455 episcopus,
1834 5402 1931 5443 seu

343 5484 527 5557 potius
555 5482 1036 5552 pseudepiscopus,
1069 5491 1126 5532 ut
1158 5479 1212 5534 in
1249 5480 1393 5534 notis
1420 5479 1692 5533 Anastasii
1731 5480 1930 5534 Biblio-

342 5574 568 5630 thecarii
602 5575 803 5645 legitur
826 5573 892 5625 ad
916 5571 1203 5625 concilium
1225 5570 1450 5639 vnt,qui
1482 5571 1657 5625 Photii
1689 5571 1931 5639 partibus

343 5667 478 5721 favit
506 5682 520 5720 :
546 5667 638 5722 sed
668 5682 736 5720 an
766 5664 859 5719 hic
892 5664 962 5716 sit
991 5663 1131 5717 idem
1170 5671 1333 5730 atque
1386 5662 1473 5715 ille
1513 5660 1806 5716 Zacharias
1838 5663 1929 5731 qui

339 5770 701 5830 cognomento
761 5757 986 5827 Cophus
1018 5756 1088 5809 sit
1134 5756 1331 5820 dictus,
1381 5764 1439 5809 ut
1481 5753 1618 5808 Pirri
1666 5755 1931 5825 scriptum

341 5853 570 5925 reliquit,
602 5860 655 5911 et
695 5868 766 5909 an
795 5847 1195 5919 archiepiscopi
1246 5848 1397 5902 titulo
1450 5858 1641 5903 auctus
1672 5863 1698 5900 a
1737 5845 1930 5905 Photio

2084 518 2245 573 fuerit
2310 523 2823 592 pscudopatriarelta
2887 527 3328 600 Constantinop.,
3366 535 3665 606 disputabi-

2075 624 2196 662 tnus
2228 611 2387 676 infra,
2421 610 2447 681 §
2477 629 2556 667 Ill.
2594 614 2729 669 llnic
2760 616 3057 687 Zachariw,
3103 626 3212 686 jam
3244 625 3295 677 in
3325 630 3530 695 synodo
3568 648 3659 686 \‘lll

2075 704 2411 755 tecumenita
2462 705 2547 771 de;
2569 707 2707 759 osito
2741 718 2796 760 nt
2826 709 3193 778 schisutatico,
3233 730 3331 769 nec
3356 721 3660 789 poenitenti,

2073 796 2337 849 successit
2389 795 2746 868 Theophanes
2780 800 3069 857 Ceramctts
3115 819 3468 867 consecratus
3526 824 3664 868 tem-

2071 902 2201 955 pore
2255 889 2368 955 ipso
2417 893 2696 960 compositi
2747 894 3060 952 schismatis
3106 907 3157 951 et
3204 902 3351 967 pacis
3406 906 3664 960 restituta:

2069 973 2327 1051 Ecclesia:
2384 977 2688 1049 Orientali,
2764 986 2906 1052 quod
2971 989 3247 1044 evidenter
3310 998 3661 1054 ostendemus

2068 1071 2331 1136 procemio
2360 1069 2420 1138 ll,
2456 1071 2570 1144 §'tv
2599 1086 2651 1128 et
2690 1090 2807 1140 vn;
2858 1088 3048 1133 nosuo
3105 1090 3285 1138 autem
3345 1085 3658 1157 Theophani

2069 1162 2394 1233 subrogatus
2446 1167 2654 1221 videtur
2682 1167 2738 1222 S.
2770 1168 3084 1242 Procopius,
3127 1176 3217 1245 qui
3264 1193 3407 1233 anno
3454 1181 3659 1239 Christi

2066 1255 2191 1321 903,
2224 1253 2422 1312 Leonis
2457 1259 2703 1327 imperat.
2743 1277 2890 1327 xxvr,
2921 1265 3021 1317 sub
3054 1264 3375 1323 Abracheno
3405 1271 3660 1331 Africano

2064 1348 2461 1406 Saracenorum
2511 1368 2634 1423 rege
2686 1354 2974 1409 invadente
3005 1366 3058 1412 et
3099 1371 3400 1429 occupaute
3450 1364 3660 1423 Tauro-

2063 1442 2323 1508 tnenium,
2386 1444 2529 1513 quod
2588 1457 2918 1515 postremum
2977 1448 3079 1503 fuit
3133 1452 3184 1504 in
3243 1452 3512 1511 Siciliensi
3569 1460 3656 1515 illa

2061 1533 2215 1587 clade
2245 1544 2406 1602 atque
2438 1536 2675 1605 pernicie
2704 1548 2918 1608 captum
2946 1541 3199 1611 oppidum
3225 1558 3240 1608 ;
3273 1544 3381 1609 ille,
3412 1547 3653 1617 inquam,

2062 1620 2118 1677 8.
2151 1618 2448 1691 Procopius
2500 1624 2817 1696 martyrium
2854 1641 3041 1695 passus
3093 1636 3216 1685 est:
3250 1633 3390 1700 quod
3428 1634 3657 1689 habetur

2059 1728 2125 1767 ex
2161 1711 2279 1766 Vita
2315 1714 2556 1782 ejusdem
2591 1716 2649 1769 S.
2688 1714 2958 1786 Procopii,
3008 1734 3170 1788 quam
3204 1719 3439 1778 Joannes
3471 1724 3657 1780 diaco-

2062 1819 2163 1858 nus
2226 1804 2612 1875 Neapolitanus
2672 1806 2904 1863 intexuit
2953 1810 3004 1863 in
3062 1826 3126 1866 ea
3182 1816 3489 1867 narratione
3550 1832 3655 1884 qua

2062 1896 2467 1952 translationem
2530 1899 2773 1967 corporis
2827 1899 2887 1956 S.
2935 1900 3180 1957 Severini
3237 1920 3301 1959 ex
3343 1904 3644 1963 Lucullana

2058 1990 2283 2045 castello
2317 2007 2412 2061 per
2445 1993 2787 2047 occasionem
2845 1994 3057 2050 timoris
3088 1996 3156 2050 de
3186 2000 3499 2054 eorumdem
3554 2001 3653 2054 Sa-

2058 2098 2380 2138 racenorum
2419 2085 2727 2140 incursione
2761 2086 2937 2141 coorti
2983 2087 3261 2142 describit.
3298 2087 3425 2142 Eam
3465 2090 3564 2161 legi
3598 2093 3648 2146 in

2057 2177 2428 2232 monumentis
2487 2194 2616 2234 mss.
2665 2176 2725 2233 P.
2762 2176 2975 2233 Octavii
3008 2179 3254 2248 Caetani,
3308 2197 3425 2249 quae
3472 2191 3648 2238 tamen

2054 2267 2232 2321 adhuc
2259 2268 2357 2322 sub
2391 2267 2586 2323 incude
2640 2276 2944 2323 tornantur.
2981 2269 3105 2325 llaec
3152 2269 3393 2325 Ecclesia
3441 2273 3651 2327 Tauro.

2056 2358 2329 2413 meuitana
2380 2359 2446 2413 de
2494 2359 2783 2428 episcopali
2840 2360 2996 2414 simul
3041 2368 3095 2415 et
3138 2361 3355 2430 politico
3422 2362 3651 2418 ﬂorente

2053 2457 2198 2503 statu
2256 2449 2492 2514 decidit;
2549 2450 2645 2504 sed
2681 2448 2924 2518 profecto
2963 2452 3161 2516 decuit,
3194 2462 3251 2506 ut
3300 2467 3420 2520 quae
3469 2453 3649 2510 fuerat

2052 2541 2310 2610 martyris
2345 2540 2402 2595 S.
2432 2539 2702 2594 Pancratii
2742 2540 2900 2610 primi
2954 2542 3187 2610 pastoris
3226 2547 3492 2614 sanguine
3545 2547 3648 2599 ini-

2055 2630 2204 2693 liata,
2240 2645 2302 2685 ea
2337 2639 2480 2686 esset
2508 2639 2562 2685 et
2604 2629 3096 2701 postremi‘itidem
3148 2633 3410 2701 sanguine
3458 2636 3641 2689 censi-

2050 2732 2233 2794 gnata.
2267 2722 2375 2778 Nec
2405 2737 2534 2777 vero
2563 2722 2706 2777 inter
2749 2724 2984 2791 primum
3012 2733 3066 2777 et
3094 2734 3423 2792 postremum
3455 2738 3643 2795 pasto-

2051 2830 2158 2879 res,
2216 2815 2305 2885 qui
2355 2815 2591 2869 animam
2655 2829 2807 2869 suam
2861 2830 2961 2884 pro
3012 2817 3203 2871 ovibus
3261 2817 3641 2886 profuderunt,

2047 2906 2227 2960 ovium
2271 2903 2511 2974 ipsarum
2549 2919 2672 2958 cum
2705 2904 2867 2973 lupis,
2896 2905 2981 2959 vel
3010 2906 3261 2972 ethnicis,
3298 2907 3380 2962 vel
3414 2906 3645 2963 Sarace-

2048 2997 2133 3051 nis
2164 2995 2466 3053 Cbristiani
2500 2996 2733 3051 nominis
2778 2996 3025 3051 hostibus
3059 3014 3161 3052 non
3194 3008 3434 3068 spectata
3465 3013 3645 3057 certae

2046 3089 2235 3142 mina:
2272 3090 2435 3142 etiam
2466 3087 2665 3142 decoro
2715 3088 2911 3141 civium
2952 3103 3169 3143 suorum
3209 3091 3474 3160 sanguine
3513 3108 3653 3147 cou-t

2046 3193 2231 3247 spersa
2261 3187 2315 3232 et
2341 3186 2551 3244 ornata,
2602 3190 2658 3232 ut
2682 3177 2801 3232 alite
2830 3177 3034 3244 multae,
3070 3179 3307 3234 Ecclesia
3350 3181 3645 3238 Taurome-

2047 3268 2254 3322 nitana.
2279 3265 2519 3322 Osteusze
2544 3267 2671 3321 mihi
2701 3276 2828 3321 sunt
2849 3264 3192 3321 Tauromenii
3225 3270 3395 3337 plenae
3418 3271 3639 3325 ossibus
3716 3267 3723 3271 “

2046 3375 2221 3430 capsae
2253 3359 2394 3425 duae,
2424 3374 2545 3429 quae
2593 3358 2775 3413 multis
2822 3368 2947 3414 ante
2996 3360 3152 3413 annis
3186 3360 3240 3414 itt
3272 3376 3403 3432 agro
3435 3360 3643 3417 Tauro-

2042 3454 2319 3508 menitano
2350 3470 2455 3509 non
2488 3455 2607 3510 sine
2637 3453 2834 3508 divinis
2865 3453 3252 3509 miraculorum
3310 3456 3637 3512 testimoniis

2042 3552 2260 3605 inventa
2292 3560 2581 3620 erectaque
2616 3560 2761 3617 sunt,
2796 3550 2881 3605 vel
2919 3552 3121 3605 recenti
3168 3553 3343 3608 adhuc
3368 3557 3634 3623 sanguine

2044 3645 2233 3707 tincta,
2265 3652 2318 3698 et
2347 3644 2476 3712 ipsis
2503 3644 2665 3696 etiam
2709 3643 2900 3698 mortis
2948 3646 3324 3701 instrumentis
3370 3647 3581 3701 confixa
3611 3663 3629 3702 :

2041 3735 2136 3788 sed
2179 3749 2407 3804 quorum
2447 3744 2770 3799 martyrum,
2830 3736 3052 3802 cujusve
3105 3738 3360 3804 temporis
3398 3737 3484 3791 illa
3522 3740 3632 3793 sint

2044 3827 2279 3879 nondum
2311 3834 2641 3892 compertum
2671 3827 2735 3877 ab
2770 3825 2922 3892 ipsis,
2953 3840 3053 3879 nec
3082 3827 3150 3880 ab
3182 3825 3427 3882 Romano
3460 3831 3631 3897 ponti-

2044 3916 2141 3969 fice
2169 3915 2458 3971 sancitum.
2490 3914 2757 3968 Cseterum
2789 3929 2852 3969 ex
2884 3914 3128 3970 historiis
3158 3916 3299 3979 aliis,
3329 3932 3393 3970 ac
3434 3919 3631 3974 tabulis

2040 4014 2096 4060 et
2127 4006 2491 4058 monumentis
2520 4004 2634 4057 haec
2694 4003 3042 4073 colliguntur.
3086 4004 3197 4059 Sub
3231 4005 3404 4073 ipsum
3446 4004 3635 4063 Eccle-

2040 4102 2133 4155 siae
2181 4111 2450 4165 exortum,
2520 4098 2765 4168 magistri
2823 4108 2876 4152 et
2925 4099 3189 4154 antistitis
3234 4100 3315 4153 sui
3358 4098 3628 4156 Pancratii

2039 4195 2378 4251 documentis
2414 4194 2711 4259 instructas,
2747 4193 3104 4260 exemploque
3138 4194 3494 4262 confirmatae,
3526 4195 3628 4251 SS.

2036 4285 2293 4339 mulieres
2345 4282 2493 4337 AZsia
2556 4281 2804 4336 Susanna
2848 4291 2903 4336 et
2942 4281 3158 4348 Zenais,
3192 4284 3256 4338 de
3303 4294 3533 4355 tyranno
3566 4302 3631 4342 ac

2038 4392 2169 4432 sexu
2226 4374 2473 4431 muliebri
2528 4373 2692 4428 morti
2744 4374 3132 4430 accumbentes
3206 4379 3629 4447 triumpharunt.

2038 4471 2172 4525 Cum
2204 4471 2261 4523 8.
2292 4466 2497 4523 Nicone
2529 4466 2718 4521 itidem
2751 4469 3206 4537 episcopo,quem
3239 4481 3437 4537 quarto
3466 4486 3630 4540 supra

2040 4563 2409 4617 recensuimus
2457 4560 2597 4625 loco,
2636 4561 2759 4614 caesi
2805 4568 2950 4623 sunt,
3009 4560 3170 4615 Decio
3207 4571 3498 4617 exercente
3548 4576 3630 4635 ty-

2038 4652 2344 4717 rannidem,
2401 4651 2618 4705 ducenti
2672 4666 2782 4706 uno
2843 4651 3063 4714 minus,
3127 4652 3218 4720 qui
3272 4653 3629 4723 triumphanti

2038 4745 2161 4799 duci
2208 4758 2305 4798 suo
2339 4742 2478 4797 latus
2537 4743 2825 4812 stiparent,
2882 4744 3070 4797 eadem
3118 4744 3302 4799 laurea
3352 4746 3630 4813 redimiti;

2037 4834 2182 4904 quod
2207 4834 2279 4888 ibi
2309 4834 2475 4888 etiam
2526 4833 2826 4901 attigimus.
2858 4822 2929 4887 At
2955 4849 3023 4889 ex
3057 4833 3397 4891 Diocletiano
3450 4837 3631 4908 impe-

2039 4938 2220 4983 ratore
2250 4924 2355 4980 SS.
2387 4924 2592 4994 Sperns
2625 4936 2677 4979 et
2706 4924 3064 4982 Cornelianus
3107 4942 3230 4983 cum
3271 4930 3437 4985 sociis
3467 4946 3592 4986 sexu

2038 5020 2186 5091 ginta
2214 5018 2458 5072 eamdem
2488 5018 2725 5072 retulere
2760 5018 3013 5086 palmam.
3044 5018 3155 5073 Nec
3185 5033 3314 5075 vero
3339 5020 3397 5074 S.
3429 5019 3629 5075 Proco-

2039 5113 2128 5181 pio
2173 5119 2449 5179 postremo
2499 5109 2752 5179 episcopo
2778 5118 2832 5165 et
2861 5120 3099 5181 martyre
3159 5112 3339 5166 socios
3393 5113 3631 5167 abfuisse

2037 5204 2384 5265 crediderim,
2421 5202 2473 5256 in
2503 5202 2591 5257 illa
2642 5202 3031 5258 immanissima
3073 5216 3276 5271 strage,
3322 5218 3486 5273 quam
3530 5207 3631 5258 Sa-

2037 5298 2243 5363 raceni,
2295 5295 2621 5351 Christianae
2689 5295 2967 5365 religionis
3019 5295 3360 5350 infestissimi
3423 5299 3627 5351 hostes.

2038 5389 2281 5462 ejusdem
2340 5403 2503 5445 causa
2540 5389 2823 5451 dederunt,
2873 5389 2985 5457 jam
3030 5399 3189 5459 capto
3238 5389 3623 5450 Taurometh

2038 5496 2269 5551 quorum
2302 5479 2564 5534 fortassse
2617 5493 2775 5533 sacra
2807 5477 3040 5548 λείψανα
3071 5486 3200 5534 sunt
3223 5494 3343 5548 qua:
3382 5479 3631 5549 superio-

2036 5574 2189 5629 ribus
2237 5574 2395 5628 annis
2445 5571 2662 5628 inventa
2711 5572 2825 5643 jam
2876 5573 3144 5628 asservari
3186 5572 3296 5627 dixi
3328 5573 3381 5626 in
3423 5571 3627 5640 majore

2036 5666 2390 5723 Tauromenii
2425 5665 2644 5736 templo.
2677 5662 2903 5719 Demum
2934 5678 3036 5718 nec
3070 5663 3334 5734 virginum
3366 5677 3467 5719 nec
3498 5676 3628 5717 cono

2039 5760 2307 5815 fessarum
2372 5755 2595 5811 floribus
2656 5767 2813 5809 sacer
2873 5752 3367 5808 Tauromenitanus
3434 5752 3631 5806 hortus

2045 5851 2241 5915 caruit,
2278 5862 2504 5915 quorum
2536 5845 2670 5901 odor
2702 5844 2809 5901 late
2846 5853 3168 5915 pervagatus
3197 5843 3288 5900 sit.
3320 5843 3395 5898 Ex
3426 5843 3624 5905 horum
