4122 6428
475 372 545 437 6:
1522 363 1926 425 FBANCISCI
1963 360 2225 423 SCOBSI
2273 361 2716 429 PRO(EMIUM
2759 366 2808 427 I.
3684 360 3758 425 68
3832 346 3841 353 '

468 490 614 548 enim
668 502 867 561 genere
901 484 1121 542 fuerunt
1168 464 1415 549 Paulina,
1452 482 1565 553 jam
1617 483 1742 538 inde
1769 498 1798 536 a
1827 479 1886 535 S.
1921 479 2064 534 Pau-

472 580 645 638 cratio
699 578 916 635 Christo
958 576 1171 642 dicata;
1206 574 1603 643 Epaphroditus
1655 573 1942 644 presbyter
1997 569 2066 625 ab

471 669 661 727 eodem
690 670 862 724 sacris
892 667 1169 732 initiatus;
1198 674 1255 720 et
1281 663 1609 719 Christianis
1639 662 2065 731 imperatoribus

471 763 527 817 in
577 762 797 816 Oriente
841 757 1276 819 dominantibus,
1336 755 1550 811 Attalus
1600 755 1836 824 itemque
1894 753 2066 809 Lucas

473 855 696 911 abbates
739 854 883 910 circa
921 866 1123 905 annum
1157 848 1264 904 800
1297 848 1683 902 monachorum
1728 844 2066 900 institutione

471 956 527 1000 et.
577 946 688 999 suis
739 943 837 1011 ipsi
889 941 1176 995 virtutibus
1223 949 1280 994 et
1329 937 1619 993 sanctitate
1675 935 1994 990 claruerunt
2046 948 2062 988 :

470 1038 770 1105 eodemque
824 1033 1046 1099 saeculo,
1105 1030 1327 1100 propius
1372 1032 1438 1083 ad
1490 1026 1836 1097 TheOphanis
1895 1025 2064 1081 nostri

472 1141 734 1197 tempora,
772 1124 984 1192 Daniel,
1017 1124 1076 1179 S.
1110 1123 1241 1178 Eliae
1287 1121 1555 1177 Euncnsis
1599 1119 1915 1189 discipulus,
1952 1133 2068 1173 mo-

471 1222 692 1277 nasticae
723 1220 885 1275 etiam
923 1219 1044 1272 vitae
1079 1216 1371 1270 virtutibus
1414 1214 1631 1280 ﬂoruit;
1689 1215 1830 1268 sicut
1871 1209 2067 1266 Theo-

471 1314 704 1384 phanem
777 1312 950 1381 ipsqu
1009 1308 1207 1378 publici
1260 1306 1421 1362 simul
1470 1316 1526 1361 et
1576 1304 1769 1373 privati
1831 1303 2067 1359 hominis

469 1402 786 1465 virtutibus,
838 1400 1074 1469 episcopi
1123 1397 1332 1453 scilicet
1366 1407 1419 1453 et
1449 1395 1804 1455 confessoris.
1841 1393 1908 1448 de
1941 1395 2066 1467 qni-

473 1497 573 1549 bus
601 1506 699 1549 suo
730 1492 847 1546 loco
895 1490 1046 1560 plura
1101 1488 1358 1552 dicimus,
1408 1486 1690 1550 enituisse,
1738 1485 2065 1540 crediderim

472 1585 652 1655 petius
693 1598 854 1650 quam
891 1581 1242 1644 asseruerim,
1281 1579 1406 1632 dum
1462 1577 1642 1633 adhuc
1684 1577 1831 1632 nulla
1874 1587 2066 1631 aucto-

472 1682 605 1737 ritas
637 1678 882 1735 historiae
913 1691 1032 1746 qua:
1065 1677 1132 1730 de
1163 1672 1279 1743 ejus
1332 1671 1621 1728 sanctitate
1646 1686 1710 1727 ac
1741 1680 1916 1726 morte
1940 1671 2067 1727 vitae

469 1781 834 1829 consentanea
885 1769 1042 1824 tidem
1098 1766 1280 1833 faciat,
1330 1774 1577 1835 apparet.
1629 1765 1807 1833 Atque
1849 1763 1936 1817 hic
1964 1762 2067 1819 Ec-

470 1863 647 1919 clesiae
685 1860 1159 1917 Tauromenitanae
1204 1866 1379 1923 ortus,
1421 1871 1767 1927 progressus,
1812 1868 2062 1910 occasus.

470 2021 499 2095 ς
533 2019 621 2078 Ill.
682 2018 874 2090 Imago
905 2017 1070 2073 beatis
1123 2013 1360 2086 Virginis
1395 2032 1559 2099 manu
1585 2031 1688 2071 non
1742 2014 1886 2085 facta
1918 2011 2065 2067 Tau-

1220 2102 1465 2141 romemt.

542 2224 625 2281 Ad
673 2222 931 2280 Ecclesia:
991 2220 1474 2278 Tauromenitanae
1527 2228 1731 2275 statum
1779 2228 1834 2274 et
1862 2220 2065 2275 sancti-

475 2330 641 2375 tatem
690 2318 930 2388 pertinet
984 2330 1090 2372 non
1138 2315 1298 2371 modo
1357 2313 1505 2384 quod
1565 2312 1797 2383 apostoli
1843 2314 2059 2384 signata

478 2410 744 2482 vestigiis,
785 2419 1086 2479 martyrum
1138 2406 1407 2478 sanguine
1452 2407 1733 2473 decorata,
1775 2406 1871 2461 sed
1897 2406 2061 2460 etiam

472 2506 612 2572 quod
672 2505 908 2572 imagine
966 2500 1101 2555 divae
1161 2497 1427 2569 Virginis,
1490 2513 1652 2569 quam
1707 2495 2064 2568 ἀχειροποίη-

470 2613 562 2649 τον
613 2594 815 2658 Grzeci.
871 2594 923 2648 id
954 2602 1040 2647 est
1088 2607 1192 2645 non
1234 2589 1604 2659 manufactam
1644 2589 1853 2654 dicunt,
1900 2586 2068 2661 fuerit

473 2690 614 2744 dono
651 2686 860 2743 ctelesti
893 2686 1100 2740 dotata.
1136 2682 1269 2754 Ejus
1308 2684 1555 2738 meminit
1584 2682 1821 2738 Jacobus
1844 2680 2066 2737 Gretse-

477 2791 569 2832 rus
624 2776 675 2830 in
726 2788 893 2830 aureo
925 2772 1192 2842 opusculo
1240 2771 1320 2826 De
1369 2772 1689 2842 imaginibus
1747 2789 1852 2826 non
1901 2786 2065 2825 manu

472 2864 650 2935 factis,
696 2864 838 2933 quod
877 2861 1111 2918 attexuit
1157 2860 1301 2917 libro
1344 2860 1420 2915 De
1474 2860 1669 2929 ofﬁciis
1723 2859 1862 2915 aula:
1927 2858 2066 2916 Con-

473 2958 790 3024 stantinop.,
830 2954 924 3012 sed
983 2952 1228 3022 profecto
1262 2952 1411 3007 nullo
1448 2952 1558 3008 alio
1617 2960 1863 3018 auctore,
1898 2965 2062 3021 quam

475 3064 543 3107 ex
578 3044 711 3102 Idea
761 3044 974 3103 Octavii
1003 3043 1252 3109 Caetani,
1287 3058 1449 3112 quam
1502 3043 1592 3099 ille
1631 3042 1818 3098 [deam
1857 3052 1915 3097 ut
1938 3058 2065 3113 pro-

474 3139 700 3194 dromon
754 3138 821 3192 ad
884 3136 1142 3192 historias
1185 3134 1290 3190 SS.
1356 3134 1669 3190 Siculorum
1722 3134 1914 3191 edidit.
1953 3133 2060 3190 Sed

473 3228 731 3287 Octavius
783 3227 1057 3284 Caetanns
1116 3241 1234 3283 eam
1272 3226 1539 3282 notitiam
1578 3227 1788 3292 accepit
1841 3241 1909 3282 ex
1970 3226 2056 3282 his

477 3319 718 3377 homiliis
785 3317 1137 3389 Theophanis
1191 3318 1459 3379 Ceramei,
1517 3317 1609 3388 qui
1679 3318 1750 3373 de
1803 3318 1921 3388 ipsa
1979 3318 2065 3376 bis

477 3410 809 3466 mentionem
870 3407 1033 3465 facit:
1104 3408 1338 3478 primttm
1400 3409 1550 3466 hom.
1602 3425 1683 3476 ιι,
1728 3409 1794 3464 de
1855 3427 1916 3465 eo
1971 3413 2063 3482 qui

473 3501 661 3556 incidit
705 3500 760 3554 in
826 3500 1082 3565 latrones,
1136 3498 1334 3565 initio;
1386 3499 1579 3555 deinde
1628 3501 1778 3556 hom.
1834 3518 1948 3567 ιιι,
1999 3502 2064 3574 de

477 3591 990 3661 Transﬁguralione,
1020 3592 1149 3646 item
1199 3591 1253 3644 in
1277 3593 1561 3660 proremio.
1614 3590 1862 3648 Meminit
1892 3594 2060 3649 etiam

477 3683 544 3740 D.
600 3683 853 3739 Bocchus
911 3682 1050 3738 Pirri
1107 3683 1160 3737 in
1199 3680 1405 3737 Notitia
1442 3682 1915 3741 Tauromenitanae
1953 3685 2061 3742 Ec-

474 3773 674 3837 clesiae,
722 3772 777 3827 in
821 3783 1094 3838 extremo,
1160 3774 1254 3829 sed
1306 3788 1375 3827 ex
1421 3774 1612 3829 eodem
1676 3773 1855 3832 fonte.
1878 3775 2063 3845 Itaque

470 3879 542 3921 ex
592 3874 782 3921 nostro
807 3864 1163 3936 Theophane,
1202 3867 1347 3935 quod
1375 3867 1443 3922 ad
1475 3865 1774 3936 scriptores
1800 3868 2058 3937 pertinet,

471 3957 618 4014 illius
656 3957 1012 4013 traditionem
1068 3958 1234 4013 habet
1270 3956 1512 4013 Ecclesia
1565 3958 2053 4016 Tauromenitana.

469 4048 574 4105 Hic
596 4051 702 4105 duo
725 4049 924 4105 asserit
960 4049 1028 4104 ad
1063 4050 1203 4105 hanc
1241 4049 1621 4106 illustrandam
1644 4053 1908 4108 dicenda:
1938 4068 2061 4124 quae

468 4142 625 4212 origo
644 4141 807 4211 hujus
843 4141 1136 4212 imaginis;
1180 4156 1289 4211 quo
1315 4142 1582 4198 miraculo
1607 4143 1775 4209 facta,
1811 4145 1857 4200 si
1889 4160 2059 4217 opere

469 4248 742 4305 manuque
792 4233 1030 4289 humana
1064 4247 1168 4289 non
1214 4237 1401 4305 picta;
1441 4249 1549 4305 quo
1594 4245 1884 4307 tempore;
1913 4240 2059 4296 unde

472 4337 681 4383 tantum
734 4329 935 4383 donum
995 4326 1315 4392 advenerit;
1365 4326 1597 4384 alterum
1653 4344 1723 4385 an
1767 4346 1941 4401 usque
1988 4330 2058 4387 ad

470 4420 790 4476 hodiernum
835 4429 1046 4490 tempus
1066 4420 1245 4491 imago
1293 4421 1428 4476 diva:
1450 4421 1690 4490 Virginis
1719 4438 1881 4492 quam
1915 4422 2059 4478 Tau-

469 4513 797 4570 romenitni
845 4529 1041 4581 magna
1092 4514 1354 4585 religione
1392 4528 1458 4570 ac
1516 4514 1624 4569 ﬁde
1667 4516 2057 4572 miraculorum

466 4590 833 4670 venerantur:
855 4619 1016 4675 quam
1067 4619 1190 4674 ego,
1240 4619 1364 4659 cum
1409 4604 1537 4660 illuc
1572 4606 1718 4661 nullo
1749 4607 1858 4662 alio
1890 4623 2056 4677 quam

469 4697 589 4768 ejus
650 4696 892 4754 visenda
944 4700 1164 4766 negotio
1206 4710 1293 4750 me
1335 4696 1562 4762 contuli,
1603 4697 1778 4753 oculis
1821 4698 2053 4755 lustravi

470 4789 763 4856 animoque
803 4804 924 4845 sum
968 4799 1285 4851 veneratus,
1320 4788 1392 4842 sit
1418 4790 1606 4844 eadem
1667 4806 1787 4861 quae
1836 4792 2056 4863 ἀχειρο-

470 4881 698 4951 ποίητος
727 4878 1073 4949 Theophanis
1104 4890 1368 4949 tempore.
1413 4880 1518 4935 Sed
1552 4882 1619 4936 de
1648 4892 1874 4951 utraque
1900 4885 2053 4954 plura

467 4981 715 5041 optarem
749 4979 806 5025 et
835 4972 1069 5026 certiora
1104 4971 1302 5027 all‘erre
1331 4977 1495 5041 quam
1537 4973 1735 5030 habeo.
1772 4974 1878 5031 Sed
1907 4977 2053 5031 enim

468 5065 644 5137 primo
682 5064 762 5120 uti
816 5077 966 5120 certa
1021 5076 1077 5120 et
1138 5066 1275 5121 bene
1321 5066 1597 5135 disputata
1635 5081 1700 5122 ea
1757 5082 1897 5136 pono
1931 5084 2055 5139 quae

469 5159 612 5214 idem
663 5157 900 5214 Jacobus
962 5156 1255 5213 Gretserns
1297 5158 1511 5224 scribit,
1560 5172 1646 5223 eo,
1684 5173 1844 5227 quem
1896 5163 2056 5215 modo

467 5249 726 5314 diximus,
758 5249 1191 5312 Commentario,
1221 5250 1671 5322 ἀχειροποίητον,
1701 5252 1814 5307 sive
1846 5252 2056 5323 ἀχειρο-

468 5358 735 5396 τευκτονι
762 5356 884 5396 nam
926 5351 983 5397 et
1005 5344 1117 5396 haec
1139 5358 1243 5396 vox
1273 5344 1326 5397 in
1362 5357 1460 5398 usu
1495 5344 1636 5409 apud
1666 5342 2053 5414 Theophanem

469 5443 758 5490 nostrum:
798 5435 1089 5503 imaginem
1137 5434 1392 5490 universe
1431 5444 1702 5504 sumptam
1732 5450 1855 5491 esse
1888 5437 2087 5507 quid-‘

470 5527 598 5593 quid
649 5528 903 5583 excludat
947 5528 1197 5584 humana:
1260 5543 1452 5582 manus
1495 5543 1740 5596 operam,
1785 5541 2051 5597 quantum

472 5616 538 5669 ad
577 5617 687 5671 vim
740 5618 1018 5681 vocabuli.
1057 5628 1110 5675 et
1150 5619 1236 5673 vel
1279 5619 1469 5675 divino
1494 5621 1575 5674 vel
1610 5620 1858 5689 angelico
1886 5635 2054 5688 opere

471 5704 719 5762 effectum
742 5709 831 5764 sit.
850 5709 969 5777 Quo
986 5725 1148 5766 sensu
1168 5711 1528 5767 universalcm
1550 5713 1810 5766 mundum
1833 5711 2054 5783 ἀχειρο-

474 5796 704 5869 ποίητον
755 5810 901 5855 recte
932 5799 1165 5868 dixeris,
1220 5808 1407 5872 utpote
1463 5801 1582 5857 sine
1632 5800 1792 5860 ullius
1856 5815 2054 5859 manus

2176 480 2503 549 ministerio,
2563 481 2656 537 Dei
2715 496 2848 538 voce
2902 487 3147 553 nutuque
3191 477 3494 536 conditum.
3553 475 3758 533 Deinde

2169 586 2293 627 cum
2346 573 2676 643 imaginibus
2713 574 2815 629 hoc
2869 573 3170 643 epithetum
3236 570 3550 642 apponitur,
3580 569 3754 640 signi-

2170 667 2333 721 licare
2365 680 2462 721 eas
2500 666 2793 736 imagines,
2821 666 2938 722 sive
2966 664 3173 721 Christi
3214 663 3330 720 sive
3361 661 3601 730 Virginis
3637 662 3758 731 ejus

2167 757 2384 819 Matris.
2436 775 2573 828 quas
2612 758 2694 814 vel
2749 758 2839 814 ille
2897 758 3080 813 linteis
3122 772 3216 814 seu
3277 755 3512 813 sndariis
3538 756 3759 810 admota

2166 862 2266 904 sua
2321 849 2459 904 facie
2500 850 2816 918 imprimere
2863 850 3121 920 dignatus
3166 857 3268 913 est,
3336 847 3420 901 vel
3470 845 3634 914 Virgo
3657 847 3755 899 ali-

2144 954 2275 1008 ,quo
2331 939 2596 995 miraculo
2649 949 2703 995 et
2749 940 2924 1010 angeli
2963 954 3127 1007 opera
3188 939 3469 992 exhibere.
3545 934 3753 991 Christi

2168 1032 2433 1100 imagines
2487 1047 2591 1086 non
2627 1048 2786 1086 manu
2843 1032 3066 1087 eﬂ'ectas
3104 1041 3214 1085 tres
3242 1046 3310 1091 ex
3345 1029 3588 1083 historiis
3612 1029 3757 1084 cele-

2167 1124 2353 1179 brari:
2414 1126 2736 1181 Edesseuam
2765 1126 2986 1181 missam
3027 1141 3056 1179 a
3082 1123 3303 1180 Christo
3365 1122 3430 1177 ad
3477 1121 3754 1190 Abgarunt

2168 1216 2386 1272 Etlcssre
2441 1217 2760 1288 toparcham
2786 1234 2800 1282 ;
2830 1216 3258 1280 Camuliensem,
3288 1230 3319 1269 a
3366 1214 3587 1269 civitate
3615 1211 3758 1281 Cap-

2168 1311 2410 1379 padorite
2469 1326 2664 1365 nomen
2725 1311 2999 1372 sortitam,
3038 1309 3195 1378 cujus
3247 1309 3494 1377 synodus
3514 1306 3754 1361 secunda

2166 1403 2385 1458 Nica'na
2460 1418 2557 1472 pro
2635 1402 2962 1460 venerandis
3041 1399 3367 1471 imaginibus
3430 1407 3756 1468 congregata

2168 1494 2497 1549 mentionem
2555 1493 2729 1559 facit;
2789 1494 3043 1557 tertiatn,.
3085 1507 3247 1561 quam
3283 1487 3634 1549 Veronicam,
3658 1500 3752 1540 seu

2165 1586 2370 1641 Christi
2414 1586 2625 1641 vultum
2683 1586 2848 1641 linteo
2885 1600 2984 1640 seu
3043 1582 3267 1638 sudario
3292 1580 3595 1653 a\Christo
3627 1580 3751 1634 dum

2165 1678 2235 1732 ad
2275 1677 2541 1732 Calvarize
2599 1686 2836 1732 montem
2881 1678 3195 1736 duceretur,
3250 1674 3617 1741 impressum;
3681 1670 3750 1724 ad

2167 1770 2270 1823 hoc
2319 1785 2489 1839 genus
2527 1769 2715 1824 referri
2769 1769 2933 1822 etiam
2990 1779 3149 1835 posse
3190 1779 3309 1819 eam
3363 1764 3531 1817 totius
3560 1776 3756 1831 corpo-

2167 1862 2243 1915 ris
2286 1861 2539 1932 eliigicm,
2580 1874 2743 1930 quam
2778 1861 2830 1912 in
2876 1859 3108 1914 sindone
3152 1873 3258 1927 qua
3305 1856 3357 1910 in
3395 1855 3647 1925 sepulcro
3676 1856 3756 1908 iu-

2166 1953 2384 2008 volutus
2444 1952 2548 2007 fuit
2594 1951 2869 2017 Christus,
2942 1950 3247 2017 expressit;
3293 1963 3499 2018 easque
3551 1962 3747 2002 omnes

2165 2040 2429 2109 imagines
2460 2048 2517 2094 et
2563 2040 2668 2093 title
2717 2039 2911 2109 dignas
2951 2037 3162 2100 haberi,
3211 2045 3266 2091 et
3295 2036 3588 2091 multorum
3614 2035 3756 2091 scri-

2165 2141 2382 2201 ptorum
2448 2130 2799 2195 testimoniis,
2859 2141 2913 2184 et
2961 2128 3298 2184 venerationi
3363 2142 3591 2184 summa:
3635 2141 3756 2182 esse

2167 2224 2220 2277 in
2260 2222 2509 2277 ecclesiis
2562 2201 2656 2275 ubi
2702 2234 2781 2275 ea:
2805 2229 3114 2274 servantur.
3170 2218 3376 2272 Praeter
3410 2218 3506 2273 has
3536 2216 3744 2273 Christi

2168 2313 2380 2368 Domini
2439 2313 2730 2381 imagines,
2782 2312 3032 2382 leguntur
3083 2310 3249 2365 etiam
3288 2309 3556 2379 imagines
3576 2307 3750 2362 beatae

2163 2403 2408 2476 Virginis
2454 2405 2885 2475 ἀχειροποίητοι.
2953 2402 3209 2458 Testatur
3256 2400 3616 2466 Theophanes
3665 2399 3752 2453 hi-

2162 2498 2399 2553 storicns
2445 2512 2510 2550 ex
2560 2493 2793 2562 Georgio
2821 2494 3028 2554 Pisida.
3064 2504 3115 2546 et
3149 2491 3435 2546 Matthzeus
3470 2490 3750 2546 Westmo-

2163 2589 2541 2653 nasteriensis,
2583 2586 2856 2642 referente
2890 2586 3081 2641 eodem
3104 2583 3388 2649 Gretsero,
3418 2598 3485 2638 ex
3517 2598 3626 2653 quo
3650 2596 3752 2637 nos

2162 2683 2499 2753 accepimus,
2551 2680 2859 2735 Heracliam
2922 2678 3327 2747 imperatorem,
3361 2690 3505 2730 anno
3530 2673 3747 2744 imperii

2165 2777 2251 2832 sui
2297 2775 2512 2830 decimo
2550 2775 2813 2828 adversus
2864 2769 3202 2827 Chosdroam
3257 2780 3440 2825 castra
3480 2770 3745 2835 movisse,

2163 2880 2286 2925 cum
2343 2868 2509 2922 ferret
2551 2882 2736 2923 secum
2779 2871 2984 2921 sanctae
3010 2862 3104 2917 Dei
3160 2859 3466 2917 Genitricis
3510 2861 3750 2927 iconem,

2163 2974 2286 3030 qua
2330 2959 2476 3031 apud
2506 2957 2827 3031 Byzantium
2856 2965 2963 3022 est,
3001 2970 3109 3010 non
3157 2954 3397 3010 hominis
3433 2968 3621 3018 manu,
3656 2954 3751 3008 sed

2163 3050 2344 3106 divino
2376 3049 2643 3104 miraculo
2671 3049 2867 3117 pictam
2896 3065 2911 3101 :
2937 3045 3094 3114 cujus
3123 3042 3380 3115 praesenti
3434 3057 3537 3112 ope
3556 3041 3769 3115 fultum

2165 3142 2477 3199 Heracliam
2522 3155 2715 3197 omnes
2775 3139 3016 3195 hostium
3064 3138 3252 3208 copias
3305 3135 3538 3202 fudisse,
3592 3133 3752 3206 fuga-

2161 3235 2328 3290 visse.
2384 3233 2551 3288 Addit
2574 3228 2867 3287 Gretserus
2910 3242 3018 3283 non
3052 3239 3357 3297 repugnare
3398 3224 3525 3280 huic
3557 3237 3752 3278 narra—

2162 3325 2299 3381 tioni
2356 3334 2609 3380 auctores
2655 3321 2748 3392 qui
2804 3319 2872 3375 ah
2906 3317 3158 3374 Heraclio
3213 3314 3418 3371 Christi
3452 3315 3750 3385 imaginem

2162 3419 2376 3490 (quam
2432 3415 2856 3481 Camuliensem,
2916 3421 2976 3469 ut
3026 3427 3191 3482 supra
3241 3411 3484 3467 diximus
3511 3450 3535 3490 ,_
3580 3408 3753 3466 fuisse

2160 3488 2398 3580 oportet)
2453 3505 2832 3562 circumlatam
2882 3504 2936 3558 in
2986 3503 3230 3558 exercitu
3283 3488 3594 3572 atque’acie
3643 3510 3752 3553 tra-

2161 3603 2326 3665 dunt;
2388 3598 2589 3667 duplici
2680 3596 2949 3665 siquidem
3004 3595 3243 3663 imagine
3327 3593 3480 3662 quasi
3535 3594 3752 3662 gemino

2161 3692 2355 3764 clypeo
2420 3698 2700 3760 protectus
2751 3688 2806 3742 in
2864 3687 3051 3742 hostes
3127 3683 3409 3739 Heraclius
3479 3684 3748 3738 irruebat.

2159 3787 2460 3841 Auctorem
2514 3782 2746 3836 aliorum
2799 3778 3130 3843 testimonia,
3175 3779 3265 3847 qui
3327 3776 3485 3833 tidem
3548 3776 3752 3833 iaciant

2159 3881 2290 3936 huic
2325 3878 2576 3948 imaginis
2634 3874 2920 3940 miraculo,
2958 3874 3125 3928 habes
3175 3873 3314 3943 apud
3373 3874 3547 3941 ipsum
3589 3874 3750 3929 Gretv

2160 3985 2365 4026 serum.
2417 3968 2536 4023 Alia
2593 3974 2854 4036 praeterea
2908 3965 3150 4032 Deiparte
3180 3964 3358 4033 imago
3392 3978 3498 4018 nou
3558 3978 3740 4017 manu-

2160 4062 2301 4117 l‘aeta
2361 4059 2561 4129 legitur
2614 4059 2669 4113 in
2728 4057 2902 4127 pretio
2949 4057 3207 4127 cultuque
3260 4055 3466 4123 fuisse,
3515 4056 3742 4111 condito

2158 4154 2214 4210 in
2251 4153 2367 4219 ejus
2419 4151 2682 4206 honorem
2743 4149 3097 4213 monasterio,
3128 4148 3353 4217 ejusque
3385 4146 3562 4203 cultus
3582 4147 3743 4201 etiam

2157 4253 2312 4312 capta
2348 4256 2379 4296 a
2416 4240 2611 4296 Turcis
2656 4238 3131 4309 Constantinopoli
3195 4239 3590 4307 permansisse.
3634 4238 3747 4291 Ma—

2157 4332 2332 4389 laxius
2370 4333 2513 4388 enim
2540 4330 2963 4401 Peloponnesius
2987 4329 3042 4384 in
3082 4328 3324 4383 Historia
3356 4329 3743 4397 patriarchira,

2158 4427 2248 4482 ubi
2295 4427 2364 4480 de
2421 4425 2676 4496 Dionysio
2730 4422 3035 4493 patriarcha
3091 4422 3338 4491 deposito
3367 4423 3743 4489 patriarchatu

2157 4533 2341 4575 sermo
2374 4534 2389 4572 :
2444 4516 2579 4571 Cum
2618 4515 2859 4570 omnibus
2920 4516 3070 4567 rebus
3099 4528 3233 4584 quas
3270 4513 3514 4579 habebat,
3547 4512 3743 4583 inquit,

2157 4611 2396 4666 discessit
2452 4607 2935 4677 Constantinopoli,
2988 4617 3035 4660 et
3081 4607 3134 4660 in
3176 4606 3558 4661 monasterium
3604 4605 3745 4660 Sau-

2157 4704 2404 4758 ctissimw
2444 4700 2956 4770 Ἀκειροποιήτου,
2992 4716 3151 4754 manu
3174 4715 3277 4753 non
3299 4699 3457 4768 factm
3494 4697 3742 4766 Dciparar

2156 4794 2388 4852 Conissa:
2446 4810 2605 4863 prope
2657 4790 2914 4848 Cabalatn
2965 4791 3128 4845 situm
3182 4790 3424 4844 intravit.
3475 4788 3557 4842 Ad
3586 4803 3746 4858 quem

2157 4890 2335 4945 locum
2376 4889 2449 4942 ita
2501 4886 2794 4943 Gretserus
2844 4885 3033 4940 subdit
3068 4883 3218 4953 (quid
3249 4883 3392 4937 enim
3416 4898 3516 4952 ego
3546 4883 3742 4938 melius

2158 4978 2550 5049 adtexam?):
2628 4976 2782 5032 Vides
2852 4976 2937 5030 hic
2993 4976 3149 5031 etiam
3229 4974 3472 5042 Dciparte
3526 4976 3747 5045 ἀχειρο-

2158 5072 2380 5143 ποίητον
2423 5072 2746 5137 imaginem;
2790 5067 3134 5136 undecunque
3194 5066 3290 5118 hoc
3325 5081 3508 5118 nomen
3555 5072 3746 5131 adepta

2155 5166 2245 5229 sit,
2275 5166 2381 5219 sive
2410 5165 2521 5232 ipsa
2558 5160 2712 5231 Virgo
2740 5162 2901 5215 linteo
2930 5160 3093 5213 alicui
3127 5158 3320 5227 [aciem
3346 5174 3501 5212 suam
3527 5158 3748 5225 impres-

2155 5258 2309 5321 serit,
2340 5255 2446 5308 sire
2505 5255 2571 5305 ab
2615 5236 2824 5320 angelo.
2857 5250 3099 5318 deposita
3154 5247 3339 5316 fuerit,
3393 5247 3747 5319 ἀχειροποίη-

2155 5364 2247 5401 τον
2299 5356 2439 5399 certe
2475 5344 2766 5398 humanum
2797 5341 3101 5410 penicillum
3139 5340 3395 5393 excludit.
3447 5340 3555 5393 Nec
3617 5339 3745 5392 alibi

2154 5434 2523 5505 mihinliquod
2560 5434 2625 5487 de
2665 5434 3038 5501 Itacimaqiuc,
3086 5430 3226 5502 quod
3280 5432 3467 5491 sciant,
3524 5430 3743 5493 lectum,

2155 5526 2250 5580 Est
2284 5535 2458 5598 autem
2482 5522 2683 5579 Cabale
2720 5523 2911 5588 duplex
2951 5538 2967 5575 :
3003 5522 3172 5574 altera
3201 5518 3323 5573 urbs
3368 5518 3627 5585 Thraciw,
3663 5518 3744 5571 al-

2155 5627 2266 5672 tera
2308 5616 2582 5671 castellum
2640 5632 2801 5679 supra
2852 5613 3141 5668 Iconium:
3197 5613 3306 5667 utri
3346 5612 3444 5665 hoc
3483 5621 3747 5664 monaste-

2155 5711 2292 5765 rium
2323 5709 2551 5763 vicinum
2607 5706 2787 5776 fuerit,
2855 5704 3027 5758 dicere
3082 5721 3185 5758 non
3248 5703 3435 5757 habeo.
3480 5701 3743 5757 Credibile

2156 5814 2230 5859 est
2257 5803 2321 5858 ds
2370 5799 2571 5857 Cabala
2616 5799 2850 5856 Thracia!
2897 5798 2949 5853 id
2985 5794 3346 5867 accipiendum
3382 5812 3512 5851 esse.
3543 5792 3745 5857 [lactes
