4122 6412
358 370 431 433 ὓ)
1379 366 1781 428 FRANCISCI
1822 366 2085 424 SCORSI
2127 362 2562 424 PRO(EMIUM
2606 364 2647 425 l.
3572 366 3645 431 70

359 500 466 539 uos
516 462 833 545 Gretscrus,
892 482 985 551 qui
1019 493 1072 537 et
1124 482 1368 551 sequenti
1419 482 1663 550 proxime
1693 494 1949 549 paragra-

364 580 480 647 pho
511 575 752 643 cjusdem
780 575 977 644 capitis
1006 576 1071 629 de
1103 586 1290 628 nostro
1319 574 1689 627 testimonium
1722 570 1947 640 profert.

365 666 702 720 Tauromenii
754 667 811 719 in
844 664 1035 719 Sicilia
1079 665 1271 718 colitur
1299 664 1517 733 antiqua
1569 664 1743 731 imago
1789 659 1953 714 beata:

376 757 604 828 Virginia
636 775 738 811 non
782 758 1095 826 mauufacta
1120 775 1140 823 ;
1186 755 1359 825 qualis
1402 756 1561 810 etiam
1609 770 1720 807 esse
1747 755 1954 807 videtur

363 851 460 903 illa
518 850 762 919 Deipara:
813 850 989 921 imago
1041 849 1293 903 dit-initus
1341 849 1483 917 picta
1533 862 1651 917 qua:
1674 845 1954 899 coliturin

375 942 528 996 Valle
590 941 785 1007 Viridi,
834 944 889 997 in
940 953 1114 996 monte
1153 940 1348 1006 lEma,
1396 950 1452 993 ttt
1488 939 1667 994 scribit
1696 937 1951 993 Octavius

363 1036 748 1090 Constantinus
799 1035 943 1107 (lege
1000 1032 1316 1099 Caetanus;
1358 1032 1749 1088 Constantinus
1805 1031 1950 1086 enim

362 1138 450 1183 est
504 1143 700 1182 nomen
751 1128 914 1182 unius
973 1141 1039 1181 ex
1108 1126 1366 1180 fratribus
1433 1125 1675 1194 ejusdem
1716 1120 1951 1184 Octavii,

363 1219 623 1274 monachi
661 1228 715 1273 et
778 1217 989 1273 abbatis
1026 1218 1235 1271 ordinis
1291 1217 1475 1272 Sancti
1524 1214 1806 1270 Benedicti
1840 1214 1857 1282 )
1897 1214 1949 1266 in

368 1309 503 1364 Idea
567 1311 742 1379 operis
794 1311 859 1365 de
920 1310 1118 1365 sanctis
1166 1308 1390 1364 Siciliaz.
1448 1309 1628 1379 Atque
1687 1307 1954 1361 hactenus

363 1404 565 1457 thesim
626 1403 755 1458 huic
803 1417 938 1457 mea:
996 1393 1312 1457 tractationi
1372 1401 1632 1471 praetexui
1677 1415 1743 1454 ex
1770 1398 1953 1452 relatis

362 1510 391 1547 τι
445 1496 708 1551 Gretscro
735 1514 749 1549 :
776 1502 831 1551 et
871 1510 937 1550 ex
984 1509 1186 1566 genere
1210 1496 1402 1548 harum
1444 1494 1662 1547 iconum
1697 1492 1952 1546 universo

363 1582 527 1636 tidem
563 1582 699 1635 mihi
758 1584 984 1647 munivi,
1043 1592 1099 1637 ut
1138 1598 1244 1637 non
1306 1582 1585 1637 videretur
1636 1580 1953 1635 incredibile

362 1674 740 1744 hujuscemodi
810 1674 1102 1742 imaginem
1188 1672 1611 1745 ἀχειροποίητον
1674 1672 1953 1728 exstitisse

361 1764 739 1829 Tauromenii,
802 1778 927 1820 cum
974 1764 1109 1819 alias
1147 1764 1366 1819 alihiex
1428 1764 1595 1819 certis
1633 1762 1951 1819 auctoribus

359 1866 584 1911 exstare
620 1865 807 1910 notum
861 1857 957 1911 sit.
1012 1854 1150 1921 Quid
1205 1855 1368 1926 igitur
1397 1855 1464 1910 de
1488 1854 1951 1910 Tauromenitana

358 1948 606 2018 imagine
664 1947 804 2003 diva:
858 1946 1096 2017 Virginis
1147 1964 1250 2002 non
1302 1946 1608 2002 manufacta
1668 1946 1953 2001 dixerim?

360 2040 635 2109 Equidem
670 2051 822 2095 certa
860 2054 960 2109 pro
1017 2038 1201 2105 certis,
1260 2038 1505 2108 conjecta
1538 2053 1636 2108 pro
1693 2039 1952 2108 conjectis

358 2134 545 2187 dabo:
606 2147 786 2202 neque
848 2132 994 2187 enim
1034 2132 1099 2185 .in
1169 2140 1318 2185 tanta
1372 2131 1693 2200 antiquitate
1737 2140 1951 2201 tempo-

360 2239 488 2278 rum
517 2231 573 2277 et
614 2222 857 2278 historia:
908 2222 1133 2292 penuria
1179 2221 1359 2291 potius
1382 2220 1599 2275 faciam.
1661 2220 1953 2276 Exstitisse

362 2314 683 2383 huiusmodi
732 2315 1024 2386 imaginem
1074 2313 1504 2385 ἀχειροποίητον
1558 2324 1613 2370 ct
1651 2315 1951 2381 religiosis-

360 2410 505 2464 sime
579 2406 934 2463 Tauromenii
990 2406 1195 2461 cultam
1267 2406 1619 2476 Theophanis
1683 2418 1950 2477 tempore,

359 2512 530 2573 atque
569 2502 735 2556 etiam
790 2508 903 2555 toto
960 2500 1052 2556 illo
1081 2509 1326 2570 tempore
1381 2500 1525 2569 quod
1559 2498 1948 2555 Saracenicam

360 2593 706 2665 tyrannidem
732 2595 1050 2657 antecessit,
1098 2593 1243 2647 haud
1271 2593 1321 2646 itt
1373 2592 1595 2647 dubium
1622 2594 1943 2649 vertendum

362 2687 500 2745 mihi
543 2687 778 2750 videtur,
810 2701 935 2741 cum
984 2695 1088 2740 tam
1115 2686 1323 2741 diserte
1356 2685 1571 2740 duobus
1627 2686 1678 2740 in
1714 2686 1850 2741 locis
1880 2688 1948 2740 de

361 2791 429 2831 ea
520 2775 878 2844 Theophanes
935 2776 1267 2842 meminerit,
1332 2785 1387 2831 et
1435 2776 1698 2846 glorietur
1754 2778 1803 2830 in
1856 2792 1953 2831 sua

362 2868 607 2925 Ecclesia
629 2876 685 2924 et
716 2869 1160 2925 urbc.C;eterum
1196 2870 1340 2925 unde
1363 2878 1417 2926 et
1440 2871 1704 2939 originem
1748 2870 1953 2924 habue-

362 2962 459 3029 rit,
494 2977 602 3033 qua
635 2976 802 3033 opera
828 2961 1042 3027 ell‘ecta,
1074 2972 1129 3017 et
1158 2978 1227 3018 an
1264 2968 1598 3034 archetypon
1639 2964 1950 3035 εἱῑάχειρό-

359 3071 612 3119 τευκτον,
656 3070 724 3110 an
781 3064 1033 3125 ectypon,
1094 3055 1200 3111 hoc
1253 3067 1338 3112 est
1388 3072 1452 3111 ex
1514 3065 1802 3127 prototypo
1854 3072 1951 3112 ex-

362 3163 616 3218 pressum
677 3147 1052 3212 simulacrum,
1093 3148 1256 3218 idque
1319 3148 1435 3205 sive
1494 3148 1777 3216 miraculo,
1830 3149 1949 3206 sive

360 3240 591 3309 pictoris
680 3254 845 3310 opera
939 3240 1353 3296 accuratissime
1415 3239 1747 3307 deductum;
1809 3243 1951 3313 quod

363 3345 545 3388 tamen
602 3332 745 3386 idem
795 3332 939 3402 quod
997 3331 1334 3402 archetypon
1395 3347 1594 3387 nomen
1656 3333 1954 3405 ἀχειροπο-

361 3425 517 3496 ίητον
544 3425 803 3487 retineat,
843 3424 988 3491 quod
1017 3425 1159 3478 illius
1195 3422 1267 3478 sit
1320 3423 1515 3487 instar,
1551 3426 1698 3494 quod
1728 3425 1782 3479 in
1815 3426 1952 3479 mul-

359 3512 434 3566 tis
478 3509 854 3581 hujuscemodi
911 3518 1024 3565 tum
1073 3510 1300 3577 Christi,
1338 3520 1452 3565 tum
1506 3510 1750 3580 Deiparae
1776 3514 1953 3568 conti-

358 3603 509 3673 gisse
560 3588 705 3658 idem
779 3600 1076 3657 Gretserus
1128 3611 1324 3658 auctor
1368 3612 1473 3659 est.
1526 3602 1796 3660 Praeterea
1841 3621 1953 3675 quo

360 3691 471 3745 alio
495 3690 786 3757 miraculo,
826 3705 935 3761 quo
964 3699 1207 3759 tempore
1241 3690 1450 3761 perlata
1484 3690 1939 3760 Tauromenium,

361 3781 508 3837 idem
545 3782 726 3835 dicam
780 3781 925 3851 quod
974 3781 1139 3850 paulo
1186 3788 1315 3837 ante
1363 3781 1659 3836 Gretserus
1686 3782 1753 3835 de
1809 3784 1952 3837 ima-

360 3873 490 3943 gine
542 3871 787 3941 Deipara:
818 3886 925 3927 non
963 3872 1274 3927 manufacta
1336 3873 1578 3929 Conissae
1623 3878 1945 3930 monasterii

361 3979 535 4035 prope
555 3963 836 4029 Cabalam,
887 3964 1021 4019 nihil
1048 3964 1175 4019 alibi
1201 3965 1268 4019 de
1294 3964 1780 4031 Tauromenitana,
1807 3969 1950 4038 quod

360 4058 556 4121 sciam,
623 4057 903 4111 traditum.
982 4056 1057 4111 De
1123 4057 1299 4112 altero
1357 4072 1508 4123 vero,
1565 4059 1713 4127 quod
1776 4075 1945 4130 supra

358 4164 756 4220 pmposueram
779 4149 1117 4219 agitandum,
1146 4164 1215 4202 an
1261 4150 1441 4218 imago
1473 4148 1646 4205 beata:
1675 4150 1943 4221 Virginis.

361 4260 528 4314 quam
581 4244 741 4297 hodie
768 4242 1217 4297 Tauromenitaui
1254 4256 1350 4312 per
1370 4257 1639 4296 summam
1696 4244 1949 4312 pietatem

360 4335 576 4398 colunt,
634 4348 796 4402 quam
831 4340 1116 4400 patronam
1175 4330 1469 4401 appellant,
1528 4332 1583 4385 in
1629 4347 1733 4400 qua
1756 4348 1948 4388 eorum

359 4443 492 4500 spes
532 4441 772 4496 opesque
816 4429 871 4480 in
921 4424 1081 4480 rebus
1124 4423 1338 4478 alllietis
1383 4426 1527 4489 sitm,
1568 4424 1711 4493 quod
1777 4427 1942 4481 etiam

358 4516 615 4574 nonnulli
664 4531 773 4571 non
828 4517 1079 4583 vulgares
1122 4516 1221 4569 viri
1288 4532 1393 4570 non
1429 4516 1798 4571 manttl'actatn
1852 4533 1953 4571 vo-

359 4622 517 4676 cant,
568 4606 819 4663 eamdem
860 4611 934 4663 sit
964 4616 1128 4677 atque
1164 4607 1253 4661 illa
1279 4621 1402 4677 quae
1429 4606 1782 4677 TheOphanis
1807 4619 1947 4662 tem-

360 4716 496 4771 pore
540 4699 863 4764 exstitisset,
914 4697 985 4751 ita
1024 4706 1082 4751 ut
1110 4698 1273 4752 etiam
1323 4697 1516 4766 impias
1549 4695 1949 4752 Saracenorum

357 4808 559 4848 manus
586 4791 855 4863 effugerit,
882 4802 937 4846 et
974 4790 1043 4845 ab
1086 4805 1275 4845 eorum
1325 4798 1381 4843 et
1424 4789 1685 4857 temporis
1739 4788 1953 4856 injuriis

358 4885 663 4948 vindicata,
724 4895 780 4937 et
822 4897 996 4952 usque
1042 4881 1109 4936 ad
1164 4882 1265 4936 hoc
1324 4890 1537 4950 tempus
1586 4889 1736 4936 sarta
1800 4890 1942 4936 tecta

361 4991 606 5043 servata,
667 4977 809 5047 quod
863 4984 1011 5032 esset
1048 4975 1204 5031 alteri
1239 4975 1500 5028 miraculo
1531 4974 1944 5041 ascribeudum,

364 5072 623 5141 equidem
652 5071 765 5124 haec
789 5078 1115 5137 argumenta
1142 5068 1335 5133 habeo,
1365 5077 1421 5119 ut
1444 5067 1689 5121 eamdem
1709 5067 1951 5127 credam.

363 5165 612 5220 Primum
658 5162 786 5232 quia
818 5162 976 5232 vulgo
1015 5176 1137 5216 eam
1187 5158 1812 5229 DeiparamGrtccorum
1851 5173 1949 5228 ap-

362 5258 595 5330 pellant,
669 5257 810 5311 unde
866 5256 995 5310 mihi
1062 5256 1119 5310 tit
1152 5254 1455 5325 probabile,
1493 5270 1557 5308 ex
1589 5268 1654 5309 eo
1693 5263 1939 5324 tempore

362 5368 473 5423 quo
538 5350 854 5405 Grmcorum
906 5347 1147 5405 Ecclesia
1182 5356 1237 5401 et
1286 5348 1424 5401 ritus
1462 5343 1816 5400 Tauromenii
1844 5345 1944 5400 llo-

362 5444 632 5507 rescebat,
677 5442 785 5497 hoc
835 5450 919 5494 est
965 5438 1316 5507 Theophanis
1353 5449 1618 5508 tempore,
1678 5452 1797 5492 eam
1847 5452 1945 5506 ap-

363 5536 708 5607 pellationem
734 5536 1048 5596 deductam,
1076 5540 1131 5586 et
1172 5547 1265 5600 per
1310 5547 1505 5586 manus
1530 5532 1596 5585 ad
1618 5532 1733 5586 lucc
1770 5546 1946 5599 usque

369 5637 610 5696 tempora
674 5626 984 5690 traditam;
1044 5624 1237 5677 deinde
1280 5626 1423 5693 quod
1466 5638 1586 5678 eam
1634 5623 1689 5677 in
1739 5638 1952 5677 summa

364 5734 627 5790 aquarum
674 5721 987 5791 pluviarum
1039 5718 1293 5786 penuria,
1355 5718 1575 5771 unicum
1633 5726 1953 5784 certumque

364 5813 663 5887 perfugium
720 5812 1179 5872 Tauromenitani
1220 5811 1443 5878 habent,
1480 5821 1534 5868 et
1568 5810 1636 5867 ad
1685 5819 1951 5868 cantum-

2068 492 2231 545 quam
2261 476 2464 529 fontem
2504 479 2748 531 omnium
2806 476 3105 548 gratiarum
3137 479 3379 544 uberem,
3415 481 3641 551 prtitutn

2059 583 2229 637 aquas
2250 579 2542 623 accurrunt
2566 590 2578 622 :
2604 585 2667 624 ac
2685 570 2765 623 vix
2783 586 2877 641 per
2903 572 3087 626 urbem
3108 572 3397 642 circumagi
3415 574 3647 630 solemni

2059 662 2455 731 supplicatione
2504 671 2705 737 empta,
2754 679 2875 717 cum
2949 678 3068 717 eam
3138 665 3499 719 intermittere
3551 682 3644 719 co-

2060 763 2265 823 guntur
2307 769 2336 807 a
2377 754 2552 823 pluvia
2610 755 2790 809 obruti
2857 767 2908 811 et
2937 758 3161 821 madidi,
3216 759 3304 825 qui
3352 774 3471 811 eam
3506 760 3641 813 sicci

2061 846 2416 915 sitientesque
2462 847 2824 915 iuchoarant;
2883 850 3027 917 quod
3090 864 3155 903 ex
3208 850 3393 903 multis
3431 849 3645 903 Tauro-

2061 938 2355 991 menitanis
2422 937 2524 991 fide
2576 939 2750 1008 dignis
2801 948 3171 994 contestatum
3228 941 3436 1010 accepi,
3511 955 3635 994 cum

2061 1028 2410 1083 Tauromenii
2448 1032 2638 1084 harum
2678 1046 2856 1084 rerum
2915 1034 3414 1099 cognoscendarum
3468 1046 3632 1085 causa

2059 1138 2449 1178 commorarcr.
2504 1125 2566 1178 Et
2596 1140 2727 1180 sane
2772 1141 2834 1179 cx
2872 1126 2973 1180 alia
3007 1136 3160 1196 parte
3191 1128 3437 1195 legimus,
3462 1126 3643 1181 Theo-

2061 1217 2293 1285 phanem
2328 1219 2378 1271 itt
2429 1217 2648 1271 homilia
2692 1219 2869 1273 habita
2898 1223 2961 1275 de
2993 1221 3145 1290 plaga
3176 1221 3439 1277 siccitatis
3467 1221 3634 1293 (hom.

2060 1306 2208 1376 uti)
2246 1309 2309 1362 ad
2352 1310 2565 1365 beatam
2624 1310 2900 1382 Virginem
2957 1315 3358 1382 perorationem
3401 1330 3635 1369 conver-

2064 1409 2198 1461 tere,
2251 1402 2408 1472 eique
2469 1404 2797 1473 supplicare,
2851 1423 2919 1460 ne
2968 1423 3123 1461 suam
3170 1408 3643 1461 civitatcmdesti-

2064 1501 2177 1545 tuat
2224 1494 2274 1547 in
2325 1496 2442 1563 ejus
2491 1499 2712 1551 nomine
2767 1498 3132 1569 gloriantem:
3190 1516 3354 1569 quam
3412 1498 3640 1568 gloriam

2061 1586 2127 1637 ad
2188 1586 2479 1659 imaginem
2513 1606 2618 1643 non
2660 1590 3029 1647 manufactam
3065 1607 3174 1646 non
3211 1593 3487 1646 immerito
3516 1593 3641 1660 quis

2062 1672 2293 1742 referat,
2341 1685 2399 1731 ttt
2447 1679 2517 1732 ibi
2564 1680 2969 1737 adnotavimus.
3036 1681 3202 1736 Multa
3238 1682 3343 1733 alia
3380 1689 3646 1751 prmterea

2062 1769 2117 1822 in
2155 1772 2303 1825 omni
2358 1786 2556 1841 genere
2600 1774 2741 1828 dona
2803 1775 3066 1829 miraculo
3143 1783 3385 1844 accepta,
3429 1782 3483 1828 et
3526 1774 3646 1842 ejus

2062 1861 2168 1917 ﬁde
2210 1862 2503 1931 implorata
2538 1879 2702 1934 supra
2731 1865 3023 1919 humanam
3056 1879 3209 1933 opem
3252 1865 3443 1919 eﬂ'ecta
3478 1878 3645 1930 cpera

2061 1955 2308 2025 quotidie
2352 1956 2554 2023 ferunt,
2590 1966 2639 2010 et
2666 1966 3043 2013 contestantur
3085 1972 3188 2010 non
3223 1956 3412 2010 incolae
3441 1956 3646 2019 solum,

2062 2045 2159 2100 scd
2213 2047 2378 2101 etiam
2430 2045 2638 2100 exteri:
2703 2047 2846 2100 inter
2901 2060 3039 2114 quos
3084 2061 3189 2099 non
3244 2044 3465 2099 silentio
3500 2059 3642 2109 prae-

2061 2138 2363 2192 tereundus
2440 2136 2499 2191 D.
2552 2136 2900 2199 Francisrus,
2962 2136 3241 2190 Romanus
3299 2136 3643 2199 Catanensis,

2060 2230 2320 2285 sacerdos
2368 2229 2509 2283 haud
2554 2230 2723 2283 multo
2776 2229 2983 2295 pridem
3025 2228 3079 2282 in
3133 2228 3422 2293 collegium
3472 2243 3644 2282 rano-

2065 2320 2315 2373 nieorum
2344 2320 2602 2375 Ecclesia:
2630 2319 3034 2374 Panormitam:
3072 2321 3266 2374 merito
3286 2330 3642 2391 aggregatus,

2060 2408 2421 2464 concionaudi
2459 2424 2683 2464 munere
2718 2419 2774 2464 et
2811 2410 3032 2478 pietatis
3055 2410 3253 2465 ardore
3292 2426 3397 2464 non
3432 2411 3645 2476 vulgari

2070 2500 2351 2570 praeditus,
2388 2501 2479 2571 qui
2511 2516 2632 2554 cum
2694 2500 3046 2555 Tauromenii
3077 2504 3379 2557 conciones
3403 2512 3647 2573 tempore

2066 2594 2508 2663 Quadragesima:
2541 2593 2787 2661 haberet,
2844 2596 3013 2650 multa
3059 2596 3125 2649 ab
3154 2610 3219 2649 ea
3258 2595 3494 2665 imagine
3530 2610 3641 2650 non

2061 2683 2372 2739 manufacta
2429 2701 2490 2741 se
2533 2687 2810 2754 accepisse
2857 2687 2925 2741 ab
2980 2686 3103 2741 aliis
3143 2686 3429 2754 impetrata
3480 2688 3648 2741 mira-

2059 2780 2202 2843 cula,
2256 2780 2424 2833 mttlta
2470 2778 2522 2832 in
2567 2779 2746 2846 scipso
2795 2788 3078 2848 expertum
3108 2793 3231 2834 esse
3290 2779 3426 2833 mihi
3455 2793 3649 2835 narra-

2059 2872 2157 2936 vit,
2202 2881 2256 2927 et
2289 2872 2494 2940 scripto
2534 2886 2598 2926 ac
2644 2870 3015 2941 chirographo
3075 2870 3216 2925 dicta
3276 2872 3645 2941 consignavit.

2060 2965 2325 3020 Caeterum
2365 2964 2494 3018 illud
2554 2963 2719 3017 etiam
2761 2965 2815 3017 in
2880 2963 2982 3017 hac
3022 2978 3083 3017 re
3118 2964 3563 3019 animadversum
3616 2983 3646 3021 a

2061 3055 2360 3113 lectoribus
2415 3056 2600 3119 velim,
2630 3054 2676 3111 si
2722 3056 2810 3109 cui
2856 3054 2926 3110 sit
2958 3071 3305 3124 persuasum,
3350 3057 3642 3126 imaginem

2060 3148 2304 3218 Delparae
2364 3162 2485 3217 qua:
2562 3147 2723 3201 hodie
2792 3156 3003 3215 exstat,
3059 3163 3179 3201 eam
3248 3165 3373 3204 esse
3427 3151 3651 3221 ἀχειροι

2062 3239 2289 3309 ποιητον
2308 3254 2427 3308 qua:
2456 3237 2806 3307 Theophanis
2838 3248 3081 3307 tempore
3105 3239 3372 3304 exstabat,
3398 3259 3502 3295 non
3523 3256 3648 3296 esse

2062 3328 2393 3383 censendam
2444 3342 2509 3380 ex
2570 3327 2636 3380 iis
2686 3341 2806 3396 qurc
2858 3325 2913 3380 in
2963 3328 3145 3396 aliquo
3188 3330 3353 3383 linteo
3397 3330 3641 3400 Vit-ginis

2060 3418 2267 3473 vultum
2330 3418 2398 3470 ab
2434 3417 2663 3486 ipsamet
2721 3417 3049 3488 impressum
3095 3421 3275 3475 ferunt
3306 3440 3319 3475 :
3357 3439 3466 3477 non
3497 3426 3641 3480 enim

2059 3524 2124 3566 ea
2172 3508 2356 3565 tabula
2420 3508 2630 3563 vultum
2682 3508 2921 3579 Virginis
2977 3510 3173 3573 solum,
3228 3514 3322 3567 sed
3385 3515 3645 3584 integram

2059 3612 2329 3659 staturam
2383 3604 2660 3657 sedentem
2720 3612 2775 3657 et
2809 3602 3069 3657 infantem
3108 3602 3291 3658 Jesutn
3336 3616 3639 3675 gestantem

2061 3695 2204 3750 ulnis
2249 3692 2544 3764 exprimit:
2581 3707 2751 3761 quare
2776 3693 2826 3746 in
2872 3693 3045 3747 altero
3070 3709 3265 3759 genere
3287 3696 3643 3769 ἀχειροποιή-

2056 3802 2165 3838 των
2217 3799 2336 3838 eam
2386 3782 2794 3844 accensuerint,
2847 3780 2913 3834 de
2959 3796 3067 3850 quo
3122 3783 3284 3837 etiam
3331 3784 3645 3853 Gretserus,

2060 3886 2119 3930 ttt
2156 3875 2467 3945 angelorum
2518 3888 2681 3943 opera
2718 3887 2782 3927 ea
2828 3872 3043 3940 depicta
3079 3875 3171 3939 sit,
3236 3874 3316 3928 vel
3352 3886 3504 3930 certe
3572 3879 3641 3932 ab

2059 3966 2238 4035 aliqua
2295 3982 2400 4020 non
2439 3964 2753 4019 manttfacta
2785 3965 2995 4033 pictura
3053 3965 3352 4035 descripta,
3383 3978 3438 4020 ut
3473 3983 3637 4037 supra

2059 4060 2328 4115 dicebam.
2390 4060 2621 4113 Servant
2665 4072 2783 4112 eam
2844 4058 3003 4111 hodie
3047 4058 3097 4110 in
3147 4072 3249 4112 suo
3289 4058 3489 4128 templo
3515 4061 3644 4115 reli-

2058 4154 2197 4223 giosi
2247 4152 2416 4208 beata:
2458 4150 2698 4218 Vtcginis
2728 4166 2757 4204 c
2786 4161 2971 4204 monte
3002 4148 3275 4215 Carmclo,
3304 4153 3462 4220 eique
3495 4153 3636 4207 diem

2058 4247 2352 4299 solemnem
2404 4254 2572 4313 agunt
2632 4242 2947 4297 Decembris
2994 4243 3083 4297 die
3122 4253 3336 4307 octavo,
3370 4245 3463 4312 qui
3520 4248 3639 4299 dies

2058 4337 2301 4408 ejusdem
2329 4336 2571 4407 Virginis
2596 4335 2941 4389 immaculato
2987 4334 3269 4402 conceptui
3310 4334 3643 4388 celebrando

2057 4437 2308 4483 Sacrattts
2358 4433 2463 4480 est.
2521 4424 2709 4479 Tradit
2753 4424 2804 4477 in
2853 4421 2984 4476 Idea
3037 4424 3211 4492 aperis
3254 4421 3317 4475 de
3348 4421 3451 4477 SS.
3509 4424 3648 4478 Sici—

1997 4502 2144 4575 διὶιε
2202 4519 2460 4575 Octavius
2532 4517 2847 4580 Caetanus,
2903 4516 3248 4569 Tauromenii
3317 4517 3490 4587 primo
3562 4518 3647 4571 die

2062 4611 2401 4682 Septembris
2440 4609 2706 4665 celebrari
2736 4609 2933 4664 festum
2980 4608 3230 4676 imaginis
3260 4608 3503 4676 Deipara:
3529 4625 3639 4663 non

2063 4702 2425 4769 manufactte;
2477 4702 2621 4772 quod
2656 4716 2787 4756 sane
2822 4702 2963 4755 unde
3011 4701 3283 4769 acceperit
3317 4701 3646 4756 miliiadhuc

2062 4801 2349 4867 ignotum:
2388 4796 2484 4850 sed
2537 4810 2658 4850 cum
2711 4794 2800 4849 ille
2834 4794 3285 4863 diligentissimus
3333 4794 3493 4847 fuerit
3561 4794 3651 4849 Si-

2060 4885 2367 4939 ciliensium
2412 4885 2704 4945 rerumfad
2760 4893 3072 4938 sanctorum
3098 4882 3404 4937 Siculorum
3438 4886 3639 4940 cultum

2061 4977 2445 5047 pertinentium
2492 4978 2797 5045 indagator,
2862 4976 2914 5028 id
2957 4992 3132 5045 neque
3172 4977 3417 5032 refellere
3446 4981 3639 5045 debeo,

2063 5084 2163 5124 nec
2212 5079 2390 5123 tamen
2448 5066 2717 5122 afﬁrmare
2776 5083 3019 5136 possunt.
3068 5068 3203 5123 Nam
3290 5070 3645 5128 Tauromenii

2061 5163 2294 5217 moranti
2346 5162 2475 5216 ntihi
2507 5173 2558 5215 et
2608 5161 2673 5215 de
2693 5176 2757 5214 eo
2794 5160 2934 5215 festo
2981 5161 3066 5215 die
3112 5163 3436 5223 sciscitanti,
3495 5167 3631 5219 nihil

2065 5255 2345 5317 traditum,
2394 5254 2494 5308 nisi
2531 5254 2616 5306 die
2670 5252 2815 5307 dicto
2862 5253 3182 5308 Decembris
3212 5265 3409 5309 octavo
3446 5258 3643 5312 festum

2063 5347 2130 5402 ad
2171 5346 2460 5416 imaginem
2509 5344 2754 5412 Deiparte
2787 5344 2900 5413 jam
2933 5356 3313 5413 memoratam,
3348 5363 3509 5416 quam
3540 5365 3644 5402 non

2064 5439 2433 5494 manufactam
2496 5452 2617 5492 esse
2666 5438 2827 5493 nobis
2854 5438 3265 5507 persuademus,
3317 5440 3511 5493 eodem
3536 5455 3661 5508 quo~

2062 5533 2184 5602 ejus
2237 5530 2639 5585 immaculatum
2700 5530 3126 5600 Conceptionem
3172 5530 3457 5585 celebrari.
3510 5529 3648 5584 For-

2065 5636 2212 5681 tasse
2246 5639 2310 5678 ex
2371 5624 2541 5694 ipsius
2601 5620 2951 5693 Theophanis
2984 5623 3207 5677 homilia
3235 5623 3301 5677 de
3334 5621 3641 5678 ln-lictione

2062 5734 2125 5773 ac
2182 5717 2307 5771 anni
2355 5716 2624 5786 principio
2674 5716 2726 5770 id
2783 5715 3054 5770 Caetanus
3087 5714 3396 5783 collegerit:
3432 5714 3487 5769 in
3534 5731 3640 5785 qua

2070 5810 2213 5865 inter
2263 5816 2492 5864 caeteras
2556 5804 2905 5863 celebritates
2962 5801 3123 5874 primi
3161 5801 3504 5873 Septembris
3534 5802 3657 5857 diei
