4122 6428
478 358 544 429 71
1472 339 1880 407 FRANCIFCI
1925 340 2194 402 SCORSI
2234 337 2666 401 PWKEMIUM
2703 339 2753 399 Ῐ.
3679 340 3751 404 '13

475 479 724 538 meminit
767 477 1126 547 Theophanes
1178 471 1429 542 imaginis
1493 470 1631 525 divas
1673 465 1944 535 Virginis;
1972 478 2064 518 cn-

465 576 559 645 jus
607 575 722 631 haec
789 573 950 628 verba
1001 587 1013 623 :
1059 570 1333 629 Ἀπαντες
1375 555 1522 618 οὗτοι
1571 562 1666 616 τοῦ
1713 560 1908 631 χρόνου
1966 557 2065 626 τὴν

475 666 652 738 ἀρχὴν
669 667 1013 733 ἀγιάζουσενο
1036 665 1063 716 ὁ
1085 663 1182 733 μὲν
1206 659 1398 730 Σωτὴρ
1417 657 1577 736 ἡμῶν
1593 655 1800 726 Ἰησοῦς
1849 651 2066 719 εὐλογεῖ

477 757 568 812 τὸν
631 755 894 823 στέφανον
953 751 1229 807 ἐνιαυτοῦ.
1294 751 1360 803 Ἦ
1424 750 1481 802 δὲ
1537 747 1626 801 διὰ
1695 747 1794 814 τῆς
1860 747 2065 816 σεπτὴς

477 848 686 910 εἰκόνος
719 844 1004 914 τιμωμένη
1042 844 1316 910 πάναγνος
1352 843 1623 894 Δέσποινα
1653 837 1883 907 μεσίτης
1927 837 2064 906 πρὸς

478 940 610 991 Θεὸν
667 937 822 1005 ἡμῶν
870 935 1108 1003 γίνεται.
1157 935 1290 998 Quae
1343 935 1421 986 sic
1453 946 1548 985 nos
1607 931 1678 984 ibi
1735 928 1924 982 Latine
1979 927 2058 979 in-

480 1031 759 1097 terpretati
814 1043 1046 1083 smnus:
1101 1027 1178 1082 Ab
1226 1027 1307 1079 liis
1341 1024 1581 1080 omnibus
1633 1022 1835 1090 aliquid
1869 1021 2066 1074 sancti-

479 1124 601 1175 tatis
656 1122 708 1174 in
769 1122 864 1174 hoc
903 1121 1032 1173 anui
1082 1120 1400 1188 principium
1470 1117 1770 1170 redundat:
1835 1128 1957 1165 nam
2011 1119 2062 1164 et

478 1206 733 1270 Salvator
805 1224 986 1268 noster
1039 1212 1280 1268 Christus
1337 1211 1494 1265 Jesus
1545 1208 1806 1262 benedicit
1850 1219 2061 1259 coronae

477 1309 603 1360 anni
637 1323 656 1361 :
683 1317 730 1360 et
785 1305 1094 1360 veneranda:
1129 1305 1375 1374 imaginis
1425 1303 1679 1373 religione
1713 1299 1860 1353 culta
1907 1297 2062 1364 Virgo

473 1402 764 1472 purissima
805 1401 942 1454 inter
989 1415 1082 1454 nos
1131 1409 1180 1452 et
1235 1397 1398 1451 Deum
1447 1406 1712 1465 sequestra
1763 1392 2060 1448 intercedit.

477 1492 603 1548 lla-c
651 1491 1059 1561 Theophanes:
1115 1493 1208 1560 qui
1275 1506 1397 1546 cum
1453 1505 1559 1543 non
1623 1488 1859 1558 appellet
1920 1487 2062 1542 ima-

477 1585 656 1655 ginem
697 1583 791 1638 Dei
825 1582 1120 1638 Genitricis
1157 1582 1599 1654 ἀχειροποίητον,
1633 1595 1795 1650 quam
1823 1594 1921 1633 cur
1953 1592 2061 1632 non

475 1690 734 1745 expresse
791 1675 1102 1740 neminarit,
1141 1673 1210 1728 ‘si
1243 1675 1308 1728 de
1350 1689 1414 1728 ea
1444 1687 1622 1727 sermo
1668 1682 1807 1735 erat,
1847 1685 1971 1727 cum
2009 1670 2062 1724 in

469 1765 598 1820 aliis
652 1766 891 1819 homiliis
952 1773 1210 1832 tanquam
1258 1763 1452 1831 insigni
1493 1763 1728 1832 quodam
1774 1767 1831 1814 ct
1859 1761 1926 1815 de
1949 1774 2056 1828 quo

475 1856 812 1926 gloriabatur
858 1855 1033 1923 elogio
1067 1869 1187 1908 eam
1238 1854 1562 1923 designavit,
1618 1851 1816 1905 nullam
1843 1862 2062 1904 causam

474 1948 673 2002 video:
730 1957 784 2001 et
838 1961 903 2001 ex
939 1946 1108 2000 altera
1150 1956 1323 2014 parte,
1366 1961 1488 1999 cum
1551 1945 1601 1998 in
1639 1943 1840 1998 Menam
1885 1942 2062 2011 legant

458 2021 542 2095 Ceo
594 2039 679 2093 die
729 2038 992 2092 celebrari
1039 2037 1261 2104 σύναξιν
1293 2037 1393 2107 τῆς
1443 2036 1754 2104 ὑπεραγίας
1795 2035 2063 2088 Θεοτόκου

474 2131 584 2186 τῶν
648 2129 974 2199 Μιαςηνῶν.
1032 2130 1134 2184 hoc
1157 2141 1260 2194 est,
1289 2129 1552 2200 Synaxim
1585 2145 1677 2183 seu
1710 2129 2063 2182 celebritatem

477 2222 830 2275 sanctissima:
862 2219 1092 2289 Virginis
1123 2219 1509 2286 Miasenorum,
1531 2222 1671 2276 haud
1695 2231 1845 2276 certe
1866 2222 2059 2291 liquet,

478 2323 533 2369 et
562 2312 615 2366 iu
641 2312 861 2381 ancipiti
889 2326 976 2366 res
997 2320 1248 2366 versatur
1282 2313 1345 2366 de
1368 2311 1900 2368 Tauromenitanane
1926 2317 2063 2368 ima-

477 2403 603 2471 gine
649 2400 1006 2470 Theophanes
1045 2401 1319 2468 loquatur,
1369 2419 1436 2457 an
1489 2405 1556 2458 de
1608 2401 1930 2458 Miasenensi
1965 2405 2068 2457 ali-

476 2511 608 2566 qua,
662 2496 730 2551 ad
782 2511 947 2565 quam
987 2509 1289 2551 conventus
1309 2512 1374 2551 eo
1409 2497 1495 2552 die
1528 2497 1704 2567 primo
1730 2497 2066 2567 Septembris

476 2586 872 2651 celebraretur,
911 2587 986 2640 uti
1045 2585 1132 2640 hic
1170 2586 1421 2641 Panormi
1471 2599 1790 2644 consuetum
1855 2602 1934 2644 est
1979 2590 2066 2646 die

479 2678 720 2732 secundo
764 2675 890 2732 Julii
958 2686 1025 2729 ad
1091 2685 1266 2732 beatae
1316 2675 1581 2746 Virginis,
1637 2693 1798 2746 quam
1862 2675 2068 2732 Gratim

479 2769 835 2840 appellamus,
883 2769 1197 2840 imaginem,
1259 2780 1315 2824 et
1361 2772 1427 2825 ad
1477 2770 1612 2826 alias
1651 2771 1757 2825 alio
1797 2781 2064 2840 tempore,

477 2871 533 2918 et
575 2861 770 2932 oppido
816 2862 1128 2932 bnjusmodi
1171 2862 1437 2932 imagines
1479 2864 1817 2917 venerabiles
1872 2865 2065 2932 agitari

479 2955 597 3011 dies
632 2954 754 3010 festi
787 2956 982 3014 solent.
1044 2956 1335 3026 Equidem,
1379 2965 1438 3010 ut
1466 2956 1602 3021 dixi,
1660 2971 1760 3012 uec
1813 2956 2068 3012 refellere

476 3045 846 3116 conjecturam
892 3048 1106 3106 Octavii
1157 3050 1408 3118 Caetani,
1460 3063 1560 3104 nec
1619 3050 1912 3116 afﬁrmare,
1970 3051 2066 3106 sed

476 3153 598 3194 eam
619 3139 854 3196 hominis
885 3143 1210 3196 auctoritate
1244 3140 1435 3196 fultam
1469 3141 1520 3196 in
1552 3142 1731 3197 medio
1755 3143 2066 3213 relinquere

477 3231 668 3288 statui.

673 3371 700 3442 ᾗ
737 3369 825 3425 IV.
867 3371 1112 3442 Dignitas
1145 3383 1192 3426 et
1232 3371 1419 3427 titulus
1460 3374 1863 3445 arcliiepiscOpi.

548 3504 685 3560 Cum
719 3505 771 3559 in
804 3505 1053 3561 omnibus
1097 3505 1210 3561 fere
1258 3523 1394 3563 mss.
1424 3509 1827 3580 exemplaribus
1873 3512 2069 3566 harum

477 3595 852 3658 homiliarum,
905 3613 1026 3667 quae
1071 3599 1125 3654 in
1169 3599 1544 3657 celeberrimis
1595 3602 1824 3672 Europae
1871 3604 2069 3660 biblio-

477 3687 672 3750 thecis,
721 3685 1002 3756 Vaticana,
1042 3688 1409 3760 Hispaniensi,
1446 3693 1849 3750 Parisiensihns
1894 3696 2070 3754 tribus

476 3787 854 3845 asservantur,
891 3795 954 3833 ex
1001 3783 1199 3850 quibus
1249 3784 1334 3838 vel
1385 3785 1628 3856 integras
1680 3787 1951 3851 homilias,
1987 3789 2069 3844 vel

475 3882 666 3924 earum
715 3869 1004 3926 elenchum
1053 3875 1441 3944 transcriptum
1491 3878 1817 3944 amicorum,
1849 3880 1940 3949 qui
1979 3878 2071 3934 lit-

478 3959 612 4016 teris
658 3969 714 4015 et
757 3961 1012 4018 litteratis
1065 3963 1309 4019 fautores
1365 3980 1485 4021 esse
1534 3981 1594 4022 se
1638 3967 1868 4038 professi
1917 3978 2066 4036 sunt,

479 4065 646 4121 opera
702 4051 944 4107 nancisci
997 4054 1187 4123 potui,
1249 4056 1438 4111 titulus
1494 4059 1932 4129 archiepiscopi,
1987 4060 2071 4115 Vel

477 4144 719 4200 auctoris
748 4147 949 4200 nomini
975 4147 1046 4201 sit
1068 4151 1362 4218 ascriptus,
1390 4150 1479 4204 ubi
1508 4155 1824 4208 nominatur
1854 4163 2069 4220 auctor,

475 4236 560 4290 vel
589 4236 764 4291 solum
794 4237 849 4292 in
869 4238 1096 4308 scriptis
1123 4251 1316 4296 auctor
1345 4244 1742 4315 archiepiscopi
1770 4244 2072 4302 Taurome-

477 4329 652 4382 nitani
701 4329 1082 4399 appellatione,
1109 4331 1162 4386 in
1195 4349 1302 4402 quo
1333 4336 1513 4388 omnia
1541 4336 1918 4402 consentiunt,
1947 4353 2070 4393 cum

479 4419 537 4474 in
581 4421 800 4475 nomine
847 4422 1162 4493 discrepent
1201 4424 1290 4496 (de
1322 4441 1430 4495 quo
1460 4427 1638 4482 dicam
1681 4429 1954 4484 Prooemio
1986 4445 2073 4487 se-

476 4512 710 4582 quenti),
752 4529 857 4568 non
895 4523 1102 4573 temere
1144 4518 1360 4574 videtur
1408 4521 1518 4576 illis
1545 4523 1856 4593 abroganda
1901 4525 2067 4592 fides;

476 4606 716 4675 alioquin
744 4607 906 4660 etiam
937 4610 1119 4664 omnis
1153 4612 1286 4666 ﬁdes
1311 4623 1560 4668 veterum
1593 4625 2068 4673 monumentorum

476 4699 746 4766 intereat,
809 4717 932 4757 cum
999 4714 1176 4758 tamen
1237 4706 1536 4763 doctissimi
1589 4710 1890 4780 scriptores
1949 4727 2068 4770 eam

476 4790 681 4845 salvam
730 4808 794 4846 ac
842 4793 1054 4848 tirmam
1107 4810 1229 4851 esse
1279 4797 1578 4866 voluerint,
1629 4802 1721 4872 qui
1771 4803 1822 4857 in
1875 4820 2071 4860 monu-

477 4882 676 4936 mentis
707 4883 821 4937 suis
856 4889 1072 4942 exeusis
1105 4888 1255 4941 illum
1283 4891 1681 4962 archiepiscopi
1717 4895 1928 4949 titulum
1961 4913 2069 4953 non

478 4971 583 5024 alia
633 4988 795 5042 quam
843 4991 908 5030 ex
957 4993 1089 5034 mss.
1138 4979 1246 5035 fide
1298 4991 1354 5037 et
1402 4985 1727 5040 auctoritate
1785 4997 2070 5058 acceptum

478 5061 766 5118 ediderunt
812 5083 827 5119 :
879 5069 1174 5126 cardinalis
1219 5072 1488 5130 Baronius
1535 5083 1668 5131 tom.
1710 5076 1801 5143 IX,
1833 5077 2071 5138 Jacobns

478 5151 768 5211 Gretserus
833 5167 965 5214 tom.
996 5160 1040 5214 ll
1075 5161 1152 5216 De
1180 5180 1366 5232 cruce;
1407 5166 1734 5226 Franciscus
1768 5171 2070 5231 Turrianus

477 5246 572 5303 lib.
592 5257 776 5302 contra
795 5249 1268 5323 Magdeburgenscs
1285 5259 1472 5316 lueret.
1493 5277 1587 5330 pro
1603 5279 1793 5319 canon.
1815 5269 2065 5335 apostol.,

378 5373 384 5382 -
475 5357 598 5415 cap.
644 5343 710 5413 6;
761 5346 1033 5406 Antonius
1085 5349 1418 5412 Possevinus
1451 5358 1502 5412 in
1547 5358 1846 5430 Apparatu,
1883 5374 1937 5419 et
1976 5367 2066 5421 alii

475 5450 708 5506 quorum
738 5441 1050 5497 testimonia
1079 5448 1410 5504 contulimus
1438 5449 1492 5504 in
1519 5451 1627 5508 ﬂne
1659 5455 1852 5510 horum
1883 5455 2071 5514 Prooe-

477 5529 730 5586 miorum.
767 5532 866 5590 Est
896 5535 1064 5606 igitur
1089 5543 1382 5598 asserenda
1414 5545 1597 5614 potius
1625 5547 1741 5604 haec
1769 5549 2068 5610 Taurome-

476 5622 678 5681 nitanae
705 5625 961 5684 Ecclesia:
1009 5630 1271 5701 dignitas,
1305 5651 1429 5704 qua:
1467 5639 1603 5697 satis
1636 5643 1814 5712 ampla
1851 5653 1953 5713 est,
1984 5657 2070 5703 ut-

473 5726 603 5808 pote
647 5719 716 5775 ab
763 5722 882 5791 ipso
930 5722 988 5778 S.
1035 5723 1197 5782 Petro
1247 5731 1568 5801 constituta,
1614 5743 1675 5791 ut
1719 5735 1747 5808 §
1795 5735 1839 5793 ll
1887 5737 2067 5797 disse-

473 5806 706 5877 ruimus,
740 5820 794 5868 et
825 5828 854 5868 a
887 5829 974 5870 me
1004 5829 1126 5885 quae
1156 5832 1276 5876 mea
1311 5835 1439 5893 pars
1476 5825 1651 5884 virilis
1685 5806 1790 5900 est,
1820 5829 1888 5887 ab
1913 5833 2062 5890 omni

2175 463 2282 518 erit
2328 463 2637 535 subreptitii
2691 461 2829 518 tituli
2881 468 3001 514 nota
3035 466 3085 512 et
3119 453 3439 527 arrogartic
3489 453 3762 508 calumnia

2172 556 2519 611 vindicanda.
2548 555 2699 611 Hanc
2726 555 2870 609 etaim
2899 563 3078 606 notam
3108 551 3429 619 impressam
3456 563 3549 602 seu
3581 546 3760 630 potius

2174 647 2408 702 inustam
2445 648 2517 702 illi
2550 649 2709 702 video
2754 650 2804 700 in
2852 645 3050 700 Notitia
3101 643 3358 697 Eetlesite
3401 639 3761 694 Tauromeni-

2175 748 2333 804 tanm,
2384 756 2544 808 quam
2596 741 2766 794 edidit
2818 749 2946 794 tom.
3000 736 3041 790 ll
3091 738 3239 790 dom.
3295 734 3546 789 Bocchus
3597 733 3758 796 Pirri,

2174 834 2342 886 abbas
2363 833 2608 900 Netiuns,
2633 834 2698 888 de
2723 833 2919 888 Siciliae
2945 831 3203 886 Ecclesiis
3226 840 3313 886 sat
3337 831 3470 882 bene
3498 827 3757 881 nieritns:

2171 923 2264 976 sed
2309 939 2412 978 non
2463 933 2571 978 tam
2614 924 2683 978 ab
2727 927 2846 994 ipso
2893 925 3006 977 haec
3055 923 3303 991 imposita
3341 928 3468 975 nota
3498 933 3658 987 quam
3694 917 3761 972 ab

2175 1010 2400 1066 Alberto
2454 1011 2688 1078 Piccolo,
2742 1014 2832 1082 qui
2885 1012 2957 1068 illi
3009 1011 3267 1082 imposuit
3317 1024 3331 1064 :
3382 1024 3490 1078 quo
3540 1014 3763 1061 auctore

2173 1103 2363 1158 scribit
2413 1103 2553 1159 Pirri
2613 1105 2934 1159 Zachariam
2987 1103 3395 1160 schismaticum
3450 1101 3762 1169 episcopum

2173 1195 2521 1251 Tauromenii
2547 1213 2576 1251 a
2607 1198 2798 1252 Photio
2836 1196 3228 1266 archiepisc0pi
3270 1193 3761 1258 nomenclatorum,

2173 1290 2318 1358 quod
2352 1301 2496 1345 esset
2526 1305 2690 1360 Opera
2720 1291 2861 1346 male
2894 1291 2962 1345 ab
2993 1291 3082 1344 illo
3105 1289 3317 1352 collata,
3344 1299 3400 1342 et
3428 1285 3762 1341 defensionis

2173 1384 2410 1449 partium
2442 1380 2830 1438 Pbotianarum
2864 1383 3093 1452 pretium
3125 1382 3274 1451 prius
3304 1395 3617 1450 repensum.
3649 1376 3758 1431 Sed

2173 1473 2314 1527 unde
2341 1473 2444 1527 hoc
2469 1475 2678 1543 accepit
2704 1473 2987 1530 Piccolus?
3011 1490 3122 1544 quo
3149 1472 3410 1544 producto
3439 1470 3755 1527 tesdmonio

2175 1565 2224 1616 id
2258 1565 2531 1620 aliirmat?
2563 1565 2802 1638 Primum
2841 1568 3009 1630 enim,
3044 1569 3087 1622 si
3120 1568 3168 1625 is
3207 1575 3438 1636 ponatur
3470 1567 3754 1633 episcopus

2174 1656 2524 1713 Tauromenii
2556 1661 2722 1716 fuisse
2744 1660 3058 1727 Zacharias,
3083 1663 3172 1731 qui
3197 1668 3560 1732 cognomento
3583 1662 3761 1713 dictus

2173 1762 2258 1806 est
2290 1752 2512 1820 κωφός,
2563 1753 2615 1808 id
2644 1763 2727 1808 est
2759 1757 2975 1818 surdus,
3009 1766 3158 1810 certe
3189 1754 3238 1811 is
3264 1770 3293 1808 a
3323 1753 3515 1808 Photio
3561 1768 3663 1807 non
3700 1753 3766 1804 ti-

2177 1843 2348 1896 tulutn
2388 1845 2786 1915 archiepiscOpi
2824 1863 2920 1916 pro
2964 1862 3061 1901 sua
3107 1846 3353 1903 Ecclesia
3405 1847 3636 1913 accepit,
3668 1845 3762 1899 sed

2177 1936 2516 2005 tuetropolita
2549 1936 2912 1994 Chalcedonis
2947 1948 3200 2007 creatus;
3240 1941 3381 2007 quod
3421 1939 3767 2009 apertissime

2177 2031 2399 2098 scripsit
2447 2029 2666 2086 Nicetas
2711 2031 2879 2087 David
2928 2033 2984 2088 in
3031 2031 3152 2088 Vita
3203 2034 3261 2088 S.
3311 2033 3524 2104 ignatii,
3574 2041 3765 2088 contra

2176 2136 2337 2191 quem
2391 2122 2617 2179 Pbotius
2678 2135 2786 2179 tam
2841 2125 3190 2194 pertinaciter
3236 2127 3540 2194 acerbeque
3593 2125 3765 2194 depu-

2176 2215 2403 2284 gnavit,
2471 2217 2707 2287 scriptor
2772 2232 2960 2272 eorum
3026 2225 3373 2287 temporum,
3435 2218 3527 2287 qui
3584 2217 3767 2270 omnia

2177 2305 2238 2361 S.
2289 2305 2482 2377 lgnatii
2537 2310 2838 2364 certamina
2893 2310 3304 2382 diligentissime
3348 2310 3770 2378 fidelissimeque

2177 2412 2498 2470 persecutus
2547 2412 2630 2457 est
2679 2419 2693 2456 :
2746 2403 2902 2473 cujus
2947 2404 3173 2459 historia
3222 2405 3378 2457 initio
3424 2415 3520 2457 vut
3574 2401 3766 2472 synodi

2177 2508 2276 2563 pro
2302 2508 2464 2549 causa
2492 2495 2591 2550 hac
2615 2495 2672 2550 S.
2701 2497 2893 2566 lgnatii
2920 2506 2972 2553 et
2999 2499 3175 2552 Photii
3204 2498 3475 2552 celebrata
3502 2499 3764 2567 impressa

2175 2595 2279 2641 est.
2324 2587 2397 2640 De
2429 2585 2626 2641 Photio
2656 2588 2840 2657 itaque
2883 2588 2963 2642 sic
2999 2589 3192 2643 scribit
3223 2605 3238 2642 :
3275 2588 3371 2642 His
3405 2588 3496 2642 ille
3528 2587 3766 2641 omnibus

2175 2682 2492 2747 procuratis,
2536 2682 2818 2734 insana‘et
2860 2683 3117 2750 sacrilega
3160 2698 3251 2750 per
3282 2679 3559 2735 Zachariae
3601 2679 3770 2746 Cc-plti

2175 2788 2414 2839 manum,
2452 2772 2543 2840 qui
2605 2772 2670 2824 ab
2738 2773 2853 2842 ipso
2919 2772 3365 2827 Clmlcedonensis
3435 2773 3768 2836 metropon'ta

2175 2874 2382 2918 creatus
2433 2866 2631 2932 fuerat,
2677 2874 2728 2918 et
2781 2863 3110 2918 Theodorum
3161 2865 3479 2918 translatum
3527 2881 3558 2917 a
3605 2859 3768 2916 Caria

2176 2958 2246 3011 ad
2284 2957 2660 3012 Laodicensem
2702 2960 3060 3027 episcopatum
3106 2959 3159 3012 in
3193 2958 3409 3011 Italiam
3455 2955 3764 3011 transmisit.

2177 3047 2256 3102 Ex
2303 3048 2388 3105 his
2434 3064 2565 3104 sane
2612 3051 2820 3104 nullum
2869 3053 3092 3105 subesse
3141 3050 3364 3105 dubium
3421 3060 3594 3117 pou-St
3637 3049 3766 3116 quin

2177 3139 2470 3197 Zacharias
2517 3142 2605 3197 ille
2651 3144 2742 3213 qui
2789 3144 3008 3214 Cophes
3056 3151 3416 3214 cognomento
3451 3143 3630 3196 dictus
3659 3152 3762 3206 est,

2079 3242 2086 3248 ‘
2176 3249 2285 3288 non
2337 3233 2686 3290 Tauromenii
2736 3237 3022 3307 episcopus
3070 3247 3196 3292 ante
3245 3237 3432 3300 fuerit,
3485 3235 3580 3292 sed
3629 3250 3767 3289 nova

2177 3325 2541 3384 Chalcedonis
2572 3329 2932 3398 metropolitae
2980 3330 3242 3401 dignitate
3288 3330 3542 3385 donatus.
3578 3329 3767 3398 Atqui,

2176 3421 2409 3490 inquies,
2440 3421 2510 3476 ab
2538 3423 2852 3491 episcopatu
2883 3420 3346 3478 Tauromenitano
3386 3432 3670 3494 promotus
3701 3423 3769 3478 ad

2176 3513 2698 3569 Chalcedonensem;
2747 3514 2854 3570 Sed
2900 3531 3004 3570 non
3048 3516 3148 3572 hoc
3177 3517 3401 3572 verbum
3435 3517 3773 3588 χειροτονεῖν

2177 3621 2288 3676 quo
2317 3621 2448 3663 usus
2475 3606 2667 3675 David,
2689 3609 2997 3678 significare
3023 3619 3222 3678 potest,
3247 3612 3342 3667 sed
3368 3611 3452 3666 vel
3483 3611 3771 3680 designare

2177 3700 2514 3770 episcopum,
2544 3701 2630 3756 vel
2661 3716 3021 3768 consecrare;
3059 3703 3202 3772 quod
3235 3720 3302 3759 ex
3335 3705 3449 3774 ipsa
3483 3705 3692 3760 ratione
3718 3711 3774 3759 et

2177 3801 2359 3863 etymo
2398 3793 2638 3848 nominis
2667 3794 2810 3862 quod
2859 3809 3112 3849 manuum
3161 3795 3563 3865 impositionem
3600 3795 3774 3851 mani-

2178 3885 2319 3940 feste
2357 3887 2598 3952 denotat,
2637 3896 2689 3942 ct
2719 3905 2782 3943 ex
2814 3889 2936 3944 aliis
2971 3890 3355 3961 scriptoribus,
3385 3887 3589 3947 Jacobo
3614 3890 3775 3947 Gret—

2178 3992 2323 4044 sero,
2349 3977 2556 4034 Joanne
2582 3981 2649 4036 de
2677 3979 2723 4034 la
2751 3979 2948 4046 Cerda,
2976 3980 3137 4040 Petro
3163 3983 3420 4050 Arcudio,
3456 3986 3773 4054 presbytero

2180 4068 2526 4139 Corryrensi,
2568 4071 2660 4140 qui
2707 4071 2774 4126 de
2806 4072 2912 4126 ritu
2959 4081 3426 4127 sacramentorum
3461 4071 3774 4128 Cra-corum

2179 4159 2428 4215 volumen
2466 4160 2734 4232 integrum
2774 4164 3013 4232 scripsit,
3064 4165 3139 4220 ita
3189 4174 3398 4220 certum
3447 4179 3570 4221 esse
3615 4163 3777 4220 debet

2179 4253 2353 4308 cuivis
2388 4254 2742 4310 mediocriter
2775 4255 2962 4313 Grmce
2995 4257 3210 4321 scienti,
3242 4266 3302 4312 ut
3335 4258 3391 4313 id
3429 4258 3663 4328 probare
3704 4257 3777 4314 sit

2177 4358 2342 4415 opera
2365 4347 2547 4415 abuti;
2571 4357 2626 4404 et
2647 4365 2852 4418 quaeso,
2879 4349 2947 4404 ab
2971 4350 3326 4418 sequentibus
3347 4350 3551 4413 verbis,
3579 4349 3775 4420 quibus

2179 4436 2526 4493 Theodorum
2569 4440 2895 4495 translatum
2927 4455 2956 4494 a
2985 4440 3144 4497 Caria
3171 4441 3514 4497 Laodiceam
3559 4441 3771 4508 scribit,

2179 4532 2232 4587 in
2264 4546 2371 4601 quo
2399 4546 2528 4586 usus
2559 4533 2724 4588 verbo
2753 4532 3131 4604 μετατιθέναι,
3169 4550 3275 4589 non
3303 4535 3354 4589 id
3387 4543 3540 4589 certo
3571 4533 3774 4588 certius

2178 4623 2442 4692 apparet?
2468 4623 2604 4680 Cum
2632 4626 2774 4680 enim
2803 4629 3104 4682 secundum
3135 4644 3395 4699 expresse
3421 4628 3565 4684 dicat
3593 4637 3776 4683 trans-

2180 4716 2384 4785 latum,
2433 4725 2488 4772 et
2542 4719 2763 4789 proprio
2812 4730 2997 4774 utatur
3032 4722 3223 4786 verbo,
3279 4724 3345 4777 de
3394 4723 3570 4792 primo
3623 4731 3776 4778 certo

2180 4812 2558 4883 accipiendum
2613 4823 2700 4868 est
2747 4812 2918 4870 fuisse
2971 4829 3248 4883 creatum,
3299 4817 3500 4885 quippe
3547 4832 3670 4870 enm
3717 4824 3777 4870 ut

2179 4907 2395 4960 diversa
2443 4909 2680 4977 scriptor
2707 4925 2768 4963 ea
2819 4909 3132 4965 tradiderit.
3170 4909 3376 4965 Deinde
3419 4912 3559 4979 apud
3597 4909 3777 4964 Lenn-

2177 4998 2414 5073 clavium
2435 4998 2512 5054 De
2530 5000 2656 5069 jure
2689 4999 3067 5056 erco-‘Rom.
3097 5011 3273 5057 exstat
3305 5011 3469 5073 caput
3501 5005 3565 5058 de
3599 5015 3777 5059 trans-

2179 5072 2382 5148 latione
2433 5094 2791 5149 Orientalium
2853 5095 3275 5166 episcoporum,
3326 5094 3380 5149 in
3428 5112 3538 5164 quo
3585 5113 3776 5154 omnes

2180 5185 2428 5241 translati
2463 5189 2699 5257 episc0pi
2736 5199 3152 5253 enumerantur,
3183 5189 3294 5258 jam
3329 5189 3453 5244 inde
3483 5206 3514 5245 a
3547 5190 3603 5245 S.
3638 5190 3773 5247 Gre-

2177 5281 2332 5350 gorio
2360 5278 2763 5347 Nanzianzeno,
2783 5281 2876 5350 qui
2901 5297 2964 5337 ex
2994 5280 3225 5336 Sasimis
3246 5281 3770 5354 Constantinopolim

2177 5371 2479 5428 translatus
2522 5386 2631 5438 est,
2666 5389 2839 5444 usque
2865 5375 2932 5429 ad
2966 5373 3287 5444 Gregorium
3333 5376 3643 5442 Asbestam,
3679 5379 3772 5447 qui

2178 5463 2351 5533 ipsius
2397 5466 2713 5521 schismatis
2752 5465 3001 5522 Pbotiani
3051 5482 3240 5534 causa,
3291 5466 3524 5524 Nicaeam
3561 5471 3630 5524 ab
3659 5470 3775 5539 ipso

2177 5555 2373 5612 Photio
2416 5559 2714 5613 translatus
2744 5559 2933 5614 eodem
2971 5557 3160 5614 Nieeta
3206 5560 3412 5618 Davide
3461 5564 3770 5630 scribente;

2177 5664 2280 5705 nec
2331 5649 2440 5705 ulla
2491 5649 2548 5705 in
2587 5666 2653 5707 eo
2685 5651 2861 5722 capite
2910 5653 3116 5708 mentio
3167 5655 3422 5711 translati
3472 5655 3772 5711 Zachariae.

2177 5741 2276 5797 Est
2325 5741 2492 5814 igitur
2541 5751 2652 5797 tam
2703 5742 3054 5800 manifestum
3102 5744 3426 5802 Zachariam
3474 5747 3630 5803 illum
3667 5747 3773 5803 Co-

2181 5834 2353 5908 phum
2389 5851 2498 5894 non
2529 5838 2927 5911 archiepiscopi
2963 5838 3210 5910 titulum,
3239 5841 3336 5898 sed
3369 5857 3480 5900 rem
3514 5851 3567 5899 et
3599 5844 3777 5916 digni-
