4122 6434
412 387 492 449 73
1405 391 1804 451 FllANClSCl
1846 390 2104 449 SCORSI
2151 391 2580 454 PROlEMlUM
2637 395 2682 453 l.
3141 439 3150 444 -
3613 395 3682 458 74

413 509 581 554 tatem
635 503 992 572 nietrOpolita:
1044 505 1318 574 recepisse
1357 519 1384 556 a
1417 503 1630 568 Photio,
1665 514 1724 559 ut
1756 505 1994 558 dubitari

412 594 613 646 merito
643 611 748 648 non
783 603 969 664 possit.
1001 596 1104 651 Sel
1141 606 1320 651 tamen
1355 598 1404 650 in
1434 597 1534 651 hac
1563 597 1723 650 etiam
1755 607 1994 651 erratum

409 693 497 734 est
547 683 599 735 in
647 683 906 738 Zacharia
947 701 974 738 a
1022 686 1255 751 l’iccolo,
1307 705 1374 742 an
1419 688 1557 742 Pirri
1608 688 1824 742 dicam?
1857 686 1995 756 quod

409 774 707 844 epise0pu5
771 775 1118 835 Tauromenii
1178 779 1467 835 Zacharias
1527 781 1746 848 Coplius
1805 780 1874 833 ab
1934 794 1998 831 eo

411 870 630 924 dicatur
650 871 945 929 Zacharias
972 876 1062 930 ille
1082 877 1170 944 qui
1197 877 1486 945 episcopus
1508 875 1998 931 Tauromenitanus

409 960 643 1016 Rnnain
694 965 896 1020 missus
945 970 997 1019 in
1049 981 1207 1022 causa
1255 968 1448 1031 I‘hotii,
1494 968 1850 1022 similitudine
1901 983 1997 1021 no-

409 1053 577 1106 minis
626 1055 743 1110 falsi
777 1069 902 1110 sunt
931 1060 1006 1112 illi
1031 1060 1368 1129 scriptores,
1417 1077 1522 1114 non
1572 1062 1750 1114 omnia
1784 1061 1997 1128 penitus

409 1147 558 1200 illius
589 1163 685 1201 vni
731 1151 922 1218 synodi
961 1163 1080 1205 acta
1115 1154 1428 1222 scriptaque
1472 1154 1994 1222 circumspicientes.

409 1237 534 1291 Duo
574 1241 772 1309 quippe
823 1242 1102 1298 Zachariae
1147 1245 1386 1300 fautores
1438 1244 1615 1300 Photii
1666 1246 1838 1311 fuere,
1879 1246 1998 1300 dine

414 1331 719 1400 legationes
746 1332 968 1388 Romam
1002 1338 1196 1392 misse.
1220 1337 1397 1392 Prima
1426 1351 1508 1393 est
1531 1355 1591 1393 ea
1621 1356 1740 1408 qua:
1765 1341 2000 1394 refertur

413 1438 442 1473 a
479 1421 716 1477 Baronio
761 1441 903 1479 anno
953 1427 1059 1482 859
1103 1438 1155 1484 et
1189 1432 1241 1483 in
1278 1447 1372 1485 VIII
1419 1433 1646 1501 synodo,
1694 1440 1799 1485 ait.
1859 1434 1904 1490 l.
1945 1434 1996 1486 in
2063 1429 2072 1436 ”

409 1530 520 1581 qua
565 1531 594 1568 a
645 1517 831 1588 legatis
878 1518 1138 1574 Romana:
1175 1522 1334 1577 Sedis
1385 1524 1757 1594 interrogante
1805 1535 1994 1578 senatu

409 1609 531 1665 inec
581 1625 842 1680 responsa
895 1621 1022 1665 sunt
1057 1632 1070 1666 :
1109 1613 1366 1668 Primitus
1417 1617 1604 1669 missus
1651 1627 1728 1670 est
1776 1616 1999 1670 Arsabir

405 1703 616 1770 legatus
653 1703 927 1757 Jlichaelis
957 1709 1203 1773 imperat.
1234 1715 1281 1757 et
1313 1723 1430 1760 cum
1458 1723 1515 1759 eo
1546 1709 1690 1760 missi
1721 1721 1839 1761 sunt
1869 1724 1999 1777 qua-

405 1807 533 1846 tuor
576 1797 800 1864 episc0pi
841 1797 1083 1866 (nomina
1130 1815 1310 1852 eorum
1357 1800 1712 1868 ignoramus),
1758 1801 1995 1868 deferens

405 1903 583 1940 secum
612 1899 662 1940 et
686 1889 960 1957 epistolam
991 1891 1180 1960 regiam
1211 1891 1592 1959 signiﬁcantem
1623 1892 1674 1942 in
1699 1908 1752 1944 se
1782 1907 1996 1944 causam

405 1980 668 2032 hereseos
720 1981 1032 2050 imaginum,
1081 1991 1129 2034 et
1180 1984 1232 2036 in
1280 1981 1388 2050 ﬁne
1434 1984 1729 2037 litterarum
1784 1985 1994 2038 illarum

407 2071 770 2126 Ostendentcm
791 2075 947 2128 etiam
966 2076 1320 2142 eapulsionem
1344 2079 1662 2129 sanctissimi
1680 2077 1998 2142 patriarcha:

412 2163 640 2230 lgnatii.
667 2165 746 2216 Ad
781 2181 939 2233 quem
976 2165 1154 2220 locum
1187 2166 1325 2220 hanc
1362 2177 1543 2222 notam
1573 2169 1821 2235 adjunsit
1849 2170 1994 2221 Ana.

408 2258 618 2308 stasim
652 2257 930 2321 B.blioth.,
973 2258 1088 2328 ejus
1116 2259 1308 2329 synodi
1341 2261 1572 2328 scriptor
1599 2269 1654 2313 et
1682 2261 1834 2314 teStis
1863 2275 1993 2313 ocu-

407 2347 555 2400 latus
579 2364 594 2400 :
622 2345 845 2416 Urgente
869 2349 987 2402 illos
1009 2350 1290 2416 propositae
1313 2350 1590 2405 locutionis
1615 2351 1994 2419 prosecutione,

406 2448 631 2499 numina
659 2448 1015 2516 episcoporum
1044 2449 1118 2502 eis
1155 2451 1222 2502 ad
1255 2451 1560 2503 memoriam
1595 2464 1858 2502 recurrere
1888 2457 1995 2500 tam

404 2539 610 2591 concire
645 2555 746 2592 non
775 2552 1056 2607 potuerunt
1085 2556 1103 2594 :
1130 2542 1314 2610 quibus
1360 2552 1535 2595 tamen
1579 2539 1792 2593 nomina
1821 2549 1994 2603 erant,

410 2632 713 2685 Hethodius
757 2632 1082 2700 metropolita
1124 2633 1530 2703 Gangrensium,
1563 2630 1777 2686 Samuel
1819 2630 1996 2686 Con..-

408 2742 531 2776 rum
569 2728 860 2792 epismpus,
898 2725 1210 2794 Theophilus
1241 2727 1426 2792 lconii,
1462 2738 1510 2779 et
1537 2724 1823 2779 Zacharias
1854 2724 1992 2778 Tau-

408 2818 640 2870 romenii
676 2818 1084 2886 pseudepiscapi,
1119 2818 1208 2888 qui
1252 2817 1563 2887 legationem
1603 2826 1650 2870 et
1688 2805 1935 2885 epistolas
1964 2834 1994 2869 ιι

412 2909 612 2964 Photio
631 2911 756 2965 Sedi
785 2912 1087 2980 apostolica:
1118 2911 1436 2966 detulerunt.
1474 2911 1596 2967 Haec
1627 2915 1947 2968 Anastasius
1979 2933 1992 2968 :

410 3018 478 3055 ex
511 3016 624 3069 quo
653 3002 798 3056 vides
825 3003 971 3056 nullo
1001 3004 1320 3071 cognomine
1348 3002 1597 3058 allectum
1628 3003 1945 3059 Zachariam
1980 3025 1993 3060 :

404 3108 460 3149 et
500 3109 636 3150 sane
663 3110 728 3148 ex
770 3095 870 3149 hac
898 3095 1071 3150 solum
1107 3107 1234 3151 nota
1275 3097 1548 3150 Anastasii
1583 3097 1668 3150 hic
1706 3097 1998 3153 Zacharias

408 3185 762 3260 Tauromenii
796 3185 960 3241 fuisse
989 3187 1281 3260 episcopus
1314 3189 1518 3252 scitur;
1551 3197 1604 3241 et
1645 3192 1713 3241 ab
1753 3204 1814 3242 ea
1849 3206 1997 3243 sum.

408 3259 781 3342 ptumael'ert
816 3259 1077 3329 Baronius
1127 3277 1244 3330 loco
1277 3277 1445 3330 citato
1493 3292 1508 3330 :
1553 3292 1819 3346 nusquam
1867 3293 1997 3332 vero

407 3371 566 3435 alibi,
600 3371 689 3423 ubi
725 3369 792 3424 de
824 3371 924 3424 bac
960 3369 1230 3440 legatione
1265 3370 1468 3424 tuentio
1500 3371 1577 3434 lit,
1619 3383 1672 3424 et
1705 3371 1998 3427 Zacharias

407 3470 707 3531 episcopus
752 3463 891 3515 idem
929 3462 1260 3526 nominatur,
1290 3463 1783 3517 Tauronn-nitanus
1825 3465 1994 3519 ascri-

412 3557 584 3618 bitur,
620 3564 675 3608 ut
709 3555 762 3608 in
795 3555 1058 3622 procando
1087 3557 1203 3622 ejus
1232 3556 1422 3623 synodi
1463 3556 1530 3608 ab
1561 3556 1680 3620 ipso
1711 3557 1997 3610 Anastasio

409 3648 642 3712 s--ripto,
672 3653 726 3699 et
771 3645 824 3698 in
873 3643 996 3698 Vita
1035 3643 1090 3697 S.
1130 3645 1316 3714 lgnatii
1350 3661 1378 3698 a
1412 3646 1632 3711 Davide,
1682 3647 1770 3716 qui
1821 3649 1995 3702 Solum

411 3738 669 3792 meminit
704 3738 962 3801 duorum,
1010 3738 1297 3808 TheOphili
1341 3748 1395 3792 et
1441 3739 1726 3804 Samuelis,
1774 3751 1999 3794 emteros

407 3829 638 3883 emittit.
675 3830 850 3897 Atque
896 3830 948 3882 hi
998 3830 1158 3898 legati
1194 3847 1222 3882 a
1267 3829 1492 3886 Nieolao
1539 3833 1550 3882 Ι
1601 3833 1852 3901 pontiﬁce
1889 3835 1998 3887 Ro-

413 3934 580 3971 mano
621 3919 788 3972 auditi
819 3931 944 3973 sunt
979 3919 1033 3973 in
1065 3920 1280 3974 basilica
1310 3920 1366 3974 S.
1404 3921 1583 3976 Maria:
1613 3925 1678 3976 ad
1728 3924 1995 3995 Praesume,

409 4013 506 4064 sed
565 4027 672 4063 non
725 4012 790 4063 ad
837 4012 1277 4065 communionem
1331 4013 1574 4067 admissi.
1630 4015 1784 4080 Quod
1833 4016 1999 4072 refert

409 4103 585 4156 etiam
623 4101 766 4154 Pirri
796 4117 863 4155 ex
900 4102 1132 4156 Baronio
1167 4102 1286 4156 loco
1315 4103 1427 4169 jam
1467 4119 1628 4172 supra
1676 4120 1995 4162 memorato.

414 4194 605 4244 Altera
655 4192 854 4262 legatio
892 4206 974 4247 est
1024 4205 1145 4263 post
1201 4195 1402 4248 illatam
1443 4210 1472 4248 a
1509 4196 1730 4249 Nieolao
1777 4209 2000 4252 senten—

413 4297 572 4347 ltain,
607 4298 662 4339 et
710 4287 973 4340 inllictnm
1021 4292 1312 4339 anathema
1359 4287 1413 4340 in
1455 4287 1726 4354 Pliotimn,
1765 4304 2000 4358 eumque

411 4387 834 4434 exauctoratum
905 4377 1034 4441 Quae
1081 4393 1242 4431 causa
1297 4377 1400 4432 fuit
1447 4393 1548 4432 cur
1579 4379 1656 4432 ira
1688 4394 1784 4432 seu
1819 4379 2001 4435 furore

412 4486 662 4541 princeps
710 4469 930 4524 Photins
980 4469 1398 4524 conciliabulum
1452 4470 1581 4524 illud
1640 4485 1796 4524 suum
1846 4473 1999 4525 nefa-

416 4569 623 4617 norum
681 4563 1057 4631 episcoporum
1122 4563 1395 4632 coegerit,
1464 4578 1573 4630 quo
1633 4573 1864 4617 conatus
1911 4553 2001 4617 'est

415 4655 697 4711 Nicolaum
735 4657 1038 4722 pontiﬁcem
1082 4658 1580 4717 excommunicare,
1614 4654 1840 4723 ejusque
1872 4669 2003 4708 con-

414 4748 660 4802 ciliabuli
711 4753 828 4798 acta
878 4762 972 4815 per
1022 4744 1342 4798 Zachariam
1399 4746 1640 4813 (Zophum
1692 4747 1744 4798 in
1793 4745 1999 4799 Italiam

418 4838 748 4898 transmisit,
801 4845 860 4890 ut
909 4839 1109 4890 diserte
1162 4835 1356 4889 scribit
1393 4834 1613 4890 Nicetas
1671 4836 1834 4890 David
1883 4838 2002 4892 lcco

411 4933 531 5001 jam
569 4946 730 4998 supra
774 4930 964 4984 relato.
1005 4929 1110 4982 Sed
1145 4928 1321 4982 adhuc
1359 4929 1665 4984 evidentius
1705 4929 2000 4983 discrimen

417 5025 566 5079 inter
611 5022 751 5076 duos
797 5020 1086 5075 Zacharias
1122 5023 1428 5076 ostendam.
1481 5023 1613 5076 Nam
1651 5025 1874 5090 primus,
1910 5027 2000 5095 qui

417 5118 597 5184 prima
628 5114 895 5185 legatione
924 5113 1145 5168 functus
1176 5114 1413 5184 legitime
1438 5115 1720 5170 ordinatus
1747 5131 1775 5168 a
1807 5115 1863 5171 S.
1893 5117 2006 5171 Ille-

415 5209 607 5264 tbodio
664 5207 1003 5276 patriarcha,
1052 5207 1142 5277 qui
1196 5206 1253 5260 S.
1305 5207 1512 5278 lgnatio
1563 5219 1936 5263 antecesserat
1984 5227 1996 5262 :

417 5299 698 5357 secundus
738 5314 767 5353 a
810 5299 1005 5354 Photio
1050 5299 1352 5368 illegitimo.
1401 5299 1539 5352 Nam
1581 5309 1688 5354 act.
1721 5314 1774 5354 iv
1817 5300 1998 5354 statim

419 5395 581 5448 initio
633 5392 885 5444 Baannes
934 5389 1196 5456 patricius
1253 5389 1434 5443 retulit
1488 5390 1552 5442 ad
1604 5390 1867 5459 synodum
1919 5392 2002 5446 his

421 5485 604 5540 verbis
648 5499 663 5534 :
707 5483 861 5535 Εἰσὶν
911 5481 1200 5540 ἐπίσκοποι
1247 5479 1613 5549 χειροτονεξαν
1655 5482 1870 5548 ἔχοντες
1907 5481 2002 5534 τοῦ

420 5577 848 5648 μεκπριωτάτου
905 5573 1167 5628 Μεθοδίου
1218 5573 1518 5641 Θεόφιλος,
1575 5576 1670 5626 καὶ
1726 5573 2004 5642 Ζαχαρίας

421 5675 468 5724 οἱ
506 5671 600 5722 τὸν
633 5669 835 5722 Φώτιον
883 5667 1274 5736 ἀποδεχόμενοι
1305 5682 1318 5697 ·
1353 5667 1401 5717 εἰ
1443 5665 1536 5717 οὖν
1575 5665 1722 5717 δοκεί
1769 5664 2006 5717 εἰσελοἐ-

419 5783 604 5820 τωςαν
643 5766 721 5828 εἰς
764 5763 866 5833 τὴν
920 5762 1085 5829 ἁγίαν
1152 5759 1536 5831 οἰκουμενικὴν
1582 5760 1822 5814 σύνοδον.
1869 5756 2003 5812 Sunt

424 5860 707 5912 :Ottst’t'rali
739 5875 769 5909 a
802 5855 864 5910 S.
903 5852 1170 5906 Methodio
1206 5844 1428 5921 episcopi
1469 5851 1778 5922 Themi/titus
1810 5862 1854 5905 et
1898 5849 2002 5905 Za-

622 5958 898 6016 l’nnOL.
939 5951 1059 6009 (in.
1091 5949 1404 6010 CXXXII.

2117 503 2324 558 charias
2367 510 2455 574 qui
2484 525 2602 561 cum
2634 506 2820 562 Photio
2849 510 3312 563 communicarunt
3348 527 3364 562 :
3393 510 3438 562 si
3457 512 3682 571 videtur,

2116 598 2480 662 ingrediantur
2521 603 2588 653 ad
2633 599 2692 654 S.
2726 603 3092 692 cecumpnicum
3132 603 3434 658 concilium.
3499 604 3688 658 Exitus

2115 690 2375 745 sessionis
2429 692 2588 759 hujus
2637 690 2737 746 fuit
2778 704 2833 747 ut
2883 690 3168 749 mendacio
3221 705 3405 764 aperte
3452 694 3687 750 conviCti

2116 775 2302 848 legali,
2349 783 2706 852 allirn'iatique
2755 786 2809 839 in
2858 801 2954 839 suo
2999 789 3291 840 schismate
3338 785 3686 852 ejicercntur.

2112 870 2180 922 At
2227 888 2350 925 vero
2383 875 2433 926 in
2469 891 2518 928 tv
2563 873 2807 930 sessione
2852 877 3003 932 initio
3037 877 3185 932 niis~i
3234 886 3357 930 sunt
3395 878 3628 947 episcopi
3659 894 3687 930 a

2111 963 2306 1017 Photio
2355 967 2611 1030 ordinati,
2643 976 2695 1020 ct
2739 984 2927 1021 eorum
2976 985 3135 1022 causa
3189 971 3454 1033 dEScttssa,
3501 970 3552 1022 in
3582 986 3686 1038 qua

2112 1071 2324 1125 semper
2380 1059 2688 1112 nominatur
2740 1058 3066 1124 Zacharias,
3119 1070 3175 1112 ut
3227 1059 3527 1116 Photianus
3573 1061 3691 1130 cpi-

2111 1165 2310 1216 scapus
2369 1161 2420 1204 ct
2490 1152 2556 1204 ab
2614 1168 2679 1206 eo
2737 1152 3040 1206 ordinatus.
3113 1154 3388 1222 Ζαχαρῗας
3448 1155 3475 1205 ὁ
3539 1155 3690 1223 παρὰ

2108 1242 2312 1294 (Ponico
2387 1244 2786 1314 χειροτονηθεὶς
2861 1245 3205 1314 Χαλκηδόνος
3288 1247 3690 1316 μητροπολίτης

2109 1331 2284 1398 εἶπεν,
2325 1345 2428 1390 cte.
2471 1334 2768 1391 Zacharias
2813 1338 3251 1392 Chalcedonensis
3297 1341 3629 1407 metropolita
3660 1358 3691 1392 a

2112 1425 2300 1481 Photio
2349 1442 2688 1484 consecratus
2755 1431 2932 1496 dixit,
2992 1442 3136 1497 etc.;
3191 1441 3242 1485 et
3298 1431 3436 1485 infra
3489 1451 3502 1486 :
3555 1433 3692 1485 Τότε

2108 1521 2483 1591 Μητροφάνης
2527 1524 2555 1574 ὁ
2594 1522 2849 1592 Σμύρνης
2893 1523 3029 1592 πρὸς
3079 1525 3356 1594 Ζαχαρίαν
3403 1524 3496 1577 τὸν
3543 1525 3693 1596 παρὰ

2107 1613 2316 1667 Φωτίου
2370 1615 2823 1684 χειροτονηθέντα
2885 1615 3230 1685 Χαλκηδόνος
3288 1615 3692 1686 μητροπολίτην

2107 1701 2252 1765 εἷπε,
2295 1695 2435 1774 πρδς
2468 1705 2502 1759 ἂ
2537 1708 2674 1775 ἔφης
2711 1705 3162 1777 ἀποκρινούμεθά
3197 1724 3300 1760 σοι.
3336 1707 3534 1776 Νόμοι,
3582 1718 3687 1761 etc.

2109 1794 2308 1848 Deinde
2338 1794 2709 1865 MetrOphanes
2757 1797 3099 1867 Smyrneusis
3130 1799 3460 1866 metropolita
3485 1796 3694 1852 Zacha-

2109 1889 2244 1940 riam
2295 1905 2327 1940 a
2376 1888 2567 1942 Photio
2622 1899 2857 1944 creatum
2906 1889 3385 1944 Chalcedonensem
3433 1900 3694 1959 metropo-

2106 1979 2256 2032 litam
2301 1982 2631 2049 compellavit
2664 1997 2681 2034 :
2711 1982 2788 2034 Ad
2826 1998 2886 2035 ea
2916 1999 3034 2052 qua:
3071 1983 3368 2037 disseruisti
3415 1984 3694 2049 responde-

2089 2086 2246 2123 .mus.
2277 2069 2462 2139 Leges,
2501 2083 2641 2137 etc.;
2686 2059 2846 2138 atque
2893 2072 2946 2125 in
2979 2073 3067 2126 his
3099 2072 3542 2127 altercationibus
3580 2074 3692 2128 ικίό

2107 2163 2590 2231 sessioprotracta
2639 2173 2741 2219 est.
2789 2165 2862 2217 Ex
2903 2164 3103 2235 quibus
3151 2164 3282 2220 locis
3331 2165 3448 2220 luce
3487 2165 3692 2219 clarius

2107 2243 2326 2322 apparet
2380 2254 2700 2308 Zachariam
2752 2255 3022 2325 Cophnm,
3073 2272 3232 2325 quem
3289 2257 3688 2326 metropolitani

2106 2346 2605 2402 Chalcedonensem
2641 2365 2669 2402 a
2705 2348 2896 2403 Photio
2931 2359 3314 2404 consecratum
3361 2350 3555 2405 scribit
3601 2348 3694 2402 Ni-

2107 2450 2291 2505 cetas,
2346 2455 2451 2492 non
2502 2455 2625 2494 esse
2676 2439 2996 2494 Zachariam
3048 2441 3140 2510 qui
3191 2441 3692 2496 Tauromenitanus

2107 2532 2393 2601 episc0pus
2425 2533 2491 2586 ab
2520 2533 2812 2586 Anastasio
2846 2534 3146 2602 appellatus
3173 2545 3276 2589 est.
3313 2533 3496 2588 Redeo
3530 2534 3693 2600 igitur

2105 2641 2170 2679 eo
2200 2625 2342 2679 unde
2377 2627 2491 2679 hare
2520 2635 2604 2680 est
2634 2627 2765 2679 inita
2812 2625 3126 2694 disputatio,
3163 2627 3302 2680 unde
3333 2625 3535 2696 colligit
3566 2624 3691 2678 Pic-

2107 2719 2261 2773 colus
2306 2717 2624 2771 Zachariam
2660 2716 3180 2772 'l‘auromenitanum
3203 2735 3232 2770 a
3255 2716 3452 2771 Photio
3477 2718 3690 2772 titulum

2107 2812 2500 2882 archiepiscopi
2551 2811 2861 2868 abstulisse.
2908 2813 2978 2866 At
3021 2812 3270 2868 fortassis
3321 2828 3389 2867 ex
3435 2828 3500 2868 eo
3549 2817 3696 2883 quod

2107 2907 2222 2973 ipse
2281 2903 2498 2959 Nicetas
2549 2921 2670 2959 cuin
2720 2906 2784 2958 de
2837 2904 3012 2974 prima
3082 2905 3350 2972 legatione
3417 2903 3566 2972 agit,
3621 2905 3692 2958 ita

2107 2998 2330 3063 scribit,
2386 2996 2726 3050 Ἐπιστέλλει
2800 2995 2982 3050 τοίνυν
3053 2997 3314 3065 Θεόφιλον
3395 2997 3694 3049 ἐπίσκοπον

2105 3088 2201 3141 τοῦ
2240 3088 2518 3158 ’Λμορίου,
2545 3090 2636 3142 καὶ
2665 3089 2921 3158 Σαμουὴλ
2951 3087 3254 3141 ἐπίσκοπον
3282 3089 3441 3158 ἄχρις
3480 3088 3694 3142 ἐκείνου

2107 3181 2216 3233 τῶν
2261 3181 2466 3233 Κωνῶν
2510 3181 2614 3234 ὑπὸ
2687 3181 3012 3234 Λαοδίκειαν
3052 3180 3393 3250 τυγχάνοντα
3443 3181 3698 3250 ἀρχεεπί-

2110 3291 2313 3327 σκοπον
2333 3273 2642 3344 τετιμηκώς
2675 3289 2688 3304 ·
2723 3275 2822 3328 hoc
2855 3285 2935 3328 est
2971 3271 3167 3342 :Legat
3199 3288 3319 3341 ergo
3357 3271 3696 3339 'l'heOphilum

2110 3369 2315 3422 Δηιονἰὶ
2363 3369 2683 3436 episcopum,
2716 3375 2764 3418 et
2797 3365 3096 3420 Samuelem
3140 3368 3228 3434 qui
3272 3366 3340 3418 ad
3377 3364 3526 3418 ilium
3559 3365 3696 3417 diem

2109 3461 2411 3514 (Jhonarum
2463 3461 2684 3514 antistes
2734 3458 3033 3513 Laodiceno
3083 3458 3372 3528 subjectus,
3429 3458 3696 3526 archiepi-

2108 3556 2252 3623 scopi
2299 3555 2493 3606 honore
2539 3555 2786 3622 dignatus
2830 3563 2903 3606 est
2937 3569 2967 3604 a
3005 3551 3224 3616 Photio;
3261 3567 3412 3621 ergo,
3460 3550 3694 3619 inquies,

2109 3647 2250 3701 sicut
2285 3645 2526 3710 Samuel,
2563 3646 2638 3699 ita
2669 3656 2718 3698 et
2753 3644 3048 3700 Zacharias
3089 3644 3490 3713 archiepiscopi
3540 3642 3698 3696 titulo

2111 3737 2361 3808 insigniri
2391 3753 2420 3790 a
2458 3737 2649 3790 Photio
2686 3737 2879 3805 potuit.
2917 3735 3022 3789 Sed
3071 3737 3199 3804 quid
3232 3748 3317 3791 est
3350 3736 3617 3800 divinare,
3652 3737 3695 3790 si

2111 3831 2215 3883 hoc
2248 3845 2356 3882 non
2389 3828 2515 3883 est?
2562 3829 2704 3882 Sane
2739 3827 2868 3880 illud
2918 3827 3078 3881 modo
3105 3827 3156 3879 in
3186 3827 3698 3896 hac.disputatione

2110 3922 2400 3985 contendo,
2451 3921 2600 3974 nullo
2653 3919 2988 3982 testimonio,
3051 3917 3198 3972 nullo
3251 3927 3495 3981 auctore,
3551 3918 3696 3971 nulla

2112 4015 2355 4079 historia,
2383 4029 2501 4082 quas
2530 4014 2733 4082 scripta
2763 4019 2962 4076 exstet,
2999 4010 3052 4063 id
3085 4010 3347 4063 allii-mari
3377 4009 3446 4064 ab
3477 4010 3697 4064 Alberto

2111 4105 2328 4161 Piccolo
2359 4113 2414 4159 et
2439 4121 2503 4160 ex
2529 4119 2593 4159 eo
2621 4121 2649 4157 a
2678 4103 2816 4157 Pirri
2855 4123 2867 4158 :
2897 4111 2951 4157 et
2983 4117 3117 4157 sane
3145 4102 3308 4158 sicuti
3351 4119 3540 4170 parum
3571 4118 3699 4156 con-
3759 4130 3780 4142 κ

2112 4199 2346 4252 sidcrate
2390 4198 2606 4266 scripsit
2638 4195 2958 4249 Zachariam
2993 4197 3310 4264 episc0pum
3343 4193 3698 4252 Tauromeni-

2117 4298 2300 4341 tanum
2350 4286 2594 4356 Cephum
2639 4294 2996 4353 cognomento
3047 4286 3400 4355 appellatum,
3451 4287 3525 4340 ita
3565 4302 3698 4341 sane

2115 4389 2317 4434 temere
2349 4379 2418 4432 ab
2459 4394 2524 4433 eo
2575 4379 2846 4447 proditum
2901 4377 3112 4430 videtur
3161 4377 3556 4446 archiepiscopi
3597 4395 3698 4433 no-

2115 4473 2448 4526 meuclatura
2480 4472 2630 4524 illum
2665 4486 2692 4525 a
2733 4470 2927 4525 Photio
2969 4470 3136 4524 fuisse
3171 4470 3511 4528 decorattnu.
3546 4471 3698 4526 Reli-

2113 4579 2278 4632 quum
2335 4564 2500 4634 igitur
2555 4574 2657 4628 est,
2703 4573 2760 4616 ut
2811 4565 3115 4622 ostendam,
3174 4564 3316 4616 unde
3368 4563 3455 4616 hic
3510 4563 3700 4618 titulus

2113 4655 2366 4724 episcopo
2411 4655 2874 4708 Tauromenitano
2907 4655 2976 4707 sit
3014 4652 3329 4707 attributus.
3369 4653 3425 4706 ld
3461 4669 3594 4708 sane
3629 4656 3698 4708 ab

2114 4750 2218 4799 alio
2264 4747 2530 4815 principio
2564 4761 2674 4798 non
2708 4747 2993 4806 deducam.
3039 4755 3090 4798 ct
3140 4746 3355 4814 quidem
3392 4746 3527 4798 satis
3576 4761 3696 4800 cum

2114 4840 2348 4902 ratione,
2377 4853 2539 4907 quam
2566 4853 2631 4890 ex
2666 4853 2772 4906 quo
2806 4837 2946 4891 idem
2986 4836 3238 4891 Bocchus
3269 4834 3410 4890 Pirri
3441 4840 3696 4902 ostendit,

2113 4933 2256 4984 unde
2287 4929 2684 4999 archiepiscopi
2739 4930 2928 4983 titulus
2965 4930 3022 4983 δ.
3059 4929 3374 4983 Mamiliano
3417 4929 3702 4984 Panormi-

2113 5033 2243 5076 tano
2273 5023 2504 5076 antistiti
2538 5021 2940 5076 sitattributus
2981 5022 3093 5090 jam
3129 5023 3250 5094 inde
3285 5038 3316 5076 a
3345 5023 3538 5092 priscis
3567 5034 3702 5078 tent-

2115 5116 2360 5184 poribus,
2396 5130 2519 5167 eum
2568 5115 2634 5168 ab
2684 5115 2836 5169 iisin
2885 5131 3156 5169 marmore
3201 5115 3318 5182 ejus
3364 5119 3699 5172 monumenti

2113 5205 2317 5273 legatur
2363 5204 2590 5258 incisus.
2631 5204 2804 5268 Unde,
2839 5205 3082 5273 inquam,
3116 5206 3203 5259 ille
3245 5208 3486 5276 colligit:
3519 5207 3701 5261 Credi-

2111 5298 2303 5360 derim,
2351 5297 2545 5365 inquit,
2587 5313 2646 5349 eo
2691 5313 2796 5349 non
2840 5299 3013 5364 inepte
3063 5299 3248 5367 referri
3287 5315 3462 5367 posse,
3497 5301 3634 5367 quod
3668 5315 3700 5350 a

2112 5390 2175 5444 D.
2216 5389 2372 5443 Petro
2417 5393 2708 5444 antistitem
2757 5393 2996 5445 habuerit
3033 5391 3356 5447 Panormus.
3393 5394 3526 5458 Quis
3561 5395 3699 5445 enim

2112 5485 2309 5538 nesciat
2336 5485 2400 5536 iis
2437 5483 2684 5536 Ecclesiis
2730 5501 2846 5555 qua:
2878 5486 2942 5538 ab
2975 5488 3335 5555 apostolorum
3381 5485 3697 5552 temporibus

2111 5583 2261 5630 suam
2291 5588 2572 5643 repeterent
2599 5579 2877 5646 originem,
2900 5597 3118 5649 quisque
3147 5579 3340 5633 Christi
3365 5577 3700 5645 diuip‘inam

2113 5677 2361 5730 tauquam
2389 5677 2631 5734 parentes
2652 5667 2773 5722 aliis
2802 5657 3168 5733 tradidissent,
3193 5668 3509 5736 peculiarem
3527 5684 3702 5736 quem-

2112 5759 2249 5826 piam
2281 5757 2528 5808 honorent
2555 5755 2812 5809 habitum.
2843 5755 2982 5810 Sane
3011 5756 3268 5823 Rupertus
3296 5758 3454 5810 abbas
3483 5767 3609 5812 tom.
3643 5754 3701 5809 ll

2119 5849 2193 5904 De
2223 5849 2392 5904 divm.
2434 5846 2611 5916 Olllc-,
2634 5863 2748 5916 cap.
2777 5847 2904 5915 ‘27,:
2940 5846 3335 5917 Apostolorum,
3360 5849 3553 5918 inquit,
3580 5865 3704 5902 suc-

3371 5941 3409 6002 3
