4122 6468
374 344 383 359 ’
460 396 530 459 75
1422 340 1435 344 δ
1479 389 1883 451 FRANCISCI
1923 390 2191 451 seettSt
2233 391 2668 453 PROCEMIUM
2712 394 2761 460 t.
3649 400 3719 463 76

461 523 689 566 cessares
718 505 1036 585 patriarchae
1059 514 1179 561 sunt
1204 506 1362 572 dicti;
1391 505 1533 561 Petri
1560 517 1734 560 autem
1760 521 2033 561 successor

460 618 555 670 pro
603 602 909 656 excellentia
972 599 1220 669 principis
1264 598 1652 666 apostolorum,
1700 599 2034 667 Apostolicns

461 696 802 760 nominatur;
833 694 923 764 qui
951 700 1129 746 autem
1155 692 1218 744 ab
1248 693 1320 745 eis
1350 690 1568 762 (scilicet
1600 690 1657 746 S.
1697 690 1852 745 Petro
1882 692 2037 744 aliis-

456 802 559 856 que
608 783 887 854 apostolis)
929 801 1021 853 per
1059 785 1356 853 provincias
1407 786 1553 839 missi
1601 794 1742 849 sunt,
1790 795 1896 837 tam
1937 786 2036 851 ipsi

460 894 618 945 quam
672 893 991 932 successores
1038 876 1155 945 ejus
1212 880 1588 946 archiepiscopi
1633 888 1904 931 vocantur.
1961 877 2034 931 Ita

443 970 711 1025 .ltocchus
758 967 897 1022 Pirri
949 969 1328 1032 ratiocinator,
1374 980 1429 1023 et
1479 980 1621 1024 recte
1660 984 1813 1035 sane,
1876 984 2037 1024 nemo

461 1063 667 1132 negarit
699 1078 712 1115 :
752 1077 859 1131 qua
898 1062 1312 1117 ratiocinatione
1348 1061 1467 1132 quis
1504 1063 1636 1117 mihi
1681 1064 1783 1116 nisi
1814 1063 1886 1115 sit
1916 1077 2038 1131 per-

438 1156 695 1223 ‘tniquns,
733 1169 837 1209 non
887 1156 1150 1213 concedat
1202 1154 1280 1209 uti
1320 1157 1384 1209 ad
1437 1157 1786 1210 assert-ndam
1827 1154 2039 1208 Tauro-

461 1248 751 1301 menitana:
794 1244 1053 1300 Ecclesia:
1093 1246 1484 1316 archiepisctipi
1529 1246 1868 1315 dignitatem,
1913 1261 2035 1299 cum

348 1350 365 1355 ‘
460 1343 637 1396 medio
663 1341 812 1396 nullo
843 1340 1213 1395 intercedente
1242 1357 1271 1394 a
1304 1340 1363 1394 S.
1389 1339 1551 1393 Petro
1582 1340 1801 1393 fundata
1837 1338 2038 1392 fuerit?

459 1436 600 1503 Quin
646 1436 811 1491 etiam
841 1450 959 1504 qua:
989 1436 1104 1503 ipse
1147 1432 1372 1489 disserit
1409 1435 1478 1485 de
1521 1432 1783 1500 dignitate
1828 1430 2037 1485 Pauor»

462 1531 679 1583 nutante
721 1526 893 1591 urbis,
937 1526 1003 1580 ad
1050 1539 1213 1595 quam
1258 1524 1423 1578 etiam
1477 1522 1664 1577 referri
1714 1522 1802 1576 ille
1845 1521 2037 1576 titulus

462 1620 656 1689 possit,
699 1630 928 1688 quaeque
960 1629 1027 1669 ex
1062 1614 1294 1670 Baronio
1334 1614 1496 1670 refert
1541 1616 1605 1668 ad
1640 1629 1756 1668 eam
1801 1613 2037 1683 probau-

461 1712 609 1778 dam,
635 1711 816 1764 omnia
850 1709 1031 1764 facere
1060 1723 1158 1778 pro
1199 1706 1567 1763 Tauromenio
1598 1718 1841 1776 possunt,
1878 1705 2037 1774 cujus

461 1801 613 1857 urbis
642 1802 876 1870 dignitas
903 1800 1153 1870 quamvis
1181 1798 1580 1853 Panormitame
1611 1814 1716 1852 non
1750 1812 1867 1866 par,
1894 1807 2039 1851 alta-

462 1909 586 1948 men
617 1903 726 1948 tam
769 1907 962 1963 inagna
1010 1891 1202 1961 primis
1237 1891 1344 1947 illis
1376 1890 1665 1959 aureisque
1701 1888 2037 1956 temporibus

461 1986 705 2051 exstitit,
756 1992 815 2039 ut
858 1998 925 2039 es
969 1982 1329 2039 Constantino
1380 1981 1706 2049 imperatore
1756 1989 2036 2033 ostensum

461 2075 601 2148 est§
642 2077 660 2131 Ι
704 2077 864 2146 hujus
906 2075 1186 2139 Prousmii,
1239 2080 1299 2128 ut
1347 2075 1542 2127 merito
1587 2072 1664 2125 illi
1715 2070 1802 2124 hic
1851 2069 2039 2123 titulus

460 2169 657 2224 ascribi
698 2182 853 2238 posse
884 2167 1151 2222 videatur.
1188 2167 1407 2221 Advoco
1436 2180 1564 2219 vero
1594 2164 1760 2219 etiam
1796 2163 1861 2217 ad
1890 2177 2040 2215 eam-

461 2266 582 2316 dem
610 2260 1086 2316 Tauromenitanae
1112 2273 1334 2313 causam
1370 2257 1816 2326 patrocinantlam
1849 2254 2041 2307 affines

463 2354 860 2425 Syracusanam
918 2361 975 2407 et
1022 2350 1379 2405 Catanensem
1435 2348 1746 2411 Ecclesias,
1807 2360 2037 2415 quarum

461 2446 793 2502 honorifieos
870 2444 1053 2500 titulos
1125 2441 1559 2512 archiepiscopi,
1622 2456 1731 2510 quo
1799 2438 2037 2505 Syracu-

360 2572 361 2575 η
459 2556 629 2597 sanus
689 2540 916 2594 antistes
980 2544 1036 2591 et
1099 2536 1495 2606 metropolitte,
1555 2549 1660 2602 quo
1717 2532 2041 2588 Catanensis

460 2638 527 2690 ab
567 2633 754 2690 eadem
795 2631 1056 2686 natalium
1094 2645 1316 2686 suorum
1363 2627 1680 2683 conditione
1718 2636 1877 2680 natos
1918 2639 2041 2679 esse

459 2741 676 2792 censeo,
716 2722 863 2791 quod
911 2721 1080 2775 altera
1127 2718 1186 2774 S.
1226 2717 1589 2780 Marcianum,
1623 2716 1793 2770 altera
1843 2713 1903 2768 S.
1944 2712 2045 2766 Be-

461 2817 654 2888 ryllum
714 2814 920 2884 primos
971 2826 1000 2866 a
1050 2810 1115 2866 D.
1171 2811 1332 2865 Petro
1385 2816 1638 2878 parentes
1684 2815 1739 2862 et
1796 2812 2043 2875 pastores

464 2908 781 2978 acceperit:
822 2920 1134 2976 quanquam
1178 2905 1276 2960 hos
1308 2903 1472 2958 etiam
1505 2900 1722 2955 venales
1749 2898 1957 2965 titulos,
1989 2907 2045 2951 et

462 3020 489 3054 a
526 3000 720 3057 Photio
764 3008 1004 3070 emptos,
1038 3001 1107 3053 ob
1152 3006 1459 3066 susceptam
1491 2994 1611 3064 ejus
1659 2993 1713 3046 iu
1748 2991 2043 3047 schismate

465 3090 728 3147 adversus
754 3090 1023 3160 lgnatium
1052 3096 1108 3144 et
1137 3088 1417 3144 defensam
1441 3099 1661 3140 causam
1692 3082 1871 3153 arguit
1899 3082 2042 3136 idem

464 3184 717 3238 Piceolus
750 3183 948 3237 citatus
978 3180 1008 3234 a
1048 3179 1186 3234 Pirri
1234 3188 1375 3249 part.
1407 3193 1459 3242 ι,
1490 3162 1612 3246 cap.
1644 3175 1714 3228 26
1735 3215 1750 3240 ,
1788 3183 1843 3231 et
1873 3187 1941 3227 es
1977 3187 2044 3226 eo

463 3275 603 3331 Pirri
636 3276 689 3330 in
728 3273 926 3329 Notitia
966 3271 1132 3328 Mess.
1183 3272 1437 3327 Ecclesia:
1473 3279 1605 3325 tom.
1651 3267 1726 3332 ll,
1755 3265 1795 3320 f.
1831 3280 2038 3331 ccuv;

457 3383 781 3441 quanquam
822 3368 909 3423 hic
966 3377 1098 3420 tom.
1134 3362 1229 3429 Ill,
1259 3364 1311 3416 in
1349 3361 1548 3416 Notitia
1583 3359 1943 3429 Syracusarum
1989 3364 2044 3409 et

460 3463 781 3519 Catanensis
838 3460 1031 3531 pedem
1101 3458 1361 3529 paulatim
1423 3454 1627 3511 referre
1680 3453 1931 3507 videatur
1975 3449 2043 3505 iis

460 3557 655 3626 pulsus
686 3551 1020 3624 argumentis
1061 3565 1183 3620 quae
1233 3550 1344 3618 jam
1390 3548 1683 3619 proferam.
1737 3546 1883 3602 Sane
1935 3558 2043 3599 non

461 3647 677 3703 inficiar
714 3645 767 3698 in
803 3658 867 3699 ea
904 3650 1229 3711 tempestate
1259 3640 1608 3708 naufragasse
1634 3653 1728 3694 eos
1749 3637 2042 3701 antistites,

459 3750 514 3795 et
543 3737 868 3808 Gregorium
904 3734 1194 3789 Asbestam
1226 3730 1634 3803 Syracusanum
1671 3730 1843 3785 facem
1877 3730 2043 3784 fuisse

463 3834 609 3888 illius
642 3830 788 3893 belli,
824 3842 1060 3895 eumque
1088 3827 1140 3879 in
1186 3825 1485 3881 schismate
1512 3834 1889 3880 contumacem
1920 3822 2043 3877 ani-

456 3937 604 3980 nsum
685 3922 1025 3985 ohstinasse;
1086 3915 1437 3986 Euthytnium
1492 3931 1622 3971 vero
1680 3904 2042 3971 Catanensem

459 4016 610 4086 prius
637 4013 857 4083 quidem
887 4009 1185 4064 adhaesisse
1218 4007 1411 4062 Photio
1433 4046 1448 4072 ,
1484 4008 1681 4062 deinde
1725 4008 2042 4075 paenitentia

458 4105 589 4161 facti
645 4111 1069 4171 compunctum,
1115 4097 1482 4153 secessionem
1520 4098 1589 4151 ab
1635 4113 1700 4153 eo
1729 4099 1956 4164 fecisse,
1987 4106 2042 4151 et

461 4213 585 4253 cum
618 4203 764 4251 recte
793 4193 1158 4249 sentientibus
1208 4192 1261 4247 in
1299 4192 1544 4261 synddo,
1581 4192 1705 4246 Act.
1736 4192 1804 4255 5,
1835 4200 1891 4245 et
1920 4189 2041 4244 aliis

462 4289 720 4357 deinceps
749 4294 1121 4358 aggregatmn.
1153 4284 1305 4351 Quod
1335 4299 1466 4341 vero
1514 4285 1583 4338 ad
1617 4284 1807 4339 titulos
1853 4281 2043 4338 attinet

462 4381 605 4437 haud
655 4380 772 4437 seio
811 4379 908 4449 qui
958 4379 1064 4434 hoc
1095 4387 1247 4433 certo
1274 4379 1448 4449 possit
1477 4378 1749 4434 afﬁrmare
1796 4387 1852 4432 et
1905 4377 2042 4432 seri-

460 4472 589 4525 bere
639 4478 868 4539 uterque
920 4468 1193 4538 scriptor,
1244 4483 1367 4524 cum
1419 4469 1474 4523 in
1521 4470 1729 4539 synodo
1756 4482 1869 4534 vn,
1918 4481 2040 4536 quae

459 4566 723 4621 adversus
774 4561 1181 4628 leonoclastas,
1239 4564 1635 4635 imperantibus
1680 4562 2040 4618 Constantino

456 4665 512 4710 et
550 4654 743 4721 Irene,
774 4654 876 4710 sub
926 4651 1219 4708 Adriano!
1260 4655 1558 4724 pontifice,
1609 4654 1882 4709 celebrata
1931 4662 2036 4717 est,

459 4746 548 4801 ubi
602 4746 1027 4801 subscribuntur
1092 4743 1366 4815 episcopi,
1424 4759 1683 4816 expresse
1728 4745 2039 4800 nominetur

389 4880 403 4890 .
459 4836 773 4905 Stephanus
810 4835 1198 4905 Syracusanus
1251 4834 1713 4905 archiepiscopus.
1750 4833 1842 4889 Sic
1892 4836 2037 4888 enim

400 4934 566 5003 "‘aet.
598 4922 667 4990 ι,
715 4923 769 4976 in
810 4922 1132 5003 recensione
1178 4914 1581 4993 epiSCOporum.
1616 4920 1874 4975 Γαλατῶν
1910 4920 2037 4975 ἑλά-

455 5032 639 5087 χιστος
677 4994 1074 5088 πρεσὸύέερος,
1107 5016 1204 5070 καὶ
1256 5018 1323 5075 ἐκ
1365 5016 1656 5087 προσώπου
1683 5016 2039 5087 ἀρχιεπισκόο

453 5124 561 5161 που
593 5105 850 5168 Σικελίας
883 5106 1161 5176 ἀσμένως,
1200 5119 1306 5163 etc.
1341 5107 1437 5162 Cui
1467 5109 1799 5178 respondens
1844 5106 2036 5162 Latina

455 5197 699 5251 nominat
740 5197 1119 5267 Stephanum,
1167 5200 1289 5267 q‘u:e
1338 5196 1524 5254 Graeca
1578 5200 1880 5268 suppressit
1926 5198 2036 5253 Ga-

453 5292 574 5345 bato
601 5289 824 5360 exiguus
854 5288 1144 5359 presbyter,
1182 5298 1233 5343 et
1265 5305 1331 5345 ea:
1377 5307 1597 5360 persona
1644 5290 1901 5362 Stephani
1941 5310 2037 5346 ar-

453 5381 767 5453 chiepiscopi
816 5378 1018 5435 Sicilia:
1068 5381 1289 5437 libenter
1334 5383 1531 5450 omnia,
1566 5393 1672 5440 etc.
1719 5388 1791 5440 At
1823 5402 1954 5442 vero
1988 5386 2038 5441 l'

455 5478 618 5529 etiam
669 5476 724 5530 in
792 5471 982 5530 Crasso
1034 5488 1217 5545 textu,
1284 5464 1606 5542 Γαλατῶνος
1658 5482 2036 5552 πρεσϐυτέρου

456 5573 669 5626 καὶτὸν
707 5572 874 5625 τόπον
912 5572 1204 5645 ἐπέχοντος
1249 5574 1523 5643 Στεφάνου
1574 5575 1876 5629 ἐπισκόπου
1919 5579 2040 5630 Συ-

462 5664 787 5729 ρακουσίων.
838 5661 1100 5720 Galatone
1139 5666 1441 5736 presbytero
1468 5708 1483 5734 ,
1515 5677 1561 5720 et
1606 5668 1775 5722 locum
1836 5678 2040 5724 tenente

459 5748 709 5819 Stephani
755 5755 985 5828 episcopi
1040 5756 1390 5828 Syracusani.
1441 5759 1556 5815 Non
1606 5760 1858 5831 fugerunt
1927 5765 2041 5820 lucc

458 5840 578 5897 locs
624 5840 938 5912 Picentum,
986 5849 1081 5904 sed
1126 5863 1317 5907 eorum
1387 5853 1496 5910 vim
1557 5864 1612 5912 et
1660 5856 2036 5914 auctoritatem

2144 516 2376 563 conatur
2408 508 2681 580 effugere,
2716 517 2771 565 et
2800 510 2852 565 in
2891 511 3251 580 suspicionem
3276 513 3481 570 erroris
3513 522 3721 573 textum

2140 599 2435 654 adducere.
2471 598 2578 654 Sed
2629 616 2821 671 nugas:
2871 617 3009 671 quas
3037 602 3125 656 hic
3166 618 3270 657 non
3322 602 3593 672 referam;
3636 622 3724 661 re-

2143 690 2248 744 fert
2279 696 2423 746 enim
2468 692 2647 756 Pirri,
2685 693 2776 762 qui
2815 708 2941 748 cum
2985 694 3039 747 in
3071 694 3189 764 ejus
3237 694 3465 750 inclinet
3509 698 3722 765 Opinio-

2146 798 2295 850 nem,
2337 794 2517 839 tamen
2559 795 2745 851 aperte
2766 784 2965 841 fatetur
2990 801 3096 840 non
3140 801 3299 855 posse
3330 789 3530 842 elevari
3569 791 3724 843 testi-

2142 878 2309 931 monii
2358 876 2521 947 hujus
2567 878 2953 933 auctoritatem
2982 898 2995 933 :
3029 895 3153 933 nam
3183 882 3326 950 quod
3355 891 3435 934 est
3464 880 3719 951 effugium

2142 971 2361 1036 Piccoli,
2392 983 2443 1026 et
2472 980 2860 1038 commentum,
2893 973 3147 1027 nimirum
3177 984 3285 1030 act.
3320 975 3376 1039 2,
3404 973 3721 1030 Galatonem

2141 1064 2249 1118 diei
2289 1072 2476 1133 aperte
2515 1064 2688 1118 locum
2726 1073 2913 1120 tenere
2957 1065 3187 1135 Rhegii;
3222 1069 3362 1121 unde
3391 1066 3507 1134 ipse
3535 1075 3722 1121 censet

2140 1157 2610 1227 archiepisCOpum
2644 1155 2845 1211 Siciliae
2875 1156 3178 1227 Rheginum
3208 1157 3312 1212 dici
3348 1159 3515 1214 veteri
3549 1173 3718 1219 more.

2140 1244 2259 1317 quo
2306 1248 2560 1303 Calabria
2618 1248 2804 1303 Sicilia
2855 1239 3164 1319 nuncupata
3200 1259 3318 1315 est,
3352 1259 3406 1304 et
3449 1265 3569 1304 cum
3601 1250 3724 1306 Ste-
3814 1296 3823 1303 κ

2142 1338 2358 1409 phauus
2406 1347 2514 1393 act.
2552 1339 2586 1392 4
2619 1339 2835 1408 legitur,
2867 1339 3304 1393 substituendum
3339 1355 3438 1410 pro
3483 1355 3549 1394 eo
3577 1338 3723 1394 Con—
3764 1362 3775 1373 κ

2140 1432 2478 1494 stantinum,
2523 1432 2746 1487 omnino
2776 1433 3074 1487 evanescit.
3118 1431 3253 1486 Nam
3285 1433 3376 1486 illa
3408 1442 3516 1487 aet.
3550 1432 3586 1486 2
3616 1447 3724 1486 non

2140 1521 2435 1587 Γαλατὼν,
2472 1520 2700 1589 Galate,
2735 1530 2791 1575 ut
2842 1522 2897 1576 in
2927 1523 3103 1592 prima
3137 1522 3425 1587 scribitur,
3478 1523 3571 1577 sed
3613 1523 3722 1575 Γα-

2140 1615 2362 1681 λάτιος,
2398 1624 2453 1669 et
2491 1614 2684 1670 Latine
2717 1615 2948 1670 vertitur
2994 1613 3229 1680 Galala;
3261 1616 3402 1670 unde
3448 1616 3494 1670 si
3537 1616 3590 1669 in
3638 1616 3725 1669 his

2128 1707 2385 1761 ’minutiis
2432 1707 2635 1776 aliquid
2684 1707 2945 1760 momenti
3014 1707 3321 1778 ponendum
3372 1716 3488 1772 est,
3533 1721 3723 1760 ansam

2140 1798 2406 1852 habemus
2458 1796 2747 1867 colligendi
2802 1797 2969 1850 alium
3038 1796 3243 1861 fuisse,
3303 1797 3547 1866 adeoque
3597 1813 3726 1852 con-

2134 1891 2405 1961 jecturam
2468 1891 2617 1947 illius
2669 1890 2776 1945 alia
2832 1900 3019 1947 nostra
3080 1892 3438 1946 retuntlimns.
3497 1893 3563 1946 Et
3616 1903 3723 1948 act.

2141 1986 2259 2053 ipsa
2295 1984 2363 2048 4,
2418 1985 2470 2037 in
2519 1998 2624 2052 qua
2688 1986 2945 2037 mendum
2989 1984 3301 2052 suspicatur
3344 1982 3634 2049 Piccolus,
3674 1995 3728 2041 et

2141 2076 2578 2132 Substituendum
2625 2090 2722 2145 pro
2764 2076 3046 2145 Stephano
3089 2074 3506 2131 Constantinum
3543 2064 3726 2141 vellet,

2144 2168 2413 2237 reperitur
2474 2167 2670 2222 adesse
2724 2168 3117 2223 Constantinus
3155 2186 3169 2222 :
3205 2184 3364 2238 quem
3414 2169 3505 2224 ille
3550 2169 3727 2224 locum

2142 2260 2385 2314 fortasse
2415 2259 2819 2327 dissimulavit,
2870 2259 3013 2329 quod
3045 2260 3100 2314 in
3125 2258 3319 2314 Latina
3362 2261 3615 2317 versione
3645 2264 3729 2316 di-

2142 2362 2296 2407 catur
2338 2351 2495 2416 Chii,
2540 2368 2647 2407 non
2698 2351 2890 2423 Rhegii
2933 2370 2949 2406 :
2999 2351 3148 2420 atqui
3199 2353 3369 2406 miror
3409 2367 3515 2406 non
3556 2354 3729 2405 anim-

2143 2444 2449 2499 advertisse
2504 2444 2558 2499 in
2613 2445 2863 2515 margine
2907 2446 3349 2500 emendationem
3397 2446 3546 2500 vocis
3584 2444 3728 2510 Chii,

2141 2545 2197 2590 et
2226 2536 2516 2603 repositam
2553 2534 2780 2605 Reghii:
2814 2545 2870 2590 et
2918 2537 3190 2591 hominem
3220 2537 3411 2593 Greece
3442 2537 3728 2603 scientem,

2143 2640 2250 2678 non
2290 2624 2487 2694 legisse
2519 2626 2573 2678 in
2598 2624 2801 2680 .Grzeeo
2848 2626 2967 2681 sine
3010 2626 3121 2681 ullo
3174 2627 3438 2682 asterisco
3486 2627 3552 2681 ad
3584 2627 3729 2682 Rhe-

2142 2717 2218 2786 gii
2258 2732 2446 2771 vocent
2502 2718 2918 2782 Κωνσταντῖνος
2959 2721 2988 2773 ὁ
3029 2719 3251 2783 ἀνάξιος
3293 2720 3595 2784 ἐπίσκοπος
3632 2720 3730 2774 τοῦ

2158 2806 2381 2880 Ῥηγίου
2432 2810 2732 2879 ἀσμένως,
2788 2811 2850 2866 id'
2892 2821 3009 2876 est,
3055 2812 3440 2867 Constantinus
3481 2814 3730 2883 indignus

2143 2903 2415 2972 episcopus
2471 2901 2624 2973 Regii
2666 2902 2908 2969 libenter,
2948 2913 3096 2969 etc.,
3149 2912 3205 2961 et
3250 2907 3465 2959 demum
3508 2913 3615 2960 aet.
3676 2905 3730 2970 7,

2141 2998 2430 3069 iugulatur
2459 2996 2655 3051 l’iceoli
2683 2996 3000 3066 conjectura
3027 3013 3154 3053 cum
3187 2999 3259 3053 ibi
3287 2998 3503 3054 dicatur
3536 2997 3731 3055 Galate

2142 3093 2385 3149 vicarius
2418 3090 2686 3159 Stephani
2716 3092 2959 3162 episcopi
2983 3090 3349 3163 Syracusani,
3379 3100 3434 3145 et
3459 3092 3511 3145 iu
3539 3093 3728 3147 eadem

2144 3194 2252 3241 aet.
2284 3182 2524 3239 adfuisse
2553 3183 2970 3239 Constantinum
3011 3184 3326 3253 episcopum
3358 3180 3552 3252 Rhegii
3600 3198 3730 3237 cou-

2144 3284 2295 3341 stat;
2336 3277 2479 3348 quod
2526 3276 2731 3345 optime
2765 3276 2901 3330 vidit
2948 3274 3129 3342 Pirri,
3178 3276 3450 3344 ideoque,
3484 3285 3544 3328 ut
3591 3274 3732 3361 dixi,

2144 3368 2328 3422 minus
2355 3367 2655 3423 assentitur
2679 3365 2919 3423 Piccolo.
2965 3367 3073 3423 Sed
3112 3369 3256 3439 quod
3306 3368 3546 3436 apertius
3578 3367 3731 3422 testi-

2143 3458 2387 3513 monium
2423 3473 2585 3529 quam
2614 3457 2844 3529 epistola
2876 3456 3085 3512 Nicolai
3117 3457 3139 3513 l
3183 3458 3457 3527 pontiﬁcis
3490 3460 3557 3512 ad
3586 3455 3730 3511 Pho-

2142 3555 2279 3608 tium
2330 3562 2388 3608 et
2438 3552 2827 3622 imperatorem
2874 3550 3192 3607 Michaelem
3241 3552 3485 3622 scripta,
3523 3551 3578 3605 in
3623 3566 3728 3620 qua

2144 3658 2269 3701 cum
2326 3643 2404 3699 illi
2455 3641 2856 3715 Syracusanam
2901 3641 3207 3698 Ecclesiam
3253 3656 3365 3697 suae
3415 3640 3636 3695 ditionis
3667 3639 3723 3693 in

2146 3745 2471 3808 perpetuum
2533 3733 2758 3800 facere,
2805 3749 2925 3789 cum
2977 3730 3302 3804 Gregorium
3357 3732 3727 3795 divulsissent,

2144 3835 2501 3892 conarentur,
2550 3826 2848 3896 respondet
2894 3824 3180 3881 Nicolaus:
3227 3824 3377 3879 Inter
3404 3825 3508 3879 ista
3556 3834 3605 3877 et
3638 3839 3731 3876 su-

2147 3921 2327 3988 perius
2359 3918 2503 3972 dicta
2533 3918 2798 3984 volumus,
2830 3927 2888 3971 ut
2924 3919 3250 3972 consecratio
3282 3915 3608 3993 Syracusani
3642 3932 3733 3968 ar-

2144 4006 2462 4074 chiepiscopi
2507 4014 2691 4059 nostra
2726 4021 2758 4058 a
2809 4001 2944 4059 Sede
2991 4006 3351 4072 impendatur,
3401 4014 3459 4057 ut
3511 4004 3729 4058 traditio

2144 4102 2210 4155 ab
2257 4101 2515 4170 apostolis
2546 4101 2793 4155 instituta
2836 4101 3140 4155 nullatenus
3183 4101 3370 4154 vestris
3413 4100 3730 4168 temporibus

2144 4196 2399 4250 violetur.
2450 4192 2577 4250 llaec
2626 4193 2884 4249 Nicolaus
2916 4212 2930 4249 :
2968 4208 3035 4248 ex
3090 4209 3199 4265 quo
3250 4195 3375 4263 quis
3429 4208 3535 4247 non
3582 4193 3731 4247 videt

2147 4288 2544 4356 archiepiscopi
2592 4302 2786 4342 nomen
2821 4286 3164 4357 Syracusano
3207 4285 3438 4340 antistiti
3492 4300 3597 4339 non
3639 4300 3730 4338 so-

2146 4380 2256 4433 lum
2289 4393 2320 4432 a
2361 4378 2557 4434 Photio
2606 4395 2710 4433 non
2754 4379 2922 4433 fuisse
2956 4377 3237 4443 efﬁctam,
3272 4376 3368 4432 sed
3419 4391 3447 4429 a
3484 4375 3732 4431 Romano

2146 4471 2401 4541 pontifice
2430 4472 2690 4527 donatum
2714 4471 2738 4525 ?
2782 4471 2866 4524 An
2894 4470 3040 4524 enim
3069 4484 3306 4538 unquam
3354 4468 3594 4538 pontifex
3624 4469 3728 4539 Sy-

2145 4578 2477 4620 racusanum
2536 4563 3017 4633 archiepiscopum
3088 4563 3439 4629 nominaret,
3482 4578 3604 4616 cum
3659 4564 3729 4615 ad

2142 4655 2554 4712 schisimaticos
2603 4653 2907 4718 scriberet,
2945 4654 2992 4707 si
3054 4652 3102 4707 is
3159 4652 3349 4707 titulus
3402 4667 3627 4715 recens,
3673 4661 3731 4705 et

2141 4747 2348 4802 venalis
2371 4787 2387 4812 ,
2424 4757 2479 4829 et
2532 4745 2693 4800 malis
2737 4745 2947 4800 artibus
2990 4745 3058 4799 ab
3092 4745 3207 4815 ipso
3237 4743 3433 4799 Photio
3475 4755 3530 4798 et
3559 4745 3729 4812 impe-

2143 4853 2327 4895 ratore
2359 4834 2557 4894 fuisset
2591 4836 2945 4908 acquisitus?
2976 4837 3175 4894 Credat
3205 4837 3259 4891 id
3291 4838 3381 4905 qui
3414 4836 3562 4901 velit,
3596 4835 3730 4906 mihi
3816 4906 3821 4909 _

2141 4947 2274 4988 sane
2302 4933 2631 5001 persuadere
2663 4945 2825 4985 nemo
2853 4931 3076 5000 poterit.
3125 4929 3265 4994 Quid
3293 4944 3422 4983 vero
3450 4929 3628 4983 dicent
3660 4929 3731 4981 ad

2142 5025 2305 5079 aliutn
2344 5024 2520 5078 locum
2557 5025 2802 5091 epistolae
2838 5025 3079 5094 ejusdem
3132 5023 3339 5077 Nicolai
3369 5022 3388 5076 l
3436 5023 3630 5093 pontif.
3660 5024 3729 5078 ad

2139 5116 2463 5173 Michaelem
2499 5118 2887 5188 imperatorem
2910 5158 2927 5184 ,
2974 5118 3028 5172 in
3058 5132 3162 5187 qua
3196 5116 3467 5185 lgnatium
3496 5117 3729 5187 patriar-

2142 5214 2300 5267 cham
2330 5212 2996 5283 Constantinopolitanum
3026 5220 3081 5267 et
3103 5212 3540 5268 comministrum
3569 5227 3728 5267 suum

2143 5305 2401 5374 appellat,
2449 5304 2502 5358 in
2541 5319 2646 5374 qua
2676 5305 2920 5375 prtecipit
2953 5315 3012 5360 ut
3054 5305 3296 5374 lgnatius
3319 5316 3377 5359 et
3408 5304 3639 5359 Photius
3673 5313 3731 5358 et

2141 5398 2350 5466 aliquot
2382 5412 2447 5451 ex
2478 5398 2545 5453 iis
2580 5398 2672 5468 qui
2715 5413 2840 5452 cum
2870 5397 3138 5468 Gregorio
3172 5396 3524 5469 Syracusano
3548 5407 3727 5461 erant,

2141 5493 2206 5545 ad
2238 5507 2298 5546 se
2324 5492 2581 5556 veniant,
2619 5502 2673 5546 et
2700 5500 2963 5561 praeterea
2997 5492 3188 5548 addit:
3230 5490 3518 5547 Mittantur
3561 5492 3726 5546 etiam

2142 5585 2204 5636 de
2256 5593 2406 5652 parte
2457 5582 2662 5654 lgnatii
2737 5584 3116 5655 archiepiscopi
3168 5586 3388 5653 quidam
3460 5583 3729 5637 Antonius

2141 5675 2366 5747 Cyziei,
2406 5676 2637 5731 Basilius
2687 5676 3133 5745 Thessalonicae,
3182 5677 3573 5734 Constantinus
3623 5674 3729 5729 La-

2145 5769 2332 5833 rissae,
2397 5767 2720 5825 Theodorus
2779 5768 3293 5842 Syracusanorum,
3350 5768 3731 5839 Metrophanes

2147 5861 2430 5922 Smyrnae:
2463 5860 2720 5926 etfucrat
2750 5863 2837 5920 hic
2867 5863 3190 5921 Theodorus
3231 5865 3417 5921 (auem
3451 5861 3540 5917 alii
3574 5874 3727 5917 eunt-
