4122 6444
431 391 530 453 ’77

465 504 583 558 dem
619 500 993 557 Theodosium
1023 502 1308 556 nominant
1331 541 1346 567 ,
1391 501 1534 568 quod
1561 515 1751 570 parum
1787 499 1853 553 ad
1883 513 2058 552 meam

466 596 825 665 qtitestionem
882 596 1137 664 interest)
1190 595 1242 648 in
1285 593 1461 649 locum
1522 592 1770 664 Gregorii
1818 590 2060 644 Asbcrta‘,

467 685 795 742 substitutus
826 688 895 741 ab
927 685 1136 754 lgnatio
1186 683 1500 752 patriarcha
1522 724 1537 748 ,
1567 685 1657 753 qui
1707 684 1882 753 ipsum
1925 682 2060 736 Grc-

465 778 677 848 gorium
700 781 1033 847 deposuerat
1059 797 1072 833 :
1103 778 1250 846 atqui
1281 777 1432 832 illum
1458 777 1599 831 inter
1621 775 2058 845 archiepiscopus
2106 832 2116 844 ,

465 878 655 936 aperte
685 878 937 924 recenset
969 868 1223 924 Nicolatts
1255 869 1312 934 Ῑ,
1358 883 1636 936 nunquam
1690 867 1740 922 id
1793 869 2054 929 facturus.

469 961 580 1014 nisi
612 975 729 1014 eam
763 961 1090 1032 dignitatem
1149 971 1322 1015 ratam
1359 960 1626 1024 haberet,
1677 969 1862 1030 utpote
1919 959 2060 1012 anti-

467 1052 683 1120 quitate
730 1052 843 1121 jam
892 1054 1005 1121 ipsa
1042 1051 1454 1117 conﬁrmatam,
1500 1067 1605 1105 non
1654 1067 1781 1105 vero
1815 1066 1879 1104 ex
1925 1050 2060 1104 Gre-

470 1144 631 1214 gorio
684 1144 738 1198 in
793 1160 1148 1202 successores
1205 1147 1506 1200 derivatam
1536 1185 1551 1210 ,
1593 1156 1652 1198 ut
1686 1143 1936 1199 Piccolus
1965 1159 2058 1197 att-

470 1244 670 1290 tumat.
728 1235 794 1290 Et
839 1237 1064 1307 quidem
1107 1253 1174 1293 ex
1232 1237 1392 1307 hujus
1439 1237 1682 1307 epistolae
1733 1237 2058 1290 auctoritate

465 1325 788 1388 convictus,
842 1337 899 1381 et
946 1342 1042 1382 sua
1080 1329 1352 1382 sententia
1401 1329 1596 1383 cadere
1640 1335 1860 1382 coactus
1893 1324 2054 1391 Pirri,

473 1421 672 1486 pedem
727 1419 955 1474 honeste
991 1419 1196 1486 refert,
1250 1429 1302 1474 et
1333 1423 1493 1475 modo
1526 1435 1631 1474 non
1679 1434 1935 1488 expresse
1967 1435 2055 1475 re-

483 1520 692 1564 tractat
723 1526 844 1580 qua:
874 1520 1004 1565 tom.
1044 1510 1084 1564 ll
1116 1511 1247 1566 locis
1274 1512 1457 1567 citatis
1485 1512 1551 1566 de
1601 1511 1703 1566 hac
1745 1500 2058 1566 iiomencla-

471 1613 599 1656 tura
654 1603 908 1667 dixerat,
960 1602 1232 1657 Piccolum
1300 1618 1556 1673 sequens.
1608 1601 1763 1669 Quod
1815 1604 1953 1656 idem
2001 1603 2054 1657 in

468 1693 763 1747 Catanensi
811 1697 1074 1762 episc0po
1102 1697 1148 1748 ei
1198 1695 1455 1762 c0utigit;
1489 1708 1609 1747 cum
1658 1695 1802 1748 enim
1851 1693 2057 1761 Euthy-

470 1786 644 1838 mium
681 1785 1041 1839 Catanenscm
1097 1787 1255 1839 modo
1289 1785 1688 1853 metropolitani
1711 1825 1727 1849 ,
1779 1785 1936 1838 modo
1969 1799 2056 1838 ar-

470 1878 885 1946 chiepiscopum
921 1877 973 1930 in
1026 1878 1234 1948 synodo
1286 1891 1414 1942 vui,
1450 1877 1502 1931 in
1556 1891 1662 1944 qua
1708 1875 1946 1960 lgnatius
1979 1876 2060 1928 le-

467 1967 694 2034 gitimus
749 1969 1062 2038 patriarcha
1133 1969 1486 2034 restituitur,
1545 1969 1646 2024 sub
1699 1970 1944 2023 Adriano
1996 1967 2058 2035 Il,

470 2060 729 2128 pontiﬁce
776 2071 830 2116 et
875 2061 1074 2116 Basilio
1115 2061 1414 2116 Macedone
1464 2062 1714 2132 imperat.
1763 2062 2058 2124 celebrata,

471 2153 791 2217 nominari,
829 2161 883 2206 et
938 2152 1080 2206 inter
1114 2152 1485 2219 metropolitas
1515 2152 1826 2208 consedisse
1855 2154 2055 2220 videat,

472 2257 584 2295 non
623 2240 884 2310 rejectos,
923 2243 1031 2296 imo
1061 2243 1386 2311 approbatos
1425 2258 1519 2298 eos
1565 2245 1750 2298 titulos
1784 2259 1812 2297 a
1849 2259 2059 2298 summo

471 2333 768 2404 pontiﬁce,
807 2333 1046 2387 fateatur
1073 2349 1299 2389 necesse
1344 2344 1463 2398 est,
1499 2345 1554 2388 et
1609 2334 1810 2390 fillt'lllr
1837 2336 2056 2405 quidem

471 2441 574 2480 eos
603 2426 945 2496 antiquiores
972 2425 1143 2482 fuisse
1176 2426 1458 2482 Photianis
1493 2428 1842 2498 temporibus.
1879 2427 2060 2483 Redeo

477 2519 650 2588 igitur
679 2533 745 2573 eo
792 2521 934 2572 unde
963 2527 1217 2588 suscepta
1255 2519 1551 2587 disputatio
1597 2535 1718 2574 cum
1766 2520 2055 2591 Syracusa-

475 2627 609 2665 num
642 2621 695 2666 et
729 2610 1091 2666 Catanensetn
1131 2612 1401 2669 antistites
1422 2653 1439 2680 ,
1473 2627 1606 2682 quos
1647 2613 1712 2667 ad
1742 2622 2059 2667 contestan-

474 2703 610 2758 duut
660 2703 1058 2774 art-hiepiscOpi
1111 2704 1320 2758 titulum
1379 2704 1842 2761 Tauronrenitano
1894 2707 2060 2761 advo-

469 2804 688 2863 catam,
751 2794 988 2866 legitime
1046 2797 1210 2850 ctiam
1289 2797 1356 2854 iis
1420 2799 1698 2869 dignitatis
1759 2798 2060 2870 insignibus

477 2889 769 2942 decoratos
801 2889 972 2944 fuisse
1000 2889 1402 2958 comprobat-im
1425 2929 1440 2956 ,
1473 2891 1526 2944 in
1559 2907 1731 2960 eoque
1776 2891 2058 2963 sull'ragari

471 2980 609 3034 mihi
653 2988 705 3034 et
752 2980 966 3034 veritati
1022 2982 1379 3051 compulerim
1433 2983 1609 3052 ipsum
1657 2983 1799 3038 Pirri
1836 3000 1852 3038 :
1888 3000 2061 3054 neque

482 3087 616 3126 vero
646 3071 856 3126 initium
896 3072 1054 3142 hujus
1083 3073 1462 3143 appellationis
1511 3086 1662 3130 certo
1693 3085 1925 3142 constet,
1947 3078 2060 3146 jam

471 3166 609 3220 inde
662 3181 691 3219 a
729 3165 1028 3235 primordio
1087 3181 1204 3221 eam
1271 3168 1390 3222 illos
1443 3171 1855 3240 praerogativam
1917 3172 2060 3226 obti-

468 3261 660 3312 nuisse
725 3258 1016 3312 verisimile
1047 3269 1166 3325 est,
1216 3261 1357 3328 quod
1403 3277 1434 3315 a
1488 3261 1549 3317 Β.
1598 3264 1758 3318 Petro
1790 3263 1902 3318 sint
1933 3279 2061 3318 con-

473 3351 661 3406 stituti
693 3365 709 3403 :
747 3352 889 3420 quod
921 3351 1062 3406 idem
1107 3353 1174 3406 de
1205 3352 1664 3410 Tauromenitano
1712 3356 2060 3411 alﬁrmaram.

463 3443 744 3499 Ceterum
795 3445 979 3512 enim,
1013 3445 1155 3514 quod
1208 3461 1314 3502 non
1361 3461 1573 3518 semper
1599 3463 1665 3504 eo
1714 3450 1869 3504 titulo
1902 3451 2061 3503 deco-

1502 387 1867 449 FRANCISI
1909 387 2176 448 SCOBSI
2221 385 2656 448 PRO(EMIUM
2692 385 2777 446 II.
3670 380 3740 440 78

2164 505 2350 551 rentur
2389 499 2442 551 itt
2477 496 2966 567 subseriptionibus
3012 492 3401 559 conciliorum,
3438 495 3739 564 praesertim

2164 591 2371 660 synodo
2406 605 2478 643 rit
2508 599 2697 644 contra
2744 586 3159 652 Monothelitas,
3196 587 3247 640 in
3283 599 3388 655 qua
3421 586 3598 656 primo
3627 587 3744 642 loco

2165 678 2307 732 inter
2345 678 2558 733 Siculos
2610 679 2976 734 subscribitur
3009 678 3382 746 Syracusanus
3433 678 3740 746 episcopus,

2164 777 2217 824 et
2251 770 2377 824 item
2416 773 2468 824 itt
2501 770 2698 826 litteris
2731 769 2790 823 Β.
2823 770 3063 839 Gregorii
3099 769 3327 839 aliisque
3359 771 3745 835 monumentis,

2163 862 2215 918 id
2243 863 2439 916 nullius
2471 872 2552 917 est
2581 863 2873 926 momenti,
2916 878 3041 918 cum
3073 863 3234 916 ctiam
3268 864 3365 930 ipsi
3397 863 3740 931 patriarchae.

2172 967 2225 1011 et
2256 957 2371 1026 ipse
2397 970 2642 1010 Summus
2676 954 2921 1024 pontifex
2955 954 3192 1022 episcOpi
3239 953 3557 1022 simpliciter
3601 967 3743 1021 saepe

2168 1046 2530 1116 appellentur.
2572 1045 2757 1098 Solum
2787 1045 2931 1098 enim
2983 1043 3111 1098 illud
3147 1043 3418 1097 contendo
3469 1058 3743 1111 nunquam

2163 1155 2254 1194 eos
2287 1139 2761 1208 archiepisc0pos,
2797 1152 2895 1191 nec
2936 1137 3102 1191 semel
3130 1137 3346 1206 quidem
3398 1136 3747 1205 appellandus

2163 1232 2351 1296 fuisse,
2382 1233 2678 1300 prmsertim
2713 1247 2740 1284 a
2773 1245 2987 1286 summo
3012 1229 3285 1300 pontiﬁce,
3313 1239 3368 1286 et
3394 1231 3445 1284 in
3479 1231 3745 1295 conciliis,

2163 1330 2220 1374 ut
2259 1320 2325 1376 de
2354 1321 2702 1390 Syracusano
2748 1331 2803 1375 et
2850 1320 3140 1375 Catanensi
3183 1320 3294 1389 jam
3354 1322 3594 1388 ostendi,
3639 1322 3745 1378 nisi

2162 1425 2228 1466 eo
2256 1411 2415 1466 titulo
2441 1410 2563 1479 jure
2592 1414 2920 1484 potirentur.
2954 1412 3220 1467 Caeterum
3245 1409 3488 1467 inferiori
3521 1429 3748 1470 nomen-

2163 1504 2374 1560 elatura
2408 1515 2566 1573 prout
2597 1505 2794 1558 libebat
2826 1505 3088 1560 scribenti
3115 1505 3312 1575 smpins
3333 1506 3450 1558 sine
3472 1506 3749 1576 dignitatis

2162 1596 2532 1652 diminutione
2588 1598 2994 1666 antiquioribus
3065 1598 3174 1653 illis
3232 1599 3442 1654 saeculis
3508 1601 3750 1669 potuisse

2165 1690 2473 1760 appellari;
2522 1694 2662 1759 quod
2724 1691 2862 1744 idem
2920 1692 2986 1744 de
3048 1690 3505 1747 Tauromenitano
3550 1694 3748 1746 dictum

2177 1784 2362 1837 Velim.
2397 1782 2454 1837 Si
2487 1784 2605 1852 quis
2652 1783 2872 1852 objiciat
2917 1799 3038 1839 eum
3088 1799 3358 1852 nunquam
3411 1793 3534 1838 ante
3569 1783 3749 1838 Photii

2173 1885 2414 1946 tempora
2467 1875 2861 1946 archiepiscopi
2900 1875 3118 1930 nomine
3165 1875 3417 1930 alfectnm
3461 1876 3660 1944 fuisse;
3698 1879 3751 1932 id

2170 1983 2275 2024 non
2334 1967 2516 2036 arguit
2562 1968 2874 2022 necessario
2920 1983 2951 2023 a
3005 1967 3200 2022 Pliotio
3236 1968 3400 2024 luisse
3449 1985 3748 2039 cognomen

2174 2062 2509 2132 impositum.
2541 2060 2694 2127 Quod
2729 2061 2772 2115 si
2801 2063 2885 2115 cui
2923 2076 3048 2116 vero
3077 2061 3306 2116 similius
3331 2061 3576 2126 videatur
3606 2061 3748 2116 Tau-

2171 2156 2569 2210 romcnitanum
2627 2155 3093 2224 archiepiscopum
3147 2169 3420 2224 nunquam
3465 2155 3601 2210 alios
3646 2155 3748 2210 ha-

2167 2249 2349 2303 buisse
2375 2249 2476 2303 sibi
2507 2248 2780 2318 subjectos
2811 2248 3114 2317 episcopos,
3142 2261 3319 2316 neque
3349 2248 3744 2318 archiepiscopi

2184 2352 2279 2394 aut
2328 2340 2683 2408 metropolitas
2729 2339 3026 2408 legitimum
3068 2337 3156 2406 jus
3193 2338 3244 2391 iti
3292 2338 3503 2407 aliquos
3547 2339 3748 2393 Sicilia:

2175 2431 2461 2498 episcopos
2495 2441 2748 2498 tanquam
2784 2428 3154 2496 stili'ragancos
3180 2429 3473 2485 obtinuisse
3498 2441 3552 2484 et
3587 2446 3748 2485 excr-

2167 2523 2387 2585 ruisse,
2438 2523 2582 2590 quod
2634 2523 2701 2576 de
2755 2522 3095 2592 Syracusano
3151 2523 3459 2588 contendit,
3510 2532 3564 2577 et
3606 2523 3748 2577 facta

2171 2625 2468 2685 temporum
2507 2617 2799 2684 partitione
2830 2614 3024 2683 probat
3071 2613 3208 2668 Pirri
3234 2658 3249 2682 ,
3297 2625 3589 2684 cettsetqtte
3627 2633 3747 2672 om-

2167 2721 2284 2770 nes,
2315 2703 2502 2759 saltem
2540 2706 2601 2759 D.
2633 2703 2879 2774 Gregorii
2915 2713 3182 2773 tempore,
3221 2704 3436 2760 Siculos
3468 2706 3750 2774 episcopos

2167 2795 2414 2850 ltontano
2447 2795 2686 2863 pontiﬁci
2734 2805 2788 2850 et
2821 2810 2926 2848 non
2958 2795 3111 2849 alteri
3150 2796 3393 2864 proxime
3423 2795 3594 2851 fuisse
3626 2800 3748 2853 sub-

2166 2893 2361 2962 jectos,
2405 2906 2526 2945 cum
2569 2900 2768 2955 tamen,
2807 2898 2860 2942 ttt
2885 2888 2996 2959 jam
3042 2889 3297 2951 vidimus,
3349 2888 3747 2960 archiepiscolii

2174 2985 2384 3040 titulum
2422 2993 2532 3039 tum
2586 2984 2968 3055 Syracusano,
2998 2993 3107 3036 tttm
3138 2982 3430 3037 Catanensi
3479 2983 3749 3053 denegare

2168 3095 2274 3133 non
2326 3079 2535 3147 possit,
2585 3078 2634 3130 id
2693 3077 2855 3129 etiam
2907 3075 3134 3130 libenter
3170 3075 3235 3128 de
3286 3071 3746 3127 Tauromenitana

2168 3170 2573 3235 concesserim,
2618 3169 2775 3220 modo
2836 3166 3184 3220 honorarium
3244 3164 3636 3234 archiepiscopi
3684 3166 3749 3215 ti-

2171 3264 2340 3317 tulutu
2394 3262 2462 3315 ob
2509 3260 2920 3330 prmrogativam
2961 3257 3069 3327 jam
3119 3268 3631 3322 commemoratam,
3671 3257 3747 3312 le—

2169 3357 2438 3426 gitimum,
2475 3370 2581 3409 non
2612 3353 2972 3408 adulterinum
3006 3349 3176 3407 fuisse
3205 3349 3526 3406 concedant.

1289 3853 2084 3994 PRO(EMIUM
2176 3869 2944 3988 SECUNDUM

1857 4077 2348 4160 mummium,

805 4251 1370 4314 COMPLECTENS
1420 4252 1522 4352 DE
1575 4251 2098 4314 THEOPHANIS
2153 4223 2516 4314 (EERAMEI
2564 4253 2762 4315 VITA
2818 4252 3422 4319 CONJECTANEA.

461 4561 498 4636 ς
538 4572 577 4618 l.
627 4562 967 4636 Theophanis
1012 4561 1108 4636 alii
1154 4561 1261 4636 qui_
1275 4578 1367 4628 per
1401 4559 1582 4614 eadem
1617 4569 1850 4624 tempora
1905 4563 2045 4616 vixe-

659 4643 782 4686 runt
817 4648 849 4684 a
882 4631 1194 4700 Theophane
1223 4632 1470 4686 Cerameo
1497 4643 1856 4686 secernuntur.

538 4743 694 4809 Quod
725 4741 826 4795 sub
857 4739 1018 4794 ﬁnem
1049 4738 1394 4795 Praelationis
1423 4739 1486 4792 ad
1515 4737 1774 4794 Lectores
1806 4741 2052 4808 promisi,

459 4836 578 4904 iam
624 4835 728 4887 hoc
773 4833 1017 4888 secundo
1062 4833 1329 4901 prooemio
1358 4832 1651 4901 praestabo,
1689 4841 1749 4886 ut
1785 4848 1848 4886 ex
1883 4831 2050 4885 variis

464 4930 661 4981 harum
699 4924 1041 4979 licini‘liarum
1076 4923 1234 4977 lineis
1261 4938 1356 4977 seu
1385 4923 1749 4986 lineamentis,
1778 4927 1828 4976 in
1857 4923 2055 4991 quibus

462 5018 616 5073 velut
657 5017 710 5070 in
738 5017 956 5085 speculo
987 5015 1226 5070 auctoris
1257 5015 1434 5086 imago
1470 5014 1664 5071 reﬁexa
1705 5031 1824 5071 sese
1867 5015 2055 5082 objicit

461 5117 648 5180 nobis,
698 5114 860 5168 vitam
911 5113 1250 5177 atlumbrem,
1297 5112 1342 5166 si
1397 5113 1575 5169 minus
1620 5114 1756 5167 vivis
1785 5113 2054 5168 coloribus

461 5209 754 5263 deﬁciente
786 5205 1138 5262 historiarum
1174 5204 1293 5259 luce
1337 5204 1540 5273 possim
1572 5206 1916 5274 exprimere;
1959 5219 2056 5256 nec

457 5320 595 5359 sane
631 5304 682 5358 id
712 5303 831 5358 sine
873 5301 1165 5356 multorum
1211 5303 1540 5372 scrip-torum
1592 5302 1840 5372 exemplo
1874 5311 1926 5358 et
1957 5317 2056 5355 an-

461 5398 718 5453 ctoritate
764 5393 1056 5466 praestabo.
1091 5392 1422 5449 Consuetum
1472 5392 1655 5447 multis
1702 5394 1801 5448 fuit
1830 5409 1894 5448 ex
1927 5412 2054 5465 ope-

461 5491 616 5543 ribus
659 5487 879 5557 scriptis
930 5496 1218 5540 auctorum
1280 5485 1519 5555 ipsorum
1557 5484 1720 5537 vitam
1769 5499 1830 5538 ac
1875 5499 2056 5541 mores

462 5583 814 5648 exscribere;
873 5581 928 5636 id
975 5594 1039 5636 se
1085 5576 1354 5634 facturum
1416 5578 1470 5632 in
1517 5579 1910 5632 conscribenda
1939 5580 2054 5634 Vita

460 5675 705 5744 Gregorii
727 5672 1064 5730 Nazianzeni
1097 5672 1380 5742 ρτοϋιοιιιι·
1413 5669 1710 5738 Gregorius
1740 5669 2051 5740 presbyter:

461 5769 694 5822 Ἔπειτα
724 5770 806 5823 ’ὁτι
841 5768 985 5842 μηδέ
1012 5784 1100 5830 τις
1132 5764 1200 5818 τὰ
1235 5764 1358 5818 κατ’
1381 5763 1543 5816 αὐτὸν
1576 5763 1712 5831 ἡμῖν
1758 5763 2055 5831 γεγραφὼς

459 5862 873 5934 καταλέλοιπεν,
904 5859 1050 5917 ἀλλὰ
1075 5858 1354 5929 σποράδην
1391 5861 1454 5911 ὲκ
1473 5855 1581 5912 τῶν
1607 5854 1772 5910 αὑτοῦ
1796 5854 2055 5921 συλλέξας

2155 4564 2328 4634 λόγων
2372 4565 2440 4618 τὰ
2488 4565 2611 4619 κατ’
2641 4567 2805 4622 αὐτὸν
2854 4567 3130 4640 μιμοῦμαι
3175 4572 3302 4634 τοὺς
3345 4569 3662 4642 λιθολόγους
3693 4565 3744 4628 οἳ

2159 4661 2300 4712 κατὰ
2329 4659 2559 4729 σμικρὸν
2594 4659 2692 4722 τὰς
2735 4661 2973 4730 ψηφῖδας
3023 4661 3446 4732 συνηῦροικότες
3491 4665 3572 4725 εἰς
3612 4667 3744 4736 μίαν

2158 4750 2307 4802 όῖκου
2341 4749 2734 4821 συμπλήρωσιν
2761 4752 2976 4806 ἅπαντα
3004 4752 3454 4822 συναρμόζουσιν,
3503 4758 3644 4827 ἀρχὴ
3683 4758 3742 4810 δὲ

2158 4839 2291 4904 τῶν,
2324 4849 2428 4894 etc.
2468 4839 2579 4894 lloc
2622 4850 2704 4894 est
2732 4881 2746 4905 ,
2805 4843 3098 4910 interprete
3140 4841 3256 4897 Jac.
3291 4844 3445 4898 Billio
3480 4863 3493 4900 :
3547 4846 3744 4904 Deinde

2159 4935 2285 4999 quia
2326 4945 2414 4982 nec
2445 4930 2591 4984 illius
2626 4930 2797 4986 Vitam
2823 4934 3096 5003 quisquam
3147 4934 3336 4990 litteris
3377 4939 3742 5008 consignatum

2160 5022 2307 5075 nobis
2352 5021 2582 5090 reliquit,
2617 5036 2792 5076 verum
2855 5025 3019 5093 ipsius
3047 5027 3150 5079 vita
3200 5042 3263 5080 es
3316 5029 3477 5093 ipsius
3534 5033 3744 5101 scriptis

2158 5113 2387 5180 sparsim
2418 5113 2659 5180 collecta,
2691 5115 2913 5170 (atomos
2948 5117 3128 5170 imitor
3156 5119 3246 5188 qui
3281 5133 3621 5192 posteaquam
3655 5125 3741 5179 la-

2158 5207 2302 5272 pides
2346 5207 2603 5274 paulatim
2651 5217 3026 5277 aggesserunt,
3078 5216 3156 5264 ita
3203 5212 3410 5266 demum
3457 5214 3528 5268 ad
3575 5232 3734 5270 unam

2160 5301 2493 5367 cmndemque
2537 5301 2746 5352 domum
2794 5303 3201 5356 construendum
3266 5314 3314 5358 et
3365 5305 3737 5360 absolvendum

2161 5404 2241 5439 eos
2256 5403 2432 5440 onmes
2459 5389 2874 5440 accommodant.
2896 5387 3040 5442 Idem
3061 5389 3290 5445 alIirtnat
3315 5391 3548 5463 Symeon
3571 5391 3739 5448 Meta-

2163 5482 2412 5550 plirastes
2441 5477 2780 5534 efﬁciendum
2802 5479 2886 5532 his
2924 5481 3102 5535 verbis
3130 5497 3146 5535 ι
3185 5480 3402 5550 Magnus
3426 5483 3510 5534 hic
3539 5481 3740 5552 Grego-

2162 5574 2270 5626 rius
2300 5570 2593 5641 Theologus
2630 5573 2788 5625 vitam
2823 5573 2934 5642 ipse
2969 5589 3118 5626 suam
3157 5575 3398 5640 exposuit
3424 5576 3477 5627 in
3507 5575 3572 5629 iis
3590 5574 3746 5644 fune:-

2163 5667 2342 5719 bribus
2380 5664 2729 5728 orationibus,
2763 5665 2949 5734 quibus
2986 5664 3243 5718 Basiliam
3289 5663 3566 5735 Magnum,
3609 5668 3743 5723 Gre-

2164 5761 2371 5829 gorium
2427 5768 2654 5828 patrem,
2712 5757 3017 5813 Casareum
3057 5758 3301 5826 fratrem,
3342 5769 3389 5813 et
3424 5759 3743 5830 Gargonium

2161 5867 2396 5910 sororem
2443 5861 2617 5906 ornat.
2658 5849 2732 5903 Ac
2782 5847 3016 5918 proinde.
3077 5847 3165 5918 qui
3212 5847 3384 5906 Vitam
3439 5851 3582 5908 illius
3613 5863 3742 5908 can-
