4122 6414
414 350 482 410 τυ
1416 330 1815 394 FRANCISCI
1856 328 2121 389 sconsr
2163 327 2595 389 PROtEMIUM
2640 325 2723 387 tt.
3074 321 3089 333 ·
3619 318 3689 385 83

411 462 756 531 scripserunt,
810 472 911 512 non
939 454 1152 509 aliunde
1199 466 1357 522 quam
1404 463 1469 503 ea:
1529 446 1695 514 ipsius
1749 443 1992 511 oneribus

413 556 624 613 dicendi
693 561 1057 619 argumentum
1118 551 1455 614 acceperunt.
1521 541 1700 609 Atque
1758 537 1872 592 hare
1932 536 2000 590 de

412 651 696 723 Gregorio.
720 648 887 702 Porro
900 643 958 697 S.
980 639 1289 710 Hieronymi
1310 632 1489 689 Vitam
1507 633 1788 689 Marianas
1815 627 1998 683 Victo-

414 748 526 800 rius
542 760 605 798 ex
625 742 797 813 ipsius
811 736 1024 805 scriptis
1043 729 1407 786 monumentis
1427 723 1737 793 compilavit
1754 730 1808 777 et
1825 731 1879 775 ut
1899 734 2002 773 cae-

415 849 563 891 teros
595 831 929 899 antiquiores
945 825 1216 887 omittam,
1247 834 1476 888 quorum
1499 815 1581 869 vel
1601 814 1819 882 longum
1849 819 1997 865 cata-

417 932 594 1000 Iogum
636 937 851 993 possem
896 927 1208 979 contexere,
1260 928 1325 967 ex
1372 908 1767 964 recentioribus
1802 914 2001 958 nostrze

418 994 543 1079 Sec.
571 1016 859 1088 Dionysius
887 1010 1138 1066 Petavius
1179 1004 1393 1076 Synesii
1438 999 1680 1072 episcopi
1711 994 2003 1051 Ptolemai-

417 1119 519 1176 dis,
552 1111 707 1181 cujus
729 1122 894 1179 opera
923 1105 1101 1159 omnia
1123 1105 1174 1154 in
1195 1101 1372 1155 lucem
1408 1094 1681 1148 luculenta
1706 1105 1801 1146 sua
1829 1092 2000 1141 inter—

419 1207 727 1275 pretatione
762 1201 1012 1268 uotisque
1044 1197 1310 1250 illustrata
1343 1189 1530 1245 Graece
1559 1184 1718 1241 simul
1750 1180 1919 1236 edidit
1950 1185 2005 1231 ct

418 1270 627 1359 iustine,
658 1293 796 1348 Vitae
845 1290 965 1361 ejus
1011 1300 1258 1355 magnam
1310 1290 1515 1350 partem
1566 1292 1631 1331 ex
1672 1273 1841 1342 ipsius
1885 1270 2001 1337 epi-

417 1392 574 1447 stolis
621 1387 946 1453 cancrisque
1009 1378 1266 1448 operibus
1314 1370 1636 1444 composuit.
1670 1363 2003 1434 Theophilus

419 1479 774 1552 liayuaudus,
806 1468 1158 1531 itidemﬁoc.
1187 1474 1422 1528 nostrae;
1456 1462 1643 1516 ldiotae
1665 1497 1680 1520 ,
1721 1454 2005 1524 scriptoris

402 1547 675 1647 .piissimi,
713 1583 885 1640 .qncm
920 1565 1188 1632 integrum
1221 1568 1489 1629 postrema
1522 1551 1762 1607 editione
1807 1562 1904 1601 sua
1953 1547 2004 1598 in

420 1640 597 1723 lucem
629 1661 874 1734 protulit,
911 1665 1226 1713 cumantca
1250 1652 1392 1706 bona
1423 1648 1506 1702 sui
1539 1656 1691 1714 parte
1731 1640 2008 1693 mutilatas

419 1732 662 1815 exstaret
683 1754 859 1807 Vitam
893 1765 959 1805 ex
995 1747 1239 1815 ipsismet
1282 1732 1849 1805 (luntempiatiouibus
1884 1743 2008 1798 per-

422 1850 711 1921 vestigavit
738 1866 751 1903 :
800 1847 889 1915 qui
914 1818 1127 1911 quidciu
1160 1839 1244 1891 vir
1277 1833 1417 1888 nulla
1453 1830 1554 1883 alia
1595 1844 1661 1881 ex
1693 1822 1918 1878 historia
1947 1836 2009 1873 ac

423 1960 493 2001 ne
521 1916 735 1999 nomine
787 1936 1002 2007 quidem
1037 1929 1277 2001 proprio,
1302 1924 1443 1994 quod
1481 1920 1657 1973 colare
1702 1916 1882 1969 studio
1914 1928 2007 1964 vo.

423 2039 545 2100 luit,
578 2032 824 2102 cognitus
854 2026 1008 2083 nobis
1033 2032 1137 2079 est.
1189 2019 1390 2075 Eodem
1430 2016 1598 2082 igitur
1645 2021 1801 2081 pacto
1829 2007 2009 2061 Theo-

422 2131 656 2201 phanem
681 2126 836 2178 hunc
862 2121 1212 2181 Ccrameum,
1246 2111 1522 2166 hominem
1557 2119 1686 2160 sane
1716 2116 1912 2157 novum
1945 2113 2008 2151 ex

424 2222 711 2293 ipsiusmet
743 2212 1111 2275 sermonibus,
1148 2221 1281 2276 quos
1308 2204 1360 2257 in
1403 2204 1575 2255 lucem
1622 2198 1810 2265 prodo,
1857 2191 2013 2246 nobi-

422 2278 532 2368 lem
569 2306 805 2364 conabor
835 2302 1069 2358 edicere.
1122 2299 1200 2350 Ac
1247 2293 1424 2362 primo
1466 2288 1708 2357 quidem,
1758 2278 2013 2349 quoniam

424 2404 579 2461 multi
626 2398 870 2471 ejusdem
902 2391 1109 2454 saeculi,
1155 2404 1223 2441 ae
1251 2386 1423 2440 ferme
1477 2380 1653 2433 aetatis
1689 2375 1890 2429 ambitu
1927 2372 2010 2423 iu-

424 2497 607 2564 sigues
637 2458 740 2559 qua
776 2484 993 2549 litteris,
1058 2494 1161 2548 qua
1216 2474 1502 2530 sanctitate
1546 2468 1647 2520 viri
1694 2458 2015 2530 cognomine

422 2563 739 2657 Theophani
773 2579 1102 2635 ﬂoruerunt,
1127 2564 1565 2639 operteprctiuut
1635 2566 1718 2612 est
1766 2563 2010 2609 nostrum

423 2686 490 2737 ab
513 2649 593 2735 iis.
605 2676 959 2744 distinguere,
983 2682 1051 2722 ne
1071 2661 1367 2720 lectoribus
1385 2658 1561 2711 minus
1588 2654 1638 2705 iu
1664 2649 2009 2704 historiarum

428 2783 731 2842 temporum
770 2740 989 2819 ratione
1037 2752 1354 2811 exercitatis
1402 2744 1651 2803 conlusio
1709 2740 2011 2793 oboriatur.

428 2831 609 2935 Atque
638 2870 698 2916 ut
733 2872 852 2913 eam
882 2848 1205 2923 ὁμωνυμίαν
1236 2841 1566 2911 expedirent,
1622 2834 1857 2886 maxime
1903 2831 2004 2883 iut-

427 2931 618 3031 pulsus
666 2966 828 3017 smn,
883 2947 972 3000 ubi
1030 2942 1282 3009 legissem
1336 2937 1389 2987 in
1438 2931 1768 2985 Bibliotheca
1820 2936 2014 2991 magna

427 3013 649 3105 i‘atrum
683 3013 822 3098 edita
871 3032 1109 3092 Colonia:
1148 3030 1293 3083 hunc
1337 3022 1722 3089 Theophanem
1777 3013 2012 3080 scripto-

429 3157 541 3197 rem
572 3136 924 3193 bomiliarum
947 3142 1071 3183 cum
1097 3119 1429 3190 Theophane
1452 3110 1712 3166 historico
1737 3101 2016 3161 confundi.

429 3234 563 3289 Nam
594 3210 726 3285 toni.
757 3224 849 3289 lX,
881 3219 1078 3276 saeculo
1108 3215 1292 3268 itidem
1324 3226 1378 3263 ix
1404 3247 1420 3264 .
1468 3209 1520 3260 in
1549 3217 1654 3273 quo
1693 3203 1810 3253 dum
1841 3195 2018 3249 homi-

432 3286 897 3390 liai'l‘heophauis
942 3312 1103 3380 hujus
1134 3302 1380 3362 Ceramei
1450 3315 1515 3352 cx
1558 3293 1793 3348 editione
1828 3286 2016 3342 Jacobi

427 3383 853 3477 Grctseriftom.
905 3403 967 3466 ll,
1016 3399 1092 3455 De
1116 3397 1286 3452 Cruce
1319 3387 1564 3446 translati
1598 3383 2013 3441 describuntur,

433 3515 546 3564 haec
594 3508 646 3560 in
702 3515 889 3558 earum
949 3488 1303 3559 inscriptione
1347 3484 1641 3552 leguntur;
1675 3473 2016 3543 Theophanes

431 3599 711 3654 Cerameas
749 3584 1114 3645 Tauromeniw
1160 3583 1211 3635 in
1243 3574 1431 3633 Sicilia
1471 3571 1741 3642 episcOpus
1773 3562 2015 3631 scripsit:

434 3688 662 3743 Annales
688 3701 720 3738 a
756 3677 1067 3737 Diocletiani
1093 3669 1408 3741 temporibus
1428 3682 1588 3735 usque
1606 3663 1674 3715 ad
1706 3656 2017 3713 Hic/taelem

426 3786 674 3850 imperat.
741 3774 829 3845 qui
882 3770 1096 3825 necdum
1144 3774 1264 3818 sunt
1307 3762 1450 3816 editi.
1509 3758 1755 3811 Diversus
1805 3752 1904 3821 fuit
1948 3747 2012 3803 ab

432 3848 645 3929 auctore
683 3866 953 3923 Historiae
982 3859 1235 3917 tuisccllze
1288 3853 1449 3910 Pauli
1499 3848 1756 3913 Diaconi,
1804 3848 1871 3898 de
1915 3858 2017 3913 quo

428 3966 585 4035 plura
630 3961 886 4014 habentur
931 3955 996 4007 ab
1055 3951 1280 4005 Henrico
1324 3943 1545 3999 Canisio
1594 3946 1849 3993 aunotata
1896 3942 2019 3986 ante

432 4027 738 4127 pra'dictam
755 4049 1028 4104 historiam
1053 4043 1377 4114 prceredente
1397 4035 1591 4092 steculo
1625 4042 1824 4086 octavo.
1869 4027 2019 4082 Scri-

432 4121 534 4219 psit
577 4155 830 4217 prwterea
876 4139 1120 4193 hami/ias
1164 4136 1219 4187 in
1244 4131 1512 4201 evangelia
1540 4121 1898 4181 Dominicalia
1920 4162 1935 4187 ,
1969 4129 2019 4174 et

437 4246 643 4324 aliqqu
664 4241 798 4312 festa
831 4237 992 4290 totius
1042 4232 1191 4295 anui,
1231 4243 1348 4297 qua:
1378 4230 1652 4280 servantur
1676 4235 1807 4272 mss.
1849 4216 2020 4270 Vene-

436 4307 542 4403 riis,
564 4307 755 4388 cialia
787 4329 1004 4382 necdum
1027 4324 1187 4376 edita.
1214 4318 1625 4386 Distinguuutur
1647 4310 1807 4379 igitur
1833 4307 2021 4361 condi-

438 4395 584 4484 tores
612 4424 755 4480 illius
786 4415 1134 4473 Biblimhecre
1156 4411 1361 4478 Magnae
1385 4403 1767 4474 Theophanem
1797 4395 2020 4451 histori-

437 4537 562 4579 cum
606 4519 673 4572 ab
708 4523 929 4569 auctore
973 4506 1229 4562 Historia:
1272 4501 1519 4555 miscetta:
1556 4493 1702 4550 Pauli
1754 4490 2019 4553 Diacoui;

439 4615 535 4674 sed
565 4610 765 4668 deinde
809 4621 972 4660 unum
1026 4580 1383 4665 ciuudemque
1409 4586 2020 4655 faciuotTheOphanem

438 4706 754 4764 historicum
807 4708 969 4768 atque
1012 4691 1333 4748 Cerameutn
1385 4681 1705 4753 scriptorem
1770 4676 2023 4733 homilia-

362 4820 365 4823 ‘
437 4818 587 4857 rum.
640 4797 759 4862 Quo
792 4793 859 4846 ad
907 4790 1138 4859 primum
1180 4783 1404 4844 attinet,_
1442 4784 1588 4832 recte
1635 4774 1847 4828 habet:
1898 4784 2020 4824 nam

440 4892 829 4962 Theophanem
851 4881 1167 4937 historicum
1194 4876 1464 4929 diversum
1492 4884 1612 4923 esse
1645 4884 1673 4921 a
1702 4863 1868 4919 Paulo
1898 4861 2023 4915 Dia-

437 5000 577 5046 cono
599 4957 722 5039 sive
772 4984 993 5031 auctore
1044 4967 1298 5024 Historia:
1338 4961 1605 5023 miscellte,
1651 4957 1841 5012 multis
1872 4970 2023 5009 com-

439 5079 626 5153 probat
686 5072 940 5129 Canisius
1007 5079 1153 5120 tomo
1190 5062 1280 5115 illo
1328 5057 1470 5120 Vill,
1528 5054 1692 5108 citato
1742 5049 2024 5111 Bibliotb.,

435 5141 784 5236 ostenditque
826 5158 1138 5231 impositum
1184 5152 1351 5208 fuisse
1396 5145 1671 5209 Baron‘io,
1725 5157 1920 5212 magno
1973 5141 2025 5192 in

440 5263 733 5322 Annalibus
765 5251 1115 5313 conserendis
1144 5249 1283 5309 viro,
1330 5243 1424 5314 qui
1457 5256 1579 5296 cum
1608 5238 1774 5291 multa
1802 5249 1862 5290 ac
1885 5247 2029 5303 szrpe

436 5376 503 5415 ex
538 5354 704 5412 Paulo
734 5351 975 5405 Diacono
998 5339 1305 5398 testimonia
1338 5338 1390 5392 in
1413 5350 1506 5391 eos
1529 5330 1765 5392 confert,
1793 5329 1910 5382 vult
1936 5328 2027 5380 illa

407 5488 413 5498 -
447 5465 575 5507 csse
618 5464 685 5504 ex
724 5459 852 5500 vero
883 5438 1213 5509 TheOphaue
1241 5432 1330 5501 qui
1369 5429 1508 5484 falso
1539 5425 1735 5480 Paulus
1765 5424 2031 5477 Diacouus

443 5541 771 5595 nominetur.
811 5533 919 5590 Sed
951 5545 1108 5586 secus
1151 5525 1333 5588 habet,
1367 5520 1541 5591 inquit.
1561 5518 1832 5580 Canis'us,
1869 5529 2032 5569 verus

442 5627 802 5696 Theophanes
822 5634 1008 5679 auctor
1032 5621 1273 5675 historiae
1295 5631 1405 5670 non
1435 5621 1519 5675 est
1553 5612 1641 5666 ille
1663 5608 1861 5663 Paulus
1901 5605 2030 5658 Dia-

445 5733 643 5781 couus;
698 5730 929 5784 namque
980 5714 1082 5767 huc
1130 5724 1325 5765 nomen
1376 5706 1516 5761 falso
1570 5703 1645 5757 illi
1709 5700 1969 5756 tributum
2013 5715 2027 5751 :

447 5810 551 5865 alia
615 5817 698 5863 est
733 5807 903 5870 Pauli,
957 5805 1060 5860 alia
1097 5802 1443 5874 Theophanis
1492 5799 1744 5866 historia,
1792 5797 2028 5855 nandum

2099 442 2316 511 quidem
2350 442 2403 495 in
2425 441 2598 503 lucem
2626 438 2767 494 edita
2797 455 2811 505 ;
2845 437 2939 493 sed
2969 452 3086 493 eam
3120 435 3385 508 promittit
3408 434 3689 497 Curtisius,

2097 534 2425 603 etplurihus
2456 534 2600 589 hunc
2623 546 2865 588 errorem
2891 534 3143 603 detegere
3177 532 3352 603 pergit
3378 549 3393 596 ;
3420 531 3572 600 cujus
3603 549 3693 584 ra-

2103 627 2279 681 tiones
2298 627 2537 697 legendae
2560 627 2700 695 apud
2722 627 2917 695 ipsum,
2941 639 3115 693 neque
3134 599 3279 679 enim
3300 625 3470 678 nostri
3494 624 3691 692 negotii

2100 730 2183 774 est
2207 734 2301 774 eas
2336 720 2425 774 hic
2459 719 2732 788 prosequi.
2758 717 2910 784 Quod
2943 727 3121 770 autem
3154 719 3486 769 adnostrum
3514 716 3693 770 Theo-

2102 815 2336 881 phanem
2381 822 2614 882 spectat,
2653 827 2777 865 eum
2827 826 2949 865 esse
2978 810 3201 864 omnino
3244 810 3409 863 alium
3440 826 3468 863 a
3512 809 3694 862 Then-

2104 908 2283 975 pbaue
2319 906 2600 970 historico,
2635 913 2783 974 patet
2816 919 2879 957 ex
2922 904 3132 957 ratione
3158 912 3464 971 temporum
3497 903 3697 971 quibus

2102 999 2355 1053 vixerunt
2405 998 2851 1066 srripseruutque
2885 1013 2897 1048 :
2929 1003 3073 1064 patet
3120 1011 3183 1049 ex
3237 995 3446 1048 ratione
3476 1006 3597 1047 vute
3643 1005 3699 1048 et.

2110 1091 2301 1168 mortis
2338 1089 2483 1143 illius
2512 1088 2775 1144 historici.
2803 1088 2877 1142 De
2913 1089 3016 1142 hoc
3047 1090 3190 1141 enim
3221 1089 3291 1142 ita
3322 1088 3509 1143 scribit
3534 1087 3691 1143 Joaa.

2102 1181 2461 1251 Curopalatcs
2510 1181 2625 1250 ipso
2668 1194 2780 1234 sua:
2829 1178 3070 1233 hismriae
3125 1178 3302 1231 initio.
3356 1176 3695 1246 Theophanes

2104 1276 2395 1345 confessor,
2428 1285 2476 1327 et
2514 1274 2643 1344 Agri
2682 1273 2794 1325 dua:
2835 1272 2963 1344 (hoc
2995 1280 3079 1326 est
3113 1271 3422 1343 ἡγούμενος
3449 1274 3696 1342 hegnme—

2106 1386 2227 1431 nus,
2260 1368 2399 1434 quod
2429 1367 2569 1422 idem
2607 1381 2670 1421 ac
2706 1365 2898 1430 abbas)
2923 1357 3244 1418 accuratius
3285 1381 3318 1418 a
3348 1379 3402 1417 se
3422 1378 3696 1431 percursas

2106 1462 2390 1513 historicos
2422 1458 2671 1535 librosAin
2696 1457 3064 1526 compendium
3100 1456 3224 1507 item
3256 1457 3469 1524 redegit.
3506 1436 3696 1507 vim».

2108 1555 2367 1624 Georgius
2420 1553 2545 1622 (fuit
2590 1553 2676 1605 hic
2715 1550 3059 1612 monachus,
3113 1547 3322 1602 Tarasii
3374 1547 3698 1617 patriarcha!

2108 1648 2381 1718 syuccllus
2412 1685 2425 1707 ,
2480 1644 2605 1697 item
2659 1641 2977 1711 historicus)
3027 1645 3093 1693 ab
3146 1641 3270 1695 Orbe
3304 1641 3518 1693 condito
3552 1639 3696 1705 facto

2107 1741 2260 1793 initio
2302 1739 2357 1792 in
2396 1747 2652 1807 tyrannos
2701 1735 3091 1789 Maximianum
3127 1734 3344 1804 ejusque
3366 1733 3534 1800 ﬁlium
3576 1731 3695 1784 Ma-

2109 1833 2372 1886 aiminum
2402 1832 2555 1884 desiit
2595 1847 2612 1883 :
2668 1826 3009 1893 Theophanes
3069 1841 3186 1878 vero
3230 1824 3376 1876 illius
3431 1822 3560 1882 ﬁnes
3595 1823 3697 1874 sibi

2110 1926 2325 1993 prapria
2383 1926 2624 1976 instituto
2678 1921 2943 1990 principio
3009 1918 3325 1986 reliquisque
3372 1914 3697 1980 temporibus

2113 2022 2329 2072 breviter
2364 2017 2666 2083 descriptis,
2698 2032 2817 2067 cum
2850 2019 2919 2065 ad
2963 2010 3254 2076 Nirephori
3296 2010 3540 2073 imperat.
3577 2004 3697 2058 obi-

2114 2122 2223 2164 tum
2252 2112 2568 2173 pcrreuissct
2594 2149 2609 2171 ,
2647 2108 2719 2161 ibi
2756 2122 2867 2159 sum
2896 2104 3053 2170 linem
3088 2102 3385 2155 narrationi
3421 2099 3691 2164 imposuit.

2117 2205 2241 2259 lla‘c
2271 2201 2650 2271 Cttrupalates,
2686 2216 2751 2252 ex
2778 2214 2884 2267 quo
2922 2198 3072 2250 vides
3106 2194 3493 2261 Theophanem
3525 2189 3696 2244 hiSIo-

2113 2297 2311 2359 rieum,
2339 2294 2430 2363 qui
2473 2310 2501 2346 a
2528 2292 2876 2353 Maximiano,
2915 2288 3001 2342 ubi
3030 2286 3299 2356 Georgius
3323 2286 3482 2340 desiit
3530 2283 3693 2353 (idem

2113 2398 2195 2443 est
2224 2400 2404 2442 autem
2439 2388 2618 2440 dicere
2645 2400 2672 2437 a
2709 2382 3064 2444 Diocletiano,
3092 2392 3151 2434 ut
3185 2380 3344 2434 habet
3365 2377 3692 2430 Bibliotheca

2116 2479 2326 2549 Magna)
2359 2478 2523 2532 fuisse
2556 2478 2831 2539 abbatem,
2855 2486 2905 2527 et
2937 2476 3000 2528 ad
3032 2473 3389 2542 Nicephorum
3416 2470 3694 2525 historiam

2114 2574 2453 2645 perduxisse.
2487 2574 2805 2627 Anasmsius
2843 2567 3426 2634 Bibliothecarius,qui
3468 2567 3519 2618 in
3558 2564 3699 2616 Lati-

2115 2682 2242 2719 num
2292 2664 2454 2719 vertit
2506 2665 2786 2718 historiam
2837 2660 3204 2727 Theophanis,
3245 2659 3388 2712 hunc
3423 2657 3694 2715 ctundem,

2114 2772 2277 2829 quem
2306 2758 2543 2812 diximus
2567 2773 2632 2810 ex
2656 2754 3000 2823 Curopalata,
3030 2751 3349 2805 monachum
3377 2757 3430 2802 et
3448 2747 3695 2801 abbatem

2116 2853 2245 2924 Agri
2270 2850 2648 2915 miraculisque
2667 2849 2866 2902 clarum
2894 2847 3136 2901 extitisse
3167 2845 3249 2898 his
3273 2842 3450 2896 verbis
3473 2840 3695 2894 scribit:

2120 2946 2196 2999 De
2223 2946 2388 2997 altero
2429 2942 2646 3011 (nempe
2689 2939 3042 3009 Theophane)
3082 2938 3211 3005 quid
3254 2936 3450 2999 dicam,
3493 2950 3613 2985 cum
3649 2942 3696 2983 et

2108 3038 2228 3107 eius
2264 3037 2561 3104 conscripta
2599 3032 2741 3096 Vita,
2772 3033 3002 3102 qualiter
3030 3029 3266 3084 videlicet
3297 3027 3486 3095 amplis
3523 3027 3695 3094 patri-

2117 3129 2309 3193 moniis
2363 3126 2601 3179 verrditus
2674 3140 2883 3178 crucem
2959 3138 3112 3175 suam
3172 3120 3398 3181 tulerit,
3464 3117 3701 3187 qualiter

2114 3230 2322 3273 secutus
2349 3217 2614 3272 Christum
2637 3215 2840 3269 abbatis
2889 3214 2940 3266 in
2964 3211 3284 3265 monasterio
3317 3209 3442 3279 Agri
3486 3210 3698 3278 functus

2116 3310 2305 3380 ofﬁcio,
2353 3308 2636 3362 virtutibus
2684 3306 2919 3378 fulserit,
2958 3304 3231 3358 miraculis
3273 3301 3600 3364 coruscarit,
3649 3308 3699 3352 ct
3754 3338 3769 3347 ρ

2114 3403 2519 3469 circumquaque
2570 3400 2803 3467 regiones
2832 3436 2847 3461 ,
2895 3396 2978 3449 his
3030 3397 3120 3464 qui
3146 3410 3304 3463 prope
3353 3403 3401 3447 et
3465 3392 3545 3445 his
3606 3390 3696 3458 qui

2118 3490 2269 3559 longe
2296 3497 2422 3542 sttnt
2450 3486 2700 3540 clament.
2737 3483 2861 3539 llaec
2908 3485 3226 3538 Anastasius
3275 3484 3342 3537 (le
3372 3481 3699 3550 Theophane

2117 3584 2399 3639 historico.
2443 3582 2657 3637 Obitum
2704 3589 2883 3633 autem
2929 3577 3050 3647 ejus
3079 3577 3178 3630 sub
3227 3573 3408 3631 Leone
3435 3575 3696 3635 Annona,

2117 3676 2475 3731 lconomacho
2500 3688 2643 3727 anno
2673 3670 2789 3740 ejus
2822 3655 3046 3739 impfl,
3076 3668 3145 3719 ob
3190 3666 3558 3722 defensionem
3594 3664 3696 3720 SS.

2116 3770 2413 3839 imaginum
2469 3765 2761 3835 contigisse
2815 3772 2999 3816 narrat
3048 3761 3369 3821 Cedrcnus,
3410 3770 3465 3813 ct
3513 3774 3585 3813 ex
3632 3772 3699 3813 eo

2108 3860 2380 3914 Barouius
2407 3860 2471 3910 ad
2496 3871 2696 3909 annum
2721 3853 2921 3908 Christi
2949 3851 3077 3917 814,
3110 3867 3173 3906 cx
3206 3867 3311 3919 quo
3335 3851 3451 3905 haec
3478 3850 3695 3917 accipe:

2115 3951 2245 4007 Cant
2300 3957 2473 4002 autem
2530 3942 2923 3997 Proconnesum
2966 3944 3317 3994 abduceretur
3371 3939 3700 4007 Nicephorus

2117 4045 2244 4121 (fuit
2294 4043 2382 4097 hic
2448 4037 2758 4110 patriarcha
2810 4034 2966 4091 (LP.
2994 4035 3082 4103 qui
3136 4032 3476 4088 subscribere
3535 4034 3701 4101 impio

2116 4138 2297 4192 edicto
2352 4134 2548 4190 Leonis
2606 4132 2862 4189 Armenis
2908 4141 3094 4186 contra
3136 4129 3235 4184 SS.
3276 4126 3539 4195 imagines
3596 4142 3700 4179 nou

2116 4226 2374 4281 sustinuit
2397 4239 2571 4292 eaque
2603 4237 2761 4277 causa
2783 4223 2849 4276 ah
2871 4236 2936 4277 eo
2968 4221 3226 4274 multatus
3266 4218 3505 4289 exsilio),
3536 4217 3703 4272 Theo-

2116 4320 2318 4389 phanus
2344 4316 2613 4386 confessor
2637 4313 2826 4383 Magni
2857 4313 2987 4383 Agri
3032 4312 3315 4381 pra'fectus
3344 4326 3461 4364 eum
3491 4310 3703 4379 navigio

2117 4409 2424 4482 prietervehi
2456 4409 2634 4462 divino
2687 4406 2941 4460 instinctu
2994 4407 3241 4467 sentiens,
3294 4420 3411 4457 cum
3455 4403 3509 4456 in
3554 4409 3704 4470 parte

2117 4501 2304 4573 prazdii
2327 4500 2557 4571 quatiant
2580 4499 2690 4568 ipse
2725 4507 2923 4567 ageret,
2952 4495 3137 4563 sufﬁta
3168 4504 3216 4548 et
3242 4495 3404 4549 cereis
3456 4508 3705 4564 prosecu-

2120 4603 2204 4646 tus
2228 4602 2303 4645 cst
2325 4633 2338 4659 ,
2363 4591 2453 4644 sed
2475 4601 2521 4643 et
2558 4587 2891 4657 Nirephorus
2931 4588 3147 4640 intentis
3182 4588 3427 4641 manibus
3470 4585 3704 4641 vicissim

2125 4685 2492 4756 Theophanem
2543 4682 2792 4736 salutavit
2854 4681 3108 4750 ﬂexisque
3148 4681 3363 4749 genibus
3420 4688 3533 4732 tum
3581 4692 3705 4733 eum

2121 4792 2397 4833 veneratus
2458 4775 2719 4831 benedixit
2765 4790 2784 4828 :
2841 4790 2959 4827 cum
2997 4774 3207 4843 quidem
3247 4782 3428 4826 neuter
3476 4771 3705 4826 alterum

2122 4874 2338 4937 rideret,
2377 4870 2468 4924 sed
2508 4871 2621 4923 acie
2664 4869 2849 4921 mentis
2883 4883 2936 4920 se
2968 4877 3152 4919 mutuo
3192 4874 3456 4919 cernentes
3486 4866 3705 4936 dignum

2122 4968 2342 5020 invicem
2366 4964 2615 5017 honorent
2662 4962 3032 5015 eahibuerunt.
3080 4959 3296 5012 Etcum
3341 4958 3558 5027 quidam
3595 4972 3707 5013 una

2126 5059 2490 5127 navigantium
2528 5068 2787 5126 qamreret
2823 5068 3100 5123 quemnam
3139 5051 3382 5105 inanibus
3407 5053 3484 5105 ita
3514 5052 3570 5105 in
3609 5068 3706 5106 su-

2127 5152 2282 5204 blime
2320 5149 2533 5203 elevatis
2575 5148 2858 5213 salutaret,
2903 5145 3303 5199 sanctissimum
3341 5142 3707 5213 Theophanem

2127 5246 2481 5314 confessorem
2530 5245 2838 5310 respondit:
2898 5240 3030 5311 Agri
3069 5237 3398 5306 prwfectum,
3460 5237 3551 5306 qui
3615 5254 3709 5289 nos

2130 5339 2338 5408 facibus
2384 5348 2432 5391 et
2458 5338 2643 5406 sufﬁta
2681 5338 2903 5405 excepit.
2954 5332 3138 5403 Neque
3177 5335 3345 5387 inulto
3380 5344 3496 5395 post
3539 5332 3712 5386 exitus

2130 5448 2305 5487 verant
2336 5430 2627 5500 Nicephori
2661 5428 3063 5499 pra'dictionem
3113 5427 3393 5481 ostemliL:
3428 5440 3551 5477 nam
3592 5438 3715 5476 inca:

2130 5539 2248 5575 cum
2301 5520 2482 5574 multis
2529 5521 2651 5574 aliis
2712 5516 3050 5585 Theophanes
3098 5530 3306 5586 quoque
3361 5515 3424 5566 ab
3479 5510 3713 5566 Ecclesit

2130 5615 2351 5684 ejectas,
2382 5614 2714 5684 inﬁnitisque
2757 5621 2979 5667 vexatus
3027 5611 3217 5675 modis,
3260 5608 3577 5677 confessoris
3621 5623 3715 5660 co-

2133 5723 2316 5761 ronam
2364 5707 2678 5774 deportavit.
2730 5705 2856 5757 Haec
2883 5701 3182 5767 Cedrenus,
3237 5715 3358 5770 qua:
3410 5714 3515 5753 nou
3569 5696 3714 5763 pomi

2134 5800 2187 5854 iu
2249 5799 2553 5855 breviorem
2611 5811 2879 5854 summam
2927 5794 3215 5866 colligere;
3281 5791 3495 5848 luerunt
3536 5800 3713 5844 autent
