4122 6414
451 417 513 480 81
1390 417 1789 480 FRANCISCI
1833 417 2100 476 SCORSI

455 531 785 594 neceSsaria,
838 540 894 584 Ill
940 531 1141 600 liquido
1203 529 1594 600 intelligeretur
1646 529 2032 599 TheOphanem

453 624 1071 689 historicum,abbatem
1127 624 1279 692 Agri,
1333 624 1580 675 eumderu
1633 636 1752 676 esse
1796 621 1884 688 qui
1935 622 2034 673 sub

455 728 631 765 Leone
658 721 898 768 Aruleno
942 715 1186 768 exsilium
1226 730 1325 785 pro
1370 729 1529 766 causa
1577 713 1678 770 SS.
1718 713 2034 782 imaginum.

454 815 506 858 et
535 805 587 857 iit
619 821 685 858 eo
713 817 942 860 ruortem
969 809 1397 876 oppetiit,atque
1421 807 1554 859 adeo
1578 806 1736 874 longe
1759 805 2033 858 diversum

456 908 484 944 a
516 892 846 962 Theophane
883 905 1074 949 nostro
1099 896 1212 964 qui,
1241 897 1413 949 deleta
1450 893 1664 962 penitus
1697 892 1889 947 barresi
1927 893 2036 944 Ico-

459 986 854 1051 noclastarum,
889 989 1309 1057 adversusjquos
1343 989 1449 1057 jam
1473 989 1756 1043 damnatos
1791 987 1904 1054 ipse
1937 986 2036 1036 ho-

453 1077 660 1130 miliam
703 1080 892 1133 habuit
928 1120 943 1141 ,
986 1096 1104 1149 qnze
1133 1090 1216 1135 est
1254 1083 1442 1133 ordine
1477 1097 1542 1132 xx
1566 1122 1581 1144 ,
1617 1080 1718 1134 sub
1754 1077 1953 1133 Basilio
1983 1087 2037 1129 et

452 1170 667 1236 Leone,
706 1180 1065 1230 ιιῑοςιοιιιιςιιη
1115 1193 1214 1231 suo
1273 1177 1410 1242 loco,
1463 1176 1626 1242 vixit;
1687 1185 1846 1246 atque.
1903 1175 2037 1228 adeo

447 1279 608 1316 error
644 1265 694 1319 in
729 1267 1061 1322 Bibliotheca
1107 1268 1191 1320 illa
1238 1268 1579 1335 corrigetur:
1635 1267 1932 1335 itidemque
1982 1265 2034 1318 in

447 1347 757 1408 Sebastiani
793 1359 1032 1412 Corderii
1070 1371 1256 1414 catena
1307 1359 1402 1414 SS.
1458 1360 1675 1414 Patrum
1721 1359 1771 1412 in
1814 1358 2036 1421 Lucam,

447 1449 541 1501 ubi
597 1450 980 1517 Theophanem
1032 1456 1162 1506 citat
1204 1455 1392 1507 eodem
1438 1454 1614 1522 elogio
1670 1453 1783 1506 sive
1845 1451 2036 1506 inscri-

448 1544 634 1608 ptione
662 1544 941 1614 dt-son-pta
972 1549 1036 1597 ab
1062 1547 1144 1597 illa
1168 1546 1518 1610 Bibliotheca,
1540 1546 1838 1614 iisdemque
1867 1545 2033 1598 relata

451 1636 653 1687 verbis.
711 1635 827 1688 .lam
880 1653 1005 1690 vero
1043 1637 1110 1689 ab
1159 1651 1388 1707 utroque
1437 1638 1599 1691 etiam
1653 1637 1900 1692 diversus
1953 1647 2035 1690 est

447 1725 808 1794 Timophanes
876 1728 1012 1802 alius
1071 1729 1355 1796 prmfeetus
1423 1730 1734 1783 monasterii
1798 1727 2031 1800 Sigriani

444 1817 537 1883 qui
578 1827 698 1882 post
726 1818 899 1870 dirum
933 1835 1028 1886 per
1077 1820 1351 1874 biennium
1400 1819 1683 1874 toleratum
1737 1835 2030 1884 carcerem,

441 1914 760 1977 deportatus
824 1913 875 1962 in
935 1911 1169 1964 irrsnlarn
1229 1913 1683 1976 Samothraciam,
1744 1912 1851 1964 illic
1899 1913 2034 1966 obiit

441 2013 675 2054 mortem
737 2002 1094 2058 confessionis
1149 2005 1316 2072 gloria
1368 2003 1614 2068 insignis.
1670 2005 1792 2069 Agit
1843 2005 1908 2060 de
1965 2019 2030 2056 eo

444 2088 710 2143 Baronios
730 2091 795 2144 ad
821 2109 1018 2146 annum
1041 2094 1241 2148 Christi
1271 2096 1372 2148 8l6
1391 2095 1748 2163 admonetque
1775 2096 2028 2150 lectorem

445 2185 513 2233 de
557 2183 901 2237 distinctione
938 2188 1217 2255 utriusque
1249 2187 1614 2258 Theophanis,
1649 2189 1843 2257 prioris
1887 2190 2029 2244 illius

440 2276 531 2339 qui
565 2277 741 2343 primo
768 2275 983 2338 Leonis,
1017 2288 1069 2332 et
1103 2281 1425 2346 posterioris
1455 2283 1546 2352 qui
1592 2283 1756 2338 tertio
1786 2283 2026 2350 ejusdem

441 2384 589 2418 anno
623 2369 754 2421 obiit
789 2387 882 2436 pro
914 2370 1152 2437 ejusdem
1192 2388 1369 2428 causa!
1415 2375 1712 2441 patrocinio
1747 2396 1761 2432 :
1797 2380 1887 2446 qui
1939 2393 2029 2431 se-

440 2459 654 2510 cundus
697 2462 858 2512 etiam
908 2461 1120 2517 Isaacns
1165 2467 1341 2518 dir-tus
1378 2483 1391 2520 :
1430 2468 1616 2520 eadem
1653 2483 1776 2522 vero
1823 2472 2028 2524 ratione

440 2557 590 2612 prtet
642 2547 1028 2617 'I'heophauern
1085 2553 1223 2607 hunc
1291 2557 1551 2610 Isaarium
1600 2573 1627 2611 a
1682 2571 1866 2614 nostro
1909 2577 2030 2615 e-se

440 2643 762 2698 distantem.
805 2649 1021 2700 'l'ertitts
1068 2649 1425 2719 TheOphanes
1485 2655 1736 2722 proprior
1781 2667 1865 2708 e-t
1913 2674 2028 2710 (ero

441 2736 616 2788 nostri
651 2735 994 2805 Theophanis
1024 2760 1035 2793 :
1065 2743 1175 2806 ille,
1212 2744 1447 2811 inquam,
1471 2746 1559 2814 qui
1593 2762 1714 2800 ettm
1745 2745 2028 2801 Theodoro

440 2835 491 2873 et
522 2826 780 2890 sanguine.
804 2838 853 2880 et
886 2830 1079 2895 insigni
1108 2832 1302 2886 virtute
1325 2849 1585 2902 germano
1617 2835 1668 2888 in
1698 2840 2028 2891 meuasterio

441 2915 502 2969 S.
544 2916 702 2974 Sabm
729 2923 1019 2986 enutritus,
1077 2939 1199 2976 cum
1237 2936 1422 2991 postea
1458 2942 1552 2996 pro
1597 2927 1699 2982 SS.
1737 2930 2023 2998 imaginum

439 3008 591 3060 cultu
624 3010 880 3066 adversus
917 3013 1148 3067 Leonem
1179 3018 1471 3069 Armcnum
1505 3027 1728 3074 strenue
1777 3021 2027 3076 decerta-

440 3114 545 3165 ret,
579 3104 697 3170 ejus
722 3105 874 3174 jussu
910 3108 1223 3162 verberibus
1254 3127 1424 3164 ea-sns
1457 3112 1508 3165 iu
1539 3114 1792 3168 exsiliqu
1821 3115 2027 3183 ejectus

436 3204 554 3258 est;
591 3196 681 3248 sed
715 3212 778 3250 eo
813 3209 1028 3252 mortuo
1075 3216 1261 3254 rursus
1289 3201 1589 3269 Theophilo
1635 3207 1885 3274 iruperat.
1932 3223 2027 3264 ea-

437 3287 564 3340 dem
599 3288 785 3342 haeresi
821 3293 1039 3344 detento
1066 3305 1376 3349 constanter
1397 3299 1673 3361 resistens,
1710 3302 2026 3356 verberibus

440 3383 640 3433 iri-rum
676 3393 728 3435 ct
767 3385 960 3438 exsilio
1001 3385 1226 3441 ali‘ectus
1267 3406 1278 3439 :
1327 3389 1377 3442 in
1412 3406 1518 3458 quo
1551 3409 1674 3446 cum
1710 3394 2028 3450 Theodorus

437 3473 772 3551 exspirassrt
813 3475 864 3527 in
912 3490 1151 3542 carcere,
1203 3479 1585 3549 Theophanes,
1630 3499 1761 3553 pare
1807 3487 2024 3541 demum

442 3563 703 3617 ECr'lesize
731 3565 967 3628 reddita,
1003 3568 1174 3622 factus
1209 3584 1236 3621 a
1283 3571 1341 3623 S.
1376 3570 1648 3627 Methodio
1690 3574 1878 3630 Merere
1911 3592 2026 3632 me-

440 3657 740 3723 tropolita,
806 3660 856 3712 in
923 3661 1003 3712 sui
1080 3664 1316 3716 muneris
1382 3668 1674 3731 pastoralis
1743 3668 2026 3725 functione

436 3754 677 3805 excessit
733 3771 763 3805 e
821 3754 948 3805 vita.
1020 3752 1140 3808 IItL'C
1209 3771 1271 3809 ex
1341 3757 1718 3830 Martyrologio
1785 3763 2026 3818 Itomano

438 3847 782 3913 potissimum
834 3850 1099 3919 descripsi
1158 3852 1222 3902 ad
1275 3850 1618 3923 TheOpbanis
1646 3854 1844 3910 Nicreui
1896 3873 2021 3926 pro-

438 3939 673 4000 dendam
750 3940 1016 3995 notitiam.
1102 3943 1258 3997 Plura
1339 3945 1404 4000 de
1473 3947 1537 4000 iis
1607 3945 1707 4000 SS.
1764 3947 2024 4015 fratribus

440 4032 594 4096 alii;
654 4033 951 4101 scriptores
1003 4025 1192 4089 rerum,
1237 4036 1529 4093 Orientalis
1599 4040 1853 4110 imperii,
1915 4043 2021 4098 Ce-

439 4127 645 4180 drenus
699 4127 1085 4197 Cumpalates,
1138 4128 1414 4196 Zonaras,
1455 4133 1672 4202 Glycas,
1723 4136 2024 4205 Manasses,

445 4216 742 4286 Menologia
785 4219 1128 4288 Grmeorum,
1168 4221 1454 4294 Baronius,
1488 4243 1552 4280 ex
1608 4228 1808 4297 quibus
1861 4232 2022 4285 etiam

443 4309 718 4377 proditum
777 4323 881 4375 est,
937 4328 1125 4367 eorum
1178 4314 1449 4372 frontibus
1501 4334 1604 4373 non
1660 4322 1776 4374 sine
1833 4338 2025 4394 magno

440 4403 689 4455 cruciatu
747 4403 956 4459 iambos
1011 4407 1323 4476 inscriptos,
1383 4419 1440 4463 ttt
1486 4419 1740 4480 tauquam
1802 4417 2022 4469 litterati

439 4492 589 4545 servi
623 4495 1072 4562 traducerentur;
1103 4499 1404 4552 cruciatum
1434 4511 1595 4570 atque
1627 4503 1786 4556 etiam
1815 4505 2024 4561 iambos

442 4580 692 4634 referunt
738 4593 991 4639 auctores
1030 4587 1204 4642 relati.
1250 4587 1403 4644 IInnc
1440 4592 1822 4663 Theophanem
1877 4615 2024 4652 mar-

440 4687 617 4744 tyretn
653 4685 928 4732 aur-torem
983 4679 1110 4734 facit
1153 4683 1499 4749 epistularum
1546 4701 1667 4755 qua:
1701 4690 1800 4741 sub
1846 4689 2023 4745 Thoo-

439 4769 636 4836 phanis
681 4767 882 4822 Nicanti
925 4772 1165 4840 episcopi
1207 4776 1426 4830 nomine
1467 4788 1681 4831 exstant
1728 4780 2022 4837 Consalvus

439 4860 624 4916 Ponce
655 4863 768 4930 qui,
809 4878 898 4917 eas
935 4863 1123 4918 Latine
1151 4868 1564 4938 interpretatus,
1612 4875 1810 4930 additis
1853 4879 2018 4945 notis,

379 4945 398 4957 ’
437 4956 495 5005 in
539 4955 713 5008 lucent
753 4956 944 5022 edidit,
987 4974 1122 5026 quas
1169 4977 1267 5014 nos
1301 4978 1488 5018 omnes
1541 4968 1883 5037 perlegimus.
1938 4972 2018 5026 Ad

440 5061 555 5098 rem
617 5047 802 5116 igitur.
855 5048 987 5101 Cum
1055 5052 1137 5104 hic
1201 5054 1558 5123 'I‘lrer_)pliattes
1628 5059 1685 5112 S.
1761 5061 2018 5118 Methodii

441 5149 684 5205 ten-pore
734 5140 950 5205 obicrit,
992 5151 1116 5196 tunc
1154 5144 1510 5215 'I‘heOpbanes
1556 5149 1871 5215 Ceramcus.
1926 5159 2017 5226 qui

437 5245 624 5297 postea
683 5229 1171 5288 'I‘auromenitanus
1218 5239 1507 5306 cpiscopus
1557 5255 1771 5298 creatus
1823 5257 1906 5300 est
1968 5253 2017 5302 iu

440 5325 772 5376 monasterio
821 5326 880 5378 S.
945 5327 1212 5394 Audrere,
1253 5333 1446 5396 utinm
1495 5351 1593 5388 suo
1642 5337 1760 5392 loco
1820 5342 2017 5403 diemr,

436 5416 685 5484 (lego-hut,
714 5419 952 5471 nondum
979 5421 1044 5472 ad
1072 5423 1309 5492 episCOpi
1339 5425 1590 5481 thro;:um
1613 5443 1866 5497 evectus;
1896 5450 2017 5486 nam

438 5504 506 5555 ab
530 5521 750 5560 excessu
793 5508 849 5561 S.
871 5507 1149 5573 Mctlrodii,
1166 5514 1489 5584 quieontigit
1509 5531 1649 5570 anno
1669 5533 1830 5588 supra
1849 5523 2022 5575 octin—

438 5598 740 5664 gentesimo
800 5601 1218 5669 quadragesimo
1271 5608 1522 5675 Septimo,
1558 5615 1814 5677 usquead
1845 5631 2018 5670 nona-

438 5689 719 5754 gesimum,
737 5709 847 5759 quo
864 5693 1224 5762 TheOphanes
1246 5708 1428 5753 noster
1445 5714 1777 5758 senectutem
1806 5709 2016 5774 agebat,

440 5779 773 5837 interr-edunt
819 5783 947 5837 anni
982 5788 1335 5854 quadraginta
1382 5802 1511 5847 tres.
1559 5793 1754 5848 Verum
1803 5814 1868 5851 ex
1921 5801 2020 5853 Irae

439 5869 700 5928 subducta
754 5886 1062 5933 tenuiorum
1102 5879 1328 5942 ratione,
1367 5899 1469 5938 non
1523 5898 1782 5945 repugnat
1833 5887 2011 5943 'l'ltc0~

2204 415 2636 476 ΡΠΟΟΕΜΙΗΜ
2676 415 2758 476 II.
3649 413 3720 472 8‘2

2151 528 2384 597 pltattern
2448 529 2597 580 illum
2650 530 2740 596 qui
2804 540 3042 595 praesens
3104 526 3202 581 fuit
3261 525 3314 581 in
3374 528 3731 581 translatione

2143 621 2380 686 corporis
2412 622 2467 676 S.
2494 619 2775 690 Nicephori
2805 621 3125 690 patriarr-h:e
3142 619 3728 687 Constantiuopolitani

2141 712 2281 780 quod
2328 713 2490 765 refert
2541 713 2807 766 Batonius
2856 716 2920 766 ad
2972 729 3170 766 annum
3223 713 3348 778 845,
3407 729 3506 767 nec
3553 711 3728 766 solum

2141 815 2435 870 spectator,
2474 806 2567 859 sed
2620 815 2671 858 et
2720 805 2956 873 scriptor
3003 806 3120 874 ejus
3168 803 3326 867 Viue,
3377 815 3432 858 et
3479 803 3730 857 laudatur

2143 910 2236 961 pro
2268 895 2529 950 concione
2561 898 2612 955 in
2640 911 2700 948 ea
2734 896 3044 950 celebritate
3079 897 3198 959 fuit,
3230 897 3482 950 eumdem
3515 911 3635 949 esse
3664 910 3728 950 ac

2141 983 2528 1053 Theophanem
2553 985 2872 1040 Ceramcum
2905 1007 2918 1040 :
2955 1003 3082 1047 non.
3119 988 3365 1056 inquam.
3411 985 3550 1040 ratio
3589 997 3726 1040 tern-

2143 1092 2331 1145 porrrrn
2356 1079 2557 1140 obstat,
2582 1079 2673 1133 sed
2702 1080 2874 1131 obstat
2899 1081 3044 1147 quod
3073 1081 3160 1134 ille
3185 1081 3417 1149 Set'ipltw
3442 1080 3729 1150 presbyter

2141 1167 2355 1221 dicatur
2403 1169 2571 1224 fuisse
2608 1185 2635 1222 a
2689 1170 2940 1234 Baronio,
2978 1181 3160 1225 noster
3211 1173 3514 1226 monachus
3567 1181 3724 1226 antea

2140 1259 2433 1325 exstiterit,
2474 1276 2596 1313 cum
2642 1261 2930 1330 episcopus
2965 1260 3127 1317 fuerit
3164 1281 3174 1316 :
3218 1263 3358 1330 quod
3393 1278 3554 1332 supra
3591 1277 3725 1317 eon-

2141 1359 2354 1403 stanter
2397 1352 2718 1420 requisitmn
2763 1369 2791 1406 a
2825 1353 3033 1407 Graecis
3067 1355 3278 1407 ostendi
3317 1354 3343 1423 §
3382 1355 3422 1407 Il
3461 1372 3473 1406 :
3531 1354 3727 1408 deinde

2140 1457 2436 1510 cognomen
2471 1445 2567 1496 τοῦ
2596 1447 2902 1516 Κεραμέως
2939 1445 3153 1498 aflixum
3186 1461 3357 1514 usque
3383 1456 3566 1499 nostro
3590 1445 3723 1498 satis

2138 1550 2260 1589 eum
2293 1551 2320 1588 a
2357 1540 2547 1606 quovis
2584 1539 2689 1590 alio
2721 1539 2931 1592 videtur
2961 1540 3287 1592 discernere.
3317 1539 3394 1592 Ex
3425 1553 3531 1608 quo
3559 1539 3720 1592 etiam

2140 1638 2345 1681 certum
2394 1639 2478 1682 e~t
2533 1629 2662 1682 mihi
2725 1629 2879 1698 plane
2936 1631 3098 1682 alium
3158 1645 3279 1684 esse
3335 1628 3721 1696 'I‘heophauent

2141 1731 2385 1776 nostrum
2421 1724 2490 1775 ab
2521 1723 2612 1775 illo
2647 1724 2760 1790 qui,
2793 1734 2842 1775 ut
2876 1725 3012 1775 idem
3066 1722 3327 1776 Baronius
3369 1720 3554 1781 refert,
3593 1720 3732 1773 vixit

2139 1819 2382 1881 tempore
2429 1814 2608 1868 Basilii
2667 1816 2974 1869 Macedonis
3015 1833 3028 1879 ;
3094 1816 3272 1884 regius
3321 1814 3440 1884 ejus
3493 1813 3739 1867 ('lct'itttls-

2138 1908 2416 1974 sapicnli:e
2469 1909 2687 1962 nomine
2736 1909 2908 1962 eidem
2957 1910 3172 1962 Charus
3222 1908 3578 1976 imperatori,
3633 1906 3720 1972 qui

2139 1998 2357 2052 fraudes
2389 2000 2562 2054 l’hotii
2596 2003 2882 2069 promovit,
2908 2016 3032 2055 cum
3061 2003 3265 2056 librum
3286 2003 3350 2056 de
3379 1999 3722 2071 imperatoris

2136 2092 2448 2160 genealogia
2501 2095 2762 2163 scriptum
2817 2095 3126 2163 imperatori
3192 2095 3452 2156 oblatrtm,
3516 2107 3544 2146 a
3604 2092 3720 2145 solo

2139 2193 2318 2237 tamen
2351 2185 2543 2239 I’hotio
2583 2184 2804 2254 intelligi
2845 2200 3004 2253 posse
3045 2184 3300 2238 mentitus
3326 2196 3426 2238 est.
3459 2183 3720 2249 Quamvis

2135 2277 2278 2330 enim
2329 2277 2656 2332 conveniant
2721 2287 2959 2345 tempora
2994 2318 3012 2341 ,
3067 2289 3244 2332 tamen
3310 2291 3431 2331 cum
3488 2276 3721 2330 clerierrs

2134 2370 2350 2423 dicatur
2384 2370 2470 2423 ille
2505 2370 2688 2434 fuisse,
2729 2379 2781 2424 et
2810 2371 3026 2438 quidem
3063 2371 3290 2432 aulicus,
3327 2373 3715 2423 noster‘au‘tem

2136 2465 2217 2518 vel
2257 2466 2546 2535 episcopus
2577 2465 3070 2520 Tauromenitanns
3103 2479 3168 2518 eo
3194 2474 3435 2533 tempore
3473 2463 3583 2532 jam
3616 2463 3720 2516 ini.

2136 2559 2302 2610 tiatus
2346 2572 2466 2612 esse
2500 2558 2766 2619 debuerit,
2817 2556 2901 2622 vel
2945 2557 3121 2610 adlmc
3158 2557 3512 2611 monasticam
3550 2541 3714 2608 vitam.

2136 2652 2188 2703 in
2218 2653 2464 2706 cmuobio
2500 2651 2558 2704 S.
2589 2651 2817 2704 Andreas
2861 2651 2912 2703 in
2968 2649 3179 2713 Sicilia,
3221 2651 3334 2702 sive
3361 2651 3523 2703 etiarn
3567 2649 3726 2710 alibi,

2133 2729 2252 2796 cum
2291 2760 2354 2797 ex
2393 2744 2673 2797 monachis
2701 2743 2840 2810 apud
2872 2743 3112 2805 Graecos,
3142 2750 3200 2796 ut
3229 2758 3389 2810 supra
3433 2743 3566 2805 dixi,
3618 2744 3717 2797 eli-

2133 2845 2388 2905 gerentur
2419 2839 2677 2908 episcopi,
2710 2839 2866 2908 plane
2908 2840 3040 2894 mihi
3084 2855 3401 2907 persuasum
3435 2848 3518 2893 est
3549 2840 3715 2892 aliuru

2132 2947 2251 2985 esse
2269 2931 2653 2995 Theophanem
2677 2932 2823 2985 illum
2849 2933 3105 2985 clericum
3131 2931 3198 2985 ab
3221 2930 3476 2998 episeopo
3497 2928 3714 2995 Nostro;

2133 3036 2184 3077 et
2217 3040 2350 3079 sane
2383 3026 2566 3094 pietati
2621 3042 2685 3080 ac
2718 3027 2975 3080 virtutum
3025 3024 3548 3095 perfectissiquue
3596 3026 3715 3078 vita:

2133 3119 2309 3172 stur-lio
2326 3121 2467 3187 quod
2485 3118 2679 3174 Noster
2716 3120 2801 3174 his
2829 3121 3171 3174 sermonibus
3195 3119 3428 3188 praefert.
3461 3120 3715 3188 quodque

2135 3226 2232 3264 nos
2265 3211 2434 3265 fusius
2466 3211 2858 3280 explicabimus
2887 3209 2913 3280 §
2948 3210 3064 3262 VIII
3098 3219 3150 3263 et
3181 3209 3272 3274 IX,
3299 3209 3495 3278 duplici
3543 3210 3618 3264 illi
3652 3226 3715 3266 ac

2134 3309 2358 3353 versuto
2391 3300 2604 3370 ingenio
2632 3299 3002 3368 voluntatique
3028 3298 3332 3368 decipiendi
3364 3298 3714 3368 Thc0phauis

2133 3391 2316 3446 clerici
2371 3401 2692 3462 repugnant.
2745 3390 2868 3445 Ilaec
2905 3390 3089 3457 habui,
3133 3406 3254 3459 qua:
3307 3391 3502 3461 partim
3551 3395 3716 3447 certis

2136 3493 2437 3552 temporum
2462 3484 2819 3554 argumentis,
2850 3484 3047 3551 partim
3072 3483 3398 3550 coniecturis
3423 3499 3488 3538 ex
3523 3483 3711 3539 iisdem

2132 3577 2468 3646 temporibus
2490 3585 2544 3630 et
2566 3577 2759 3630 studiis
2774 3577 2894 3631 vita:
2913 3577 3215 3647 desumptis
3235 3576 3484 3632 all‘errcm
3509 3576 3574 3631 de
3595 3576 3706 3630 dis.

2133 3672 2392 3724 tinctione
2423 3685 2612 3725 eorum
2634 3671 2725 3737 qui
2759 3668 3111 3737 Thcorihanis
3153 3671 3374 3724 nomine
3407 3670 3650 3740 insignes
3682 3686 3709 3720 a

2133 3759 2328 3815 Nostro
2357 3759 2558 3815 diversi
2596 3760 2938 3814 existimandi
2975 3770 3122 3814 sunt.
3155 3757 3301 3814 Nihil
3337 3776 3500 3831 porro
3520 3776 3729 3816 eorum.

2130 3870 2251 3925 quae
2274 3855 2450 3911 studio
2477 3853 2718 3908 adhibito
2768 3855 3026 3922 corripi-ri,
3059 3853 3258 3908 elatum
3293 3869 3417 3910 esse
3451 3855 3708 3910 lectorem

2132 3945 2294 4007 volui,
2329 3954 2388 3998 ut
2417 3960 2579 4014 quam
2625 3959 2754 3998 sana
2789 3954 2842 3997 ct
2879 3946 3086 4014 integra
3133 3945 3236 4000 fide
3285 3944 3402 4001 hare
3443 3945 3710 4016 proferam

2130 4038 2504 4106 conjectanea,
2537 4038 2711 4108 quivis
2749 4038 3034 4107 intelligat.

2131 4200 2158 4272 §
2217 4200 2276 4253 II.
2327 4199 2532 4268 Duplex
2588 4215 2772 4252 nomen
2835 4201 3064 4252 auctoris
3120 4200 3458 4255 Iromiliaruut
3499 4218 3720 4257 :uuum

2591 4285 2871 4339 cognomen
2888 4311 2902 4335 ,
2943 4272 3250 4326 Caunians.

2204 4406 2435 4461 Distiuxi
2475 4407 2737 4462 hactenus
2767 4407 3092 4478 ὁμωνυμίαν
3123 4407 3496 4480 TheOpbanis,
3523 4411 3574 4464 itt
3611 4412 3720 4468 hoc

2129 4499 2472 4570 paragrapho
2513 4500 2618 4554 erit
2651 4500 2780 4570 περὶ
2820 4500 3122 4570 διωνυμίας
3155 4516 3247 4556 seu
3283 4503 3462 4570 potius
3505 4502 3712 4556 πολυω-

2129 4592 2328 4662 νυμὶσς
2371 4592 2810 4661 coirjectandum.
2843 4592 3054 4648 Etenim
3092 4594 3236 4664 quod
3274 4594 3325 4647 in
3363 4594 3546 4649 multis
3589 4595 3711 4650 aliis

2132 4697 2371 4740 veterum
2407 4685 2623 4739 Patrum
2661 4686 3027 4740 monumentis
3063 4687 3354 4752 usuvenit,
3379 4696 3435 4741 ut
3469 4689 3724 4756 pluribus

2129 4779 2386 4846 inscripta
2423 4778 2737 4831 auctoribus
2771 4776 2960 4831 eadem
2997 4778 3062 4829 ad
3101 4788 3346 4845 posteros
3389 4783 3708 4835 transmissa

2128 4873 2258 4936 sint,
2285 4880 2344 4925 ut
2375 4870 2439 4924 tle
2471 4869 2814 4924 sermonibus
2849 4869 3066 4924 EuSebii
3102 4869 3388 4938 Emisseut,
3417 4881 3462 4925 ct
3503 4871 3710 4927 Euche-

2130 4966 2216 5028 rii,
2244 4973 2299 5017 et
2325 4963 2564 5028 Maximi,
2594 4973 2647 5018 et
2676 4963 2970 5022 Ambrosii.
3001 4965 3309 5035 Augustini,
3335 4977 3389 5020 et
3417 4967 3708 5036 Ettlgentii,

2127 5061 2473 5110 adverterunt
2504 5055 2597 5125 qui
2639 5057 2690 5109 in
2730 5057 2794 5109 iis
2829 5057 3224 5125 perlustrandis
3254 5075 3474 5126 cperant
3510 5077 3707 5130 posue~

2130 5159 2281 5203 runt:
2321 5149 2618 5218 praesertim
2655 5165 2782 5199 vero
2816 5150 3278 5204 etninr-‘utissirnus
3314 5169 3496 5206 eorum
3539 5155 3708 5209 lector

2126 5251 2178 5292 et
2211 5255 2406 5294 censor
2440 5241 2729 5294 cardinalis
2767 5241 3124 5295 Bell-.truriuus
3168 5244 3217 5297 in
3261 5262 3424 5313 opere
3464 5247 3537 5300 0e
3569 5251 3706 5300 scri-

2125 5335 2355 5401 ptoribus
2384 5335 2589 5398 ccc/eL,
2617 5335 2686 5386 ita
2718 5345 2767 5387 et
2799 5335 2848 5386 in
2883 5335 2964 5389 his
2999 5337 3232 5390 homiliis
3265 5355 3398 5406 quas
3428 5327 3616 5393 damus
3653 5343 3704 5393 in

2128 5429 2318 5481 lucem.
2347 5426 2556 5482 litt-dem
2584 5427 2724 5481 enim
2754 5438 2804 5481 et
2829 5427 3164 5495 Theophani,
3191 5441 3243 5484 et
3270 5430 3549 5496 Gregorio,
3575 5435 3700 5498 quin

2125 5533 2178 5576 et
2209 5522 2453 5588 Philippo
2479 5531 2604 5574 sunt
2629 5521 2897 5574 attributa:
2929 5540 2940 5574 :
2976 5539 3204 5591 quorum
3237 5525 3472 5590 priorunr
3503 5540 3702 5589 cogno-

2127 5632 2250 5669 tnen
2284 5615 2421 5668 idem
2453 5631 2724 5684 unumque
2757 5624 2837 5668 est
2863 5617 3173 5686 Κεραμεύς,
3206 5617 3344 5668 tertii
3379 5617 3700 5688 Κεραμίτης

2126 5706 2266 5776 quod
2303 5720 2608 5774 quanquam
2647 5704 2859 5758 diverso
2895 5706 3064 5767 llexu,
3097 5708 3232 5759 idem
3276 5713 3454 5759 tamen
3494 5723 3696 5775 cogno-

2129 5815 2248 5851 men
2296 5805 2377 5851 est
2419 5811 2611 5860 sensu;
2657 5806 2710 5848 et
2757 5795 3005 5865 Figulum
3049 5795 3238 5850 Latine
3284 5795 3698 5864 interpretatum

2130 5891 2354 5950 dicitur;
2394 5891 2486 5945 sed
2520 5887 2588 5942 de
2621 5889 2722 5943 hoc
2757 5888 2916 5944 tertio
2951 5888 3054 5942 erit
3087 5888 3242 5943 nobis
3275 5902 3454 5943 sermo
3489 5900 3700 5959 posuzsu
