4122 6416
422 387 492 447 83
1046 460 1049 462 _
1407 389 1809 450 FRANCISCI
1848 389 2116 453 SCORSI
2155 393 2597 457 PROCEMIUM
2628 394 2714 457 II.
3631 396 3703 462 84

424 516 566 557 mus.
593 499 743 555 Nunc
768 500 831 555 de
854 499 1052 569 duplici
1077 499 1421 568 Theophanis
1445 509 1496 553 et
1518 499 1761 571 Gregorii
1785 502 2005 557 nomine

422 594 755 661 exponenda:
790 593 840 648 in
877 594 1053 647 medio
1088 591 1433 662 coojeeturae.
1469 591 1524 647 in
1568 592 1809 661 pluribus
1850 594 2004 647 nobi-

425 686 647 743 lissimis
677 687 1020 742 bibliothecis
1048 685 1291 754 Europzr,
1316 684 1613 752 Gallienum,
1641 685 2008 753 Hispaniensi,

426 780 726 849 praesertim
752 795 880 833 vero
907 780 1164 834 Vaticana
1199 780 1406 833 duobus
1435 779 1705 833 disdnctis
1733 778 2011 833 codicibus

424 874 478 927 in
531 888 660 928 mss.
706 874 904 928 caulem
958 881 1009 927 et
1057 884 1312 928 contextu
1365 883 1417 927 et
1468 886 1693 926 numero
1735 873 1844 926 fere
1893 870 2007 940 pari

427 966 663 1021 humilia:
710 967 763 1021 in
809 966 984 1021 altero
1026 965 1408 1033 Theophanis,
1444 964 1496 1018 in
1548 963 1718 1018 altero
1761 960 2007 1031 Gregorii

426 1060 800 1128 prtescriptum
843 1058 1136 1128 pra'ferunt
1178 1074 1397 1112 nomen.
1430 1056 1535 1112 Sed
1570 1058 1621 1111 in
1659 1057 1761 1110 hac
1796 1056 2007 1110 dissen-

423 1153 576 1207 sione
622 1150 754 1207 illud
804 1151 967 1206 modo
1011 1150 1296 1216 convenit,
1330 1150 1472 1219 quod
1522 1157 1574 1204 et
1620 1148 1916 1202 Cerameus
1955 1157 2011 1200 et

422 1242 867 1313 archiepiscOpns
888 1240 1378 1297 Tauromenitanus
1410 1241 1561 1310 isque
1593 1238 1933 1308 σοφὼτςιτθς,
1956 1243 2009 1290 et

425 1335 901 1409 ρητορικώτατος,
931 1336 1346 1404 sapientissimus
1389 1334 1642 1389 nimirum
1677 1342 1731 1387 et
1758 1330 2008 1401 eloquen~

423 1430 660 1484 tissimus
697 1429 1034 1484 inscribitur.
1068 1428 1223 1484 Unde
1256 1436 1350 1483 aut
1381 1427 1515 1482 duos
1551 1427 1832 1496 episcopos
1861 1423 2005 1477 Tau-

424 1523 654 1577 romenii
677 1524 866 1578 eodem
897 1521 1221 1590 cognomine
1244 1519 1491 1585 allectos,
1514 1520 1703 1574 eadem
1727 1516 2008 1587 sapienti-.e

422 1625 477 1671 et
500 1616 822 1685 eloquentiae
854 1614 1012 1671 laude
1043 1614 1281 1683 insignes
1309 1612 1574 1683 suspicari
1605 1612 1753 1677 licet,
1779 1627 2005 1682 quorum

422 1708 672 1765 fortassis
712 1708 851 1762 alter
890 1709 957 1763 ab
1002 1707 1175 1763 altero
1219 1706 1467 1763 homilias
1513 1703 1894 1775 exscripserit,
1923 1701 2008 1757 vel

423 1803 553 1870 quid
601 1802 745 1857 aliud
790 1803 993 1859 certius
1036 1817 1067 1857 a
1116 1818 1202 1858 me
1238 1813 1324 1858 est
1367 1799 1720 1856 all‘erendum.
1772 1799 1836 1853 Et
1879 1812 2012 1854 sane

424 1895 554 1950 illud
606 1895 677 1949 ita
727 1895 1006 1951 censuisse
1057 1895 1177 1949 \ide
1228 1894 1290 1950 Ρ.
1362 1893 1649 1951 Octavium
1711 1891 2008 1946 Caetannm

426 2001 538 2044 tum
597 1988 648 2043 in
710 1988 835 2043 ldca
894 1988 1104 2059 operis,
1159 2002 1328 2066 quam
1382 1996 1636 2057 tanquam
1702 1984 2011 2055 πρόδρομον

422 2082 689 2156 prtmuisit
736 2082 788 2136 in
848 2083 1061 2151 lucem,
1119 2090 1230 2137 tum
1289 2083 1344 2136 in
1397 2081 1520 2136 aliis
1570 2078 1823 2144 schedis,
1874 2092 2011 2148 quas

423 2191 557 2233 mss.
608 2177 852 2247 reliquit;
908 2176 1049 2231 idem
1101 2177 1246 2232 dom.
1288 2175 1540 2231 Roeehns
1587 2174 1805 2236 Pirrns,
1844 2172 2013 2227 abbas

423 2269 674 2335 Netinus,
702 2271 766 2324 de
798 2284 904 2338 quo
934 2283 1094 2339 supra
1129 2283 1271 2338 smpe
1301 2268 1670 2330 meminimus,
1702 2266 1756 2319 in
1795 2264 2010 2319 Notitia

424 2363 681 2421 Ecclesia:
719 2364 1206 2429 Tauromenilumv,
1241 2363 1292 2416 in
1330 2376 1434 2431 qua
1472 2368 1592 2430 post
1627 2358 2009 2428 Theophanem

424 2466 680 2513 accenset
730 2456 1050 2527 Gregorium
1107 2454 1461 2519 Gerameum;
1529 2453 1671 2507 idem
1730 2462 1857 2505 ante
1911 2451 2011 2505 hos

422 2565 610 2605 omnes
632 2551 896 2604 Antonius
922 2548 1269 2615 Possevinns,
1288 2547 1377 2617 qui
1407 2547 1459 2600 in
1484 2545 1660 2599 indice
1683 2544 2007 2612 scriptorum

424 2644 547 2699 libri
584 2644 673 2712 qui
711 2643 1027 2697 inscribitur
1062 2643 1366 2712 Apparatus
1398 2656 1568 2703 sacer,
1604 2638 1766 2693 alium
1798 2636 2007 2707 Grego-

422 2737 587 2799 rium,
615 2734 779 2788 alium
807 2734 1194 2802 TheOphanem
1221 2730 1513 2787 (ierameos
1540 2740 1798 2798 utrosque
1823 2738 2008 2783 aucto-

424 2841 514 2882 res
570 2825 916 2881 homiliarum
974 2825 1123 2880 facit.
1172 2825 1278 2879 Sed
1326 2823 1573 2894 profecto
1620 2823 1706 2877 his
1758 2821 2011 2877 omniims

424 2918 813 2990 scriptoribus,
849 2919 951 2989 qui
981 2919 1033 2973 in
1075 2933 1239 2987 opere
1280 2932 1380 2973 suo
1419 2916 1630 2972 edendo
1662 2924 1882 2970 strenue
1913 2928 2011 2983 pro

425 3027 485 3071 se
523 3013 754 3084 quisque
796 3011 1170 3078 elaborarunt,
1202 3012 1319 3067 laus
1359 3019 1446 3065 est
1483 3025 1677 3081 magna
1724 3008 2007 3063 tribuenda

381 3107 567 3173 ,quod
628 3115 885 3178 egerunt,
932 3106 1088 3163 venia
1143 3105 1319 3162 danda
1382 3106 1425 3160 si
1483 3103 1611 3175 quid
1668 3112 2006 3159 erraverunt.

427 3198 713 3269 Negotium
747 3199 850 3253 illis
883 3198 976 3252 fuit
1011 3199 1182 3254 solum
1217 3197 1498 3266 colligendi
1531 3197 1674 3251 viros
1708 3206 1926 3251 sanctos
1959 3204 2011 3248 et

426 3292 627 3347 virtute
667 3293 909 3362 insignes
950 3293 1169 3351 Sicilize,
1210 3302 1268 3346 ut
1312 3292 1571 3356 Caetano,
1603 3290 1686 3345 vel
1727 3290 2012 3359 episcopos

426 3387 668 3457 ejusdem
715 3386 1027 3456 provincim,
1063 3396 1117 3438 ut
1159 3385 1334 3450 Pirro,
1370 3385 1451 3440 vel
1496 3384 1795 3454 scriptores
1833 3381 2010 3437 eccle-

429 3480 702 3548 siasticos,
732 3489 790 3534 ut
833 3479 1159 3547 Possevino;
1212 3479 1378 3546 igitur
1423 3479 1513 3533 ubi
1562 3491 1812 3548 reperere
1860 3476 2009 3529 varia

428 3576 651 3630 nomina
701 3582 1034 3638 sanctorum,
1077 3574 1475 3643 episcoporum,
1515 3571 1863 3639 scriptorum,
1903 3584 2008 3623 non

427 3677 512 3723 sat
545 3667 685 3722 bene
717 3666 870 3721 lectis
907 3676 960 3722 et
990 3667 1267 3734 inspectis,
1303 3665 1430 3735 quin
1474 3665 1582 3719 imo
1623 3678 1724 3718 nec
1764 3676 1793 3717 e
1834 3663 2010 3732 primo

427 3759 613 3813 limine
648 3759 777 3814 visis
810 3758 941 3829 ipsis
974 3758 1340 3824 sermonibus,
1374 3773 1562 3813 eorum
1601 3765 1851 3813 auctores
1888 3767 2010 3811 tan-

422 3866 582 3921 quam
607 3854 847 3908 diversos
875 3866 1105 3923 posuere
1129 3870 1146 3912 :
1171 3860 1321 3907 certo
1344 3852 1487 3907 enim
1518 3850 1646 3905 tnihi
1680 3850 2007 3919 persuadeo,

425 3961 698 4015 nunquam
738 3961 850 4007 eos,
886 3946 1027 4014 quod
1064 3946 1302 4014 ipsorum
1344 3958 1571 3999 acumen
1606 3954 1711 4008 est,
1740 3945 2011 4014 judicatu-

425 4052 513 4093 ros
539 4039 678 4092 duos
709 4046 885 4092 tresve
916 4039 1096 4106 cperis
1124 4038 1287 4107 hujus
1323 4050 1593 4102 auctores,
1626 4023 1756 4092 sioid
1792 4038 2008 4105 penitus

423 4125 847 4201 perspexissent.
885 4131 1013 4186 Mihi
1067 4143 1276 4196 autem,
1312 4136 1402 4203 qui
1449 4134 1499 4187 in
1544 4149 1609 4189 eo
1652 4133 1843 4188 Latine
1882 4148 2009 4188 vcr-

424 4222 588 4277 tendo
617 4224 864 4293 notisque
897 4225 1218 4295 explicando
1248 4224 1591 4280 elucubratus
1622 4242 1759 4289 sum,
1789 4225 1879 4294 qni
1915 4239 2009 4277 eos

426 4331 711 4372 sermones
740 4333 846 4371 non
880 4318 943 4372 de
974 4318 1110 4372 facie
1144 4326 1348 4372 tantum
1382 4319 1529 4383 novi,
1559 4316 1654 4372 sed
1687 4318 1832 4371 intus
1858 4318 2007 4385 peni-

424 4420 618 4477 tuisque
656 4409 900 4478 pernovi,
934 4410 1086 4475 fides,
1118 4411 1303 4472 credo,
1336 4410 1440 4465 erit
1485 4425 1512 4463 a
1559 4409 1717 4465 bonis
1757 4411 2006 4463 omnibus

427 4501 709 4568 habenda,
743 4503 787 4558 si
822 4504 1159 4558 contrarium
1193 4512 1424 4557 statuam
1461 4512 1623 4574 atque
1658 4502 1732 4557 illi
1769 4503 2006 4573 scripse-

426 4604 552 4651 runt
578 4605 632 4652 et
662 4611 832 4650 unum
868 4596 1227 4667 eumdemque
1261 4612 1380 4651 esse
1415 4607 1690 4651 auctorem
1719 4595 2004 4650 afﬁrmem.

424 4685 712 4743 Methodus
735 4696 818 4743 est
839 4688 890 4742 in
915 4688 1167 4743 omnibus
1192 4687 1404 4752 eadem,
1424 4688 1595 4758 stylus
1620 4688 1759 4743 idem
1784 4689 2011 4743 omnino

424 4783 606 4852 gravis
642 4788 697 4836 et
727 4781 1026 4852 expolitus;
1074 4780 1245 4849 pietas
1291 4781 1342 4834 in
1385 4781 1640 4839 omnibus
1677 4795 1773 4851 par
1807 4780 2004 4836 elucet.

425 4872 531 4933 Sed
556 4872 789 4930 fortasse
817 4875 942 4943 quis
967 4882 1213 4928 autumet
1237 4890 1401 4928 unum
1432 4874 1497 4928 ab
1521 4873 1697 4928 altero
1726 4887 2011 4928 sermones

422 4965 667 5034 integros
693 4963 1052 5034 exscripsisse
1084 4981 1099 5019 :
1133 4961 1236 5018 fuit
1256 4964 1397 5019 enim
1428 4964 1540 5019 brec
1572 4964 1715 5019 inter
1741 4964 2008 5034 sequioris

422 5057 604 5115 steculi
634 5057 855 5114 Griecos
889 5057 1056 5112 nimia
1090 5057 1308 5113 licentia
1345 5066 1398 5111 et
1425 5057 1785 5128 ἀναισχυντία
1822 5067 2009 5111 mutuo

419 5167 539 5209 sese
563 5149 904 5207 exscribendi
933 5158 988 5206 et
1009 5150 1357 5221 compilandi,
1380 5151 1520 5219 quod
1549 5150 1823 5205 adnotavit
1850 5151 2008 5206 Gret-

421 5261 575 5305 serus
614 5254 745 5301 tom.
780 5243 825 5299 ll
852 5243 928 5298 De
961 5260 1146 5309 cruce,
1180 5245 1232 5299 in
1272 5247 1415 5299 notis
1449 5244 1665 5316 Georgii
1705 5244 2003 5302 llamartoli

420 5337 700 5393 nomiliam
738 5360 748 5392 :
784 5336 926 5404 haec,
955 5338 1197 5407 inquam,
1228 5352 1343 5407 qum
1370 5337 1849 5409 quivis'objectare
1880 5355 2006 5408 pos~

421 5434 483 5483 sit
523 5436 655 5487 crio.
694 5432 801 5486 Sed
844 5433 908 5486 de
950 5431 1051 5486 hoc
1093 5446 1257 5497 Opere
1298 5431 1604 5499 suspicetur
1641 5432 1690 5486 id
1728 5434 1817 5503 qui
1856 5433 2003 5496 velit,

429 5546 525 5588 «νυ
586 5525 823 5593 ηιιιάυιῐι
876 5538 1154 5594 nunquam
1200 5522 1425 5579 inducar
1475 5535 1535 5578 ut
1580 5524 1843 5592 suspicer.
1879 5525 2009 5591 Quis

421 5615 600 5682 enim,
638 5616 1072 5688 Theophanesue
1124 5633 1154 5672 a
1209 5616 1473 5688 Gregorio
1525 5633 1595 5671 an
1649 5618 1736 5673 hic
1789 5619 1856 5673 ab
1913 5619 2015 5673 illo.

426 5705 659 5776 sublegit
699 5707 985 5765 homilias?
1021 5712 1103 5765 An
1147 5720 1377 5781 uterque
1421 5709 1748 5781 Cerameus,
1785 5721 2013 5783 uterque

427 5796 867 5870 archiepiscopus
888 5801 1260 5867 'l‘auromenii,
1285 5814 1511 5875 uterque
1539 5805 2012 5876 sapientissimus?

425 5899 480 5950 et
513 5901 695 5949 tamen
730 5906 867 5952 unus
900 5894 967 5952 ab
1003 5894 1173 5953 altero
1205 5895 1410 5956 iuratus
1441 5898 1559 5956 est?
1596 5897 1702 5956 Sed
1738 5913 1805 5955 ne
1838 5899 2007 5971 gratis

2114 518 2170 561 et
2202 522 2267 562 ex
2301 521 2490 565 amore
2528 508 2768 580 suscepti
2812 507 2994 580 operis
3032 510 3086 566 id
3130 510 3359 567 inficiari
3396 510 3701 577 videamur,

2114 608 2262 655 certe
2307 603 2569 671 prommia
2617 604 2731 673 ipsa
2770 619 3002 673 quorum
3047 604 3213 659 multa
3259 619 3366 660 non
3410 619 3475 658 ex
3520 605 3703 674 aliquo

2117 693 2236 748 loco
2269 694 2565 760 communi,
2594 695 2688 750 sed
2726 710 2792 749 ex
2834 706 3076 764 tempore
3105 704 3157 750 et
3191 696 3309 750 loco
3339 695 3477 765 ipso,
3509 695 3560 750 in
3593 711 3703 765 quo

2118 784 2458 851 dicebantur,
2488 796 2539 840 et
2575 800 2639 841 ex
2673 787 2891 844 casibus
2920 787 3158 844 fortuitis
3189 804 3254 844 eo
3287 798 3529 858 tempore
3561 789 3701 844 inci—

2117 876 2369 931 dentibus
2411 887 2648 946 sumpta,
2681 886 2735 933 et
2772 893 2912 948 pene
2949 880 3338 947 extemporalis
3377 891 3524 945 sunt,
3555 886 3608 934 et
3645 889 3703 934 ut

2117 978 2229 1023 tum
2273 969 2614 1035 dicebantur,
2651 980 2898 1040 excepta,
2936 981 2987 1027 et
3031 972 3197 1026 multa
3244 971 3538 1042 singularia
3581 986 3702 1042 qua:

2118 1071 2233 1115 tum
2284 1062 2337 1119 in
2383 1063 2548 1132 ipsis,
2581 1073 2690 1118 tum
2740 1064 2884 1120 inter
2930 1065 3221 1121 dicendum
3269 1075 3565 1121 occurrunt
3609 1065 3701 1119 uni

2115 1155 2399 1224 eidemque
2434 1155 2727 1228 contigisse
2764 1157 3121 1222 credendum,
3150 1157 3362 1213 duobus
3398 1168 3454 1211 ut
3486 1157 3702 1212 conlin-

2118 1254 2244 1318 gnnl
2273 1247 2386 1303 ﬁeri
2415 1249 2638 1303 onmino
2670 1264 2776 1303 non
2812 1258 3012 1319 potest,
3038 1261 3093 1304 et
3123 1262 3301 1305 tamen
3338 1265 3619 1306 sermones
3648 1249 3703 1303 hi

2121 1340 2217 1393 toti
2246 1354 2378 1405 lcum
2412 1340 2665 1396 omnibus
2698 1350 2752 1397 et
2784 1342 3015 1412 singulis
3049 1344 3165 1397 suis
3206 1342 3451 1412 partibus
3487 1336 3713 1411 utrique

2118 1434 2450 1489 tribuuntur.
2483 1434 2724 1506 Tangam
2757 1445 3076 1503 argumenta
3109 1435 3288 1506 aliqua
3320 1436 3454 1491 dicis
3485 1450 3648 1490 causa
3684 1453 3698 1490 :

2114 1529 2182 1584 de
2208 1530 2419 1584 caeteris
2441 1544 2561 1600 qua:
2589 1544 2801 1599 possem
2829 1528 3042 1589 alferre,
3070 1544 3299 1597 qumque
3329 1527 3498 1583 lector
3523 1527 3699 1582 animo

2115 1625 2396 1679 advertere
2437 1638 2532 1691 per
2566 1637 2625 1679 se
2660 1632 2867 1691 potest,
2901 1623 3064 1677 faciat
3093 1622 3273 1693 quivis
3304 1621 3696 1693 conjecturam.

2115 1715 2174 1769 lu
2226 1690 2449 1769 humilia
2497 1715 2563 1769 de
2606 1690 2715 1769 lilio
2754 1715 2927 1769 vidnte
2972 1690 3179 1781 (Itomvz‘l.
3206 1710 3281 1780 vt)
3327 1690 3517 1764 auctor
3554 1709 3699 1763 aliud

2115 1807 2217 1861 sibi
2249 1809 2573 1877 prooemium
2604 1808 2938 1877 propositum
2966 1804 3134 1859 fuisse
3160 1803 3312 1863 dicit,
3336 1801 3430 1856 sed
3458 1798 3704 1867 conjecto

2119 1901 2171 1955 in
2225 1909 2433 1969 partem
2481 1900 2632 1954 chori
2684 1900 2963 1954 dexteram
3016 1895 3208 1961 oculo,
3245 1904 3297 1947 et
3349 1893 3478 1947 sede
3523 1890 3706 1944 fratris

2115 1994 2384 2051 demortui
2424 2009 2587 2048 vacua
2623 2002 2937 2063 conspecta,
2975 1998 3039 2047 de
3078 2005 3144 2045 eo
3186 1999 3237 2044 et
3272 1989 3395 2042 vita:
3439 1986 3705 2041 brevitate

2115 2090 2397 2143 exordium
2445 2087 2647 2153 facere,
2686 2096 2740 2142 et
2785 2087 2949 2141 animi
2993 2084 3330 2157 propositum
3380 2091 3616 2145 mutare,
3649 2086 3705 2130 et

2116 2180 2181 2234 ad
2230 2179 2633 2251 lacrymandum
2675 2179 2790 2249 (-ogi
2835 2194 2893 2233 se
2935 2178 3246 2232 confitetur.
3278 2173 3332 2227 ln
3374 2171 3593 2228 homilia
3634 2167 3704 2224 de

2118 2272 2157 2327 S
2205 2272 2493 2329 Pancratio
2523 2272 2737 2343 (homil.
2769 2272 2899 2337 Lvn)
2933 2287 3122 2341 parum
3151 2269 3387 2323 abfuisse
3417 2264 3548 2320 dicit
3571 2262 3701 2332 quin

2117 2373 2240 2434 post
2271 2352 2463 2419 festum
2491 2363 2721 2428 venerit,
2749 2377 2869 2417 cum
2908 2361 3264 2416 maturaverit
3293 2370 3473 2413 tamen
3509 2357 3609 2409 iter
3636 2354 3702 2407 ad

2114 2470 2237 2509 eum
2263 2454 2405 2509 diem
2434 2470 2556 2510 cum
2589 2468 2690 2509 suo
2721 2453 2915 2524 papulo
2938 2452 3360 2516 celebrandum;
3394 2448 3487 2502 sed
3510 2460 3714 2516 quam-

2116 2549 2197 2604 vis
2241 2548 2416 2604 fessus
2464 2558 2519 2602 et
2566 2546 2815 2601 infirmus
2859 2561 2923 2599 ex
2981 2546 3171 2599 itinere
3218 2541 3527 2606 advenerit,
3559 2537 3706 2593 nolle

2118 2654 2294 2698 tamen
2346 2642 2583 2695 sermOni
2635 2641 2841 2695 deesse.
2880 2638 2935 2693 lo
2986 2638 3204 2693 homilia
3257 2638 3323 2690 de
3370 2634 3704 2689 Ceuturione

2118 2735 2328 2805 (Itomil.
2363 2732 2511 2803 κων)
2544 2733 2873 2787 mentionem
2906 2731 3033 2785 facit
3064 2728 3448 2784 controversia:
3475 2720 3698 2796 iudicia-

2120 2830 2232 2892 riae,
2263 2829 2380 2897 ipso
2417 2826 2650 2880 habendi
2689 2826 2958 2881 sermonis
2994 2823 3224 2879 articulo
3257 2822 3359 2876 sibi
3392 2819 3603 2880 oblatm,
3640 2824 3702 2872 ut

2110 2922 2221 2991 jam
2249 2925 2417 2977 ferme
2443 2921 2636 2975 diaboli
2664 2919 2854 2975 fraude
2880 2929 3178 2974 conventus
3202 2916 3362 2969 fuerit
3388 2911 3699 2982 impeditus.

2116 3016 2171 3070 In
2202 3016 2420 3070 homilia
2451 3018 2516 3069 de
2544 3014 2608 3069 iis
2633 3014 2812 3067 verbis
2843 3031 2856 3068 :
2885 3012 3122 3065 Lucerna
3152 3009 3391 3074 corporis
3420 3016 3495 3060 est
3521 3004 3700 3059 oculus

2117 3113 2325 3180 (hornil.
2383 3110 2553 3179 xui),
2613 3111 2901 3163 diaconum
2960 3107 3200 3177 graviter
3255 3105 3502 3170 increpat
3559 3099 3699 3168 quod

2116 3224 2308 3262 somno
2350 3220 2408 3259 se
2443 3203 2676 3274 opprimi
2724 3204 2865 3257 inter
2902 3214 3208 3261 sermonem
3253 3195 3458 3259 siverit,
3494 3202 3548 3248 et
3583 3194 3701 3246 lon-

2122 3301 2324 3368 giorem
2372 3299 2771 3368 perorationem
2810 3310 2875 3349 ex
2917 3304 3158 3359 tempore
3197 3291 3261 3345 de
3303 3302 3495 3343 somno
3535 3285 3703 3342 trahit

2116 3407 2287 3462 eaque
2330 3406 2636 3447 sermonem
2684 3389 2977 3442 ronehulit.
3012 3386 3136 3441 "rec
3179 3392 3232 3437 et
3274 3390 3528 3438 sexcenta
3572 3379 3696 3437 alia,

2115 3503 2234 3557 «pne
2280 3502 2384 3539 non
2432 3484 2609 3539 solum
2657 3484 2710 3537 iu
2764 3482 3088 3550 promminm
3137 3490 3185 3534 et
3231 3472 3698 3547 perorationibus,

2117 3583 2209 3637 sed
2248 3583 2298 3634 in
2334 3580 2451 3649 ipso
2484 3577 2699 3633 dicrndi
2737 3592 2900 3631 cursu
2938 3591 3038 3644 pro
3076 3590 3130 3627 re
3164 3585 3285 3625 nata
3331 3571 3605 3628 diettnlnr,
3635 3579 3698 3616 ett

2120 3687 2388 3746 tempore,
2415 3673 2531 3726 loco
2564 3681 2616 3725 et
2647 3685 2875 3739 perseua
2910 3666 3225 3733 ea'terisque
3256 3658 3700 3716 circumstantiis.

2114 3771 2334 3825 omnino
2358 3768 2611 3822 evincunt
2641 3779 2742 3816 non
2777 3762 3012 3831 potuisse
3037 3761 3134 3813 hos
3163 3770 3441 3811 sermones
3468 3753 3699 3823 plurium

2116 3879 2235 3919 esse
2264 3876 2384 3914 eum
2417 3859 2528 3911 τῶν
2561 3857 2841 3909 ἀδυνάτων
2870 3855 2935 3907 sit
2969 3870 3028 3906 ea
3062 3868 3222 3921 posse
3252 3850 3462 3903 duobus
3488 3849 3705 3901 diverso

2119 3965 2359 4021 tempore
2407 3949 2592 4002 eadem
2637 3947 2875 4001 evenire.
2911 3944 3178 3999 l’rteterea
3227 3957 3422 3995 sensus
3462 3938 3702 4005 explica-

2118 4048 2401 4112 tionesque
2446 4040 2686 4094 auctoris
2727 4038 3024 4092 roncinnnt
3067 4035 3193 4101 sibi,
3227 4044 3279 4088 et
3316 4033 3459 4101 quod
3499 4032 3550 4084 in
3596 4044 3700 4083 una

2117 4141 2355 4199 dictum,
2390 4133 2442 4188 in
2488 4134 2591 4187 alia
2641 4132 2933 4201 repetitur;
2983 4137 3055 4183 et'
3089 4129 3204 4195 ipse
3251 4139 3309 4180 se
3356 4124 3419 4178 ad
3465 4124 3703 4192 seipsum

2117 4233 2302 4293 refert,
2335 4244 2440 4283 non
2477 4242 2600 4282 raro
2627 4242 2747 4296 qua:
2772 4240 2872 4278 nos
2904 4224 2954 4277 in
2987 4222 3129 4277 notis
3157 4221 3492 4287 singularum
3527 4218 3702 4271 homi-

2120 4324 2316 4378 lfarum
2353 4331 2607 4390 tanquam
2642 4314 3024 4373 concordantia
3067 4312 3444 4367 annotavimns
3480 4326 3495 4364 :
3532 4324 3705 4383 caque

2121 4418 2189 4471 ab
2220 4430 2328 4469 uno
2358 4413 2569 4468 artiﬁce
2591 4414 2695 4467 hoc
2719 4425 2854 4480 opus
2885 4418 3045 4478 atque
3068 4409 3135 4461 ab
3161 4422 3264 4460 una
3288 4404 3498 4460 ofﬁcina
3525 4402 3706 4457 exisse

2119 4509 2278 4579 plane
2322 4508 2720 4562 demonstrant.
2756 4502 2893 4557 Cum
2941 4502 3104 4573 igitur
3153 4500 3256 4554 hoc
3303 4506 3454 4552 certo
3501 4496 3704 4550 certius

2119 4600 2424 4673 ponendum
2457 4599 2547 4663 sit,
2576 4610 2772 4652 censeo
2801 4596 2943 4648 hunc
2969 4601 3248 4646 auctorem
3279 4589 3446 4644 fuisse
3468 4585 3705 4642 binomi-

2116 4710 2265 4761 nem,
2289 4702 2343 4748 et
2364 4691 2612 4748 eumdem
2636 4687 3021 4756 Theophanem
3049 4694 3102 4741 et
3126 4682 3445 4755 Gregorium
3471 4680 3701 4742 dictum,

2117 4801 2333 4857 semper
2368 4798 2499 4840 vero
2544 4782 2908 4843 Cerameum,
2946 4776 3087 4847 quod
3132 4790 3199 4830 ex
3252 4787 3524 4829 consensu
3567 4785 3700 4824 mss.

2118 4883 2240 4939 cod.
2310 4886 2524 4938 constat
2566 4876 2725 4940 satis,
2755 4884 2809 4931 et
2850 4874 3099 4930 eumdem
3145 4884 3310 4926 unum
3358 4869 3460 4923 hoe
3502 4879 3704 4939 cogno-

2120 4978 2287 5040 mine,
2312 4974 2405 5029 sed
2431 4970 2633 5041 duplici
2661 4969 2881 5024 nomine
2909 4963 3377 5035 archiepiscopum
3403 4959 3704 5014 Taurome~

2119 5072 2190 5125 nii
2224 5071 2386 5125 fuisse
2416 5087 2429 5123 :
2460 5077 2514 5122 et
2539 5066 2766 5120 alterum
2788 5062 3002 5134 quidem
3032 5073 3226 5115 nomen
3250 5057 3317 5113 ab
3358 5054 3703 5113 incunabulis

2118 5165 2192 5220 illi
2240 5164 2501 5225 inditum,
2548 5158 2778 5214 alterum
2829 5166 3115 5224 postquam
3165 5149 3414 5205 monachi
3459 5148 3700 5205 habitum

2119 5257 2200 5311 vel
2244 5253 2479 5326 episcopi
2534 5265 2729 5305 nnmus
2779 5247 3109 5315 suscepisset
3152 5243 3489 5313 impositum.
3530 5240 3699 5308 Quam

2116 5348 2353 5404 nominis
2380 5345 2859 5400 connnutationem
2888 5355 2993 5394 una
3023 5338 3144 5394 eum
3176 5347 3381 5392 mutato
3402 5337 3529 5390 vita:
3557 5344 3700 5390 statu

2121 5441 2236 5496 fieri
2279 5446 2590 5494 consuetam
2633 5433 2774 5504 apud
2814 5431 3031 5487 Graecos
3068 5430 3381 5485 non'solnm
3416 5442 3481 5482 ex
3517 5427 3701 5482 Theo-

2120 5533 2314 5603 phanis
2346 5530 2516 5585 nostri
2543 5529 2762 5592 srecnlo,
2786 5528 2876 5581 sed
2908 5527 2989 5579 vel
3020 5527 3070 5578 in
3100 5524 3496 5594 antiquissimis
3527 5519 3706 5575 Patri-

2118 5626 2221 5680 bus
2251 5621 2557 5691 exemplum
2595 5621 2875 5675 habemus.
2908 5619 2967 5675 S.
3000 5616 3297 5687 Gregorius
3333 5613 3702 5669 Neoe'esareae

2114 5717 2420 5787 episcopus,
2453 5715 2538 5771 cui
2586 5713 3019 5784 Θαυματουργός
3070 5724 3369 5779 cognomen
3409 5707 3478 5763 ab
3524 5705 3699 5761 admi-

2113 5809 2299 5866 randis
2323 5807 2577 5880 operibus
2605 5806 2804 5862 factum
2833 5814 2938 5870 est,
2960 5804 3277 5861 Theodorus
3306 5812 3486 5867 antea,
3513 5814 3699 5873 postea
3744 5830 3761 5841 κ

2112 5901 2407 5976 Gregorius
2436 5909 2519 5959 est
2546 5900 2875 5972 appellatus;
2907 5900 3049 5972 quod
3080 5907 3345 5956 testantur
3368 5912 3558 5953 omnes
3587 5895 3702 5951 fere
