4122 6414
422 374 497 437 85
1395 375 1796 438 FRANCISCI
1841 376 2025 437 SCOR

2150 372 2584 436 PRO(EMlUM
2620 375 2706 436 Ιῐ.
3639 365 3712 432 86

427 493 522 561 qui
584 495 651 548 de
715 488 783 548 eo
840 495 1132 564 scripsere.
1191 493 1248 549 S.
1305 494 1666 567 llieronymus
1731 496 1784 550 in
1845 496 2017 552 Catal.

430 587 762 656 scriptorum
798 589 990 643 eccles.
1029 589 1082 644 iu
1119 587 1393 644 Theodoro
1425 591 1500 644 sic
1535 591 1611 645 ait
1644 609 1656 644 :
1693 589 2018 658 Theodorus,

426 683 520 745 qui
572 691 752 749 postea
807 679 1099 753 Gregorius
1151 685 1450 754 appellatus
1505 694 1611 749 est,
1663 683 2025 739 Neocresarerc

435 772 599 828 Ponti
627 776 922 845 episcopus,
951 787 1055 831 etc.
1087 777 1349 832 Eusebius
1377 777 1638 848 Pamphili
1672 776 2023 831 Cmsariensis

429 867 529 920 lib.
572 884 590 922 1
641 868 786 921 Hist.
823 869 954 924 eccl.
994 889 1012 924 :
1061 871 1218 925 Ponti
1270 871 1537 924 Ecclesias
1585 869 1904 939 Gregorius,
1935 870 2023 936 qui

427 961 585 1027 prius
627 959 935 1016 Theodorus
978 973 1056 1017 est
1101 964 1295 1028 dictus,
1329 980 1392 1018 ea:
1437 961 1674 1033 Origenis
1719 961 2019 1030 discipulis,

429 1072 551 1107 cum
592 1055 761 1124 fratre
802 1055 1138 1109 Athenodoro
1178 1057 1553 1126 gubernandas
1595 1057 1842 1121 suscepit.
1875 1053 2020 1107 Idem

427 1156 484 1198 et
518 1147 740 1211 Suidas,
765 1147 924 1216 cujus
948 1149 1113 1202 verba
1144 1149 1332 1204 eadem
1370 1148 1481 1203 fere
1506 1165 1624 1217 qtue
1654 1147 2018 1218 superiorum.

430 1234 508 1289 De
547 1235 755 1292 Latinis
791 1237 924 1292 nihil
963 1239 1245 1309 attingam,
1281 1241 1372 1310 qui
1409 1241 1623 1295 duobus
1666 1239 2022 1310 pluribusque

426 1329 748 1384 nominibus
778 1332 914 1395 noti,
937 1333 1093 1387 modo
1125 1347 1255 1395 uno,
1277 1333 1436 1386 modo
1462 1332 1632 1387 altero
1659 1332 1807 1386 citati
1836 1331 2022 1402 legun-

429 1433 542 1476 tur.
563 1422 630 1488 Q.
657 1423 968 1480 Florentius
990 1424 1281 1494 Septimius
1301 1425 1695 1493 Tertullianus;
1718 1425 2020 1496 Cyprianus

427 1513 665 1567 alterum
687 1529 880 1569 nomen
900 1515 1175 1570 Caecilium
1197 1533 1222 1569 a
1243 1517 1458 1572 Caecilio
1479 1518 1792 1588 presbytero
1821 1559 1834 1582 ,
1861 1532 1888 1570 a
1913 1531 2020 1586 quo

429 1605 705 1672 baptismo
743 1607 1024 1674 lustratus,
1062 1609 1161 1663 sibi
1209 1609 1488 1680 adjunxit;
1533 1607 1848 1678 Fulgentius
1879 1609 2018 1663 idem

424 1705 478 1747 et
507 1695 788 1752 Pluciades
812 1699 987 1753 dictus
1021 1717 1035 1754 :
1066 1700 1192 1765 hos,
1227 1701 1469 1770 inquam,
1503 1711 1553 1756 et
1589 1701 1724 1756 alios
1771 1703 1961 1757 omitto
2000 1719 2016 1768 ;

424 1790 608 1843 solum
637 1805 702 1844 ex
727 1791 1073 1860 Theophanis
1105 1795 1272 1848 nostri
1299 1795 1382 1849 vel
1409 1809 1528 1848 eum
1565 1795 2021 1864 consequentibus

425 1883 647 1938 smcnlis
676 1882 986 1939 Gra'corum
1045 1886 1238 1942 iterum
1300 1897 1615 1958 argumenta
1683 1890 2018 1958 depromam.

428 1976 493 2028 S.
530 1975 795 2047 lguatium
846 1977 1206 2047 patriarcham
1261 1979 1678 2050 Constantinop.
1732 1991 2018 2052 antequam

426 2069 686 2122 monachi
732 2070 898 2123 vitam
946 2070 1140 2137 iniret,
1175 2070 1422 2127 Nicetam
1467 2073 1794 2144 appellatum
1821 2113 1836 2138 ,
1870 2081 1924 2128 et
1966 2073 2020 2126 in

425 2161 582 2214 aditu
619 2162 889 2232 religiosae
921 2166 1044 2218 vita:
1078 2165 1129 2219 id
1163 2181 1358 2222 nomen
1398 2167 1448 2220 in
1487 2166 1751 2237 lgnatium
1795 2167 2021 2221 submu-

427 2261 579 2306 tasse
605 2263 794 2307 auctor
816 2265 896 2309 est
925 2254 1143 2312 Nicetas
1171 2257 1336 2312 David
1364 2260 1416 2312 in
1441 2259 1559 2328 ejus
1587 2257 1701 2312 Vita
1729 2275 1742 2313 :
1771 2258 2022 2328 Νικήτας

425 2346 489 2397 δὲ
529 2346 892 2416 ἀποκείρεται
943 2348 1075 2419 μὲν,
1124 2351 1218 2404 καὶ
1265 2350 1428 2414 αὐτὸς
1477 2352 1735 2419 Ἰγνάτιος
1783 2350 2020 2421 μετωνό-

429 2455 665 2507 μασται.
709 2437 924 2495 Nicelas
962 2441 1210 2497 tondetur
1240 2444 1483 2508 quidem,
1516 2455 1562 2497 et
1598 2446 1734 2497 idem
1770 2445 1825 2498 in
1861 2444 2022 2512 Igna-

427 2532 565 2583 tium
617 2533 836 2587 mutarit
889 2551 1098 2589 nomen.
1135 2535 1301 2589 Paulo
1355 2546 1508 2606 post,
1546 2538 1636 2592 ubi
1689 2537 1756 2590 de
1804 2552 1870 2592 eo
1909 2537 2020 2607 jam

428 2625 705 2678 monacho
727 2627 968 2680 scribere
1002 2628 1188 2697 incipit
1223 2648 1237 2682 :
1269 2629 1537 2701 Νικήτας,
1571 2631 1598 2683 6
1639 2630 1731 2684 καὶ
1761 2631 2021 2699 Ἰγνάτιος

424 2711 522 2769 οἵά
558 2735 646 2780 τις
691 2719 1081 2785 εὐγενέστατος
1127 2721 1306 2792 ὅρπηξ
1353 2725 1410 2775 ὲν
1451 2723 1527 2792 τῷ
1571 2723 1706 2794 οἴκῳ
1747 2723 1843 2775 τοῦ
1884 2722 2019 2776 Θεοῦ

429 2809 752 2875 φυτευθείς.
789 2809 1029 2875 Nic-etas,
1061 2813 1151 2883 qui
1195 2822 1244 2866 et
1286 2812 1548 2883 Ignotius,
1576 2815 1738 2868 veluti
1777 2816 2020 2868 surculus

428 2902 654 2971 quidam
682 2903 1041 2958 nobilissimus
1072 2907 1122 2958 in
1150 2907 1306 2959 domo
1335 2906 1429 2960 Dei
1457 2907 1752 2974 plantatus.
1779 2909 2018 2961 Alterum

428 2995 746 3065 exemplum
776 2997 948 3051 habeo
976 2996 1217 3065 ejusdem
1251 3000 1509 3068 temporis
1531 3017 1594 3054 ex
1620 3001 1808 3056 eodem
1835 2999 2020 3055 Niceta

436 3090 612 3143 David
661 3090 887 3156 petitum
932 3090 1022 3160 qui
1072 3091 1138 3145 de
1188 3092 1359 3158 ipsius
1404 3093 1577 3147 sancti
1625 3094 1813 3164 lgnatii
1854 3095 2022 3150 fratre

429 3178 847 3251 Theophylacto
878 3181 1018 3235 idem
1054 3190 1290 3236 testatur
1319 3200 1334 3238 :
1366 3183 1586 3236 Τούτων
1639 3184 2020 3254 Θεοφύλακτος

434 3274 541 3343 μὲν
571 3275 601 3326 ὁ
624 3273 840 3328 πάντων
866 3275 1213 3344 πρωτότοκος
1245 3274 1364 3345 ἅμα
1389 3277 1502 3340 τοῖς
1530 3277 1804 3347 πατράσιν
1831 3278 2018 3343 αὐτοῦ,

432 3367 532 3418 καὶ
561 3365 844 3434 βασιλεῦσι
867 3367 990 3420 τότε
1018 3368 1348 3438 κειράμενος
1378 3369 1456 3432 εἰς
1487 3369 1820 3441 Εὐστράτιον
1846 3387 2022 3440 μετω·

430 3457 708 3528 νομὰσοη.
732 3457 936 3513 [lorum
955 3457 1370 3531 Tlteophylaetus
1389 3461 1768 3531 primogenitus
1791 3462 2020 3515 omnium

432 3570 544 3606 una
581 3571 699 3606 cum
729 3555 969 3622 patribus
1007 3557 1120 3608 suis
1157 3564 1204 3608 et
1237 3555 1644 3624 imperatoribus
1683 3553 2020 3625 (Michaelcm

430 3646 825 3714 Curopalatattt
855 3655 911 3702 et
936 3645 1251 3716 Procopiam
1289 3646 1568 3714 utriusque
1592 3655 1846 3715 parentes
1867 3653 2026 3700 vocat

436 3740 800 3807 imperatores
841 3742 906 3794 de
947 3739 1143 3810 quibus
1190 3755 1352 3809 supra
1400 3737 1634 3810 dixerat)
1681 3746 1922 3792 attonsus
1969 3739 2024 3791 in

438 3833 779 3887 Eustratium
811 3850 996 3887 nomen
1027 3833 1269 3886 mutarit.
1296 3833 1371 3886 Ex
1403 3831 1736 3901 temporibus
1764 3833 2028 3900 posterio-

435 3927 596 3980 ribus
626 3926 928 3993 exemplum
969 3927 1157 3980 subest
1188 3926 1240 3980 in
1273 3926 1535 3996 Gregorio
1570 3925 1879 3990 Scholario,
1910 3925 2028 3980 viro

434 4020 587 4073 inter
636 4017 854 4073 Grrecos
905 4019 1341 4090 sapientissimo,
1371 4022 1462 4090 qui
1511 4021 1825 4075 Gennadius
1869 4031 2026 4074 antea

437 4124 670 4167 vocatus
707 4115 936 4167 mutavit
978 4129 1176 4168 nomen
1222 4124 1533 4186 assumptus
1573 4115 1638 4169 ad
1686 4115 2028 4184 patriarcha-

441 4219 555 4259 tnm
588 4204 719 4274 CP.,
752 4207 892 4276 quod
924 4206 1116 4261 scribit
1147 4206 1506 4263 Bellarmiuus
1537 4223 1703 4278 opere
1732 4208 1808 4262 De
1839 4211 2026 4280 script.

436 4298 654 4363 eccles.,
682 4301 830 4367 cujus
859 4312 1099 4371 quatuor
1121 4301 1397 4356 orationes
1423 4303 1488 4358 de
1517 4318 1647 4370 pace
1675 4319 1774 4372 pro
1799 4306 2030 4359 concilio

443 4396 688 4451 Floreat.
714 4397 765 4450 in
800 4395 904 4460 line
934 4397 1176 4466 ejusdem
1208 4397 1479 4467 leguntur.
1504 4397 1672 4454 Multa
1701 4400 1804 4454 alia
1832 4415 2032 4470 snppe-

441 4498 630 4543 terent
660 4489 904 4556 exempla
947 4489 1109 4558 hujus
1145 4487 1456 4544 Grateorum
1496 4491 1662 4558 ritus;
1700 4493 1791 4548 sed
1823 4510 1887 4549 ea
1915 4510 2033 4564 quae

445 4581 642 4635 induxi
678 4580 812 4634 satis
847 4580 1180 4649 probabilem
1222 4593 1463 4638 nostram
1503 4585 1875 4654 conjecturam
1916 4588 2034 4642 elli-

441 4675 620 4736 ciunt,
649 4673 1032 4742 Theophanem
1076 4685 1318 4729 nostrum
1361 4677 1443 4731 vel
1483 4691 1736 4748 suscepto
1780 4682 2034 4738 monachi

448 4766 668 4832 habitu,
702 4765 782 4819 vel
827 4767 892 4819 ad
934 4765 1175 4836 episcopi
1219 4767 1536 4837 dignitatem
1579 4781 1826 4826 evectum
1869 4791 2033 4828 unttm

447 4872 653 4913 nomen
682 4872 801 4910 cum
829 4859 1000 4913 altero
1028 4869 1410 4925 commutasse,
1438 4871 1488 4914 et
1516 4872 1626 4915 tanr
1647 4863 2033 4934 Theophanem

447 4966 620 5023 quam
663 4949 986 5019 Gregorium
1030 4949 1273 5019 ejusdem
1321 4944 1617 5022 seriptoris
1651 4971 1768 5010 esse
1814 4973 2033 5021 nomen,

449 5046 707 5114 quamvis
753 5046 820 5097 ab
865 5044 929 5097 iis
979 5045 1067 5111 qui
1117 5045 1234 5110 eius
1281 5047 1616 5114 CSSCt'lpSCI't‘.
1666 5049 1944 5110 hoinilias.
1983 5060 2040 5104 ut

452 5143 600 5208 apttd
642 5148 884 5206 poslcros
924 5148 1309 5207 perennat-cut.
1347 5153 1488 5195 nunc
1531 5157 1637 5195 uno
1682 5159 1825 5196 nunc
1865 5145 2036 5198 altero

457 5243 714 5297 vocetur;
763 5246 976 5301 semper
1023 5241 1199 5286 autem
1248 5243 1302 5285 et
1338 5235 1779 5288 eruistantissitne
1824 5238 2038 5304 utrique

454 5325 664 5380 nomini
699 5323 939 5379 Ceramei
966 5333 1021 5377 et
1047 5324 1441 5392 archiepiscopi
1465 5324 1814 5381 Tauromenii
1840 5345 2038 5398 coguoo

457 5433 586 5472 men
635 5427 690 5472 et
743 5418 934 5473 titulus
985 5428 1110 5473 sunt
1161 5419 1340 5472 allixa.
1381 5418 1498 5472 Jam
1544 5435 1675 5474 vero
1724 5421 2036 5490 episcopum

453 5522 703 5565 nostrum
757 5522 920 5566 antea
981 5511 1232 5564 tntniaclii
1289 5510 1451 5564 vitam
1509 5510 1675 5565 fuisse
1734 5514 2038 5583 professum

455 5615 665 5659 certum
712 5615 797 5662 est
846 5604 1015 5670 mihi,
1054 5615 1106 5658 et
1152 5606 1323 5659 cuivis
1369 5605 1553 5670 debet,
1589 5607 1679 5673 qni
1729 5607 2037 5662 Graecorum

457 5713 686 5764 morem,
717 5716 919 5754 eorum
961 5708 1106 5751 corte
1149 5708 1477 5769 temporum,
1511 5698 1742 5761 noverit,
1779 5714 1884 5753 non
1939 5701 2039 5754 nisi

455 5807 527 5846 ex
573 5794 848 5849 monachis
893 5791 1178 5861 episcopos
1226 5791 1516 5862 deligendi,
1551 5793 1692 5860 quod
1740 5807 1843 5845 non
1887 5793 2042 5847 modo

463 5893 517 5939 tn
554 5883 610 5939 S.
644 5883 852 5957 lgnatio
879 5899 1010 5940 vero
1042 5883 1349 5953 patriarcha
1381 5883 1583 5940 factum
1617 5897 1778 5953 supra
1807 5883 2041 5940 diximus

2131 511 2197 550 ex
2232 496 2416 552 Niceta
2447 498 2636 563 David,
2666 497 2760 552 sed
2791 506 2842 551 et
2872 496 2985 568 ipse
3013 495 3242 552 Pbotius
3275 496 3364 578 qui
3396 513 3460 551 ex
3491 495 3636 552 laico
3661 498 3712 551 in

2128 592 2455 660 patriarchae
2503 593 2794 656 thronum,
2839 593 3127 648 deturbato
3180 607 3276 661 per
3319 592 3427 646 vim
3485 593 3601 661 ipso
3653 591 3717 646 S.

2127 682 2366 754 lgnatio,
2397 686 2689 755 derepente
2723 685 2949 751 insiliit,
2990 695 3050 740 ut
3085 695 3264 740 tamen
3301 695 3354 738 et
3388 685 3626 753 legitime
3659 692 3714 737 et

2127 793 2191 831 ex
2228 779 2332 831 ritu
2379 778 2554 832 lamus
2593 779 2865 834 videretur
2894 780 3214 850 episcopus:
3249 780 3450 851 Πρὼτῃ
3499 767 3707 848 ήμέτέᾳ.

2127 871 2294 939 inquit
2325 870 2462 926 idem
2487 870 2724 935 Nicetas,
2751 874 2982 944 μοναχδς
3005 873 3127 927 ἀντὶ
3154 872 3368 932 λαῖκοῦ.
3389 875 3453 942 τῇ
3480 870 3712 940 δευτέρᾳ.

2125 962 2180 1016 δὲ
2204 962 2583 1036 ἀναγνώστης,
2609 965 2702 1019 καὶ
2733 965 3088 1028 ὑποδιάκονος
3111 969 3177 1037 τῇ
3205 966 3352 1036 ἑξῆς,
3375 961 3495 1018 εἶτα
3526 963 3711 1017 διάκο-

2124 1072 2238 1120 νος,
2263 1053 2382 1110 εἶτα
2409 1057 2806 1128 πρεσϐύτερος,
2833 1058 3026 1112 ἔπειτα
3053 1062 3120 1129 τῇ
3149 1058 3283 1128 ἕκτῃ
3316 1060 3412 1111 καὶ
3441 1057 3603 1119 αὐτὸς
3634 1054 3710 1124 τῷ

2127 1149 2388 1220 ἱερατικῷ
2422 1150 2669 1220 προσῦὰς
2705 1149 2901 1220 θρόνῳ,
2933 1162 3037 1206 etc.
3073 1149 3213 1204 Nam
3253 1153 3421 1220 primo
3461 1149 3545 1203 a'ie
3591 1165 3707 1201 mo-

2126 1242 2326 1296 nachus
2358 1260 2422 1297 ea:
2451 1237 2614 1309 laico",
2646 1245 2813 1298 altero
2846 1246 3024 1308 lector,
3061 1254 3169 1297 tum
3203 1245 3616 1314 hypodiaconus,
3646 1257 3709 1294 ac

2079 1365 2095 1372 ς
2125 1335 2406 1402 diaconus,
2438 1347 2485 1390 et
2517 1337 2820 1407 presbyter;
2859 1345 3009 1391 sexto
3049 1337 3236 1390 deinde
3266 1345 3312 1389 et
3350 1335 3460 1404 ipse
3495 1349 3708 1387 sacrum

2125 1429 2474 1480 conscendens
2504 1429 2763 1488 tribunal,
2786 1438 2892 1482 etc.
2921 1426 3102 1482 Habeo
3131 1435 3388 1496 praiterea
3422 1424 3706 1493 epistolam

2123 1518 2365 1586 ejusdem
2400 1519 2579 1575 Pbotii
2617 1521 2671 1576 in
2706 1521 2947 1575 Siciliam
2984 1522 3280 1590 scriptam,
3310 1519 3466 1588 cujus
3514 1518 3706 1571 inscri-

2122 1611 2254 1681 ptio,
2288 1613 2552 1684 Θεοφάνει
2587 1615 2895 1684 μονάζοντι,
2930 1630 3089 1684 quem
3123 1615 3296 1683 ipsum
3327 1612 3707 1679 Theophanem

2126 1715 2368 1760 nostrum
2439 1721 2563 1762 esse
2628 1723 2692 1762 ex
2759 1709 2968 1762 ratione
3041 1717 3341 1774 tempormn
3417 1705 3710 1770 multisque

2123 1808 2360 1854 astruam
2405 1801 2762 1872 conjcclttris,
2795 1802 3152 1870 eamdemque
3188 1801 3327 1853 dabo
3364 1797 3503 1851 infra
3546 1797 3573 1863 ᾗ
3619 1812 3707 1848 se-

2100 1891 2329 1958 ‘quenti.
2365 1890 2516 1946 lianc
2560 1893 3006 1950 consuetudinem
3056 1893 3290 1946 retinent
3337 1891 3498 1943 etiam
3550 1887 3708 1940 hodie

2124 1983 2322 2052 Graeci,
2351 1995 2408 2041 ut
2435 2002 2500 2042 ex
2535 1988 2924 2044 monachorum
2957 1994 3098 2043 C(Bltl
3131 1988 3412 2055 episcopos
3443 1982 3706 2052 deligant.

2123 2088 2178 2135 et
2242 2096 2438 2137 nomen
2502 2082 2558 2143 in
2623 2081 2962 2152 professione
3012 2083 3135 2134 vitae
3197 2079 3510 2133 monasticae
3563 2075 3706 2129 sub—

2126 2184 2366 2239 mutent;
2403 2177 2546 2246 quod
2579 2191 2646 2231 ex
2682 2176 2813 2246 ipsis
2843 2183 3056 2246 egomet
3083 2189 3176 2229 ore
3208 2181 3462 2227 testatum
3500 2168 3706 2234 accepi.

2123 2269 2394 2324 Addidere
2429 2285 2559 2326 vero
2600 2271 2666 2325 ad
2709 2269 3151 2327 consuetudinem
3195 2268 3475 2335 antiquam
3517 2265 3708 2318 obser-

2124 2363 2397 2419 vationem
2426 2379 2646 2427 novam,
2674 2373 2733 2418 ut
2762 2363 2949 2418 eadem
2982 2363 3158 2418 littera
3195 2368 3485 2427 utrumque
3513 2373 3708 2412 nomen

2125 2457 2490 2528 incipiendum
2535 2458 2639 2522 sit,
2673 2465 2784 2511 tum
2819 2465 2977 2511 vetus
3015 2464 3127 2509 tum
3167 2470 3384 2510 novum.
3421 2453 3526 2508 Sed
3568 2452 3711 2504 hunc.

2125 2567 2231 2604 non
2259 2551 2425 2606 fuisse
2451 2566 2657 2606 morem
2684 2551 3026 2618 superiorum
3059 2558 3362 2618 temporum
3387 2545 3499 2614 jam
3528 2559 3713 2599 exeru-

2124 2642 2214 2712 plo
2242 2643 2413 2712 ipsius
2448 2640 2507 2698 S.
2537 2642 2732 2710 lgnatii
2767 2625 3004 2705 constat,
3033 2640 3188 2708 cujus
3216 2637 3436 2694 nomina
3470 2634 3707 2701 Nicetas,

2124 2749 2177 2793 et
2222 2737 2484 2808 lgnatius,
2520 2737 2646 2790 illud
2688 2735 3083 2806 primogenium
3130 2735 3231 2788 hoc
3273 2733 3524 2786 ascitum.
3557 2731 3709 2796 Quod

2125 2841 2178 2886 et
2206 2831 2440 2887 advertit
2465 2829 2723 2887 Octavius
2755 2830 3029 2885 Caetanus
3063 2828 3116 2883 in
3156 2827 3375 2884 schedis
3410 2841 3541 2882 mss.
3575 2840 3711 2893 quas

2125 2940 2224 2993 ego
2281 2925 2402 2994 legi.
2446 2923 2563 2980 Non
2596 2924 2758 2994 igitur
2807 2938 2871 2978 ex
2926 2924 3026 2978 hac
3075 2935 3280 2990 nupera
3334 2919 3713 2975 observatione

2125 3018 2472 3084 Graecorum,
2507 3017 2596 3072 vel
2641 3025 2791 3074 certe
2841 3033 2945 3073 non
2997 3017 3267 3071 constanti
3320 3014 3713 3070 consuetudine

2126 3113 2490 3168 inlirmabitur
2519 3121 2707 3168 nostra
2738 3111 3078 3180 conjectura,
3106 3109 3148 3164 si
3179 3107 3425 3177 Gregorii
3455 3115 3509 3160 et
3535 3104 3713 3160 Theo-

2124 3205 2323 3276 phanis
2375 3206 2596 3260 nomina
2649 3205 2894 3261 eamdem
2947 3203 3186 3258 litteram
3248 3200 3550 3269 principem
3603 3213 3709 3251 non

2127 3297 2384 3352 habeant.
2439 3296 2516 3351 De
2590 3295 2750 3350 tertio
2816 3293 3072 3358 nomine,
3128 3293 3215 3347 cui
3285 3291 3564 3358 inscriptae
3630 3287 3711 3341 hac

2127 3391 2391 3455 homilim,
2430 3390 2686 3445 nimirum
2745 3389 2992 3458 Philippo
3039 3385 3346 3448 Ceramita,
3382 3398 3553 3453 pauca
3598 3379 3710 3449 jam

2129 3483 2324 3538 dicam.
2376 3484 2551 3550 Atque
2621 3483 2672 3536 in
2744 3479 2936 3551 primis
3002 3479 3103 3532 hoc
3173 3489 3371 3531 nomen
3441 3475 3494 3527 in
3564 3472 3712 3527 nullo

2128 3576 2313 3637 codice
2378 3576 2811 3642 manuscriptum
2871 3574 2970 3642 legi
3025 3588 3212 3627 eorum
3260 3587 3397 3640 quos
3445 3569 3709 3623 hactenus

2128 3677 2344 3720 exstare
2405 3666 2642 3734 comperi
2699 3668 2751 3720 in
2803 3665 3145 3718 bibliothecis
3206 3664 3464 3730 Europae,
3517 3658 3713 3726 quibus

2128 3756 2470 3824 potissimum
2533 3756 2662 3810 fides
2717 3753 3000 3818 habenda;
3060 3766 3234 3818 neque
3289 3763 3417 3801 vero
3478 3748 3529 3800 in
3599 3745 3716 3797 im~

2131 3850 2333 3920 pressis
2399 3850 2726 3918 scriptorum
2788 3846 2977 3910 libris,
3040 3855 3400 3913 pratterquam
3466 3840 3517 3890 in
3591 3837 3712 3891 idea

2131 3945 2343 4003 Octavii
2387 3943 2640 4005 Caetani,
2673 3951 2728 3996 et
2768 3942 2819 3993 in
2866 3939 3092 3995 eleneho
3131 3939 3324 3992 harum
3372 3933 3714 3988 homiliarum

2134 4055 2268 4094 tnss.
2329 4052 2487 4106 quem
2545 4034 2782 4105 reliquit.
2820 4031 2951 4100 Quae
3007 4047 3128 4086 cum
3189 4030 3391 4085 eaedem
3445 4028 3555 4081 sint
3600 4039 3714 4078 om-

2135 4133 2260 4186 nino
2316 4139 2478 4198 atque
2533 4128 2638 4181 illae
2691 4140 2809 4194 quae
2859 4123 2972 4192 jam
3017 4119 3356 4191 Theophani,
3406 4117 3516 4188 jam
3577 4115 3715 4170 Gre—

2136 4224 2288 4292 gorio
2344 4223 2394 4276 in
2432 4220 2646 4276 caeteris
2714 4233 2846 4272 mss.
2899 4215 3301 4284 exemplaribus
3347 4211 3716 4268 ascribuntur,

2139 4328 2320 4371 tamen
2383 4313 2690 4382 Philippum
2737 4309 3062 4362 Ceramitam
3099 4315 3377 4361 auctorem
3428 4301 3719 4372 praeferunt

2140 4413 2190 4464 in
2253 4408 2484 4478 quodam
2548 4419 2680 4460 mss.
2737 4402 2878 4457 libro
2947 4401 3037 4469 qui
3085 4398 3303 4453 oblatus
3340 4393 3441 4449 fuit
3491 4394 3720 4448 Octavio

2137 4503 2379 4556 Caetano
2437 4497 2700 4551 Messanae
2758 4509 2882 4547 cum
2941 4499 3085 4546 esset
3133 4505 3160 4543 a
3221 4487 3437 4541 Meletio
3482 4485 3718 4554 quodam

2138 4591 2458 4647 Atheniensi
2489 4587 2754 4643 monacho
2787 4600 2852 4640 ex
2883 4584 3074 4638 ordine
3121 4581 3178 4637 S.
3237 4580 3418 4634 Basilii
3446 4579 3499 4632 in
3534 4589 3721 4633 mante

2142 4689 2362 4748 Sancto,
2411 4683 2501 4753 qui
2532 4698 2597 4736 ex
2635 4679 2856 4733 Oriente
2905 4676 3032 4730 illuc
3074 4673 3380 4742 appulerat.
3434 4669 3539 4725 Sed
3593 4685 3716 4723 cum

2142 4770 2282 4822 nulla
2336 4767 2436 4819 alia
2487 4765 2831 4825 auctoritate,
2883 4759 3028 4811 nullo
3093 4756 3403 4811 testimonio
3449 4754 3563 4806 hazc
3645 4754 3721 4806 in-

2139 4861 2363 4930 scriptio
2398 4857 2666 4917 fulciatur,
2696 4869 2856 4923 quam
2885 4849 3044 4917 hujus
3080 4849 3226 4914 libri,
3272 4847 3528 4902 existimo
3574 4846 3720 4899 hunc

2141 4955 2443 5022 Philippum
2501 4949 2665 5002 fuisse
2716 4945 3063 5000 collectorem
3117 4944 3309 4996 harum
3355 4940 3726 4997 bomiiiarutu,

2145 5049 2224 5100 vel
2251 5048 2314 5100 iis
2337 5043 2729 5114 posterioribus
2763 5037 2976 5093 saeculis
3010 5051 3190 5098 nsum,
3217 5048 3379 5103 atque
3431 5032 3565 5086 adeo
3614 5032 3725 5084 col-

2145 5134 2790 5205 lei-tm-isotexeriptoris
2839 5146 3032 5185 numen
3084 5132 3138 5185 in
3192 5126 3432 5183 auctoris
3482 5127 3724 5196 germani

2146 5233 2428 5288 transiisse
2461 5248 2474 5283 :
2507 5230 2649 5298 quod
2678 5242 2816 5296 saepe
2854 5225 2966 5280 ﬁeri
3008 5224 3233 5286 assolet,
3279 5232 3336 5278 ut
3361 5237 3482 5277 cum
3526 5219 3726 5275 collec-

2146 5340 2290 5382 tores
2318 5339 2540 5394 opermn
2571 5322 2901 5393 posteriores
2935 5335 3128 5374 nomen
3173 5333 3329 5373 suum
3392 5317 3443 5368 in
3487 5315 3552 5368 iis
3607 5329 3725 5381 qua:

2145 5420 2478 5488 collegerunt
2514 5414 2971 5487 praescripserit”,
3010 5413 3139 5468 illud
3175 5423 3428 5479 tanquam
3468 5406 3728 5459 auctorils

2148 5515 2337 5569 deinde
2367 5512 2529 5579 vulgo
2554 5510 2839 5580 prodatur.
2883 5509 2958 5562 Ita
2992 5506 3266 5561 Anastasii
3321 5498 3726 5556 Bibliothecarii

2154 5607 2282 5661 Viue
2309 5603 2630 5659 Pontiﬁcum
2658 5618 2778 5659 esse
2801 5604 3079 5666 dicuntur,
3110 5613 3244 5668 quas
3281 5606 3460 5648 tamen
3501 5593 3567 5645 ab
3609 5591 3731 5646 aliis

2146 5700 2378 5768 scriptas
2403 5699 2518 5766 ipse
2548 5697 2828 5771 redegitin
2866 5695 3140 5748 volumen.
3197 5690 3272 5742 lta
3317 5686 3451 5741 Vitae
3507 5683 3728 5738 Patrum

2146 5795 2207 5849 P.
2271 5790 2566 5847 llereberto
2607 5789 2829 5845 Rosvidi
2879 5787 3005 5842 Soc.
3049 5795 3273 5848 nasute,
3327 5794 3460 5852 quas
3509 5779 3624 5848 ipse
3661 5791 3732 5828 ex

2151 5885 2342 5941 multis
2367 5885 2643 5952 variisque
2674 5877 3031 5950 scriptoribus
3063 5876 3120 5933 in
3152 5888 3318 5932 unum
3343 5869 3574 5930 contulit
3605 5879 3729 5922 cor-
