4122 6418
1736 150 1773 177 /

362 312 401 343 “
445 320 512 380 87
1432 334 1833 399 FRANCISCI
1875 341 2021 407 SCO.‘

2125 345 2144 403 [
2184 346 2615 416 ΡΒοίΕΜΙΙῙΜ
2670 357 2754 418 Ii.
3641 370 3706 436 88

448 450 548 504 pus
583 448 920 508 :cognbmen
950 459 1079 501 vero
1106 447 1199 500 tot":
1244 450 1568 520 Κεραμὶτου
1620 453 1871 524 Philippo
1933 458 2026 512 ad-

445 531 636 595 ditum,
667 536 807 601 quod
855 537 994 592 idem
1041 555 1096 595 re
1154 552 1205 595 et
1256 557 1419 599 sensu
1477 554 1559 599 cst
1583 562 1644 597 ac
1693 549 2025 619 Κεραμέως,

447 630 509 673 nt.-
564 637 724 692 snpra
781 627 956 698 attigi.
1010 631 1061 684 in
1112 632 1420 698 opinionem
1486 651 1570 691 me
1616 639 1837 692 adducit
1881 640 2026 695 hunc

445 710 750 782 Philippum
777 732 840 771 ex
873 719 1058 772 eadem
1093 718 1258 775 fuisse
1291 725 1447 776 domo
1482 739 1544 778 ac
1602 734 1759 793 gente
1807 744 1872 782 ac
1932 744 2024 782 no—

443 812 612 858 strum
641 805 1020 877 Theophanem
1050 812 1337 881 Κεραμέα.
1363 813 1496 869 Nam
1533 831 1727 871 nomen
1762 820 1865 873 hoc
1894 835 2023 873 esse

449 895 663 949 familia:
697 899 1025 967 probabilius
1061 903 1190 956 tnihi
1213 904 1421 958 videtur
1442 922 1601 975 quam
1627 907 1811 976 patria:
1839 926 1851 962 :
1879 911 2022 978 quod

450 990 602 1043 video
639 992 916 1048 nonnullis
950 995 1142 1049 amicis
1182 999 1316 1051 meis
1351 1000 1576 1055 eruditis
1628 1018 1692 1057 ac
1746 1002 2017 1056 nobilibus

448 1082 580 1137 viris
615 1081 1016 1137 Panormitanis
1051 1085 1261 1153 placere
1296 1105 1308 1140 :
1347 1088 1539 1142 vellent
1567 1092 1711 1144 enim
1748 1093 1796 1146 hi
1843 1091 2020 1147 Theo-

442 1173 670 1240 phanem
698 1174 1015 1231 Cerameum
1054 1180 1253 1232 dictum
1283 1180 1350 1234 ab
1408 1183 1605 1250 oppido
1653 1187 1798 1255 quod
1857 1186 2014 1243 hodie

2134 465 2275 529 apud
2302 463 2577 526 Romanos
2617 470 2878 529 Lentulus
2909 475 3185 546 Spenthir,
3221 480 3458 538 Licinius
3487 483 3707 554 Calvus,

2128 555 2386 617 Aimilius
2420 560 2639 628 Paulus,
2673 564 2960 624 Cornelius
2992 571 3177 639 Scipio
3224 573 3425 642 dictus,
3476 577 3545 632 de
3587 581 3700 646 qui-

2127 642 2227 697 bus
2257 649 2674 713 cognominibus
2710 668 3006 724 eorumque
3040 660 3252 730 origine
3293 662 3503 735 longius
3530 642 3702 724 disse-

2128 735 2197 789 rit
2237 735 2492 807 Sigonius
2531 741 2668 795 libro
2697 743 2770 799 De
2800 746 2956 814 factis
2996 751 3381 819 consularibus,
3437 759 3700 822 opusculo

2130 828 2203 884 De
2226 834 2521 913 nominibus
2547 834 2903 893 Romanorum
2936 843 3197 913 singulari
3230 864 3242 899 :
3275 847 3369 902 sed
3402 850 3517 904 hoc
3566 852 3704 905 divi-

2126 936 2260 975 nare
2290 923 2435 988 nolo,
2467 940 2586 979 cunt
2615 927 2888 985 afﬁrmare
2934 933 3016 988 vel
3057 936 3373 1001 conjectare
3422 954 3529 995 non
3572 954 3701 1009 pos-

2125 1011 2252 1064 sim.
2298 1012 2427 1066 lllttd
2461 1032 2590 1085 ergo
2621 1036 2682 1072 ex
2720 1030 2827 1075 tota
2864 1023 2964 1078 hac
3018 1027 3396 1082 dissertatione
3444 1038 3701 1099 tanquam

2124 1113 2330 1156 certum
2380 1107 2647 1162 coniicio:
2696 1110 2798 1166 hoc
2843 1128 2979 1181 opus
3037 1115 3196 1170 unius
3251 1132 3376 1172 esse
3435 1121 3699 1187 auctoris,

2125 1210 2357 1265 eumque
2386 1198 2706 1256 Ceramcmn
2751 1206 3215 1276 archiepiscOpum
3278 1209 3699 1267 Tauromenita-

438 1266 686 1323 Ceramis
716 1267 769 1322 in
804 1269 983 1322 Sicilia
1016 1272 1155 1324 haud
1198 1272 1351 1339 longe
1383 1274 1596 1344 Troyna
1644 1275 1695 1328 in
1744 1276 1880 1331 valle
1918 1276 2021 1331 ito-

444 1359 575 1412 mini
598 1359 764 1413 situm
786 1359 1013 1415 dicitur:
1046 1362 1109 1416 de
1132 1377 1238 1431 quo
1277 1362 1523 1418 Fazcllus
1555 1382 1720 1420 unum
1756 1372 2018 1425 verbum:

441 1465 502 1503 ac
552 1465 747 1506 nomen
808 1452 1003 1518 solum,
1049 1454 1178 1508 nihil
1230 1465 1488 1525 praeterea
1539 1458 1805 1526 prodidit;
1858 1477 1923 1514 ne
1969 1462 2018 1515 in

441 1559 626 1597 eorum
658 1545 965 1612 opinionem
1009 1548 1264 1602 accedam
1320 1558 1428 1603 tres
1473 1551 1685 1605 obstant
1730 1554 1967 1608 rationes
2003 1572 2016 1608 :

2126 1300 2278 1351 num,
2335 1288 2446 1356 jam
2493 1288 2893 1362 Theophanem,
2951 1296 3063 1365 jam
3108 1297 3425 1368 Gregorium
3481 1307 3729 1371 propria
3765 1342 3782 1365 ,

2128 1387 2357 1449 utroque
2380 1383 2596 1438 nomine
2631 1385 2855 1440 inscribi
2884 1388 3125 1454 solitum,
3159 1394 3299 1460 quod
3333 1408 3399 1447 ex
3447 1393 3550 1448 (ide
3586 1410 3701 1449 om-

2126 1471 2275 1526 nium
2305 1488 2436 1528 mss.
2462 1485 2515 1530 ut
2544 1479 2702 1532 modo
2737 1481 2869 1542 dixi,
2907 1495 3002 1551 pro
3022 1492 3301 1551 comperto
3342 1486 3651 1541 habendum
3680 1504 3694 1550 ;

2129 1565 2469 1620 retinendum
2492 1584 2622 1625 vero
2644 1582 2698 1627 et
2717 1574 3096 1629 celebrandum
3120 1579 3303 1632 censui
3328 1581 3500 1650 magis
3524 1580 3700 1636 Theo-
3727 1561 3747 1606 ξε

443 1636 613 1701 prima
651 1637 792 1704 quod
819 1637 935 1706 ejus
972 1639 1145 1706 patria
1205 1640 1306 1693 alia
1344 1655 1465 1696 esse
1495 1642 1764 1713 colligitur
1811 1661 1874 1699 ex
1937 1646 2019 1699 bis

442 1743 561 1796 qua:
601 1728 776 1782 dicam
828 1730 1177 1800 §seqnenti;
1236 1735 1471 1788 secunda
1516 1736 1643 1804 quia
1699 1739 1765 1791 de
1817 1738 2016 1807 Oppido

439 1821 652 1876 t-Ierami
686 1822 886 1876 nullam
911 1824 1067 1878 video
1128 1826 1179 1879 in
1224 1826 1582 1896 scriptoribus
1649 1828 2017 1884 Siciliensium

438 1926 618 1966 rerum
652 1912 765 1966 licti
799 1914 1120 1970 mentionem
1145 1924 1271 1970 ante
1323 1917 1666 1974 millesimum
1712 1936 1741 1975 a
1796 1921 2018 1975 Christo

440 2012 584 2070 nsto,
619 2007 758 2059 umle
788 2007 1129 2077 Theophanis
1154 2011 1535 2080 tempore,hoc
1561 2020 1646 2066 est
1676 2022 1799 2066 ante
1822 2014 2020 2069 Sarra-

437 2112 693 2153 cenorum
725 2098 1082 2165 dominatum,
1121 2109 1299 2155 utrum
1337 2104 1609 2157 exstiterit
1644 2118 1833 2172 necne,
1875 2106 2019 2160 allir-

439 2173 575 2244 mari
624 2204 729 2245 non
764 2200 973 2260 potest;
1011 2193 1166 2246 tertia
1196 2207 1261 2247 ex
1287 2193 1403 2261 ipso
1432 2195 1685 2267 loquendi
1734 2213 1869 2252 usu:
1914 2214 2021 2252 non

436 2274 580 2334 enim
604 2283 675 2336 ita
695 2293 919 2337 vocatur
935 2282 1292 2352 Theophanes
1313 2287 1628 2357 Κεραμεὺς,
1666 2300 1721 2343 ttt
1743 2291 2021 2354 Διονύσιος

447 2369 930 2442 Ἁλικαρνασσεὺς,
954 2375 1366 2447 etniodmpxo;
1380 2379 1723 2449 Χαιρωνεύς,
1747 2381 2022 2445 absoluto,

435 2464 596 2519 sicuti
627 2466 677 2519 in
703 2468 1115 2534 cognominibus
1131 2484 1193 2522 ex
1220 2471 1391 2538 patria
1412 2473 1644 2541 sumptis
1669 2472 1812 2540 loqui
1848 2472 2021 2528 Grmci

432 2568 853 2625 consueverunt,
874 2559 969 2615 sed
1009 2559 1370 2630 TheOphancs
1411 2563 1611 2619 dicitur
1659 2579 2021 2634 cognomento

430 2649 747 2720 Κεραμεὺς,
788 2651 944 2719 quasi
979 2650 1078 2714 illa
1130 2666 1261 2705 voce
1328 2655 1576 2721 apposita
1652 2670 2016 2724 cognomento,

434 2737 677 2808 signetur
697 2754 893 2795 nomen
925 2742 1119 2811 gentis,
1153 2743 1235 2797 vel
1265 2744 1507 2811 familize,
1572 2748 1896 2803 excludatur
1930 2765 2021 2817 pa—

434 2832 588 2898 trite;
624 2846 783 2886 nemo
820 2834 963 2887 enim
1022 2833 1260 2889 dixerit:
1305 2835 1633 2894 Plutarchus
1664 2852 2024 2909 cognomento

429 2923 778 2980 Chaeroneus.
818 2923 1007 2979 Restat
1035 2927 1200 2995 igitur
1231 2937 1309 2995 ut,
1356 2931 1399 2984 si
1456 2929 1672 2986 fabrilia:
1718 2933 1797 2986 vel
1849 2935 2026 3003 gentis

435 3030 631 3071 nomen
668 3018 846 3087 :quod
877 3033 943 3072 eo
975 3018 1108 3072 mihi
1144 3019 1233 3073 lict
1273 3022 1611 3088 probabilius
1674 3026 1813 3090 quod
1876 3041 2023 3078 non-

433 3111 593 3168 nullis
634 3114 847 3182 rcperio
878 3112 930 3166 in
988 3129 1122 3169 mss.
1169 3108 1551 3181 monumentis,
1595 3133 1714 3187 quae
1772 3120 1821 3173 in
1866 3122 2028 3173 rariis

432 3202 775 3257 bihliodtecis
794 3212 1164 3268 asscrvantur,
1187 3219 1414 3272 quorum
1436 3207 1665 3261 indicem
1698 3207 2023 3263 luculentum

434 3293 695 3349 describit
723 3294 778 3347 in
807 3297 1073 3361 Apparatu
1093 3310 1244 3350 sacra
1274 3308 1402 3350 tom.
1424 3297 1491 3352 ll.
1516 3296 1577 3355 P.
1601 3299 1868 3354 Antonius
1899 3302 2030 3357 Pos-

432 3390 679 3453 sevinns,
722 3388 772 3440 in
826 3386 1150 3441 bibliotheca
1169 3382 1456 3444 Viennensi
1489 3391 1695 3446 servari
1754 3395 2027 3460 cujusdam

430 3480 870 3536 JoanisCeramei
892 3480 1179 3536 conciones
1194 3490 1248 3537 et
1268 3482 1516 3539 homilias
1540 3484 1590 3538 in
1615 3495 1843 3554 quatuor
1858 3489 2031 3544 Evan-

437 3572 607 3641 gelica
646 3588 661 3638 ;
717 3580 771 3627 et
801 3573 988 3627 eodem
1023 3584 1167 3629 tomo
1198 3575 1249 3628 in
1278 3589 1412 3630 mss.
1454 3577 1869 3649 Constantinop.
1945 3581 2030 3635 Bi-

435 3665 629 3721 blioth.
669 3664 950 3732 Nicephori
996 3677 1353 3737 cognomento
1380 3668 1577 3740 Figuli,
1615 3672 1728 3727 sive
1753 3673 2022 3744 Ceramci,

433 3757 821 3827 eXplicationes
875 3765 930 3813 et
981 3772 1264 3814 sermones
1302 3761 1355 3814 in
1413 3774 1819 3819 sacrosanctum
1851 3767 2029 3823 Evan-

439 3850 660 3919 gciium.
684 3850 828 3905 Sane
854 3860 1270 3917 cognomentum
1302 3851 1496 3922 Figuli,
1517 3859 1656 3926 quod
1682 3857 1820 3911 idem
1853 3860 2029 3930 signat

436 3944 756 3999 acGraecnm
777 3944 1103 4011 Care-amens,
1140 3945 1304 4001 luisse
1331 3946 1585 4004 Romanae
1613 3952 1848 4021 antiquae
1873 3952 2028 4009 lami-

443 4038 526 4092 lfa:
555 4048 701 4108 patet
730 4052 794 4091 ex
832 4035 1046 4105 Nigidio
1075 4037 1261 4108 Figulo
1319 4038 1539 4095 homine
1564 4044 1897 4113 temporibus
1935 4046 2028 4100 Ci-

443 4130 656 4183 ceronis
689 4128 1067 4184 litteratissimi
1095 4130 1161 4183 ad
1195 4144 1353 4199 quem
1394 4142 1520 4185 sunt
1544 4132 1821 4191 Ciceronis
1854 4138 2021 4207 ipsius

440 4220 701 4290 epistolm.
746 4219 825 4273 An
861 4219 928 4274 ab
961 4221 1061 4276 hoc
1097 4221 1360 4291 originem
1393 4223 1608 4279 duxerit
1668 4226 1869 4282 fallliiiﬂ
1919 4245 2019 4286 no-

439 4313 538 4368 stti
565 4312 809 4369 Ceramei
842 4315 973 4369 nihil
995 4316 1165 4370 habeo
1183 4318 1321 4385 quod
1358 4318 1642 4386 allirmem,
1676 4336 1850 4391 neque
1876 4324 2018 4393 quod

441 4420 668 4472 negem;
730 4421 1035 4474 quanquam
1088 4405 1161 4460 ita
1209 4407 1421 4475 placere
1477 4409 1634 4464 video
1705 4412 2018 4470 doctissimo

444 4496 649 4551 homini
676 4494 735 4549 P.
767 4495 972 4551 Jacobo
998 4495 1288 4551 Sirmondo
1346 4499 1397 4550 in
1458 4497 1682 4568 epistola
1728 4516 1889 4570 quam
1954 4506 2019 4558 ail

445 4601 533 4640 me
591 4588 657 4641 de
702 4589 803 4641 hac
864 4604 923 4642 re
952 4588 1229 4642 consultus
1314 4589 1613 4657 rescripsit.
1691 4590 2021 4650 Existimare

442 4677 566 4745 quis
604 4678 899 4745 possithoc
946 4691 1243 4748 cognomen
1276 4692 1341 4732 ex
1394 4695 1581 4734 eorum
1638 4696 1762 4737 esse
1818 4700 2017 4753 genere

446 4771 643 4837 quibus
682 4768 858 4823 affecti
887 4770 1188 4823 suntmotti
1240 4770 1359 4838 ejus
1399 4771 1589 4846 steculi
1646 4772 1728 4825 vel
1780 4773 2017 4842 episc0pi

445 4864 533 4917 vel
568 4863 880 4932 scriptores,
916 4863 985 4914 ita
1016 4862 1228 4916 scilicet
1253 4863 1434 4916 vorari
1485 4862 1867 4932 Theophanem
1920 4867 2021 4921 Cc-

447 4970 687 5011 ramcum
730 4955 848 5023 quis
882 4955 1076 5008 dixerit
1114 4955 1269 5007 sicuti
1306 4955 1615 5023 Dionysium
1668 4957 1933 5025 Exiguum
1965 4970 2020 5015 et

447 5046 664 5101 Petrum
711 5045 1005 5098 Sardorum
1048 5044 1384 5111 episcopum,
1437 5057 1793 5115 cognotttento
1849 5047 2015 5103 Mise—

447 5156 588 5204 rnm,
617 5139 839 5203 legimus
865 5153 877 5197 ;
905 5137 969 5188 de
999 5150 1106 5203 quo
1141 5135 1402 5203 Barouins
1437 5152 1578 5189 anno
1626 5138 1824 5193 Christi
1886 5142 2015 5206 857,

448 5229 537 5297 qui
598 5227 969 5281 comntinistcr
1019 5241 1139 5278 cum
1214 5226 1435 5294 Eulapio
1482 5227 1733 5293 Apamea:
1763 5231 2019 5301 episcopo

447 5322 555 5373 suit
587 5320 635 5372 in
690 5318 865 5371 Photii
920 5318 1253 5383 initiatione;
1295 5319 1454 5373 sicuti
1505 5322 1664 5374 etiam
1702 5320 2017 5378 Zachariam

449 5412 691 5481 ejusdem
719 5411 991 5475 factionis,
1026 5410 1115 5479 qui
1160 5410 1368 5480 Cap/tus
1408 5422 1490 5465 est
1523 5426 1880 5483 cognomento
1910 5420 2021 5473 dico

456 5517 581 5558 tus:
613 5520 731 5573 qua:
760 5503 828 5558 ab
866 5504 1045 5572 aliqua
1088 5504 1398 5558 conditione
1441 5506 1726 5570 natalium,
1796 5508 2015 5562 habitu—

453 5611 559 5662 que
585 5597 826 5665 corporis
863 5594 944 5651 vel
978 5596 1144 5651 animi
1174 5597 1279 5663 sui,
1312 5598 1393 5651 vel
1450 5613 1692 5663 suorum,
1752 5605 2020 5671 apposita,

459 5688 540 5740 vel
573 5691 734 5742 etiam
758 5704 821 5743 ex
846 5691 1171 5746 demissioue
1209 5698 1262 5743 et
1294 5690 1607 5745 inductione
1654 5690 1842 5746 volunt
1905 5695 2018 5748 aria

463 5778 632 5833 animi
684 5779 855 5834 ascita
903 5795 1022 5835 csse
1048 5781 1215 5837 videri
1287 5791 1529 5850 possunt,
1563 5796 1625 5837 ca
1669 5786 1875 5838 ratione
1916 5800 2021 5855 qua

2123 1658 2315 1726 phanis
2343 1676 2557 1730 nomen,
2588 1666 2729 1733 quod
2778 1682 2808 1720 a
2851 1669 3210 1739 scriptoribus
3264 1673 3494 1742 optimae
3557 1683 3699 1727 nota:

2123 1753 2212 1820 qui
2242 1767 2308 1805 ex
2357 1753 2443 1807 his
2493 1757 2836 1812 sermonibus
2878 1774 3161 1830 sumpsere
3217 1763 3552 1831 testimonia,
3617 1763 3700 1818 vei

2121 1852 2215 1898 eos
2255 1847 2491 1916 integros
2522 1850 2800 1919 impressis
2830 1853 2981 1911 libris
3004 1856 3120 1912 suis
3153 1857 3527 1924 inseruerunt,
3565 1856 3679 1913 cete

2122 1937 2335 1994 bratum
2362 1944 2537 2010 magis
2560 1958 2623 1999 ac
2644 1945 2916 2017 vulgatum
2944 1958 3048 2004 est.

2366 2031 2705 2103 §.lli.l’atria
2730 2047 2781 2092 et
2805 2040 3050 2094 educatio
3082 2040 3438 2104 Theophanis.

2201 2121 2305 2178 Ubi
2343 2135 2526 2190 natus,
2561 2128 2648 2180 ubi
2692 2132 2960 2183 educatus
3017 2130 3374 2200 Theophanes
3414 2131 3577 2186 luerit
3631 2146 3697 2184 ex

2125 2215 2295 2283 ipsius
2325 2217 2502 2271 verbis
2524 2226 2578 2271 et
2602 2219 2946 2275 confessione
2978 2221 3180 2290 liquido
3198 2231 3492 2287 constaret,
3543 2222 3588 2277 si
3614 2223 3705 2276 Vde

2126 2296 2317 2361 Sancti
2336 2310 2565 2363 Andrea:
2596 2312 2819 2378 templo,
2854 2311 2906 2365 in
2934 2327 3041 2380 quo
3074 2312 3350 2366 homiliam
3402 2312 3539 2367 festo
3584 2311 3704 2381 ejus

2123 2399 2207 2453 die
2241 2398 2425 2453 habuit
2460 2399 2669 2468 (homil.
2719 2402 2822 2471 L),
2898 2402 3131 2472 liqueret
3197 2405 3353 2458 satis.
3431 2406 3704 2461 Ponamus

2127 2496 2289 2565 igitur
2317 2497 2402 2550 hic
2434 2499 2609 2566 primo
2643 2512 2761 2567 quce
2791 2499 2906 2567 ipse
2933 2501 2984 2553 in
3020 2500 3285 2568 protemio
3328 2501 3470 2555 illius
3527 2502 3704 2557 homi-

2126 2588 2210 2640 lizu
2263 2588 2465 2656 prodit,
2506 2599 2563 2644 ιιι
2621 2607 2683 2645 ex
2711 2605 2775 2645 eo
2811 2601 3069 2661 tanquam
3118 2595 3271 2647 tirtno
3327 2592 3596 2663 principio
3643 2610 3705 2647 ac

2126 2671 2493 2741 fundamento:
2519 2681 2872 2734 commentari
2917 2691 2969 2733 et
3009 2681 3264 2750 colligere
3314 2683 3434 2751 ejus
3477 2684 3702 2751 patriam

2127 2760 2617 2834 educationemque
2682 2770 2969 2836 possimus.
3033 2770 3124 2824 Sic
3180 2771 3347 2839 igitur
3406 2772 3701 2840 loquitur:

2132 2854 2415 2911 llodierttte
2440 2859 2944 2932 celebritatis:set'ttto
2973 2865 3155 2917 veteris
3182 2866 3343 2918 debiti
3366 2867 3582 2930 solutio,
3604 2883 3707 2919 non

2128 2950 2402 3017 sapientia!
2424 2952 2667 3021 quaedam
2693 2959 2967 3011 ostentatio
3002 2958 3149 3012 nobis
3184 2961 3283 3013 erit
3317 2976 3338 3016 .'
3371 2975 3531 3030 neque
3568 2961 3703 3014 enim

2127 3045 2227 3097 ltuc
2247 3042 2357 3096 veni
2388 3052 2441 3097 ut
2477 3054 2695 3099 ornatus
2716 3045 3013 3119 eloquentia
3042 3066 3153 3103 mea
3175 3051 3521 3119 conspicercr,
3548 3067 3707 3120 neque

2128 3145 2182 3188 ut
2206 3135 2397 3203 lingua:
2423 3137 2591 3203 lepore
2619 3148 2665 3189 et
2690 3153 2879 3206 pompa
2928 3139 3182 3191 orationis
3223 3138 3470 3194 honorem
3520 3140 3707 3207 patria:

2128 3242 2426 3295 ancuparer
2458 3243 2475 3280 :
2505 3228 2677 3289 potius
2713 3232 2849 3282 enim
2881 3244 3071 3292 meam,
3096 3245 3418 3299 quacunque
3470 3231 3563 3283 illa
3612 3231 3701 3293 sit,

2127 3316 2510 3387 philosophiam
2527 3317 2795 3379 occultam
2828 3319 3008 3372 haberi
3037 3321 3213 3385 velim,
3262 3332 3317 3374 ut
3371 3321 3547 3374 inanis
3592 3321 3706 3391 glo-

2129 3411 2225 3463 riaz
2243 3410 2431 3479 ﬂatum
2465 3411 2758 3480 eﬂ‘ugiam:
2790 3412 2879 3465 sed
2901 3413 3150 3481 quoniam
3188 3429 3343 3468 sacra
3403 3414 3515 3466 lucc
3569 3414 3706 3468 (cdes

2130 3503 2353 3571 apostoli
2388 3504 2730 3571 primovocati
2756 3520 2836 3557 me
2859 3505 3019 3558 veluti
3050 3506 3233 3559 nutris:
3255 3521 3478 3571 puerum
3509 3505 3703 3558 educa-

2128 3597 2222 3657 vit,
2260 3605 2307 3649 ct
2355 3596 2649 3663 primarum
2697 3596 3092 3650 institutionum
3140 3613 3425 3650 mammam
3478 3596 3705 3666 prtzlmit

2044 3742 2055 3753 ,
2127 3704 2502 3759 sacrarumque
2529 3689 2822 3743 litterarum
2849 3690 3147 3743 doctrinam
3172 3690 3327 3760 quasi
3364 3690 3448 3743 lac
3480 3690 3707 3743 instilla-

2129 3778 2199 3830 vit
2224 3776 2564 3848 (intercidam
2617 3776 2819 3843 aliqua,
2853 3791 2975 3845 qua:
3005 3792 3108 3831 non
3136 3780 3202 3831 ad
3231 3777 3368 3846 rem)
3396 3778 3536 3847 quod
3582 3778 3706 3831 reli-

2127 3880 2286 3932 quum
2308 3871 2382 3917 est
2414 3863 2537 3915 huic
2561 3861 2797 3917 ecclesia:
2830 3865 2984 3933 quasi
3015 3863 3195 3916 altrici
3219 3864 3548 3917 educationis
3592 3879 3705 3931 pre-

2129 3957 2258 4008 tium
2280 3954 2537 4023 persolvo,
2596 3964 2645 4008 et
2672 3956 2808 4024 quod
2842 3956 2897 4009 in
2928 3954 3216 4022 proverbiis
3255 3965 3355 4022 est,
3384 3958 3547 4027 legem
3604 3954 3706 4008 Pe-

2129 4051 2385 4120 largicam
2422 4048 2610 4113 impleo
2641 4064 2660 4103 :
2690 4058 2739 4102 et
2762 4065 2868 4103 una
2896 4049 3179 4112 vobiscum,
3224 4068 3253 4104 ο
3288 4060 3448 4105 cwtus
3483 4050 3593 4104 Deo
3619 4050 3706 4103 di-

2127 4144 2427 4207 lectissime,
2456 4142 2756 4197 concelcbro
2785 4144 3063 4198 solemnem
3097 4147 3233 4198 hunc
3287 4146 3449 4209 diem,
3503 4154 3551 4200 et
3609 4161 3702 4211 pa-

2126 4238 2287 4291 triam
2336 4237 2554 4290 charum
2614 4236 2785 4290 solum
2820 4238 3102 4303 aspiciens,
3138 4248 3246 4291 tam
3300 4237 3542 4308 religiose
3586 4254 3707 4291 san-

2078 4368 2085 4379 .
2126 4339 2329 4381 ctorum
2388 4328 2695 4381 memoriam
2765 4328 3130 4389 celebrantem,
3161 4330 3352 4397 efferor
3414 4328 3608 4397 gaudia
3653 4336 3702 4380 et

2125 4422 2349 4475 cxsulto.
2394 4420 2517 4477 Hice
2545 4421 2905 4489 Theophanes
2940 4421 2993 4475 in
3024 4421 3242 4475 homilia
3276 4422 3341 4475 de
3369 4420 3428 4475 S.
3460 4421 3696 4474 Andrea.

2127 4513 2184 4567 Si
2226 4514 2346 4582 quis
2372 4514 2534 4584 igitur
2562 4514 2813 4568 ostendat
2842 4510 2984 4582 quod
3020 4512 3146 4565 illud
3183 4512 3439 4581 templum
3476 4513 3536 4567 D.
3593 4512 3705 4565 An-

2128 4606 2269 4661 dreae
2292 4607 2380 4660 ubi
2404 4620 2711 4660 sermonem
2744 4606 2809 4657 ad
2844 4606 2990 4658 cives
3021 4603 3252 4657 faciebat
3274 4618 3424 4670 suos,
3446 4606 3558 4674 jam
3603 4618 3697 4674 pa-

2129 4701 2286 4753 triam
2314 4699 2637 4754 ostenderit.
2670 4697 2774 4752 Sed
2808 4700 2930 4766 quis
2971 4700 3022 4751 in
3073 4698 3200 4751 illud
3259 4696 3484 4766 digitum
3535 4696 3706 4766 possit

2130 4792 2435 4856 intendere,
2471 4807 2534 4845 ac
2575 4800 2724 4845 certo
2763 4794 3159 4852 demonstrare,
3187 4790 3311 4860 quis
3342 4805 3406 4844 ex
3433 4799 3574 4843 tanta
3608 4803 3707 4841 an-

2128 4884 2400 4953 tiquitate,
2432 4872 2551 4951 post
2584 4890 2661 4935 tot
2694 4890 3072 4950 tempestatum
3105 4882 3269 4948 vices,
3300 4888 3421 4950 post
3450 4882 3704 4935 Sarraceo

2130 4991 2318 5030 norutn
2345 4974 2550 5029 cladem
2582 4974 3099 5042 demolitionemque
3121 4972 3440 5040 templorum
3487 4980 3542 5026 et
3602 4985 3703 5039 op—

2131 5069 2376 5134 pidorum
2411 5065 2580 5133 possit
2605 5064 2832 5119 cruore?
2858 5066 2961 5120 Sed
2987 5065 3204 5135 agejam
3237 5063 3418 5117 atilatu
3444 5080 3547 5117 nott
3581 5063 3705 5116 Del-

2132 5160 2312 5227 pbico,
2346 5157 2461 5222 sed,
2498 5168 2556 5209 ut
2579 5172 2756 5225 spero,
2785 5157 2993 5211 ccelesti
3029 5170 3140 5209 rem
3177 5154 3502 5208 divincmtis.
3557 5154 3705 5220 Qua-

2134 5263 2257 5305 tuor
2289 5266 2415 5304 vero
2447 5252 2590 5304 unde
2628 5261 2734 5304 tota
2809 5248 3152 5306 ratiocinatio
3209 5249 3427 5319 pendet,
3476 5257 3704 5317 antepo-

2135 5345 2308 5397 nenda
2334 5354 2454 5396 sunt
2483 5361 2493 5393 :
2525 5343 2777 5411 primum,
2810 5344 2983 5395 locum
3023 5344 3110 5395 ubi
3170 5359 3350 5397 sermo
3408 5343 3708 5397 habebatur

2134 5440 2302 5493 fuisse
2363 5440 2657 5493 nativitatis
2693 5449 2745 5491 ct
2796 5438 3129 5492 educationis
3176 5436 3349 5490 locum
3413 5437 3555 5507 quod
3614 5452 3708 5506 per

2132 5545 2190 5585 se
2255 5538 2437 5597 patet;
2489 5530 2741 5593 alterum,
2798 5528 2977 5581 dedita
3044 5542 3207 5596 opera
3268 5528 3480 5583 venisse
3527 5528 3705 5582 Theo-

2133 5622 2361 5690 phanem
2426 5620 2492 5675 ad
2552 5636 2675 5674 cum
2748 5635 2846 5675 suo
2902 5634 3155 5676 sermone
3216 5621 3703 5681 cohonestandum,

2130 5710 2272 5780 quod
2317 5711 2479 5765 etiam
2505 5724 2572 5765 ex
2606 5709 2737 5780 ipsis
2783 5710 2961 5765 verbis
3001 5725 3107 5777 non
3157 5713 3390 5768 obscure
3452 5711 3704 5780 intelligi-

2130 5813 2239 5863 tur,
2278 5803 2519 5866 tertium,
2551 5803 2709 5860 talem
2743 5802 2911 5860 fuisse
2932 5804 3109 5860 locum
3148 5804 3201 5859 in
3254 5812 3359 5872 quo
3407 5818 3509 5859 non
3562 5817 3700 5864 sem-
