  <div class='ocr_page' id='page_1' title='image "/cluster/home/n/w/nwhite01/storage/ocr_20150623/132/coo.31924054870377/052.png"; bbox 0 0 4122 6414; ppageno 0'>
   <div class='ocr_carea' id='block_1_1' title="bbox 276 359 3538 451">
    <p class='ocr_par' dir='ltr' id='par_1_1' title="bbox 276 359 3538 451">
     <span class='ocr_line' id='line_1_1' title="bbox 276 359 3538 451; baseline 0.003 -11"><span class='ocrx_word' id='word_1_1' title='bbox 276 381 334 440; x_wconf 69' lang='lat'><strong>59</strong></span> <span class='ocrx_word' id='word_1_2' title='bbox 827 359 830 362; x_wconf 82' lang='grc'><em>’</em></span> <span class='ocrx_word' id='word_1_3' title='bbox 1254 381 1656 442; x_wconf 72' lang='lat' dir='ltr'><strong>FRANCISCI</strong></span> <span class='ocrx_word' id='word_1_4' title='bbox 1700 381 1958 442; x_wconf 61' lang='lat' dir='ltr'><strong>sanam</strong></span> <span class='ocrx_word' id='word_1_5' title='bbox 2001 382 2433 446; x_wconf 64' lang='lat' dir='ltr'><strong>cantantum</strong></span> <span class='ocrx_word' id='word_1_6' title='bbox 2495 385 2576 447; x_wconf 88' lang='grc' dir='ltr'>ιι.</span> <span class='ocrx_word' id='word_1_7' title='bbox 3470 393 3538 451; x_wconf 69' lang='lat' dir='ltr'><strong>ao</strong></span> 
     </span>
    </p>
   </div>
   <div class='ocr_carea' id='block_1_2' title="bbox 277 494 1846 564">
    <p class='ocr_par' dir='ltr' id='par_1_2' title="bbox 277 494 1846 564">
     <span class='ocr_line' id='line_1_2' title="bbox 277 494 1846 564; baseline -0.002 -16"><span class='ocrx_word' id='word_1_8' title='bbox 277 509 362 564; x_wconf 83' lang='lat' dir='ltr'><strong>per</strong></span> <span class='ocrx_word' id='word_1_9' title='bbox 393 495 584 564; x_wconf 70' lang='lat' dir='ltr'><strong>degere</strong></span> <span class='ocrx_word' id='word_1_10' title='bbox 632 509 694 546; x_wconf 81' lang='lat' dir='ltr'><strong>ac</strong></span> <span class='ocrx_word' id='word_1_11' title='bbox 756 494 1113 548; x_wconf 52' lang='lat' dir='ltr'><strong>sermocinari</strong></span> <span class='ocrx_word' id='word_1_12' title='bbox 1168 505 1505 556; x_wconf 65' lang='lat' dir='ltr'><strong>consuessi-t,</strong></span> <span class='ocrx_word' id='word_1_13' title='bbox 1555 495 1654 546; x_wconf 85' lang='lat' dir='ltr'><strong>hoc</strong></span> <span class='ocrx_word' id='word_1_14' title='bbox 1702 495 1846 546; x_wconf 86' lang='lat' dir='ltr'><strong>enim</strong></span> 
     </span>
    </p>
   </div>
   <div class='ocr_carea' id='block_1_3' title="bbox 278 585 1849 658">
    <p class='ocr_par' dir='ltr' id='par_1_3' title="bbox 278 585 1849 658">
     <span class='ocr_line' id='line_1_3' title="bbox 278 585 1849 658; baseline 0 -22"><span class='ocrx_word' id='word_1_15' title='bbox 278 587 518 641; x_wconf 78' lang='lat' dir='ltr'><strong>videntur</strong></span> <span class='ocrx_word' id='word_1_16' title='bbox 553 587 782 658; x_wconf 65' lang='lat' dir='ltr'><strong>innuerg</strong></span> <span class='ocrx_word' id='word_1_17' title='bbox 817 587 904 639; x_wconf 90' lang='lat' dir='ltr'><strong>illa</strong></span> <span class='ocrx_word' id='word_1_18' title='bbox 963 587 1120 640; x_wconf 82' lang='lat' dir='ltr'><strong>verba</strong></span> <span class='ocrx_word' id='word_1_19' title='bbox 1162 604 1175 640; x_wconf 92' lang='lat'><strong>:</strong></span> <span class='ocrx_word' id='word_1_20' title='bbox 1213 587 1392 655; x_wconf 79' lang='lat' dir='ltr'><strong>Neque</strong></span> <span class='ocrx_word' id='word_1_21' title='bbox 1423 589 1558 640; x_wconf 83' lang='lat' dir='ltr'><strong>enim</strong></span> <span class='ocrx_word' id='word_1_22' title='bbox 1588 587 1687 639; x_wconf 83' lang='lat' dir='ltr'><strong>huc</strong></span> <span class='ocrx_word' id='word_1_23' title='bbox 1711 585 1849 646; x_wconf 84' lang='lat' dir='ltr'><strong>veni,</strong></span> 
     </span>
    </p>
   </div>
   <div class='ocr_carea' id='block_1_4' title="bbox 278 678 1854 746">
    <p class='ocr_par' dir='ltr' id='par_1_4' title="bbox 278 678 1854 746">
     <span class='ocr_line' id='line_1_4' title="bbox 278 678 1854 746; baseline -0.002 -16"><span class='ocrx_word' id='word_1_24' title='bbox 278 689 327 730; x_wconf 79' lang='lat' dir='ltr'><strong>ut</strong></span> <span class='ocrx_word' id='word_1_25' title='bbox 359 689 580 731; x_wconf 84' lang='lat' dir='ltr'><strong>ornatus</strong></span> <span class='ocrx_word' id='word_1_26' title='bbox 609 678 906 746; x_wconf 73' lang='lat' dir='ltr'><strong>eloquentia</strong></span> <span class='ocrx_word' id='word_1_27' title='bbox 940 680 1296 745; x_wconf 79' lang='lat' dir='ltr'><strong>conspicerer:</strong></span> <span class='ocrx_word' id='word_1_28' title='bbox 1338 680 1549 745; x_wconf 81' lang='lat' dir='ltr'><strong>signum</strong></span> <span class='ocrx_word' id='word_1_29' title='bbox 1593 679 1734 729; x_wconf 81' lang='lat' dir='ltr'><strong>enim</strong></span> <span class='ocrx_word' id='word_1_30' title='bbox 1771 685 1854 728; x_wconf 88' lang='lat' dir='ltr'><strong>est</strong></span> 
     </span>
    </p>
   </div>
   <div class='ocr_carea' id='block_1_5' title="bbox 277 765 1851 836">
    <p class='ocr_par' dir='ltr' id='par_1_5' title="bbox 277 765 1851 836">
     <span class='ocr_line' id='line_1_5' title="bbox 277 765 1851 836; baseline 0 -15"><span class='ocrx_word' id='word_1_31' title='bbox 277 782 364 821; x_wconf 76' lang='lat' dir='ltr'><strong>eos</strong></span> <span class='ocrx_word' id='word_1_32' title='bbox 390 769 669 823; x_wconf 72' lang='lat' dir='ltr'><strong>auditores</strong></span> <span class='ocrx_word' id='word_1_33' title='bbox 689 784 792 822; x_wconf 85' lang='lat' dir='ltr'><strong>non</strong></span> <span class='ocrx_word' id='word_1_34' title='bbox 821 769 1115 822; x_wconf 86' lang='lat' dir='ltr'><strong>admiratus</strong></span> <span class='ocrx_word' id='word_1_35' title='bbox 1140 779 1264 821; x_wconf 82' lang='lat' dir='ltr'><strong>ante</strong></span> <span class='ocrx_word' id='word_1_36' title='bbox 1297 769 1659 836; x_wconf 88' lang='lat' dir='ltr'><strong>eloquentiam</strong></span> <span class='ocrx_word' id='word_1_37' title='bbox 1685 765 1851 821; x_wconf 83' lang='lat' dir='ltr'><strong>fuisse</strong></span> 
     </span>
    </p>
   </div>
   <div class='ocr_carea' id='block_1_6' title="bbox 281 858 1853 928">
    <p class='ocr_par' dir='ltr' id='par_1_6' title="bbox 281 858 1853 928">
     <span class='ocr_line' id='line_1_6' title="bbox 281 858 1853 928; baseline -0.001 -16"><span class='ocrx_word' id='word_1_38' title='bbox 281 858 657 928; x_wconf 80' lang='lat' dir='ltr'><strong>Theophanis;</strong></span> <span class='ocrx_word' id='word_1_39' title='bbox 710 870 988 928; x_wconf 86' lang='lat' dir='ltr'><strong>quartum,</strong></span> <span class='ocrx_word' id='word_1_40' title='bbox 1045 875 1166 913; x_wconf 88' lang='lat' dir='ltr'><strong>cum</strong></span> <span class='ocrx_word' id='word_1_41' title='bbox 1219 869 1510 928; x_wconf 84' lang='lat' dir='ltr'><strong>antequam</strong></span> <span class='ocrx_word' id='word_1_42' title='bbox 1568 861 1853 928; x_wconf 65' lang='lat' dir='ltr'><strong>episcolius</strong></span> 
     </span>
    </p>
   </div>
   <div class='ocr_carea' id='block_1_7' title="bbox 279 951 1852 1014">
    <p class='ocr_par' dir='ltr' id='par_1_7' title="bbox 279 951 1852 1014">
     <span class='ocr_line' id='line_1_7' title="bbox 279 951 1852 1014; baseline 0 -9"><span class='ocrx_word' id='word_1_43' title='bbox 279 962 626 1005; x_wconf 87' lang='lat' dir='ltr'><strong>consecratus</strong></span> <span class='ocrx_word' id='word_1_44' title='bbox 707 951 932 1014; x_wconf 69' lang='lat' dir='ltr'><strong>fuisset,</strong></span> <span class='ocrx_word' id='word_1_45' title='bbox 1007 952 1360 1005; x_wconf 77' lang='lat' dir='ltr'><strong>monasticam</strong></span> <span class='ocrx_word' id='word_1_46' title='bbox 1446 952 1606 1005; x_wconf 80' lang='lat' dir='ltr'><strong>vitam</strong></span> <span class='ocrx_word' id='word_1_47' title='bbox 1687 951 1852 1005; x_wconf 87' lang='lat' dir='ltr'><strong>fuisse</strong></span> 
     </span>
    </p>
   </div>
   <div class='ocr_carea' id='block_1_8' title="bbox 276 1044 1852 1112">
    <p class='ocr_par' dir='ltr' id='par_1_8' title="bbox 276 1044 1852 1112">
     <span class='ocr_line' id='line_1_8' title="bbox 276 1044 1852 1112; baseline -0.001 -16"><span class='ocrx_word' id='word_1_48' title='bbox 276 1044 576 1112; x_wconf 84' lang='lat' dir='ltr'><strong>professum</strong></span> <span class='ocrx_word' id='word_1_49' title='bbox 613 1062 626 1098; x_wconf 87' lang='lat'><strong>:</strong></span> <span class='ocrx_word' id='word_1_50' title='bbox 665 1044 764 1098; x_wconf 85' lang='lat' dir='ltr'><strong>hnc</strong></span> <span class='ocrx_word' id='word_1_51' title='bbox 791 1056 1125 1110; x_wconf 74' lang='lat' dir='ltr'><strong>postremum</strong></span> <span class='ocrx_word' id='word_1_52' title='bbox 1160 1060 1264 1096; x_wconf 92' lang='lat' dir='ltr'><strong>non</strong></span> <span class='ocrx_word' id='word_1_53' title='bbox 1326 1059 1389 1097; x_wconf 83' lang='lat' dir='ltr'><strong>ex</strong></span> <span class='ocrx_word' id='word_1_54' title='bbox 1438 1044 1702 1112; x_wconf 77' lang='lat' dir='ltr'><strong>prommio</strong></span> <span class='ocrx_word' id='word_1_55' title='bbox 1756 1044 1852 1095; x_wconf 87' lang='lat' dir='ltr'><strong>ho-</strong></span> 
     </span>
    </p>
   </div>
   <div class='ocr_carea' id='block_1_9' title="bbox 276 1136 1852 1204">
    <p class='ocr_par' dir='ltr' id='par_1_9' title="bbox 276 1136 1852 1204">
     <span class='ocr_line' id='line_1_9' title="bbox 276 1136 1852 1204; baseline -0.003 -14"><span class='ocrx_word' id='word_1_56' title='bbox 276 1137 454 1198; x_wconf 68' lang='lat' dir='ltr'><strong>milim,</strong></span> <span class='ocrx_word' id='word_1_57' title='bbox 496 1146 554 1190; x_wconf 92' lang='lat' dir='ltr'><strong>ut</strong></span> <span class='ocrx_word' id='word_1_58' title='bbox 586 1137 687 1189; x_wconf 91' lang='lat' dir='ltr'><strong>tria</strong></span> <span class='ocrx_word' id='word_1_59' title='bbox 724 1136 1100 1190; x_wconf 65' lang='lat' dir='ltr'><strong>antecedentia</strong></span> <span class='ocrx_word' id='word_1_60' title='bbox 1134 1137 1484 1204; x_wconf 74' lang='lat' dir='ltr'><strong>colliguntur,</strong></span> <span class='ocrx_word' id='word_1_61' title='bbox 1524 1137 1617 1188; x_wconf 89' lang='lat' dir='ltr'><strong>sed</strong></span> <span class='ocrx_word' id='word_1_62' title='bbox 1669 1144 1852 1187; x_wconf 84' lang='lat' dir='ltr'><strong>osten-</strong></span> 
     </span>
    </p>
   </div>
   <div class='ocr_carea' id='block_1_10' title="bbox 277 1228 1847 1294">
    <p class='ocr_par' dir='ltr' id='par_1_10' title="bbox 277 1228 1847 1294">
     <span class='ocr_line' id='line_1_10' title="bbox 277 1228 1847 1294; baseline -0.003 -12"><span class='ocrx_word' id='word_1_63' title='bbox 277 1230 415 1282; x_wconf 88' lang='lat' dir='ltr'><strong>ditur</strong></span> <span class='ocrx_word' id='word_1_64' title='bbox 447 1246 515 1282; x_wconf 71' lang='lat' dir='ltr'><strong>ex</strong></span> <span class='ocrx_word' id='word_1_65' title='bbox 555 1231 945 1283; x_wconf 83' lang='lat' dir='ltr'><strong>cunsnetudine</strong></span> <span class='ocrx_word' id='word_1_66' title='bbox 969 1229 1266 1282; x_wconf 84' lang='lat' dir='ltr'><strong>Orientalis</strong></span> <span class='ocrx_word' id='word_1_67' title='bbox 1293 1228 1565 1291; x_wconf 76' lang='lat' dir='ltr'><strong>Ecclesize,</strong></span> <span class='ocrx_word' id='word_1_68' title='bbox 1630 1229 1682 1281; x_wconf 91' lang='lat' dir='ltr'><strong>in</strong></span> <span class='ocrx_word' id='word_1_69' title='bbox 1741 1242 1847 1294; x_wconf 86' lang='lat' dir='ltr'><strong>qua</strong></span> 
     </span>
    </p>
   </div>
   <div class='ocr_carea' id='block_1_11' title="bbox 276 1319 1848 1391">
    <p class='ocr_par' dir='ltr' id='par_1_11' title="bbox 276 1319 1848 1391">
     <span class='ocr_line' id='line_1_11' title="bbox 276 1319 1848 1391; baseline -0.002 -17"><span class='ocrx_word' id='word_1_70' title='bbox 276 1336 332 1374; x_wconf 75' lang='lat' dir='ltr'><strong>ex</strong></span> <span class='ocrx_word' id='word_1_71' title='bbox 367 1321 660 1374; x_wconf 75' lang='lat' dir='ltr'><strong>monachis</strong></span> <span class='ocrx_word' id='word_1_72' title='bbox 712 1322 948 1391; x_wconf 82' lang='lat' dir='ltr'><strong>episcopi</strong></span> <span class='ocrx_word' id='word_1_73' title='bbox 1005 1320 1161 1390; x_wconf 80' lang='lat' dir='ltr'><strong>deligi</strong></span> <span class='ocrx_word' id='word_1_74' title='bbox 1215 1329 1638 1377; x_wconf 83' lang='lat' dir='ltr'><strong>consueverunt.</strong></span> <span class='ocrx_word' id='word_1_75' title='bbox 1694 1319 1848 1386; x_wconf 87' lang='lat' dir='ltr'><strong>Quod</strong></span> 
     </span>
    </p>
   </div>
   <div class='ocr_carea' id='block_1_12' title="bbox 274 1413 1848 1483">
    <p class='ocr_par' dir='ltr' id='par_1_12' title="bbox 274 1413 1848 1483">
     <span class='ocr_line' id='line_1_12' title="bbox 274 1413 1848 1483; baseline -0.001 -16"><span class='ocrx_word' id='word_1_76' title='bbox 274 1429 432 1482; x_wconf 84' lang='lat' dir='ltr'><strong>supra</strong></span> <span class='ocrx_word' id='word_1_77' title='bbox 503 1413 608 1482; x_wconf 79' lang='lat' dir='ltr'><strong>§Il</strong></span> <span class='ocrx_word' id='word_1_78' title='bbox 659 1415 871 1468; x_wconf 88' lang='lat' dir='ltr'><strong>ostendi</strong></span> <span class='ocrx_word' id='word_1_79' title='bbox 935 1415 1214 1483; x_wconf 75' lang='lat' dir='ltr'><strong>ipsiusmct</strong></span> <span class='ocrx_word' id='word_1_80' title='bbox 1271 1413 1446 1468; x_wconf 86' lang='lat' dir='ltr'><strong>Photii</strong></span> <span class='ocrx_word' id='word_1_81' title='bbox 1539 1415 1848 1482; x_wconf 85' lang='lat' dir='ltr'><strong>pseudopa-</strong></span> 
     </span>
    </p>
   </div>
   <div class='ocr_carea' id='block_1_13' title="bbox 274 1505 1852 1576">
    <p class='ocr_par' dir='ltr' id='par_1_13' title="bbox 274 1505 1852 1576">
     <span class='ocr_line' id='line_1_13' title="bbox 274 1505 1852 1576; baseline -0.003 -16"><span class='ocrx_word' id='word_1_82' title='bbox 274 1508 527 1561; x_wconf 77' lang='lat' dir='ltr'><strong>triarchae</strong></span> <span class='ocrx_word' id='word_1_83' title='bbox 548 1508 819 1576; x_wconf 79' lang='lat' dir='ltr'><strong>exemplo,</strong></span> <span class='ocrx_word' id='word_1_84' title='bbox 854 1507 993 1575; x_wconf 91' lang='lat' dir='ltr'><strong>quod</strong></span> <span class='ocrx_word' id='word_1_85' title='bbox 1026 1508 1185 1560; x_wconf 87' lang='lat' dir='ltr'><strong>etiam</strong></span> <span class='ocrx_word' id='word_1_86' title='bbox 1215 1508 1455 1560; x_wconf 73' lang='lat' dir='ltr'><strong>ostendit</strong></span> <span class='ocrx_word' id='word_1_87' title='bbox 1511 1505 1852 1574; x_wconf 73' lang='lat' dir='ltr'><strong>apertissime</strong></span> 
     </span>
    </p>
   </div>
   <div class='ocr_carea' id='block_1_14' title="bbox 271 1597 1849 1680">
    <p class='ocr_par' dir='ltr' id='par_1_14' title="bbox 271 1597 1849 1680">
     <span class='ocr_line' id='line_1_14' title="bbox 271 1597 1849 1680; baseline -0.004 -26"><span class='ocrx_word' id='word_1_88' title='bbox 271 1600 525 1654; x_wconf 76' lang='lat' dir='ltr'><strong>Nicolaus</strong></span> <span class='ocrx_word' id='word_1_89' title='bbox 555 1617 690 1670; x_wconf 81' lang='lat' dir='ltr'><strong>papa</strong></span> <span class='ocrx_word' id='word_1_90' title='bbox 725 1599 743 1651; x_wconf 95' lang='grc'><strong>1</strong></span> <span class='ocrx_word' id='word_1_91' title='bbox 777 1601 828 1654; x_wconf 93' lang='lat' dir='ltr'><strong>in</strong></span> <span class='ocrx_word' id='word_1_92' title='bbox 869 1601 1092 1680; x_wconf 73' lang='lat' dir='ltr'><strong>epistola</strong></span> <span class='ocrx_word' id='word_1_93' title='bbox 1129 1602 1194 1653; x_wconf 91' lang='lat' dir='ltr'><strong>ad</strong></span> <span class='ocrx_word' id='word_1_94' title='bbox 1240 1599 1584 1654; x_wconf 89' lang='lat' dir='ltr'><strong>llincmarum</strong></span> <span class='ocrx_word' id='word_1_95' title='bbox 1638 1597 1849 1652; x_wconf 86' lang='lat' dir='ltr'><strong>Gallia-</strong></span> 
     </span>
    </p>
   </div>
   <div class='ocr_carea' id='block_1_15' title="bbox 273 1691 1852 1763">
    <p class='ocr_par' dir='ltr' id='par_1_15' title="bbox 273 1691 1852 1763">
     <span class='ocr_line' id='line_1_15' title="bbox 273 1691 1852 1763; baseline -0.002 -17"><span class='ocrx_word' id='word_1_96' title='bbox 273 1709 387 1746; x_wconf 87' lang='lat' dir='ltr'><strong>rum</strong></span> <span class='ocrx_word' id='word_1_97' title='bbox 418 1695 759 1763; x_wconf 75' lang='lat' dir='ltr'><strong>episcOpum,</strong></span> <span class='ocrx_word' id='word_1_98' title='bbox 797 1692 883 1746; x_wconf 83' lang='lat' dir='ltr'><strong>ubi</strong></span> <span class='ocrx_word' id='word_1_99' title='bbox 940 1694 1188 1748; x_wconf 76' lang='lat' dir='ltr'><strong>refellens</strong></span> <span class='ocrx_word' id='word_1_100' title='bbox 1229 1693 1553 1746; x_wconf 76' lang='lat' dir='ltr'><strong>caluniuinn</strong></span> <span class='ocrx_word' id='word_1_101' title='bbox 1605 1692 1674 1746; x_wconf 89' lang='lat' dir='ltr'><strong>ab</strong></span> <span class='ocrx_word' id='word_1_102' title='bbox 1737 1691 1852 1762; x_wconf 89' lang='lat' dir='ltr'><strong>ipso</strong></span> 
     </span>
    </p>
   </div>
   <div class='ocr_carea' id='block_1_16' title="bbox 274 1784 1848 1853">
    <p class='ocr_par' dir='ltr' id='par_1_16' title="bbox 274 1784 1848 1853">
     <span class='ocr_line' id='line_1_16' title="bbox 274 1784 1848 1853; baseline -0.003 -13"><span class='ocrx_word' id='word_1_103' title='bbox 274 1787 469 1840; x_wconf 78' lang='lat' dir='ltr'><strong>Photio</strong></span> <span class='ocrx_word' id='word_1_104' title='bbox 519 1784 730 1838; x_wconf 78' lang='lat' dir='ltr'><strong>Latinis</strong></span> <span class='ocrx_word' id='word_1_105' title='bbox 786 1786 1120 1853; x_wconf 89' lang='lat' dir='ltr'><strong>impositam;</strong></span> <span class='ocrx_word' id='word_1_106' title='bbox 1174 1788 1314 1852; x_wconf 90' lang='lat' dir='ltr'><strong>quod</strong></span> <span class='ocrx_word' id='word_1_107' title='bbox 1361 1785 1644 1845; x_wconf 89' lang='lat' dir='ltr'><strong>diaconus,</strong></span> <span class='ocrx_word' id='word_1_108' title='bbox 1689 1794 1848 1838; x_wconf 81' lang='lat' dir='ltr'><strong>ante-</strong></span> 
     </span>
    </p>
   </div>
   <div class='ocr_carea' id='block_1_17' title="bbox 272 1873 1850 1943">
    <p class='ocr_par' dir='ltr' id='par_1_17' title="bbox 272 1873 1850 1943">
     <span class='ocr_line' id='line_1_17' title="bbox 272 1873 1850 1943; baseline 0.002 -18"><span class='ocrx_word' id='word_1_109' title='bbox 272 1889 429 1940; x_wconf 84' lang='lat' dir='ltr'><strong>quam</strong></span> <span class='ocrx_word' id='word_1_110' title='bbox 478 1874 762 1943; x_wconf 82' lang='lat' dir='ltr'><strong>presbyter</strong></span> <span class='ocrx_word' id='word_1_111' title='bbox 785 1885 926 1927; x_wconf 89' lang='lat' dir='ltr'><strong>esset</strong></span> <span class='ocrx_word' id='word_1_112' title='bbox 973 1873 1278 1938; x_wconf 90' lang='lat' dir='ltr'><strong>ordinatus,</strong></span> <span class='ocrx_word' id='word_1_113' title='bbox 1320 1873 1386 1927; x_wconf 90' lang='lat' dir='ltr'><strong>ad</strong></span> <span class='ocrx_word' id='word_1_114' title='bbox 1437 1874 1674 1943; x_wconf 83' lang='lat' dir='ltr'><strong>episcopi</strong></span> <span class='ocrx_word' id='word_1_115' title='bbox 1733 1890 1850 1928; x_wconf 90' lang='lat' dir='ltr'><strong>mu-</strong></span> 
     </span>
    </p>
   </div>
   <div class='ocr_carea' id='block_1_18' title="bbox 273 1964 1844 2035">
    <p class='ocr_par' dir='ltr' id='par_1_18' title="bbox 273 1964 1844 2035">
     <span class='ocr_line' id='line_1_18' title="bbox 273 1964 1844 2035; baseline 0 -17"><span class='ocrx_word' id='word_1_116' title='bbox 273 1983 371 2020; x_wconf 90' lang='lat' dir='ltr'><strong>nus</strong></span> <span class='ocrx_word' id='word_1_117' title='bbox 393 1976 832 2035; x_wconf 85' lang='lat' dir='ltr'><strong>promovcretur.</strong></span> <span class='ocrx_word' id='word_1_118' title='bbox 859 1965 939 2020; x_wconf 86' lang='lat' dir='ltr'><strong>sic</strong></span> <span class='ocrx_word' id='word_1_119' title='bbox 995 1966 1071 2018; x_wconf 92' lang='lat' dir='ltr'><strong>ait</strong></span> <span class='ocrx_word' id='word_1_120' title='bbox 1101 1984 1114 2020; x_wconf 89' lang='lat'><strong>:</strong></span> <span class='ocrx_word' id='word_1_121' title='bbox 1147 1964 1214 2017; x_wconf 84' lang='lat' dir='ltr'><strong>Et</strong></span> <span class='ocrx_word' id='word_1_122' title='bbox 1249 1967 1374 2034; x_wconf 83' lang='lat' dir='ltr'><strong>quia</strong></span> <span class='ocrx_word' id='word_1_123' title='bbox 1421 1967 1674 2019; x_wconf 80' lang='lat' dir='ltr'><strong>diaconus</strong></span> <span class='ocrx_word' id='word_1_124' title='bbox 1741 1983 1844 2019; x_wconf 87' lang='lat' dir='ltr'><strong>non</strong></span> 
     </span>
    </p>
   </div>
   <div class='ocr_carea' id='block_1_19' title="bbox 270 2058 1853 2129">
    <p class='ocr_par' dir='ltr' id='par_1_19' title="bbox 270 2058 1853 2129">
     <span class='ocr_line' id='line_1_19' title="bbox 270 2058 1853 2129; baseline 0 -18"><span class='ocrx_word' id='word_1_125' title='bbox 270 2071 482 2126; x_wconf 77' lang='lat' dir='ltr'><strong>sumpto</strong></span> <span class='ocrx_word' id='word_1_126' title='bbox 515 2059 907 2129; x_wconf 76' lang='lat' dir='ltr'><strong>presbyteratus</strong></span> <span class='ocrx_word' id='word_1_127' title='bbox 936 2059 1116 2127; x_wconf 77' lang='lat' dir='ltr'><strong>ofﬁcio</strong></span> <span class='ocrx_word' id='word_1_128' title='bbox 1148 2058 1290 2124; x_wconf 84' lang='lat' dir='ltr'><strong>apud</strong></span> <span class='ocrx_word' id='word_1_129' title='bbox 1326 2073 1417 2112; x_wconf 85' lang='lat' dir='ltr'><strong>nos</strong></span> <span class='ocrx_word' id='word_1_130' title='bbox 1461 2060 1732 2128; x_wconf 79' lang='lat' dir='ltr'><strong>episcopus</strong></span> <span class='ocrx_word' id='word_1_131' title='bbox 1764 2076 1853 2111; x_wconf 86' lang='lat' dir='ltr'><strong>or-</strong></span> 
     </span>
    </p>
   </div>
   <div class='ocr_carea' id='block_1_20' title="bbox 271 2150 1849 2220">
    <p class='ocr_par' dir='ltr' id='par_1_20' title="bbox 271 2150 1849 2220">
     <span class='ocr_line' id='line_1_20' title="bbox 271 2150 1849 2220; baseline -0.001 -17"><span class='ocrx_word' id='word_1_132' title='bbox 271 2154 514 2216; x_wconf 83' lang='lat' dir='ltr'><strong>dinatur,</strong></span> <span class='ocrx_word' id='word_1_133' title='bbox 569 2168 688 2204; x_wconf 82' lang='lat' dir='ltr'><strong>cum</strong></span> <span class='ocrx_word' id='word_1_134' title='bbox 715 2153 808 2217; x_wconf 83' lang='lat' dir='ltr'><strong>ipsi</strong></span> <span class='ocrx_word' id='word_1_135' title='bbox 858 2152 1019 2205; x_wconf 85' lang='lat' dir='ltr'><strong>etiam</strong></span> <span class='ocrx_word' id='word_1_136' title='bbox 1087 2150 1236 2204; x_wconf 84' lang='lat' dir='ltr'><strong>illum</strong></span> <span class='ocrx_word' id='word_1_137' title='bbox 1289 2167 1438 2216; x_wconf 83' lang='lat' dir='ltr'><strong>quem</strong></span> <span class='ocrx_word' id='word_1_138' title='bbox 1489 2152 1849 2220; x_wconf 75' lang='lat' dir='ltr'><strong>patriarcha»:</strong></span> 
     </span>
    </p>
   </div>
   <div class='ocr_carea' id='block_1_21' title="bbox 272 2238 1850 2303">
    <p class='ocr_par' dir='ltr' id='par_1_21' title="bbox 272 2238 1850 2303">
     <span class='ocr_line' id='line_1_21' title="bbox 272 2238 1850 2303; baseline -0.001 -10"><span class='ocrx_word' id='word_1_139' title='bbox 272 2257 424 2293; x_wconf 77' lang='lat' dir='ltr'><strong>suum</strong></span> <span class='ocrx_word' id='word_1_140' title='bbox 494 2241 791 2303; x_wconf 84' lang='lat' dir='ltr'><strong>nominant,</strong></span> <span class='ocrx_word' id='word_1_141' title='bbox 844 2257 875 2292; x_wconf 90' lang='lat' dir='ltr'><strong>a</strong></span> <span class='ocrx_word' id='word_1_142' title='bbox 944 2239 1080 2292; x_wconf 81' lang='lat' dir='ltr'><strong>laico</strong></span> <span class='ocrx_word' id='word_1_143' title='bbox 1138 2238 1308 2292; x_wconf 83' lang='lat' dir='ltr'><strong>subito</strong></span> <span class='ocrx_word' id='word_1_144' title='bbox 1361 2249 1747 2301; x_wconf 79' lang='lat' dir='ltr'><strong>consecratum,</strong></span> <span class='ocrx_word' id='word_1_145' title='bbox 1802 2251 1850 2294; x_wconf 85' lang='lat' dir='ltr'><strong>et</strong></span> 
     </span>
    </p>
   </div>
   <div class='ocr_carea' id='block_1_22' title="bbox 271 2327 1850 2396">
    <p class='ocr_par' dir='ltr' id='par_1_22' title="bbox 271 2327 1850 2396">
     <span class='ocr_line' id='line_1_22' title="bbox 271 2327 1850 2396; baseline -0.001 -15"><span class='ocrx_word' id='word_1_146' title='bbox 271 2328 850 2394; x_wconf 70' lang='lat' dir='ltr'><strong>monachumlfactum</strong></span> <span class='ocrx_word' id='word_1_147' title='bbox 911 2327 1052 2380; x_wconf 80' lang='lat' dir='ltr'><strong>saltu</strong></span> <span class='ocrx_word' id='word_1_148' title='bbox 1106 2327 1174 2380; x_wconf 89' lang='lat' dir='ltr'><strong>ad</strong></span> <span class='ocrx_word' id='word_1_149' title='bbox 1257 2327 1586 2396; x_wconf 79' lang='lat' dir='ltr'><strong>episcopatus</strong></span> <span class='ocrx_word' id='word_1_150' title='bbox 1656 2328 1850 2394; x_wconf 84' lang='lat' dir='ltr'><strong>apicem</strong></span> 
     </span>
    </p>
   </div>
   <div class='ocr_carea' id='block_1_23' title="bbox 270 2420 1852 2490">
    <p class='ocr_par' dir='ltr' id='par_1_23' title="bbox 270 2420 1852 2490">
     <span class='ocr_line' id='line_1_23' title="bbox 270 2420 1852 2490; baseline -0.001 -16"><span class='ocrx_word' id='word_1_151' title='bbox 270 2421 539 2490; x_wconf 82' lang='lat' dir='ltr'><strong>imperiali</strong></span> <span class='ocrx_word' id='word_1_152' title='bbox 559 2421 740 2489; x_wconf 75' lang='lat' dir='ltr'><strong>favore</strong></span> <span class='ocrx_word' id='word_1_153' title='bbox 762 2430 810 2473; x_wconf 86' lang='lat' dir='ltr'><strong>et</strong></span> <span class='ocrx_word' id='word_1_154' title='bbox 833 2420 1050 2473; x_wconf 87' lang='lat' dir='ltr'><strong>brachio</strong></span> <span class='ocrx_word' id='word_1_155' title='bbox 1078 2420 1354 2487; x_wconf 82' lang='lat' dir='ltr'><strong>provehere</strong></span> <span class='ocrx_word' id='word_1_156' title='bbox 1394 2421 1608 2473; x_wconf 86' lang='lat' dir='ltr'><strong>minime</strong></span> <span class='ocrx_word' id='word_1_157' title='bbox 1659 2420 1852 2487; x_wconf 72' lang='lat' dir='ltr'><strong>formi-</strong></span> 
     </span>
    </p>
   </div>
   <div class='ocr_carea' id='block_1_24' title="bbox 271 2514 1853 2579">
    <p class='ocr_par' dir='ltr' id='par_1_24' title="bbox 271 2514 1853 2579">
     <span class='ocr_line' id='line_1_24' title="bbox 271 2514 1853 2579; baseline 0.002 -15"><span class='ocrx_word' id='word_1_158' title='bbox 271 2515 474 2569; x_wconf 83' lang='lat' dir='ltr'><strong>dan‘nt.</strong></span> <span class='ocrx_word' id='word_1_159' title='bbox 531 2514 670 2579; x_wconf 87' lang='lat' dir='ltr'><strong>Quid</strong></span> <span class='ocrx_word' id='word_1_160' title='bbox 727 2524 907 2567; x_wconf 89' lang='lat' dir='ltr'><strong>autem</strong></span> <span class='ocrx_word' id='word_1_161' title='bbox 943 2527 1167 2568; x_wconf 79' lang='lat' dir='ltr'><strong>necesse</strong></span> <span class='ocrx_word' id='word_1_162' title='bbox 1218 2523 1337 2568; x_wconf 88' lang='lat' dir='ltr'><strong>erat</strong></span> <span class='ocrx_word' id='word_1_163' title='bbox 1390 2528 1513 2568; x_wconf 90' lang='lat' dir='ltr'><strong>cum</strong></span> <span class='ocrx_word' id='word_1_164' title='bbox 1571 2519 1853 2568; x_wconf 86' lang='lat' dir='ltr'><strong>attendere</strong></span> 
     </span>
    </p>
   </div>
   <div class='ocr_carea' id='block_1_25' title="bbox 269 2605 1851 2672">
    <p class='ocr_par' dir='ltr' id='par_1_25' title="bbox 269 2605 1851 2672">
     <span class='ocr_line' id='line_1_25' title="bbox 269 2605 1851 2672; baseline 0.001 -14"><span class='ocrx_word' id='word_1_165' title='bbox 269 2609 440 2672; x_wconf 89' lang='lat' dir='ltr'><strong>prius,</strong></span> <span class='ocrx_word' id='word_1_166' title='bbox 466 2616 521 2660; x_wconf 90' lang='lat' dir='ltr'><strong>et</strong></span> <span class='ocrx_word' id='word_1_167' title='bbox 547 2606 872 2660; x_wconf 85' lang='lat' dir='ltr'><strong>monachum</strong></span> <span class='ocrx_word' id='word_1_168' title='bbox 905 2605 1140 2670; x_wconf 87' lang='lat' dir='ltr'><strong>initiare,</strong></span> <span class='ocrx_word' id='word_1_169' title='bbox 1172 2607 1270 2660; x_wconf 91' lang='lat' dir='ltr'><strong>nisi</strong></span> <span class='ocrx_word' id='word_1_170' title='bbox 1308 2616 1365 2660; x_wconf 91' lang='lat' dir='ltr'><strong>ut</strong></span> <span class='ocrx_word' id='word_1_171' title='bbox 1392 2607 1556 2661; x_wconf 88' lang='lat' dir='ltr'><strong>etiam</strong></span> <span class='ocrx_word' id='word_1_172' title='bbox 1611 2609 1661 2662; x_wconf 93' lang='lat' dir='ltr'><strong>in</strong></span> <span class='ocrx_word' id='word_1_173' title='bbox 1703 2615 1851 2661; x_wconf 88' lang='lat' dir='ltr'><strong>tanta</strong></span> 
     </span>
    </p>
   </div>
   <div class='ocr_carea' id='block_1_26' title="bbox 269 2698 1856 2769">
    <p class='ocr_par' dir='ltr' id='par_1_26' title="bbox 269 2698 1856 2769">
     <span class='ocr_line' id='line_1_26' title="bbox 269 2698 1856 2769; baseline 0.001 -18"><span class='ocrx_word' id='word_1_174' title='bbox 269 2699 627 2762; x_wconf 79' lang='lat' dir='ltr'><strong>perversione</strong></span> <span class='ocrx_word' id='word_1_175' title='bbox 657 2709 713 2752; x_wconf 88' lang='lat' dir='ltr'><strong>et</strong></span> <span class='ocrx_word' id='word_1_176' title='bbox 739 2698 997 2753; x_wconf 74' lang='lat' dir='ltr'><strong>violentia</strong></span> <span class='ocrx_word' id='word_1_177' title='bbox 1034 2698 1181 2763; x_wconf 89' lang='lat' dir='ltr'><strong>facti,</strong></span> <span class='ocrx_word' id='word_1_178' title='bbox 1207 2699 1540 2754; x_wconf 86' lang='lat' dir='ltr'><strong>consuetudo</strong></span> <span class='ocrx_word' id='word_1_179' title='bbox 1567 2715 1672 2755; x_wconf 91' lang='lat' dir='ltr'><strong>non</strong></span> <span class='ocrx_word' id='word_1_180' title='bbox 1719 2716 1856 2769; x_wconf 73' lang='lat' dir='ltr'><strong>pra:-</strong></span> 
     </span>
    </p>
   </div>
   <div class='ocr_carea' id='block_1_27' title="bbox 270 2790 1851 2860">
    <p class='ocr_par' dir='ltr' id='par_1_27' title="bbox 270 2790 1851 2860">
     <span class='ocr_line' id='line_1_27' title="bbox 270 2790 1851 2860; baseline 0.001 -17"><span class='ocrx_word' id='word_1_181' title='bbox 270 2791 690 2853; x_wconf 66' lang='lat' dir='ltr'><strong>termitteretur,</strong></span> <span class='ocrx_word' id='word_1_182' title='bbox 721 2799 864 2844; x_wconf 87' lang='lat' dir='ltr'><strong>etne</strong></span> <span class='ocrx_word' id='word_1_183' title='bbox 890 2790 1169 2860; x_wconf 80' lang='lat' dir='ltr'><strong>illegitime</strong></span> <span class='ocrx_word' id='word_1_184' title='bbox 1211 2790 1388 2845; x_wconf 89' lang='lat' dir='ltr'><strong>factus</strong></span> <span class='ocrx_word' id='word_1_185' title='bbox 1418 2790 1716 2845; x_wconf 78' lang='lat' dir='ltr'><strong>videretur.</strong></span> <span class='ocrx_word' id='word_1_186' title='bbox 1745 2790 1851 2844; x_wconf 91' lang='lat' dir='ltr'><strong>Sed</strong></span> 
     </span>
    </p>
   </div>
   <div class='ocr_carea' id='block_1_28' title="bbox 269 2883 1852 2954">
    <p class='ocr_par' dir='ltr' id='par_1_28' title="bbox 269 2883 1852 2954">
     <span class='ocr_line' id='line_1_28' title="bbox 269 2883 1852 2954; baseline 0 -18"><span class='ocrx_word' id='word_1_187' title='bbox 269 2893 470 2954; x_wconf 79' lang='lat' dir='ltr'><strong>pra-ter</strong></span> <span class='ocrx_word' id='word_1_188' title='bbox 498 2884 642 2938; x_wconf 87' lang='lat' dir='ltr'><strong>hanc</strong></span> <span class='ocrx_word' id='word_1_189' title='bbox 671 2883 1116 2938; x_wconf 87' lang='lat' dir='ltr'><strong>consuetudinem</strong></span> <span class='ocrx_word' id='word_1_190' title='bbox 1171 2883 1344 2938; x_wconf 90' lang='lat' dir='ltr'><strong>habeo</strong></span> <span class='ocrx_word' id='word_1_191' title='bbox 1393 2884 1554 2937; x_wconf 91' lang='lat' dir='ltr'><strong>etiam</strong></span> <span class='ocrx_word' id='word_1_192' title='bbox 1611 2883 1662 2938; x_wconf 92' lang='lat' dir='ltr'><strong>in</strong></span> <span class='ocrx_word' id='word_1_193' title='bbox 1715 2883 1852 2937; x_wconf 84' lang='lat' dir='ltr'><strong>meis</strong></span> 
     </span>
    </p>
   </div>
   <div class='ocr_carea' id='block_1_29' title="bbox 272 2975 1853 3044">
    <p class='ocr_par' dir='ltr' id='par_1_29' title="bbox 272 2975 1853 3044">
     <span class='ocr_line' id='line_1_29' title="bbox 272 2975 1853 3044; baseline -0.002 -13"><span class='ocrx_word' id='word_1_194' title='bbox 272 2977 645 3031; x_wconf 82' lang='lat' dir='ltr'><strong>monumentis</strong></span> <span class='ocrx_word' id='word_1_195' title='bbox 681 2991 710 3029; x_wconf 87' lang='lat' dir='ltr'><strong>a</strong></span> <span class='ocrx_word' id='word_1_196' title='bbox 735 2975 796 3030; x_wconf 83' lang='lat' dir='ltr'><strong>P.</strong></span> <span class='ocrx_word' id='word_1_197' title='bbox 830 2975 1055 3031; x_wconf 87' lang='lat' dir='ltr'><strong>Octavio</strong></span> <span class='ocrx_word' id='word_1_198' title='bbox 1085 2975 1324 3030; x_wconf 88' lang='lat' dir='ltr'><strong>Caetauo</strong></span> <span class='ocrx_word' id='word_1_199' title='bbox 1369 2975 1608 3030; x_wconf 87' lang='lat' dir='ltr'><strong>collectis</strong></span> <span class='ocrx_word' id='word_1_200' title='bbox 1652 2976 1853 3044; x_wconf 88' lang='lat' dir='ltr'><strong>episto-</strong></span> 
     </span>
    </p>
   </div>
   <div class='ocr_carea' id='block_1_30' title="bbox 272 3067 1853 3139">
    <p class='ocr_par' dir='ltr' id='par_1_30' title="bbox 272 3067 1853 3139">
     <span class='ocr_line' id='line_1_30' title="bbox 272 3067 1853 3139; baseline -0.002 -16"><span class='ocrx_word' id='word_1_201' title='bbox 272 3071 374 3123; x_wconf 82' lang='lat' dir='ltr'><strong>lam</strong></span> <span class='ocrx_word' id='word_1_202' title='bbox 431 3071 610 3139; x_wconf 86' lang='lat' dir='ltr'><strong>ipsius</strong></span> <span class='ocrx_word' id='word_1_203' title='bbox 680 3067 858 3124; x_wconf 84' lang='lat' dir='ltr'><strong>Pbotii</strong></span> <span class='ocrx_word' id='word_1_204' title='bbox 916 3069 1138 3123; x_wconf 88' lang='lat' dir='ltr'><strong>missam</strong></span> <span class='ocrx_word' id='word_1_205' title='bbox 1194 3067 1510 3135; x_wconf 84' lang='lat' dir='ltr'><strong>Theophani</strong></span> <span class='ocrx_word' id='word_1_206' title='bbox 1585 3069 1853 3121; x_wconf 86' lang='lat' dir='ltr'><strong>monacho</strong></span> 
     </span>
    </p>
   </div>
   <div class='ocr_carea' id='block_1_31' title="bbox 269 3158 1856 3231">
    <p class='ocr_par' dir='ltr' id='par_1_31' title="bbox 269 3158 1856 3231">
     <span class='ocr_line' id='line_1_31' title="bbox 269 3158 1856 3231; baseline -0.003 -15"><span class='ocrx_word' id='word_1_207' title='bbox 269 3161 455 3216; x_wconf 68' lang='lat' dir='ltr'><strong>Graece</strong></span> <span class='ocrx_word' id='word_1_208' title='bbox 480 3161 762 3231; x_wconf 89' lang='lat' dir='ltr'><strong>scriptam,</strong></span> <span class='ocrx_word' id='word_1_209' title='bbox 796 3175 959 3215; x_wconf 88' lang='lat' dir='ltr'><strong>manu</strong></span> <span class='ocrx_word' id='word_1_210' title='bbox 995 3159 1057 3214; x_wconf 90' lang='lat' dir='ltr'><strong>P.</strong></span> <span class='ocrx_word' id='word_1_211' title='bbox 1081 3159 1267 3215; x_wconf 84' lang='lat' dir='ltr'><strong>Jacobi</strong></span> <span class='ocrx_word' id='word_1_212' title='bbox 1298 3159 1594 3225; x_wconf 90' lang='lat' dir='ltr'><strong>Sirmundi,</strong></span> <span class='ocrx_word' id='word_1_213' title='bbox 1643 3169 1693 3213; x_wconf 90' lang='lat' dir='ltr'><strong>et</strong></span> <span class='ocrx_word' id='word_1_214' title='bbox 1751 3158 1856 3212; x_wconf 90' lang='lat' dir='ltr'><strong>La-</strong></span> 
     </span>
    </p>
   </div>
   <div class='ocr_carea' id='block_1_32' title="bbox 272 3251 1852 3322">
    <p class='ocr_par' dir='ltr' id='par_1_32' title="bbox 272 3251 1852 3322">
     <span class='ocr_line' id='line_1_32' title="bbox 272 3251 1852 3322; baseline -0.004 -14"><span class='ocrx_word' id='word_1_215' title='bbox 272 3257 381 3310; x_wconf 87' lang='lat' dir='ltr'><strong>tine</strong></span> <span class='ocrx_word' id='word_1_216' title='bbox 408 3257 484 3308; x_wconf 87' lang='lat' dir='ltr'><strong>ab</strong></span> <span class='ocrx_word' id='word_1_217' title='bbox 511 3254 703 3308; x_wconf 89' lang='lat' dir='ltr'><strong>eodem</strong></span> <span class='ocrx_word' id='word_1_218' title='bbox 736 3253 1022 3318; x_wconf 87' lang='lat' dir='ltr'><strong>redditam,</strong></span> <span class='ocrx_word' id='word_1_219' title='bbox 1070 3254 1474 3322; x_wconf 83' lang='lat' dir='ltr'><strong>depromptam,</strong></span> <span class='ocrx_word' id='word_1_220' title='bbox 1525 3261 1586 3306; x_wconf 86' lang='lat' dir='ltr'><strong>ut</strong></span> <span class='ocrx_word' id='word_1_221' title='bbox 1643 3251 1852 3321; x_wconf 87' lang='lat' dir='ltr'><strong>judico,</strong></span> 
     </span>
    </p>
   </div>
   <div class='ocr_carea' id='block_1_33' title="bbox 270 3343 1855 3413">
    <p class='ocr_par' dir='ltr' id='par_1_33' title="bbox 270 3343 1855 3413">
     <span class='ocr_line' id='line_1_33' title="bbox 270 3343 1855 3413; baseline -0.004 -11"><span class='ocrx_word' id='word_1_222' title='bbox 270 3363 334 3402; x_wconf 75' lang='lat' dir='ltr'><strong>ex</strong></span> <span class='ocrx_word' id='word_1_223' title='bbox 371 3346 705 3400; x_wconf 84' lang='lat' dir='ltr'><strong>bibliotheca</strong></span> <span class='ocrx_word' id='word_1_224' title='bbox 731 3345 1025 3399; x_wconf 87' lang='lat' dir='ltr'><strong>cardinalis</strong></span> <span class='ocrx_word' id='word_1_225' title='bbox 1044 3344 1346 3406; x_wconf 73' lang='lat' dir='ltr'><strong>Columnte,</strong></span> <span class='ocrx_word' id='word_1_226' title='bbox 1376 3359 1496 3413; x_wconf 76' lang='lat' dir='ltr'><strong>qua:</strong></span> <span class='ocrx_word' id='word_1_227' title='bbox 1546 3343 1646 3396; x_wconf 89' lang='lat' dir='ltr'><strong>fuit</strong></span> <span class='ocrx_word' id='word_1_228' title='bbox 1693 3353 1855 3396; x_wconf 90' lang='lat' dir='ltr'><strong>antea</strong></span> 
     </span>
    </p>
   </div>
   <div class='ocr_carea' id='block_1_34' title="bbox 271 3433 1854 3504">
    <p class='ocr_par' dir='ltr' id='par_1_34' title="bbox 271 3433 1854 3504">
     <span class='ocr_line' id='line_1_34' title="bbox 271 3433 1854 3504; baseline -0.003 -15"><span class='ocrx_word' id='word_1_229' title='bbox 271 3434 574 3489; x_wconf 86' lang='lat' dir='ltr'><strong>cardiualis</strong></span> <span class='ocrx_word' id='word_1_230' title='bbox 608 3433 816 3499; x_wconf 83' lang='lat' dir='ltr'><strong>Sirleti,</strong></span> <span class='ocrx_word' id='word_1_231' title='bbox 839 3451 980 3490; x_wconf 92' lang='lat' dir='ltr'><strong>nunc</strong></span> <span class='ocrx_word' id='word_1_232' title='bbox 1010 3435 1209 3490; x_wconf 89' lang='lat' dir='ltr'><strong>dicitur</strong></span> <span class='ocrx_word' id='word_1_233' title='bbox 1235 3436 1390 3491; x_wconf 90' lang='lat' dir='ltr'><strong>ducis</strong></span> <span class='ocrx_word' id='word_1_234' title='bbox 1421 3435 1688 3504; x_wconf 84' lang='lat' dir='ltr'><strong>Altemps,</strong></span> <span class='ocrx_word' id='word_1_235' title='bbox 1713 3435 1854 3488; x_wconf 88' lang='lat' dir='ltr'><strong>unde</strong></span> 
     </span>
    </p>
   </div>
   <div class='ocr_carea' id='block_1_35' title="bbox 273 3525 1856 3583">
    <p class='ocr_par' dir='ltr' id='par_1_35' title="bbox 273 3525 1856 3583">
     <span class='ocr_line' id='line_1_35' title="bbox 273 3525 1856 3583; baseline -0.003 -1"><span class='ocrx_word' id='word_1_236' title='bbox 273 3528 477 3582; x_wconf 90' lang='lat' dir='ltr'><strong>multas</strong></span> <span class='ocrx_word' id='word_1_237' title='bbox 501 3527 767 3582; x_wconf 88' lang='lat' dir='ltr'><strong>Baronius</strong></span> <span class='ocrx_word' id='word_1_238' title='bbox 791 3528 934 3582; x_wconf 90' lang='lat' dir='ltr'><strong>eruit</strong></span> <span class='ocrx_word' id='word_1_239' title='bbox 968 3537 1022 3583; x_wconf 89' lang='lat' dir='ltr'><strong>et</strong></span> <span class='ocrx_word' id='word_1_240' title='bbox 1062 3530 1116 3581; x_wconf 91' lang='lat' dir='ltr'><strong>in</strong></span> <span class='ocrx_word' id='word_1_241' title='bbox 1170 3543 1298 3582; x_wconf 91' lang='lat' dir='ltr'><strong>suos</strong></span> <span class='ocrx_word' id='word_1_242' title='bbox 1342 3527 1574 3580; x_wconf 82' lang='lat' dir='ltr'><strong>Annales</strong></span> <span class='ocrx_word' id='word_1_243' title='bbox 1630 3525 1856 3581; x_wconf 86' lang='lat' dir='ltr'><strong>contulit</strong></span> 
     </span>
    </p>
   </div>
   <div class='ocr_carea' id='block_1_36' title="bbox 270 3618 1853 3688">
    <p class='ocr_par' dir='ltr' id='par_1_36' title="bbox 270 3618 1853 3688">
     <span class='ocr_line' id='line_1_36' title="bbox 270 3618 1853 3688; baseline 0.001 -18"><span class='ocrx_word' id='word_1_244' title='bbox 270 3636 407 3688; x_wconf 83' lang='lat' dir='ltr'><strong>quas</strong></span> <span class='ocrx_word' id='word_1_245' title='bbox 450 3636 578 3674; x_wconf 88' lang='lat' dir='ltr'><strong>cum</strong></span> <span class='ocrx_word' id='word_1_246' title='bbox 639 3619 822 3674; x_wconf 90' lang='lat' dir='ltr'><strong>multis</strong></span> <span class='ocrx_word' id='word_1_247' title='bbox 875 3619 997 3674; x_wconf 85' lang='lat' dir='ltr'><strong>aliis</strong></span> <span class='ocrx_word' id='word_1_248' title='bbox 1050 3619 1102 3673; x_wconf 91' lang='lat' dir='ltr'><strong>in</strong></span> <span class='ocrx_word' id='word_1_249' title='bbox 1152 3634 1214 3674; x_wconf 89' lang='lat' dir='ltr'><strong>ea</strong></span> <span class='ocrx_word' id='word_1_250' title='bbox 1267 3618 1594 3673; x_wconf 73' lang='lat' dir='ltr'><strong>bibliotheca</strong></span> <span class='ocrx_word' id='word_1_251' title='bbox 1636 3629 1853 3671; x_wconf 79' lang='lat' dir='ltr'><strong>exstare</strong></span> 
     </span>
    </p>
   </div>
   <div class='ocr_carea' id='block_1_37' title="bbox 271 3709 1858 3781">
    <p class='ocr_par' dir='ltr' id='par_1_37' title="bbox 271 3709 1858 3781">
     <span class='ocr_line' id='line_1_37' title="bbox 271 3709 1858 3781; baseline -0.002 -15"><span class='ocrx_word' id='word_1_252' title='bbox 271 3713 507 3766; x_wconf 79' lang='lat' dir='ltr'><strong>afﬁrmat</strong></span> <span class='ocrx_word' id='word_1_253' title='bbox 534 3722 645 3766; x_wconf 85' lang='lat' dir='ltr'><strong>tom</strong></span> <span class='ocrx_word' id='word_1_254' title='bbox 671 3710 740 3767; x_wconf 73' lang='grc' dir='ltr'><strong>Χ.</strong></span> <span class='ocrx_word' id='word_1_255' title='bbox 773 3711 904 3766; x_wconf 87' lang='lat' dir='ltr'><strong>Eam</strong></span> <span class='ocrx_word' id='word_1_256' title='bbox 929 3712 1093 3781; x_wconf 83' lang='lat' dir='ltr'><strong>igitur</strong></span> <span class='ocrx_word' id='word_1_257' title='bbox 1123 3712 1376 3780; x_wconf 89' lang='lat' dir='ltr'><strong>quoniam</strong></span> <span class='ocrx_word' id='word_1_258' title='bbox 1407 3719 1460 3765; x_wconf 85' lang='lat' dir='ltr'><strong>et</strong></span> <span class='ocrx_word' id='word_1_259' title='bbox 1484 3709 1552 3764; x_wconf 88' lang='lat' dir='ltr'><strong>ad</strong></span> <span class='ocrx_word' id='word_1_260' title='bbox 1583 3709 1722 3763; x_wconf 88' lang='lat' dir='ltr'><strong>hanc</strong></span> <span class='ocrx_word' id='word_1_261' title='bbox 1747 3709 1858 3763; x_wconf 42' lang='lat' dir='ltr'><strong>dis‘</strong></span> 
     </span>
    </p>
   </div>
   <div class='ocr_carea' id='block_1_38' title="bbox 270 3803 1856 3876">
    <p class='ocr_par' dir='ltr' id='par_1_38' title="bbox 270 3803 1856 3876">
     <span class='ocr_line' id='line_1_38' title="bbox 270 3803 1856 3876; baseline -0.002 -18"><span class='ocrx_word' id='word_1_262' title='bbox 270 3807 613 3876; x_wconf 85' lang='lat' dir='ltr'><strong>putationem</strong></span> <span class='ocrx_word' id='word_1_263' title='bbox 657 3807 892 3858; x_wconf 79' lang='lat' dir='ltr'><strong>maxime</strong></span> <span class='ocrx_word' id='word_1_264' title='bbox 926 3804 1076 3869; x_wconf 89' lang='lat' dir='ltr'><strong>facit,</strong></span> <span class='ocrx_word' id='word_1_265' title='bbox 1102 3813 1156 3858; x_wconf 88' lang='lat' dir='ltr'><strong>et</strong></span> <span class='ocrx_word' id='word_1_266' title='bbox 1185 3804 1252 3858; x_wconf 91' lang='lat' dir='ltr'><strong>ad</strong></span> <span class='ocrx_word' id='word_1_267' title='bbox 1288 3803 1454 3856; x_wconf 88' lang='lat' dir='ltr'><strong>multa</strong></span> <span class='ocrx_word' id='word_1_268' title='bbox 1485 3803 1587 3856; x_wconf 86' lang='lat' dir='ltr'><strong>alia</strong></span> <span class='ocrx_word' id='word_1_269' title='bbox 1624 3811 1709 3855; x_wconf 90' lang='lat' dir='ltr'><strong>est</strong></span> <span class='ocrx_word' id='word_1_270' title='bbox 1762 3817 1856 3855; x_wconf 82' lang='lat' dir='ltr'><strong>ac-</strong></span> 
     </span>
    </p>
   </div>
   <div class='ocr_carea' id='block_1_39' title="bbox 272 3895 1859 3967">
    <p class='ocr_par' dir='ltr' id='par_1_39' title="bbox 272 3895 1859 3967">
     <span class='ocr_line' id='line_1_39' title="bbox 272 3895 1859 3967; baseline -0.004 -14"><span class='ocrx_word' id='word_1_271' title='bbox 272 3901 623 3954; x_wconf 85' lang='lat' dir='ltr'><strong>commodata</strong></span> <span class='ocrx_word' id='word_1_272' title='bbox 654 3899 720 3953; x_wconf 88' lang='lat' dir='ltr'><strong>de</strong></span> <span class='ocrx_word' id='word_1_273' title='bbox 752 3899 949 3967; x_wconf 87' lang='lat' dir='ltr'><strong>quibus</strong></span> <span class='ocrx_word' id='word_1_274' title='bbox 990 3897 1192 3963; x_wconf 89' lang='lat' dir='ltr'><strong>dicam,</strong></span> <span class='ocrx_word' id='word_1_275' title='bbox 1219 3897 1484 3966; x_wconf 82' lang='lat' dir='ltr'><strong>integram</strong></span> <span class='ocrx_word' id='word_1_276' title='bbox 1533 3895 1722 3950; x_wconf 75' lang='lat' dir='ltr'><strong>Grmce</strong></span> <span class='ocrx_word' id='word_1_277' title='bbox 1780 3895 1859 3946; x_wconf 89' lang='lat' dir='ltr'><strong>si-</strong></span> 
     </span>
    </p>
   </div>
   <div class='ocr_carea' id='block_1_40' title="bbox 273 3987 1860 4062">
    <p class='ocr_par' dir='ltr' id='par_1_40' title="bbox 273 3987 1860 4062">
     <span class='ocr_line' id='line_1_40' title="bbox 273 3987 1860 4062; baseline -0.004 -14"><span class='ocrx_word' id='word_1_278' title='bbox 273 3996 381 4048; x_wconf 84' lang='lat' dir='ltr'><strong>mul</strong></span> <span class='ocrx_word' id='word_1_279' title='bbox 428 4004 483 4046; x_wconf 89' lang='lat' dir='ltr'><strong>et</strong></span> <span class='ocrx_word' id='word_1_280' title='bbox 533 3993 728 4046; x_wconf 82' lang='lat' dir='ltr'><strong>Latine</strong></span> <span class='ocrx_word' id='word_1_281' title='bbox 770 3993 1094 4047; x_wconf 83' lang='lat' dir='ltr'><strong>describam.</strong></span> <span class='ocrx_word' id='word_1_282' title='bbox 1145 3989 1396 4062; x_wconf 73' lang='grc' dir='ltr'><strong>Θεοφάνῃ</strong></span> <span class='ocrx_word' id='word_1_283' title='bbox 1453 3987 1760 4060; x_wconf 82' lang='grc' dir='ltr'><strong>μονάζοντι.</strong></span> <span class='ocrx_word' id='word_1_284' title='bbox 1800 3989 1860 4041; x_wconf 84' lang='grc' dir='ltr'><strong>Εἰ</strong></span> 
     </span>
    </p>
   </div>
   <div class='ocr_carea' id='block_1_41' title="bbox 274 4080 1858 4154">
    <p class='ocr_par' dir='ltr' id='par_1_41' title="bbox 274 4080 1858 4154">
     <span class='ocr_line' id='line_1_41' title="bbox 274 4080 1858 4154; baseline -0.004 -16"><span class='ocrx_word' id='word_1_285' title='bbox 274 4088 357 4139; x_wconf 71' lang='grc' dir='ltr'><strong>σοὶ</strong></span> <span class='ocrx_word' id='word_1_286' title='bbox 413 4086 577 4153; x_wconf 65' lang='grc' dir='ltr'>ςξλον</span> <span class='ocrx_word' id='word_1_287' title='bbox 643 4086 706 4136; x_wconf 74' lang='grc' dir='ltr'><strong>τὸ</strong></span> <span class='ocrx_word' id='word_1_288' title='bbox 755 4085 895 4154; x_wconf 72' lang='grc' dir='ltr'><strong>πρὸς</strong></span> <span class='ocrx_word' id='word_1_289' title='bbox 942 4083 1102 4154; x_wconf 80' lang='grc' dir='ltr'>ἡμῶν</span> <span class='ocrx_word' id='word_1_290' title='bbox 1154 4083 1263 4135; x_wconf 80' lang='grc' dir='ltr'><strong>τῶν</strong></span> <span class='ocrx_word' id='word_1_291' title='bbox 1316 4080 1552 4134; x_wconf 70' lang='grc' dir='ltr'>εὐτελῶν</span> <span class='ocrx_word' id='word_1_292' title='bbox 1604 4080 1858 4150; x_wconf 73' lang='grc' dir='ltr'><strong>γράμμα,</strong></span> 
     </span>
    </p>
   </div>
   <div class='ocr_carea' id='block_1_42' title="bbox 269 4171 1861 4247">
    <p class='ocr_par' dir='ltr' id='par_1_42' title="bbox 269 4171 1861 4247">
     <span class='ocr_line' id='line_1_42' title="bbox 269 4171 1861 4247; baseline -0.004 -17"><span class='ocrx_word' id='word_1_293' title='bbox 269 4198 325 4232; x_wconf 80' lang='grc' dir='ltr'><strong>κ.</strong></span> <span class='ocrx_word' id='word_1_294' title='bbox 362 4179 515 4247; x_wconf 54' lang='lat'><strong>1.1.</strong></span> <span class='ocrx_word' id='word_1_295' title='bbox 564 4177 860 4246; x_wconf 72' lang='lat' dir='ltr'><strong>Theophani</strong></span> <span class='ocrx_word' id='word_1_296' title='bbox 892 4175 1166 4229; x_wconf 82' lang='lat' dir='ltr'><strong>monacho.</strong></span> <span class='ocrx_word' id='word_1_297' title='bbox 1217 4192 1235 4224; x_wconf 79' lang='grc' dir='ltr'><strong>ι</strong></span> <span class='ocrx_word' id='word_1_298' title='bbox 1296 4174 1354 4228; x_wconf 86' lang='lat' dir='ltr'><strong>Si</strong></span> <span class='ocrx_word' id='word_1_299' title='bbox 1423 4180 1474 4226; x_wconf 90' lang='lat' dir='ltr'><strong>te</strong></span> <span class='ocrx_word' id='word_1_300' title='bbox 1536 4171 1861 4224; x_wconf 88' lang='lat' dir='ltr'><strong>humilitatis</strong></span> 
     </span>
    </p>
   </div>
   <div class='ocr_carea' id='block_1_43' title="bbox 271 4263 1862 4332">
    <p class='ocr_par' dir='ltr' id='par_1_43' title="bbox 271 4263 1862 4332">
     <span class='ocr_line' id='line_1_43' title="bbox 271 4263 1862 4332; baseline -0.005 -10"><span class='ocrx_word' id='word_1_301' title='bbox 271 4281 478 4322; x_wconf 56' lang='lat' dir='ltr'><strong>nostrm</strong></span> <span class='ocrx_word' id='word_1_302' title='bbox 503 4268 797 4331; x_wconf 68' lang='lat' dir='ltr'><strong>delectant,</strong></span> <span class='ocrx_word' id='word_1_303' title='bbox 840 4286 859 4317; x_wconf 83' lang='grc'><strong>›</strong></span> <span class='ocrx_word' id='word_1_304' title='bbox 904 4277 1008 4320; x_wconf 86' lang='lat' dir='ltr'><strong>etc.</strong></span> <span class='ocrx_word' id='word_1_305' title='bbox 1047 4264 1178 4318; x_wconf 82' lang='lat' dir='ltr'><strong>Vide</strong></span> <span class='ocrx_word' id='word_1_306' title='bbox 1225 4267 1360 4318; x_wconf 84' lang='lat' dir='ltr'><strong>inter</strong></span> <span class='ocrx_word' id='word_1_307' title='bbox 1393 4263 1643 4332; x_wconf 80' lang='lat' dir='ltr'><strong>epistolas</strong></span> <span class='ocrx_word' id='word_1_308' title='bbox 1685 4263 1862 4316; x_wconf 82' lang='lat' dir='ltr'><strong>Pltotii</strong></span> 
     </span>
    </p>
   </div>
   <div class='ocr_carea' id='block_1_44' title="bbox 268 4354 1859 4425">
    <p class='ocr_par' dir='ltr' id='par_1_44' title="bbox 268 4354 1859 4425">
     <span class='ocr_line' id='line_1_44' title="bbox 268 4354 1859 4425; baseline -0.004 -14"><span class='ocrx_word' id='word_1_309' title='bbox 268 4361 363 4413; x_wconf 77' lang='lat' dir='ltr'><strong>sub</strong></span> <span class='ocrx_word' id='word_1_310' title='bbox 394 4377 548 4412; x_wconf 85' lang='lat' dir='ltr'><strong>num.</strong></span> <span class='ocrx_word' id='word_1_311' title='bbox 583 4357 708 4423; x_wconf 61' lang='lat'><strong>‘20‘2,</strong></span> <span class='ocrx_word' id='word_1_312' title='bbox 749 4361 998 4425; x_wconf 80' lang='lat' dir='ltr'><strong>Operam,</strong></span> <span class='ocrx_word' id='word_1_313' title='bbox 1025 4357 1185 4424; x_wconf 83' lang='lat' dir='ltr'><strong>ipsius</strong></span> <span class='ocrx_word' id='word_1_314' title='bbox 1224 4355 1400 4407; x_wconf 79' lang='lat' dir='ltr'><strong>Photii</strong></span> <span class='ocrx_word' id='word_1_315' title='bbox 1457 4354 1702 4408; x_wconf 85' lang='lat' dir='ltr'><strong>editionis</strong></span> <span class='ocrx_word' id='word_1_316' title='bbox 1757 4369 1859 4405; x_wconf 84' lang='lat' dir='ltr'><strong>no-</strong></span> 
     </span>
    </p>
   </div>
   <div class='ocr_carea' id='block_1_45' title="bbox 266 4445 1858 4518">
    <p class='ocr_par' dir='ltr' id='par_1_45' title="bbox 266 4445 1858 4518">
     <span class='ocr_line' id='line_1_45' title="bbox 266 4445 1858 4518; baseline -0.006 -10"><span class='ocrx_word' id='word_1_317' title='bbox 266 4467 397 4508; x_wconf 69' lang='grc' dir='ltr'>ιιι-ίιο</span> <span class='ocrx_word' id='word_1_318' title='bbox 433 4465 568 4508; x_wconf 88' lang='lat' dir='ltr'><strong>tom.</strong></span> <span class='ocrx_word' id='word_1_319' title='bbox 600 4449 681 4516; x_wconf 85' lang='grc'><strong>11,</strong></span> <span class='ocrx_word' id='word_1_320' title='bbox 711 4449 1026 4518; x_wconf 72' lang='lat' dir='ltr'><strong>Patrologia:</strong></span> <span class='ocrx_word' id='word_1_321' title='bbox 1045 4447 1196 4513; x_wconf 79' lang='lat' dir='ltr'><strong>CCII,</strong></span> <span class='ocrx_word' id='word_1_322' title='bbox 1222 4449 1324 4502; x_wconf 92' lang='lat' dir='ltr'><strong>col.</strong></span> <span class='ocrx_word' id='word_1_323' title='bbox 1356 4449 1484 4514; x_wconf 65' lang='lat'><strong>925.</strong></span> <span class='ocrx_word' id='word_1_324' title='bbox 1513 4445 1858 4500; x_wconf 72' lang='lat' dir='ltr'><strong>EDIT.P.\TR.</strong></span> 
     </span>
    </p>
   </div>
   <div class='ocr_carea' id='block_1_46' title="bbox 341 4539 1860 4615">
    <p class='ocr_par' dir='ltr' id='par_1_46' title="bbox 341 4539 1860 4615">
     <span class='ocr_line' id='line_1_46' title="bbox 341 4539 1860 4615; baseline -0.008 -13"><span class='ocrx_word' id='word_1_325' title='bbox 341 4545 674 4615; x_wconf 74' lang='lat' dir='ltr'><strong>Theophani</strong></span> <span class='ocrx_word' id='word_1_326' title='bbox 711 4552 894 4598; x_wconf 88' lang='lat' dir='ltr'><strong>nostro</strong></span> <span class='ocrx_word' id='word_1_327' title='bbox 924 4543 1141 4596; x_wconf 91' lang='lat' dir='ltr'><strong>missam</strong></span> <span class='ocrx_word' id='word_1_328' title='bbox 1176 4541 1318 4594; x_wconf 89' lang='lat' dir='ltr'><strong>hanc</strong></span> <span class='ocrx_word' id='word_1_329' title='bbox 1352 4540 1632 4608; x_wconf 87' lang='lat' dir='ltr'><strong>epistolam</strong></span> <span class='ocrx_word' id='word_1_330' title='bbox 1695 4539 1860 4591; x_wconf 90' lang='lat' dir='ltr'><strong>multa</strong></span> 
     </span>
    </p>
   </div>
   <div class='ocr_carea' id='block_1_47' title="bbox 270 4630 1864 4704">
    <p class='ocr_par' dir='ltr' id='par_1_47' title="bbox 270 4630 1864 4704">
     <span class='ocr_line' id='line_1_47' title="bbox 270 4630 1864 4704; baseline -0.008 -9"><span class='ocrx_word' id='word_1_331' title='bbox 270 4641 547 4703; x_wconf 83' lang='lat' dir='ltr'><strong>suadent;</strong></span> <span class='ocrx_word' id='word_1_332' title='bbox 601 4635 780 4689; x_wconf 80' lang='lat' dir='ltr'><strong>Sicilia</strong></span> <span class='ocrx_word' id='word_1_333' title='bbox 824 4635 935 4704; x_wconf 89' lang='lat' dir='ltr'><strong>ipsa</strong></span> <span class='ocrx_word' id='word_1_334' title='bbox 973 4634 1125 4700; x_wconf 79' lang='lat' dir='ltr'><strong>cujus</strong></span> <span class='ocrx_word' id='word_1_335' title='bbox 1153 4633 1209 4687; x_wconf 87' lang='lat' dir='ltr'><strong>fit</strong></span> <span class='ocrx_word' id='word_1_336' title='bbox 1239 4633 1441 4687; x_wconf 84' lang='lat' dir='ltr'><strong>mentio</strong></span> <span class='ocrx_word' id='word_1_337' title='bbox 1476 4632 1527 4686; x_wconf 94' lang='lat' dir='ltr'><strong>in</strong></span> <span class='ocrx_word' id='word_1_338' title='bbox 1585 4632 1700 4700; x_wconf 88' lang='lat' dir='ltr'><strong>ipsa</strong></span> <span class='ocrx_word' id='word_1_339' title='bbox 1747 4630 1864 4698; x_wconf 82' lang='lat' dir='ltr'><strong>epi-</strong></span> 
     </span>
    </p>
   </div>
   <div class='ocr_carea' id='block_1_48' title="bbox 267 4725 1864 4799">
    <p class='ocr_par' dir='ltr' id='par_1_48' title="bbox 267 4725 1864 4799">
     <span class='ocr_line' id='line_1_48' title="bbox 267 4725 1864 4799; baseline -0.005 -12"><span class='ocrx_word' id='word_1_340' title='bbox 267 4735 410 4787; x_wconf 84' lang='lat' dir='ltr'><strong>stola</strong></span> <span class='ocrx_word' id='word_1_341' title='bbox 436 4748 453 4797; x_wconf 86' lang='lat'><strong>;</strong></span> <span class='ocrx_word' id='word_1_342' title='bbox 483 4741 539 4786; x_wconf 89' lang='lat' dir='ltr'><strong>et</strong></span> <span class='ocrx_word' id='word_1_343' title='bbox 561 4731 844 4799; x_wconf 86' lang='lat' dir='ltr'><strong>quodcum</strong></span> <span class='ocrx_word' id='word_1_344' title='bbox 875 4729 982 4783; x_wconf 87' lang='lat' dir='ltr'><strong>illis</strong></span> <span class='ocrx_word' id='word_1_345' title='bbox 1006 4744 1113 4781; x_wconf 87' lang='lat' dir='ltr'><strong>una</strong></span> <span class='ocrx_word' id='word_1_346' title='bbox 1152 4731 1476 4798; x_wconf 88' lang='lat' dir='ltr'><strong>reperiatur,</strong></span> <span class='ocrx_word' id='word_1_347' title='bbox 1510 4741 1628 4795; x_wconf 80' lang='lat' dir='ltr'><strong>qua:</strong></span> <span class='ocrx_word' id='word_1_348' title='bbox 1651 4737 1703 4780; x_wconf 90' lang='lat' dir='ltr'><strong>et</strong></span> <span class='ocrx_word' id='word_1_349' title='bbox 1728 4725 1864 4780; x_wconf 49' lang='lat' dir='ltr'><strong>Grc“-</strong></span> 
     </span>
    </p>
   </div>
   <div class='ocr_carea' id='block_1_49' title="bbox 270 4818 1864 4897">
    <p class='ocr_par' dir='ltr' id='par_1_49' title="bbox 270 4818 1864 4897">
     <span class='ocr_line' id='line_1_49' title="bbox 270 4818 1864 4897; baseline -0.003 -21"><span class='ocrx_word' id='word_1_350' title='bbox 270 4827 431 4897; x_wconf 76' lang='lat' dir='ltr'><strong>gnrio</strong></span> <span class='ocrx_word' id='word_1_351' title='bbox 484 4824 831 4894; x_wconf 82' lang='lat' dir='ltr'><strong>Syracusano</strong></span> <span class='ocrx_word' id='word_1_352' title='bbox 886 4823 1164 4890; x_wconf 86' lang='lat' dir='ltr'><strong>episcopo,</strong></span> <span class='ocrx_word' id='word_1_353' title='bbox 1219 4830 1276 4874; x_wconf 89' lang='lat' dir='ltr'><strong>et</strong></span> <span class='ocrx_word' id='word_1_354' title='bbox 1309 4819 1606 4889; x_wconf 87' lang='lat' dir='ltr'><strong>Euthymio</strong></span> <span class='ocrx_word' id='word_1_355' title='bbox 1647 4818 1864 4873; x_wconf 77' lang='lat' dir='ltr'><strong>Calatia:</strong></span> 
     </span>
    </p>
   </div>
   <div class='ocr_carea' id='block_1_50' title="bbox 273 4913 1860 4987">
    <p class='ocr_par' dir='ltr' id='par_1_50' title="bbox 273 4913 1860 4987">
     <span class='ocr_line' id='line_1_50' title="bbox 273 4913 1860 4987; baseline -0.006 -14"><span class='ocrx_word' id='word_1_356' title='bbox 273 4917 642 4987; x_wconf 69' lang='lat' dir='ltr'><strong>ntetropolitze</strong></span> <span class='ocrx_word' id='word_1_357' title='bbox 677 4925 731 4971; x_wconf 86' lang='lat' dir='ltr'><strong>et</strong></span> <span class='ocrx_word' id='word_1_358' title='bbox 762 4915 944 4970; x_wconf 75' lang='lat' dir='ltr'><strong>Marco</strong></span> <span class='ocrx_word' id='word_1_359' title='bbox 967 4915 1152 4969; x_wconf 87' lang='lat' dir='ltr'><strong>Siculo</strong></span> <span class='ocrx_word' id='word_1_360' title='bbox 1194 4913 1408 4983; x_wconf 79' lang='lat' dir='ltr'><strong>scripta:</strong></span> <span class='ocrx_word' id='word_1_361' title='bbox 1449 4920 1600 4976; x_wconf 92' lang='lat' dir='ltr'><strong>sunt,</strong></span> <span class='ocrx_word' id='word_1_362' title='bbox 1639 4921 1688 4965; x_wconf 92' lang='lat' dir='ltr'><strong>et</strong></span> <span class='ocrx_word' id='word_1_363' title='bbox 1720 4919 1860 4965; x_wconf 84' lang='lat' dir='ltr'><strong>tem-</strong></span> 
     </span>
    </p>
   </div>
   <div class='ocr_carea' id='block_1_51' title="bbox 271 5001 1860 5079">
    <p class='ocr_par' dir='ltr' id='par_1_51' title="bbox 271 5001 1860 5079">
     <span class='ocr_line' id='line_1_51' title="bbox 271 5001 1860 5079; baseline -0.004 -15"><span class='ocrx_word' id='word_1_364' title='bbox 271 5015 427 5079; x_wconf 82' lang='lat' dir='ltr'><strong>poris</strong></span> <span class='ocrx_word' id='word_1_365' title='bbox 467 5011 610 5064; x_wconf 88' lang='lat' dir='ltr'><strong>ratio</strong></span> <span class='ocrx_word' id='word_1_366' title='bbox 657 5025 817 5078; x_wconf 89' lang='lat' dir='ltr'><strong>quam</strong></span> <span class='ocrx_word' id='word_1_367' title='bbox 853 5009 991 5062; x_wconf 88' lang='lat' dir='ltr'><strong>infra</strong></span> <span class='ocrx_word' id='word_1_368' title='bbox 1036 5006 1289 5062; x_wconf 87' lang='lat' dir='ltr'><strong>subtilius</strong></span> <span class='ocrx_word' id='word_1_369' title='bbox 1348 5005 1672 5075; x_wconf 86' lang='lat' dir='ltr'><strong>supputabo.</strong></span> <span class='ocrx_word' id='word_1_370' title='bbox 1727 5001 1860 5057; x_wconf 89' lang='lat' dir='ltr'><strong>Nam</strong></span> 
     </span>
    </p>
   </div>
   <div class='ocr_carea' id='block_1_52' title="bbox 269 5097 1863 5172">
    <p class='ocr_par' dir='ltr' id='par_1_52' title="bbox 269 5097 1863 5172">
     <span class='ocr_line' id='line_1_52' title="bbox 269 5097 1863 5172; baseline -0.004 -15"><span class='ocrx_word' id='word_1_371' title='bbox 269 5103 461 5157; x_wconf 80' lang='lat' dir='ltr'><strong>Photii</strong></span> <span class='ocrx_word' id='word_1_372' title='bbox 499 5111 743 5172; x_wconf 88' lang='lat' dir='ltr'><strong>tempore</strong></span> <span class='ocrx_word' id='word_1_373' title='bbox 780 5101 1076 5154; x_wconf 83' lang='lat' dir='ltr'><strong>Zacharias</strong></span> <span class='ocrx_word' id='word_1_374' title='bbox 1096 5111 1212 5153; x_wconf 82' lang='lat' dir='ltr'><strong>erat</strong></span> <span class='ocrx_word' id='word_1_375' title='bbox 1243 5099 1528 5168; x_wconf 84' lang='lat' dir='ltr'><strong>episcopus</strong></span> <span class='ocrx_word' id='word_1_376' title='bbox 1560 5097 1863 5151; x_wconf 81' lang='lat' dir='ltr'><strong>Taurome-</strong></span> 
     </span>
    </p>
   </div>
   <div class='ocr_carea' id='block_1_53' title="bbox 273 5190 1863 5263">
    <p class='ocr_par' dir='ltr' id='par_1_53' title="bbox 273 5190 1863 5263">
     <span class='ocr_line' id='line_1_53' title="bbox 273 5190 1863 5263; baseline -0.007 -11"><span class='ocrx_word' id='word_1_377' title='bbox 273 5199 350 5252; x_wconf 88' lang='lat' dir='ltr'><strong>nii</strong></span> <span class='ocrx_word' id='word_1_378' title='bbox 384 5196 693 5263; x_wconf 84' lang='lat' dir='ltr'><strong>eodemque</strong></span> <span class='ocrx_word' id='word_1_379' title='bbox 729 5209 837 5263; x_wconf 84' lang='lat' dir='ltr'><strong>quo</strong></span> <span class='ocrx_word' id='word_1_380' title='bbox 868 5191 1164 5263; x_wconf 81' lang='lat' dir='ltr'><strong>Gregorius</strong></span> <span class='ocrx_word' id='word_1_381' title='bbox 1200 5190 1427 5245; x_wconf 86' lang='lat' dir='ltr'><strong>Ashesta</strong></span> <span class='ocrx_word' id='word_1_382' title='bbox 1473 5190 1863 5258; x_wconf 84' lang='lat' dir='ltr'><strong>Syracusarum</strong></span> 
     </span>
    </p>
   </div>
   <div class='ocr_carea' id='block_1_54' title="bbox 273 5281 1864 5356">
    <p class='ocr_par' dir='ltr' id='par_1_54' title="bbox 273 5281 1864 5356">
     <span class='ocr_line' id='line_1_54' title="bbox 273 5281 1864 5356; baseline -0.006 -14"><span class='ocrx_word' id='word_1_383' title='bbox 273 5301 328 5342; x_wconf 87' lang='lat' dir='ltr'><strong>et</strong></span> <span class='ocrx_word' id='word_1_384' title='bbox 353 5285 683 5356; x_wconf 75' lang='lat' dir='ltr'><strong>Enthytnius</strong></span> <span class='ocrx_word' id='word_1_385' title='bbox 713 5287 949 5337; x_wconf 63' lang='lat' dir='ltr'><strong>(lataum.</strong></span> <span class='ocrx_word' id='word_1_386' title='bbox 996 5283 1106 5338; x_wconf 91' lang='lat' dir='ltr'><strong>lloc</strong></span> <span class='ocrx_word' id='word_1_387' title='bbox 1165 5283 1330 5351; x_wconf 83' lang='lat' dir='ltr'><strong>igitur</strong></span> <span class='ocrx_word' id='word_1_388' title='bbox 1383 5293 1626 5350; x_wconf 88' lang='lat' dir='ltr'><strong>tempore</strong></span> <span class='ocrx_word' id='word_1_389' title='bbox 1684 5281 1864 5334; x_wconf 89' lang='lat' dir='ltr'><strong>Theo-</strong></span> 
     </span>
    </p>
   </div>
   <div class='ocr_carea' id='block_1_55' title="bbox 276 5375 1862 5449">
    <p class='ocr_par' dir='ltr' id='par_1_55' title="bbox 276 5375 1862 5449">
     <span class='ocr_line' id='line_1_55' title="bbox 276 5375 1862 5449; baseline -0.006 -15"><span class='ocrx_word' id='word_1_390' title='bbox 276 5383 516 5449; x_wconf 87' lang='lat' dir='ltr'><strong>phanem</strong></span> <span class='ocrx_word' id='word_1_391' title='bbox 543 5380 721 5431; x_wconf 90' lang='lat' dir='ltr'><strong>adhue.</strong></span> <span class='ocrx_word' id='word_1_392' title='bbox 748 5377 1104 5431; x_wconf 80' lang='lat' dir='ltr'><strong>monasticam</strong></span> <span class='ocrx_word' id='word_1_393' title='bbox 1133 5377 1309 5446; x_wconf 75' lang='lat' dir='ltr'><strong>egisse</strong></span> <span class='ocrx_word' id='word_1_394' title='bbox 1336 5377 1524 5435; x_wconf 86' lang='lat' dir='ltr'><strong>vitam,</strong></span> <span class='ocrx_word' id='word_1_395' title='bbox 1563 5391 1626 5429; x_wconf 81' lang='lat' dir='ltr'><strong>ex</strong></span> <span class='ocrx_word' id='word_1_396' title='bbox 1665 5390 1769 5444; x_wconf 86' lang='lat' dir='ltr'><strong>qua</strong></span> <span class='ocrx_word' id='word_1_397' title='bbox 1797 5375 1862 5425; x_wconf 87' lang='lat' dir='ltr'><strong>ad</strong></span> 
     </span>
    </p>
   </div>
   <div class='ocr_carea' id='block_1_56' title="bbox 273 5467 1862 5541">
    <p class='ocr_par' dir='ltr' id='par_1_56' title="bbox 273 5467 1862 5541">
     <span class='ocr_line' id='line_1_56' title="bbox 273 5467 1862 5541; baseline -0.004 -15"><span class='ocrx_word' id='word_1_398' title='bbox 273 5470 525 5541; x_wconf 79' lang='lat' dir='ltr'><strong>episcOpi</strong></span> <span class='ocrx_word' id='word_1_399' title='bbox 566 5470 883 5541; x_wconf 87' lang='lat' dir='ltr'><strong>dignitatem</strong></span> <span class='ocrx_word' id='word_1_400' title='bbox 921 5477 1164 5533; x_wconf 86' lang='lat' dir='ltr'><strong>evectus,</strong></span> <span class='ocrx_word' id='word_1_401' title='bbox 1197 5477 1252 5522; x_wconf 89' lang='lat' dir='ltr'><strong>et</strong></span> <span class='ocrx_word' id='word_1_402' title='bbox 1299 5467 1579 5521; x_wconf 68' lang='lat' dir='ltr'><strong>Zachariae</strong></span> <span class='ocrx_word' id='word_1_403' title='bbox 1641 5481 1862 5520; x_wconf 89' lang='lat' dir='ltr'><strong>sueees-</strong></span> 
     </span>
    </p>
   </div>
   <div class='ocr_carea' id='block_1_57' title="bbox 277 5561 1864 5632">
    <p class='ocr_par' dir='ltr' id='par_1_57' title="bbox 277 5561 1864 5632">
     <span class='ocr_line' id='line_1_57' title="bbox 277 5561 1864 5632; baseline -0.003 -13"><span class='ocrx_word' id='word_1_404' title='bbox 277 5582 373 5620; x_wconf 78' lang='lat' dir='ltr'><strong>sor</strong></span> <span class='ocrx_word' id='word_1_405' title='bbox 427 5565 618 5628; x_wconf 89' lang='lat' dir='ltr'><strong>fuerit,</strong></span> <span class='ocrx_word' id='word_1_406' title='bbox 682 5564 919 5617; x_wconf 80' lang='lat' dir='ltr'><strong>maxime</strong></span> <span class='ocrx_word' id='word_1_407' title='bbox 983 5563 1250 5632; x_wconf 78' lang='lat' dir='ltr'><strong>congruit,</strong></span> <span class='ocrx_word' id='word_1_408' title='bbox 1311 5571 1420 5615; x_wconf 89' lang='lat' dir='ltr'><strong>tum</strong></span> <span class='ocrx_word' id='word_1_409' title='bbox 1480 5561 1754 5630; x_wconf 73' lang='lat' dir='ltr'><strong>sapientia:</strong></span> <span class='ocrx_word' id='word_1_410' title='bbox 1800 5574 1864 5614; x_wconf 87' lang='lat' dir='ltr'><strong>ac</strong></span> 
     </span>
    </p>
   </div>
   <div class='ocr_carea' id='block_1_58' title="bbox 278 5651 1861 5724">
    <p class='ocr_par' dir='ltr' id='par_1_58' title="bbox 278 5651 1861 5724">
     <span class='ocr_line' id='line_1_58' title="bbox 278 5651 1861 5724; baseline -0.004 -15"><span class='ocrx_word' id='word_1_411' title='bbox 278 5655 544 5712; x_wconf 75' lang='lat' dir='ltr'><strong>doctrina:</strong></span> <span class='ocrx_word' id='word_1_412' title='bbox 569 5653 681 5708; x_wconf 82' lang='lat' dir='ltr'><strong>laus</strong></span> <span class='ocrx_word' id='word_1_413' title='bbox 705 5653 805 5724; x_wconf 84' lang='lat' dir='ltr'><strong>ipsi</strong></span> <span class='ocrx_word' id='word_1_414' title='bbox 847 5653 1052 5707; x_wconf 82' lang='lat' dir='ltr'><strong>tributa</strong></span> <span class='ocrx_word' id='word_1_415' title='bbox 1085 5668 1116 5707; x_wconf 86' lang='lat' dir='ltr'><strong>a</strong></span> <span class='ocrx_word' id='word_1_416' title='bbox 1168 5651 1379 5716; x_wconf 86' lang='lat' dir='ltr'><strong>Photio,</strong></span> <span class='ocrx_word' id='word_1_417' title='bbox 1431 5667 1548 5718; x_wconf 72' lang='lat' dir='ltr'><strong>qua:</strong></span> <span class='ocrx_word' id='word_1_418' title='bbox 1604 5651 1763 5706; x_wconf 84' lang='lat' dir='ltr'><strong>etiam</strong></span> <span class='ocrx_word' id='word_1_419' title='bbox 1809 5651 1861 5703; x_wconf 93' lang='lat' dir='ltr'><strong>in</strong></span> 
     </span>
    </p>
   </div>
   <div class='ocr_carea' id='block_1_59' title="bbox 278 5742 1859 5814">
    <p class='ocr_par' dir='ltr' id='par_1_59' title="bbox 278 5742 1859 5814">
     <span class='ocr_line' id='line_1_59' title="bbox 278 5742 1859 5814; baseline -0.003 -13"><span class='ocrx_word' id='word_1_420' title='bbox 278 5746 736 5813; x_wconf 83' lang='lat' dir='ltr'><strong>inscriptionibus</strong></span> <span class='ocrx_word' id='word_1_421' title='bbox 792 5745 957 5814; x_wconf 83' lang='lat' dir='ltr'><strong>hujus</strong></span> <span class='ocrx_word' id='word_1_422' title='bbox 1017 5745 1198 5813; x_wconf 88' lang='lat' dir='ltr'><strong>operis</strong></span> <span class='ocrx_word' id='word_1_423' title='bbox 1255 5753 1566 5798; x_wconf 88' lang='lat' dir='ltr'><strong>constanter</strong></span> <span class='ocrx_word' id='word_1_424' title='bbox 1616 5742 1859 5812; x_wconf 89' lang='lat' dir='ltr'><strong>legitur:</strong></span> 
     </span>
    </p>
   </div>
   <div class='ocr_carea' id='block_1_60' title="bbox 279 5835 1856 5911">
    <p class='ocr_par' dir='ltr' id='par_1_60' title="bbox 279 5835 1856 5911">
     <span class='ocr_line' id='line_1_60' title="bbox 279 5835 1856 5911; baseline -0.003 -19"><span class='ocrx_word' id='word_1_425' title='bbox 279 5847 395 5893; x_wconf 89' lang='lat' dir='ltr'><strong>tum</strong></span> <span class='ocrx_word' id='word_1_426' title='bbox 434 5838 618 5892; x_wconf 87' lang='lat' dir='ltr'><strong>datum</strong></span> <span class='ocrx_word' id='word_1_427' title='bbox 646 5839 926 5911; x_wconf 76' lang='lat' dir='ltr'><strong>negotium</strong></span> <span class='ocrx_word' id='word_1_428' title='bbox 953 5837 1274 5906; x_wconf 79' lang='lat' dir='ltr'><strong>coarguendi</strong></span> <span class='ocrx_word' id='word_1_429' title='bbox 1307 5836 1444 5907; x_wconf 84' lang='lat' dir='ltr'><strong>ejus,</strong></span> <span class='ocrx_word' id='word_1_430' title='bbox 1477 5836 1564 5906; x_wconf 78' lang='lat' dir='ltr'><strong>qui</strong></span> <span class='ocrx_word' id='word_1_431' title='bbox 1609 5835 1856 5890; x_wconf 71' lang='lat' dir='ltr'><strong>hteresim</strong></span> 
     </span>
    </p>
   </div>
   <div class='ocr_carea' id='block_1_61' title="bbox 1961 495 3536 568">
    <p class='ocr_par' dir='ltr' id='par_1_61' title="bbox 1961 495 3536 568">
     <span class='ocr_line' id='line_1_61' title="bbox 1961 495 3536 568; baseline 0.004 -21"><span class='ocrx_word' id='word_1_432' title='bbox 1961 495 2372 561; x_wconf 85' lang='lat' dir='ltr'><strong>disseminabat,</strong></span> <span class='ocrx_word' id='word_1_433' title='bbox 2399 512 2520 549; x_wconf 84' lang='lat' dir='ltr'><strong>cum</strong></span> <span class='ocrx_word' id='word_1_434' title='bbox 2554 497 2752 551; x_wconf 85' lang='lat' dir='ltr'><strong>diceret</strong></span> <span class='ocrx_word' id='word_1_435' title='bbox 2782 496 3052 550; x_wconf 76' lang='lat' dir='ltr'><strong>Christum</strong></span> <span class='ocrx_word' id='word_1_436' title='bbox 3090 513 3193 550; x_wconf 91' lang='lat' dir='ltr'><strong>non</strong></span> <span class='ocrx_word' id='word_1_437' title='bbox 3248 514 3367 552; x_wconf 78' lang='lat' dir='ltr'><strong>esse.</strong></span> <span class='ocrx_word' id='word_1_438' title='bbox 3416 505 3536 568; x_wconf 85' lang='lat' dir='ltr'><strong>pin-</strong></span> 
     </span>
    </p>
   </div>
   <div class='ocr_carea' id='block_1_62' title="bbox 1959 585 3533 658">
    <p class='ocr_par' dir='ltr' id='par_1_62' title="bbox 1959 585 3533 658">
     <span class='ocr_line' id='line_1_62' title="bbox 1959 585 3533 658; baseline 0.004 -20"><span class='ocrx_word' id='word_1_439' title='bbox 1959 585 2189 653; x_wconf 83' lang='lat' dir='ltr'><strong>gendum</strong></span> <span class='ocrx_word' id='word_1_440' title='bbox 2220 596 2272 638; x_wconf 89' lang='lat' dir='ltr'><strong>et</strong></span> <span class='ocrx_word' id='word_1_441' title='bbox 2306 585 2357 639; x_wconf 90' lang='lat' dir='ltr'><strong>in</strong></span> <span class='ocrx_word' id='word_1_442' title='bbox 2387 587 2620 651; x_wconf 77' lang='lat' dir='ltr'><strong>imagine</strong></span> <span class='ocrx_word' id='word_1_443' title='bbox 2673 587 3033 651; x_wconf 86' lang='lat' dir='ltr'><strong>adorandum,</strong></span> <span class='ocrx_word' id='word_1_444' title='bbox 3093 589 3237 655; x_wconf 88' lang='lat' dir='ltr'><strong>quod</strong></span> <span class='ocrx_word' id='word_1_445' title='bbox 3281 590 3533 658; x_wconf 85' lang='lat' dir='ltr'><strong>pietatem</strong></span> 
     </span>
    </p>
   </div>
   <div class='ocr_carea' id='block_1_63' title="bbox 1958 678 3536 758">
    <p class='ocr_par' dir='ltr' id='par_1_63' title="bbox 1958 678 3536 758">
     <span class='ocr_line' id='line_1_63' title="bbox 1958 678 3536 758; baseline 0.002 -25"><span class='ocrx_word' id='word_1_446' title='bbox 1958 689 2012 733; x_wconf 88' lang='lat' dir='ltr'><strong>et</strong></span> <span class='ocrx_word' id='word_1_447' title='bbox 2034 679 2206 758; x_wconf 48' lang='lat' dir='ltr'><strong>telu’m</strong></span> <span class='ocrx_word' id='word_1_448' title='bbox 2232 679 2442 732; x_wconf 69' lang='lat' dir='ltr'><strong>tuenda:</strong></span> <span class='ocrx_word' id='word_1_449' title='bbox 2479 679 2598 732; x_wconf 85' lang='lat' dir='ltr'><strong>fidei</strong></span> <span class='ocrx_word' id='word_1_450' title='bbox 2631 679 2681 731; x_wconf 94' lang='lat' dir='ltr'><strong>in</strong></span> <span class='ocrx_word' id='word_1_451' title='bbox 2708 678 3036 747; x_wconf 89' lang='lat' dir='ltr'><strong>Theophane</strong></span> <span class='ocrx_word' id='word_1_452' title='bbox 3067 680 3230 734; x_wconf 89' lang='lat' dir='ltr'><strong>etiam</strong></span> <span class='ocrx_word' id='word_1_453' title='bbox 3262 689 3371 735; x_wconf 86' lang='lat' dir='ltr'><strong>tum</strong></span> <span class='ocrx_word' id='word_1_454' title='bbox 3414 699 3536 736; x_wconf 76' lang='lat' dir='ltr'><strong>mo-</strong></span> 
     </span>
    </p>
   </div>
   <div class='ocr_carea' id='block_1_64' title="bbox 1961 759 3611 835">
    <p class='ocr_par' dir='ltr' id='par_1_64' title="bbox 1961 759 3611 835">
     <span class='ocr_line' id='line_1_64' title="bbox 1961 759 3611 835; baseline 0.004 -18"><span class='ocrx_word' id='word_1_455' title='bbox 1961 769 2134 819; x_wconf 87' lang='lat' dir='ltr'><strong>nacho</strong></span> <span class='ocrx_word' id='word_1_456' title='bbox 2174 775 2470 833; x_wconf 84' lang='lat' dir='ltr'><strong>spectatam</strong></span> <span class='ocrx_word' id='word_1_457' title='bbox 2527 765 2807 820; x_wconf 81' lang='lat' dir='ltr'><strong>indicant:</strong></span> <span class='ocrx_word' id='word_1_458' title='bbox 2863 767 2998 828; x_wconf 66' lang='lat' dir='ltr'><strong>haec,</strong></span> <span class='ocrx_word' id='word_1_459' title='bbox 3049 768 3295 835; x_wconf 89' lang='lat' dir='ltr'><strong>inquam,</strong></span> <span class='ocrx_word' id='word_1_460' title='bbox 3349 771 3530 824; x_wconf 90' lang='lat' dir='ltr'><strong>omnia</strong></span> <span class='ocrx_word' id='word_1_461' title='bbox 3608 759 3611 764; x_wconf 63' lang='grc'><em>’</em></span> 
     </span>
    </p>
   </div>
   <div class='ocr_carea' id='block_1_65' title="bbox 1961 858 3537 928">
    <p class='ocr_par' dir='ltr' id='par_1_65' title="bbox 1961 858 3537 928">
     <span class='ocr_line' id='line_1_65' title="bbox 1961 858 3537 928; baseline 0.003 -16"><span class='ocrx_word' id='word_1_462' title='bbox 1961 860 2058 928; x_wconf 89' lang='lat' dir='ltr'><strong>ipsi</strong></span> <span class='ocrx_word' id='word_1_463' title='bbox 2103 859 2324 913; x_wconf 90' lang='lat' dir='ltr'><strong>missam</strong></span> <span class='ocrx_word' id='word_1_464' title='bbox 2389 859 2526 912; x_wconf 89' lang='lat' dir='ltr'><strong>hanc</strong></span> <span class='ocrx_word' id='word_1_465' title='bbox 2567 858 2848 926; x_wconf 85' lang='lat' dir='ltr'><strong>epistolam</strong></span> <span class='ocrx_word' id='word_1_466' title='bbox 2901 860 3126 914; x_wconf 90' lang='lat' dir='ltr'><strong>omnino</strong></span> <span class='ocrx_word' id='word_1_467' title='bbox 3169 873 3376 914; x_wconf 88' lang='lat' dir='ltr'><strong>certum</strong></span> <span class='ocrx_word' id='word_1_468' title='bbox 3420 864 3537 916; x_wconf 85' lang='lat' dir='ltr'><strong>elli-</strong></span> 
     </span>
    </p>
   </div>
   <div class='ocr_carea' id='block_1_66' title="bbox 1957 951 3534 1022">
    <p class='ocr_par' dir='ltr' id='par_1_66' title="bbox 1957 951 3534 1022">
     <span class='ocr_line' id='line_1_66' title="bbox 1957 951 3534 1022; baseline 0.003 -18"><span class='ocrx_word' id='word_1_469' title='bbox 1957 951 2126 1005; x_wconf 90' lang='lat' dir='ltr'><strong>ciuut.</strong></span> <span class='ocrx_word' id='word_1_470' title='bbox 2167 951 2261 1004; x_wconf 89' lang='lat' dir='ltr'><strong>llis</strong></span> <span class='ocrx_word' id='word_1_471' title='bbox 2293 952 2455 1018; x_wconf 86' lang='lat' dir='ltr'><strong>igitur</strong></span> <span class='ocrx_word' id='word_1_472' title='bbox 2492 951 2712 1016; x_wconf 87' lang='lat' dir='ltr'><strong>putatis,</strong></span> <span class='ocrx_word' id='word_1_473' title='bbox 2742 951 2804 1003; x_wconf 90' lang='lat' dir='ltr'><strong>ad</strong></span> <span class='ocrx_word' id='word_1_474' title='bbox 2833 967 2944 1004; x_wconf 87' lang='lat' dir='ltr'><strong>rem</strong></span> <span class='ocrx_word' id='word_1_475' title='bbox 3001 953 3330 1022; x_wconf 88' lang='lat' dir='ltr'><strong>propositam</strong></span> <span class='ocrx_word' id='word_1_476' title='bbox 3375 971 3534 1010; x_wconf 87' lang='lat' dir='ltr'><strong>acce-</strong></span> 
     </span>
    </p>
   </div>
   <div class='ocr_carea' id='block_1_67' title="bbox 1957 1042 3532 1111">
    <p class='ocr_par' dir='ltr' id='par_1_67' title="bbox 1957 1042 3532 1111">
     <span class='ocr_line' id='line_1_67' title="bbox 1957 1042 3532 1111; baseline 0.004 -17"><span class='ocrx_word' id='word_1_477' title='bbox 1957 1044 2170 1096; x_wconf 88' lang='lat' dir='ltr'><strong>damus.</strong></span> <span class='ocrx_word' id='word_1_478' title='bbox 2215 1042 2328 1095; x_wconf 91' lang='lat' dir='ltr'><strong>Duo</strong></span> <span class='ocrx_word' id='word_1_479' title='bbox 2367 1042 2420 1094; x_wconf 91' lang='lat' dir='ltr'><strong>S.</strong></span> <span class='ocrx_word' id='word_1_480' title='bbox 2459 1044 2685 1096; x_wconf 60' lang='lat' dir='ltr'><strong>Andreae</strong></span> <span class='ocrx_word' id='word_1_481' title='bbox 2713 1043 2908 1111; x_wconf 87' lang='lat' dir='ltr'><strong>templa</strong></span> <span class='ocrx_word' id='word_1_482' title='bbox 2952 1059 3015 1097; x_wconf 87' lang='lat' dir='ltr'><strong>ac</strong></span> <span class='ocrx_word' id='word_1_483' title='bbox 3046 1047 3372 1098; x_wconf 86' lang='lat' dir='ltr'><strong>monasteria</strong></span> <span class='ocrx_word' id='word_1_484' title='bbox 3403 1054 3532 1101; x_wconf 83' lang='lat' dir='ltr'><strong>sunt</strong></span> 
     </span>
    </p>
   </div>
   <div class='ocr_carea' id='block_1_68' title="bbox 1958 1135 3527 1206">
    <p class='ocr_par' dir='ltr' id='par_1_68' title="bbox 1958 1135 3527 1206">
     <span class='ocr_line' id='line_1_68' title="bbox 1958 1135 3527 1206; baseline 0.004 -18"><span class='ocrx_word' id='word_1_485' title='bbox 1958 1136 2023 1188; x_wconf 90' lang='lat' dir='ltr'><strong>de</strong></span> <span class='ocrx_word' id='word_1_486' title='bbox 2054 1150 2283 1202; x_wconf 87' lang='lat' dir='ltr'><strong>quorum</strong></span> <span class='ocrx_word' id='word_1_487' title='bbox 2319 1136 2580 1188; x_wconf 68' lang='lat' dir='ltr'><strong>alterutro</strong></span> <span class='ocrx_word' id='word_1_488' title='bbox 2611 1135 2757 1204; x_wconf 90' lang='lat' dir='ltr'><strong>loqui</strong></span> <span class='ocrx_word' id='word_1_489' title='bbox 2783 1136 2835 1188; x_wconf 92' lang='lat' dir='ltr'><strong>in</strong></span> <span class='ocrx_word' id='word_1_490' title='bbox 2889 1137 3110 1190; x_wconf 87' lang='lat' dir='ltr'><strong>hmnilia</strong></span> <span class='ocrx_word' id='word_1_491' title='bbox 3168 1138 3527 1206; x_wconf 85' lang='lat' dir='ltr'><strong>Theophanes</strong></span> 
     </span>
    </p>
   </div>
   <div class='ocr_carea' id='block_1_69' title="bbox 1959 1229 3527 1300">
    <p class='ocr_par' dir='ltr' id='par_1_69' title="bbox 1959 1229 3527 1300">
     <span class='ocr_line' id='line_1_69' title="bbox 1959 1229 3527 1300; baseline 0.004 -20"><span class='ocrx_word' id='word_1_492' title='bbox 1959 1230 2128 1295; x_wconf 82' lang='lat' dir='ltr'><strong>possit</strong></span> <span class='ocrx_word' id='word_1_493' title='bbox 2166 1229 2434 1296; x_wconf 84' lang='lat' dir='ltr'><strong>:primnm</strong></span> <span class='ocrx_word' id='word_1_494' title='bbox 2475 1230 2600 1281; x_wconf 87' lang='lat' dir='ltr'><strong>illttd</strong></span> <span class='ocrx_word' id='word_1_495' title='bbox 2625 1231 2690 1282; x_wconf 86' lang='lat' dir='ltr'><strong>de</strong></span> <span class='ocrx_word' id='word_1_496' title='bbox 2726 1244 2832 1297; x_wconf 87' lang='lat' dir='ltr'><strong>quo</strong></span> <span class='ocrx_word' id='word_1_497' title='bbox 2899 1230 2955 1283; x_wconf 89' lang='lat' dir='ltr'><strong>S.</strong></span> <span class='ocrx_word' id='word_1_498' title='bbox 3022 1230 3314 1299; x_wconf 78' lang='lat' dir='ltr'><strong>Gregorius</strong></span> <span class='ocrx_word' id='word_1_499' title='bbox 3369 1234 3527 1300; x_wconf 80' lang='lat' dir='ltr'><strong>epist.</strong></span> 
     </span>
    </p>
   </div>
   <div class='ocr_carea' id='block_1_70' title="bbox 1963 1320 3533 1393">
    <p class='ocr_par' dir='ltr' id='par_1_70' title="bbox 1963 1320 3533 1393">
     <span class='ocr_line' id='line_1_70' title="bbox 1963 1320 3533 1393; baseline -0.017 -2"><span class='ocrx_word' id='word_1_500' title='bbox 1963 1321 2031 1374; x_wconf 75' lang='lat'><strong>57</strong></span> <span class='ocrx_word' id='word_1_501' title='bbox 2066 1320 2178 1374; x_wconf 70' lang='grc' dir='ltr'><strong>Ῐηά·</strong></span> <span class='ocrx_word' id='word_1_502' title='bbox 2208 1337 2288 1383; x_wconf 68' lang='lat' dir='ltr'><strong>XI.</strong></span> <span class='ocrx_word' id='word_1_503' title='bbox 2318 1321 2412 1376; x_wconf 71' lang='lat' dir='ltr'><strong>lib.</strong></span> <span class='ocrx_word' id='word_1_504' title='bbox 2443 1330 2502 1382; x_wconf 87' lang='lat' dir='ltr'><strong>tt,</strong></span> <span class='ocrx_word' id='word_1_505' title='bbox 2534 1323 2598 1373; x_wconf 86' lang='lat' dir='ltr'><strong>ad</strong></span> <span class='ocrx_word' id='word_1_506' title='bbox 2634 1322 3000 1374; x_wconf 77' lang='lat' dir='ltr'><strong>Secundinnm</strong></span> <span class='ocrx_word' id='word_1_507' title='bbox 3048 1323 3389 1378; x_wconf 82' lang='lat' dir='ltr'><strong>Taurcmonii</strong></span> <span class='ocrx_word' id='word_1_508' title='bbox 3419 1325 3533 1393; x_wconf 69' lang='lat' dir='ltr'><strong>cpi-</strong></span> 
     </span>
    </p>
   </div>
   <div class='ocr_carea' id='block_1_71' title="bbox 1959 1413 3517 1484">
    <p class='ocr_par' dir='ltr' id='par_1_71' title="bbox 1959 1413 3517 1484">
     <span class='ocr_line' id='line_1_71' title="bbox 1959 1413 3517 1484; baseline 0.003 -17"><span class='ocrx_word' id='word_1_509' title='bbox 1959 1428 2180 1481; x_wconf 59' lang='lat' dir='ltr'><strong>scopum</strong></span> <span class='ocrx_word' id='word_1_510' title='bbox 2205 1413 2390 1467; x_wconf 86' lang='lat' dir='ltr'><strong>scribit</strong></span> <span class='ocrx_word' id='word_1_511' title='bbox 2424 1415 2504 1467; x_wconf 87' lang='lat' dir='ltr'><strong>his</strong></span> <span class='ocrx_word' id='word_1_512' title='bbox 2524 1415 2705 1466; x_wconf 80' lang='lat' dir='ltr'><strong>verbis</strong></span> <span class='ocrx_word' id='word_1_513' title='bbox 2742 1433 2754 1467; x_wconf 91' lang='lat'><strong>:</strong></span> <span class='ocrx_word' id='word_1_514' title='bbox 2797 1415 3008 1467; x_wconf 76' lang='lat' dir='ltr'><strong>Ptittem</strong></span> <span class='ocrx_word' id='word_1_515' title='bbox 3040 1417 3404 1484; x_wconf 69' lang='lat' dir='ltr'><strong>pra’cepimus,</strong></span> <span class='ocrx_word' id='word_1_516' title='bbox 3460 1428 3517 1472; x_wconf 85' lang='lat' dir='ltr'><strong>ut</strong></span> 
     </span>
    </p>
   </div>
   <div class='ocr_carea' id='block_1_72' title="bbox 1957 1506 3530 1576">
    <p class='ocr_par' dir='ltr' id='par_1_72' title="bbox 1957 1506 3530 1576">
     <span class='ocr_line' id='line_1_72' title="bbox 1957 1506 3530 1576; baseline 0.003 -19"><span class='ocrx_word' id='word_1_517' title='bbox 1957 1507 2021 1557; x_wconf 86' lang='lat' dir='ltr'><strong>de</strong></span> <span class='ocrx_word' id='word_1_518' title='bbox 2047 1507 2360 1559; x_wconf 81' lang='lat' dir='ltr'><strong>monasterio</strong></span> <span class='ocrx_word' id='word_1_519' title='bbox 2389 1506 2446 1560; x_wconf 91' lang='lat' dir='ltr'><strong>S.</strong></span> <span class='ocrx_word' id='word_1_520' title='bbox 2483 1507 2726 1571; x_wconf 73' lang='lat' dir='ltr'><strong>Androm,</strong></span> <span class='ocrx_word' id='word_1_521' title='bbox 2760 1509 2898 1576; x_wconf 82' lang='lat' dir='ltr'><strong>quod</strong></span> <span class='ocrx_word' id='word_1_522' title='bbox 2929 1519 3000 1560; x_wconf 84' lang='lat' dir='ltr'><strong>est</strong></span> <span class='ocrx_word' id='word_1_523' title='bbox 3041 1526 3193 1575; x_wconf 83' lang='lat' dir='ltr'><strong>super</strong></span> <span class='ocrx_word' id='word_1_524' title='bbox 3231 1509 3530 1574; x_wconf 80' lang='lat' dir='ltr'><strong>Musca/im,</strong></span> 
     </span>
    </p>
   </div>
   <div class='ocr_carea' id='block_1_73' title="bbox 1959 1595 3520 1672">
    <p class='ocr_par' dir='ltr' id='par_1_73' title="bbox 1959 1595 3520 1664">
     <span class='ocr_line' id='line_1_73' title="bbox 1959 1595 3520 1664; baseline 0.002 -17"><span class='ocrx_word' id='word_1_525' title='bbox 1959 1595 2318 1662; x_wconf 79' lang='lat' dir='ltr'><strong>baptisterium</strong></span> <span class='ocrx_word' id='word_1_526' title='bbox 2359 1606 2569 1664; x_wconf 82' lang='lat' dir='ltr'><strong>propter</strong></span> <span class='ocrx_word' id='word_1_527' title='bbox 2617 1597 2995 1650; x_wconf 80' lang='lat' dir='ltr'><strong>monachorum</strong></span> <span class='ocrx_word' id='word_1_528' title='bbox 3052 1599 3388 1652; x_wconf 64' lang='lat' dir='ltr'><strong>ittsoientiam</strong></span> <span class='ocrx_word' id='word_1_529' title='bbox 3440 1601 3520 1652; x_wconf 82' lang='lat' dir='ltr'><strong>de-</strong></span> 
     </span>
    </p>
   </div>
   <div class='ocr_carea' id='block_1_74' title="bbox 1958 1687 3528 1758">
    <p class='ocr_par' dir='ltr' id='par_1_74' title="bbox 1958 1687 3528 1758">
     <span class='ocr_line' id='line_1_74' title="bbox 1958 1687 3528 1758; baseline 0.001 -18"><span class='ocrx_word' id='word_1_530' title='bbox 1958 1687 2149 1741; x_wconf 79' lang='lat' dir='ltr'><strong>buisset</strong></span> <span class='ocrx_word' id='word_1_531' title='bbox 2182 1687 2404 1755; x_wconf 76' lang='lat' dir='ltr'><strong>auferri,</strong></span> <span class='ocrx_word' id='word_1_532' title='bbox 2430 1697 2585 1758; x_wconf 83' lang='lat' dir='ltr'><strong>atque</strong></span> <span class='ocrx_word' id='word_1_533' title='bbox 2615 1691 2666 1740; x_wconf 85' lang='lat' dir='ltr'><strong>in</strong></span> <span class='ocrx_word' id='word_1_534' title='bbox 2689 1691 2866 1742; x_wconf 78' lang='lat' dir='ltr'><strong>eodem</strong></span> <span class='ocrx_word' id='word_1_535' title='bbox 2893 1690 3027 1754; x_wconf 70' lang='grc' dir='ltr'><strong>μοι-ο</strong></span> <span class='ocrx_word' id='word_1_536' title='bbox 3063 1707 3163 1758; x_wconf 84' lang='lat' dir='ltr'><strong>quo</strong></span> <span class='ocrx_word' id='word_1_537' title='bbox 3189 1690 3354 1758; x_wconf 78' lang='lat' dir='ltr'><strong>fontes</strong></span> <span class='ocrx_word' id='word_1_538' title='bbox 3387 1699 3528 1752; x_wconf 84' lang='lat' dir='ltr'><strong>sunt,</strong></span> 
     </span>
    </p>
   </div>
   <div class='ocr_carea' id='block_1_75' title="bbox 1959 1777 3533 1849">
    <p class='ocr_par' dir='ltr' id='par_1_75' title="bbox 1959 1777 3533 1849">
     <span class='ocr_line' id='line_1_75' title="bbox 1959 1777 3533 1849; baseline 0.001 -17"><span class='ocrx_word' id='word_1_539' title='bbox 1959 1779 2128 1832; x_wconf 83' lang='lat' dir='ltr'><strong>altare</strong></span> <span class='ocrx_word' id='word_1_540' title='bbox 2154 1778 2390 1847; x_wconf 80' lang='lat' dir='ltr'><strong>fumlari.</strong></span> <span class='ocrx_word' id='word_1_541' title='bbox 2426 1777 2547 1832; x_wconf 66' lang='lat' dir='ltr'><strong>&quot;see.</strong></span> <span class='ocrx_word' id='word_1_542' title='bbox 2582 1779 2635 1832; x_wconf 83' lang='lat' dir='ltr'><strong>S.</strong></span> <span class='ocrx_word' id='word_1_543' title='bbox 2674 1779 2971 1848; x_wconf 78' lang='lat' dir='ltr'><strong>Gregorius</strong></span> <span class='ocrx_word' id='word_1_544' title='bbox 3012 1798 3026 1832; x_wconf 90' lang='lat'><strong>:</strong></span> <span class='ocrx_word' id='word_1_545' title='bbox 3085 1797 3148 1833; x_wconf 80' lang='lat' dir='ltr'><strong>ex</strong></span> <span class='ocrx_word' id='word_1_546' title='bbox 3199 1797 3306 1849; x_wconf 89' lang='lat' dir='ltr'><strong>quo</strong></span> <span class='ocrx_word' id='word_1_547' title='bbox 3366 1781 3533 1835; x_wconf 83' lang='lat' dir='ltr'><strong>hahcs</strong></span> 
     </span>
    </p>
   </div>
   <div class='ocr_carea' id='block_1_76' title="bbox 1958 1872 3530 1939">
    <p class='ocr_par' dir='ltr' id='par_1_76' title="bbox 1958 1872 3530 1939">
     <span class='ocr_line' id='line_1_76' title="bbox 1958 1872 3530 1939; baseline 0.001 -15"><span class='ocrx_word' id='word_1_548' title='bbox 1958 1873 2393 1938; x_wconf 79' lang='lat' dir='ltr'><strong>antiquissimum</strong></span> <span class='ocrx_word' id='word_1_549' title='bbox 2428 1872 2730 1925; x_wconf 63' lang='lat' dir='ltr'><strong>carnaliium</strong></span> <span class='ocrx_word' id='word_1_550' title='bbox 2760 1881 2816 1924; x_wconf 92' lang='lat' dir='ltr'><strong>et</strong></span> <span class='ocrx_word' id='word_1_551' title='bbox 2869 1872 3124 1939; x_wconf 87' lang='lat' dir='ltr'><strong>templum</strong></span> <span class='ocrx_word' id='word_1_552' title='bbox 3171 1872 3233 1927; x_wconf 91' lang='lat' dir='ltr'><strong>S.</strong></span> <span class='ocrx_word' id='word_1_553' title='bbox 3281 1873 3530 1935; x_wconf 62' lang='lat' dir='ltr'><strong>Androm,</strong></span> 
     </span>
    </p>
   </div>
   <div class='ocr_carea' id='block_1_77' title="bbox 1957 1963 3532 2031">
    <p class='ocr_par' dir='ltr' id='par_1_77' title="bbox 1957 1963 3532 2031">
     <span class='ocr_line' id='line_1_77' title="bbox 1957 1963 3532 2031; baseline 0.002 -14"><span class='ocrx_word' id='word_1_554' title='bbox 1957 1965 2238 2031; x_wconf 86' lang='lat' dir='ltr'><strong>etquidem</strong></span> <span class='ocrx_word' id='word_1_555' title='bbox 2266 1963 2738 2017; x_wconf 75' lang='lat' dir='ltr'><strong>&#39;l‘auromeuitanre</strong></span> <span class='ocrx_word' id='word_1_556' title='bbox 2770 1964 3019 2018; x_wconf 60' lang='lat' dir='ltr'><strong>diaeresis</strong></span> <span class='ocrx_word' id='word_1_557' title='bbox 3048 1974 3169 2018; x_wconf 88' lang='lat' dir='ltr'><strong>ante</strong></span> <span class='ocrx_word' id='word_1_558' title='bbox 3199 1965 3286 2021; x_wconf 67' lang='lat' dir='ltr'><strong>Sa&#39;</strong></span> <span class='ocrx_word' id='word_1_559' title='bbox 3307 1981 3532 2020; x_wconf 86' lang='lat' dir='ltr'><strong>raceno-</strong></span> 
     </span>
    </p>
   </div>
   <div class='ocr_carea' id='block_1_78' title="bbox 1958 2054 3528 2124">
    <p class='ocr_par' dir='ltr' id='par_1_78' title="bbox 1958 2054 3528 2124">
     <span class='ocr_line' id='line_1_78' title="bbox 1958 2054 3528 2124; baseline 0.003 -16"><span class='ocrx_word' id='word_1_560' title='bbox 1958 2073 2077 2110; x_wconf 92' lang='lat' dir='ltr'><strong>rum</strong></span> <span class='ocrx_word' id='word_1_561' title='bbox 2129 2057 2507 2124; x_wconf 83' lang='lat' dir='ltr'><strong>irruptionem.</strong></span> <span class='ocrx_word' id='word_1_562' title='bbox 2565 2054 2832 2124; x_wconf 89' lang='lat' dir='ltr'><strong>Oppidum</strong></span> <span class='ocrx_word' id='word_1_563' title='bbox 2892 2067 3069 2110; x_wconf 88' lang='lat' dir='ltr'><strong>autem</strong></span> <span class='ocrx_word' id='word_1_564' title='bbox 3114 2057 3363 2112; x_wconf 74' lang='lat' dir='ltr'><strong>Masculis</strong></span> <span class='ocrx_word' id='word_1_565' title='bbox 3423 2074 3528 2112; x_wconf 90' lang='lat' dir='ltr'><strong>non</strong></span> 
     </span>
    </p>
   </div>
   <div class='ocr_carea' id='block_1_79' title="bbox 1957 2147 3531 2219">
    <p class='ocr_par' dir='ltr' id='par_1_79' title="bbox 1957 2147 3531 2219">
     <span class='ocr_line' id='line_1_79' title="bbox 1957 2147 3531 2219; baseline 0.001 -18"><span class='ocrx_word' id='word_1_566' title='bbox 1957 2147 2114 2218; x_wconf 86' lang='lat' dir='ltr'><strong>longe</strong></span> <span class='ocrx_word' id='word_1_567' title='bbox 2150 2149 2304 2203; x_wconf 89' lang='lat' dir='ltr'><strong>abest</strong></span> <span class='ocrx_word' id='word_1_568' title='bbox 2339 2164 2367 2202; x_wconf 88' lang='lat' dir='ltr'><strong>a</strong></span> <span class='ocrx_word' id='word_1_569' title='bbox 2403 2148 2785 2209; x_wconf 85' lang='lat' dir='ltr'><strong>Tauromenio.</strong></span> <span class='ocrx_word' id='word_1_570' title='bbox 2820 2165 3073 2219; x_wconf 89' lang='lat' dir='ltr'><strong>passuum</strong></span> <span class='ocrx_word' id='word_1_571' title='bbox 3130 2151 3339 2205; x_wconf 84' lang='lat' dir='ltr'><strong>scilicet</strong></span> <span class='ocrx_word' id='word_1_572' title='bbox 3409 2163 3531 2204; x_wconf 83' lang='lat' dir='ltr'><strong>octo</strong></span> 
     </span>
    </p>
   </div>
   <div class='ocr_carea' id='block_1_80' title="bbox 1957 2245 3530 2316">
    <p class='ocr_par' dir='ltr' id='par_1_80' title="bbox 1957 2245 3530 2316">
     <span class='ocr_line' id='line_1_80' title="bbox 1957 2245 3530 2316; baseline 0.002 -18"><span class='ocrx_word' id='word_1_573' title='bbox 1957 2245 2173 2302; x_wconf 89' lang='lat' dir='ltr'><strong>millia:</strong></span> <span class='ocrx_word' id='word_1_574' title='bbox 2223 2261 2342 2300; x_wconf 87' lang='lat' dir='ltr'><strong>nam</strong></span> <span class='ocrx_word' id='word_1_575' title='bbox 2402 2255 2457 2300; x_wconf 91' lang='lat' dir='ltr'><strong>et</strong></span> <span class='ocrx_word' id='word_1_576' title='bbox 2505 2261 2634 2315; x_wconf 80' lang='lat' dir='ltr'><strong>ager</strong></span> <span class='ocrx_word' id='word_1_577' title='bbox 2675 2245 2942 2311; x_wconf 70' lang='lat' dir='ltr'><strong>Mascalis,</strong></span> <span class='ocrx_word' id='word_1_578' title='bbox 2993 2247 3082 2316; x_wconf 85' lang='lat' dir='ltr'><strong>qui</strong></span> <span class='ocrx_word' id='word_1_579' title='bbox 3138 2255 3189 2301; x_wconf 86' lang='lat' dir='ltr'><strong>et</strong></span> <span class='ocrx_word' id='word_1_580' title='bbox 3251 2247 3411 2309; x_wconf 85' lang='lat' dir='ltr'><strong>hodie</strong></span> <span class='ocrx_word' id='word_1_581' title='bbox 3449 2246 3530 2302; x_wconf 88' lang='lat' dir='ltr'><strong>sic</strong></span> 
     </span>
    </p>
   </div>
   <div class='ocr_carea' id='block_1_81' title="bbox 1957 2336 3530 2405">
    <p class='ocr_par' dir='ltr' id='par_1_81' title="bbox 1957 2336 3530 2405">
     <span class='ocr_line' id='line_1_81' title="bbox 1957 2336 3530 2405; baseline -0.001 -14"><span class='ocrx_word' id='word_1_582' title='bbox 1957 2337 2284 2400; x_wconf 86' lang='lat' dir='ltr'><strong>nominatur,</strong></span> <span class='ocrx_word' id='word_1_583' title='bbox 2317 2336 2775 2391; x_wconf 88' lang='lat' dir='ltr'><strong>Tauromenitano</strong></span> <span class='ocrx_word' id='word_1_584' title='bbox 2813 2352 2943 2405; x_wconf 81' lang='lat' dir='ltr'><strong>agro</strong></span> <span class='ocrx_word' id='word_1_585' title='bbox 2976 2338 3207 2393; x_wconf 82' lang='lat' dir='ltr'><strong>confinis</strong></span> <span class='ocrx_word' id='word_1_586' title='bbox 3262 2346 3365 2392; x_wconf 81' lang='lat' dir='ltr'><strong>est.</strong></span> <span class='ocrx_word' id='word_1_587' title='bbox 3395 2339 3530 2391; x_wconf 90' lang='lat' dir='ltr'><strong>Illud</strong></span> 
     </span>
    </p>
   </div>
   <div class='ocr_carea' id='block_1_82' title="bbox 1956 2427 3530 2497">
    <p class='ocr_par' dir='ltr' id='par_1_82' title="bbox 1956 2427 3530 2497">
     <span class='ocr_line' id='line_1_82' title="bbox 1956 2427 3530 2497; baseline 0.001 -19"><span class='ocrx_word' id='word_1_588' title='bbox 1956 2435 2135 2478; x_wconf 87' lang='lat' dir='ltr'><strong>autem</strong></span> <span class='ocrx_word' id='word_1_589' title='bbox 2163 2427 2422 2496; x_wconf 87' lang='lat' dir='ltr'><strong>oppidum</strong></span> <span class='ocrx_word' id='word_1_590' title='bbox 2458 2427 2668 2496; x_wconf 81' lang='lat' dir='ltr'><strong>regium</strong></span> <span class='ocrx_word' id='word_1_591' title='bbox 2696 2438 2834 2486; x_wconf 89' lang='lat' dir='ltr'><strong>erat.</strong></span> <span class='ocrx_word' id='word_1_592' title='bbox 2873 2440 2926 2483; x_wconf 85' lang='lat' dir='ltr'><strong>et</strong></span> <span class='ocrx_word' id='word_1_593' title='bbox 2965 2444 3136 2497; x_wconf 88' lang='lat' dir='ltr'><strong>usque</strong></span> <span class='ocrx_word' id='word_1_594' title='bbox 3181 2428 3248 2482; x_wconf 86' lang='lat' dir='ltr'><strong>ad</strong></span> <span class='ocrx_word' id='word_1_595' title='bbox 3288 2436 3530 2496; x_wconf 85' lang='lat' dir='ltr'><strong>tempora</strong></span> 
     </span>
    </p>
   </div>
   <div class='ocr_carea' id='block_1_83' title="bbox 1959 2517 3532 2584">
    <p class='ocr_par' dir='ltr' id='par_1_83' title="bbox 1959 2517 3532 2584">
     <span class='ocr_line' id='line_1_83' title="bbox 1959 2517 3532 2584; baseline -0.001 -14"><span class='ocrx_word' id='word_1_596' title='bbox 1959 2517 2220 2571; x_wconf 80' lang='lat' dir='ltr'><strong>Frideriei</strong></span> <span class='ocrx_word' id='word_1_597' title='bbox 2247 2517 2494 2581; x_wconf 86' lang='lat' dir='ltr'><strong>secundi,</strong></span> <span class='ocrx_word' id='word_1_598' title='bbox 2529 2517 2728 2571; x_wconf 81' lang='lat' dir='ltr'><strong>Sicilia:</strong></span> <span class='ocrx_word' id='word_1_599' title='bbox 2773 2518 2935 2584; x_wconf 80' lang='lat' dir='ltr'><strong>regis,</strong></span> <span class='ocrx_word' id='word_1_600' title='bbox 2971 2521 3035 2572; x_wconf 85' lang='lat' dir='ltr'><strong>ad</strong></span> <span class='ocrx_word' id='word_1_601' title='bbox 3073 2535 3273 2570; x_wconf 88' lang='lat' dir='ltr'><strong>annum</strong></span> <span class='ocrx_word' id='word_1_602' title='bbox 3323 2517 3532 2572; x_wconf 83' lang='lat' dir='ltr'><strong>scilicet</strong></span> 
     </span>
    </p>
   </div>
   <div class='ocr_carea' id='block_1_84' title="bbox 1961 2606 3534 2674">
    <p class='ocr_par' dir='ltr' id='par_1_84' title="bbox 1961 2606 3534 2674">
     <span class='ocr_line' id='line_1_84' title="bbox 1961 2606 3534 2674; baseline -0.001 -15"><span class='ocrx_word' id='word_1_603' title='bbox 1961 2607 2097 2660; x_wconf 72' lang='lat'><strong>1296</strong></span> <span class='ocrx_word' id='word_1_604' title='bbox 2129 2607 2301 2670; x_wconf 88' lang='lat' dir='ltr'><strong>stetit,</strong></span> <span class='ocrx_word' id='word_1_605' title='bbox 2335 2622 2441 2674; x_wconf 92' lang='lat' dir='ltr'><strong>quo</strong></span> <span class='ocrx_word' id='word_1_606' title='bbox 2473 2617 2735 2674; x_wconf 81' lang='lat' dir='ltr'><strong>regnante</strong></span> <span class='ocrx_word' id='word_1_607' title='bbox 2783 2623 2810 2659; x_wconf 89' lang='lat' dir='ltr'><strong>a</strong></span> <span class='ocrx_word' id='word_1_608' title='bbox 2878 2607 3112 2673; x_wconf 71' lang='lat' dir='ltr'><strong>Rogerio</strong></span> <span class='ocrx_word' id='word_1_609' title='bbox 3168 2606 3360 2659; x_wconf 82' lang='lat' dir='ltr'><strong>Lauria</strong></span> <span class='ocrx_word' id='word_1_610' title='bbox 3411 2622 3534 2674; x_wconf 72' lang='lat' dir='ltr'><strong>per-</strong></span> 
     </span>
    </p>
   </div>
   <div class='ocr_carea' id='block_1_85' title="bbox 1957 2697 3532 2763">
    <p class='ocr_par' dir='ltr' id='par_1_85' title="bbox 1957 2697 3532 2763">
     <span class='ocr_line' id='line_1_85' title="bbox 1957 2697 3532 2763; baseline -0.001 -10"><span class='ocrx_word' id='word_1_611' title='bbox 1957 2700 2140 2763; x_wconf 89' lang='lat' dir='ltr'><strong>duelli,</strong></span> <span class='ocrx_word' id='word_1_612' title='bbox 2162 2699 2522 2752; x_wconf 91' lang='lat' dir='ltr'><strong>induetoilluc</strong></span> <span class='ocrx_word' id='word_1_613' title='bbox 2547 2700 2783 2754; x_wconf 77' lang='lat' dir='ltr'><strong>exercitu</strong></span> <span class='ocrx_word' id='word_1_614' title='bbox 2807 2701 3082 2753; x_wconf 75' lang='lat' dir='ltr'><strong>incensum</strong></span> <span class='ocrx_word' id='word_1_615' title='bbox 3111 2697 3228 2752; x_wconf 81' lang='lat' dir='ltr'><strong>fuit.</strong></span> <span class='ocrx_word' id='word_1_616' title='bbox 3269 2699 3372 2753; x_wconf 85' lang='lat' dir='ltr'><strong>Sed</strong></span> <span class='ocrx_word' id='word_1_617' title='bbox 3403 2714 3532 2754; x_wconf 82' lang='lat' dir='ltr'><strong>vero</strong></span> 
     </span>
    </p>
   </div>
   <div class='ocr_carea' id='block_1_86' title="bbox 1957 2791 3532 2847">
    <p class='ocr_par' dir='ltr' id='par_1_86' title="bbox 1957 2791 3532 2847">
     <span class='ocr_line' id='line_1_86' title="bbox 1957 2791 3532 2847; baseline -0.003 -1"><span class='ocrx_word' id='word_1_618' title='bbox 1957 2793 2022 2847; x_wconf 89' lang='lat' dir='ltr'><strong>de</strong></span> <span class='ocrx_word' id='word_1_619' title='bbox 2042 2795 2154 2846; x_wconf 75' lang='lat' dir='ltr'><strong>:ede</strong></span> <span class='ocrx_word' id='word_1_620' title='bbox 2188 2791 2246 2846; x_wconf 90' lang='lat' dir='ltr'><strong>S.</strong></span> <span class='ocrx_word' id='word_1_621' title='bbox 2281 2792 2510 2847; x_wconf 67' lang='lat' dir='ltr'><strong>Andreae</strong></span> <span class='ocrx_word' id='word_1_622' title='bbox 2527 2793 2590 2844; x_wconf 87' lang='lat' dir='ltr'><strong>ad</strong></span> <span class='ocrx_word' id='word_1_623' title='bbox 2634 2791 2895 2845; x_wconf 81' lang='lat' dir='ltr'><strong>Mascalas</strong></span> <span class='ocrx_word' id='word_1_624' title='bbox 2923 2800 3104 2846; x_wconf 83' lang='lat' dir='ltr'><strong>exstat</strong></span> <span class='ocrx_word' id='word_1_625' title='bbox 3168 2792 3330 2844; x_wconf 90' lang='lat' dir='ltr'><strong>etiam</strong></span> <span class='ocrx_word' id='word_1_626' title='bbox 3373 2806 3532 2843; x_wconf 85' lang='lat' dir='ltr'><strong>meu-</strong></span> 
     </span>
    </p>
   </div>
   <div class='ocr_carea' id='block_1_87' title="bbox 1959 2883 3536 2951">
    <p class='ocr_par' dir='ltr' id='par_1_87' title="bbox 1959 2883 3536 2951">
     <span class='ocr_line' id='line_1_87' title="bbox 1959 2883 3536 2951; baseline -0.001 -15"><span class='ocrx_word' id='word_1_627' title='bbox 1959 2886 2032 2937; x_wconf 92' lang='lat' dir='ltr'><strong>tio</strong></span> <span class='ocrx_word' id='word_1_628' title='bbox 2068 2884 2204 2951; x_wconf 91' lang='lat' dir='ltr'><strong>apud</strong></span> <span class='ocrx_word' id='word_1_629' title='bbox 2241 2885 2486 2938; x_wconf 87' lang='lat' dir='ltr'><strong>eumdem</strong></span> <span class='ocrx_word' id='word_1_630' title='bbox 2520 2883 2782 2938; x_wconf 90' lang='lat' dir='ltr'><strong>Thomam</strong></span> <span class='ocrx_word' id='word_1_631' title='bbox 2825 2884 3094 2938; x_wconf 84' lang='lat' dir='ltr'><strong>Fazelhun</strong></span> <span class='ocrx_word' id='word_1_632' title='bbox 3131 2901 3144 2937; x_wconf 92' lang='lat'><strong>:</strong></span> <span class='ocrx_word' id='word_1_633' title='bbox 3191 2898 3307 2936; x_wconf 88' lang='lat' dir='ltr'><strong>eam</strong></span> <span class='ocrx_word' id='word_1_634' title='bbox 3366 2883 3536 2951; x_wconf 81' lang='lat' dir='ltr'><strong>siqui-</strong></span> 
     </span>
    </p>
   </div>
   <div class='ocr_carea' id='block_1_88' title="bbox 1957 2973 3535 3045">
    <p class='ocr_par' dir='ltr' id='par_1_88' title="bbox 1957 2973 3535 3045">
     <span class='ocr_line' id='line_1_88' title="bbox 1957 2973 3535 3045; baseline -0.004 -13"><span class='ocrx_word' id='word_1_635' title='bbox 1957 2978 2077 3032; x_wconf 89' lang='lat' dir='ltr'><strong>dem</strong></span> <span class='ocrx_word' id='word_1_636' title='bbox 2106 2988 2340 3031; x_wconf 85' lang='lat' dir='ltr'><strong>ercctam</strong></span> <span class='ocrx_word' id='word_1_637' title='bbox 2375 2993 2402 3030; x_wconf 91' lang='lat' dir='ltr'><strong>a</strong></span> <span class='ocrx_word' id='word_1_638' title='bbox 2436 2975 2640 3031; x_wconf 83' lang='lat' dir='ltr'><strong>Joanne</strong></span> <span class='ocrx_word' id='word_1_639' title='bbox 2671 2977 2816 3041; x_wconf 86' lang='lat' dir='ltr'><strong>Dive,</strong></span> <span class='ocrx_word' id='word_1_640' title='bbox 2847 2992 3039 3045; x_wconf 84' lang='lat' dir='ltr'><strong>coque,</strong></span> <span class='ocrx_word' id='word_1_641' title='bbox 3083 2985 3136 3027; x_wconf 90' lang='lat' dir='ltr'><strong>ut</strong></span> <span class='ocrx_word' id='word_1_642' title='bbox 3183 2983 3385 3044; x_wconf 87' lang='lat' dir='ltr'><strong>pestem</strong></span> <span class='ocrx_word' id='word_1_643' title='bbox 3445 2973 3535 3027; x_wconf 86' lang='lat' dir='ltr'><strong>Si-</strong></span> 
     </span>
    </p>
   </div>
   <div class='ocr_carea' id='block_1_89' title="bbox 1957 3069 3527 3139">
    <p class='ocr_par' dir='ltr' id='par_1_89' title="bbox 1957 3069 3527 3139">
     <span class='ocr_line' id='line_1_89' title="bbox 1957 3069 3527 3139; baseline -0.003 -14"><span class='ocrx_word' id='word_1_644' title='bbox 1957 3073 2080 3125; x_wconf 86' lang='lat' dir='ltr'><strong>cilia</strong></span> <span class='ocrx_word' id='word_1_645' title='bbox 2113 3082 2220 3124; x_wconf 87' lang='lat' dir='ltr'><strong>tota</strong></span> <span class='ocrx_word' id='word_1_646' title='bbox 2249 3080 2586 3139; x_wconf 78' lang='lat' dir='ltr'><strong>grassantem</strong></span> <span class='ocrx_word' id='word_1_647' title='bbox 2613 3071 2866 3124; x_wconf 79' lang='lat' dir='ltr'><strong>evaderet</strong></span> <span class='ocrx_word' id='word_1_648' title='bbox 2895 3069 3224 3139; x_wconf 77' lang='lat' dir='ltr'><strong>confugisse,</strong></span> <span class='ocrx_word' id='word_1_649' title='bbox 3261 3077 3312 3121; x_wconf 92' lang='lat' dir='ltr'><strong>et</strong></span> <span class='ocrx_word' id='word_1_650' title='bbox 3349 3077 3527 3120; x_wconf 89' lang='lat' dir='ltr'><strong>tamen</strong></span> 
     </span>
    </p>
   </div>
   <div class='ocr_carea' id='block_1_90' title="bbox 1959 3159 3530 3233">
    <p class='ocr_par' dir='ltr' id='par_1_90' title="bbox 1959 3159 3530 3233">
     <span class='ocr_line' id='line_1_90' title="bbox 1959 3159 3530 3233; baseline -0.006 -14"><span class='ocrx_word' id='word_1_651' title='bbox 1959 3165 2153 3219; x_wconf 88' lang='lat' dir='ltr'><strong>ibidem</strong></span> <span class='ocrx_word' id='word_1_652' title='bbox 2186 3180 2214 3217; x_wconf 92' lang='lat' dir='ltr'><strong>a</strong></span> <span class='ocrx_word' id='word_1_653' title='bbox 2243 3174 2438 3226; x_wconf 88' lang='lat' dir='ltr'><strong>morte,</strong></span> <span class='ocrx_word' id='word_1_654' title='bbox 2480 3178 2597 3233; x_wconf 72' lang='lat' dir='ltr'><strong>qua:</strong></span> <span class='ocrx_word' id='word_1_655' title='bbox 2629 3162 2869 3229; x_wconf 81' lang='lat' dir='ltr'><strong>fugacem</strong></span> <span class='ocrx_word' id='word_1_656' title='bbox 2937 3161 3278 3230; x_wconf 67' lang='lat' dir='ltr'><strong>persequitur</strong></span> <span class='ocrx_word' id='word_1_657' title='bbox 3331 3159 3530 3219; x_wconf 87' lang='lat' dir='ltr'><strong>virum,</strong></span> 
     </span>
    </p>
   </div>
   <div class='ocr_carea' id='block_1_91' title="bbox 1958 3252 3533 3326">
    <p class='ocr_par' dir='ltr' id='par_1_91' title="bbox 1958 3252 3533 3326">
     <span class='ocr_line' id='line_1_91' title="bbox 1958 3252 3533 3326; baseline -0.006 -14"><span class='ocrx_word' id='word_1_658' title='bbox 1958 3273 2419 3326; x_wconf 83' lang='lat' dir='ltr'><strong>cumoppressum</strong></span> <span class='ocrx_word' id='word_1_659' title='bbox 2463 3255 2652 3310; x_wconf 70' lang='lat' dir='ltr'><strong>scribit</strong></span> <span class='ocrx_word' id='word_1_660' title='bbox 2684 3255 2778 3308; x_wconf 92' lang='lat' dir='ltr'><strong>lih.</strong></span> <span class='ocrx_word' id='word_1_661' title='bbox 2813 3271 2890 3317; x_wconf 74' lang='lat' dir='ltr'><strong>Ix,</strong></span> <span class='ocrx_word' id='word_1_662' title='bbox 2933 3269 3054 3322; x_wconf 88' lang='lat' dir='ltr'><strong>cap.</strong></span> <span class='ocrx_word' id='word_1_663' title='bbox 3107 3255 3174 3316; x_wconf 68' lang='grc' dir='ltr'><strong>ὃς</strong></span> <span class='ocrx_word' id='word_1_664' title='bbox 3225 3252 3361 3320; x_wconf 81' lang='lat' dir='ltr'><strong>quod</strong></span> <span class='ocrx_word' id='word_1_665' title='bbox 3419 3253 3533 3304; x_wconf 77' lang='lat' dir='ltr'><strong>hrec</strong></span> 
     </span>
    </p>
   </div>
   <div class='ocr_carea' id='block_1_92' title="bbox 1959 3341 3529 3417">
    <p class='ocr_par' dir='ltr' id='par_1_92' title="bbox 1959 3341 3529 3417">
     <span class='ocr_line' id='line_1_92' title="bbox 1959 3341 3529 3417; baseline -0.007 -14"><span class='ocrx_word' id='word_1_666' title='bbox 1959 3351 2146 3403; x_wconf 88' lang='lat' dir='ltr'><strong>eadem</strong></span> <span class='ocrx_word' id='word_1_667' title='bbox 2189 3364 2308 3417; x_wconf 73' lang='lat' dir='ltr'><strong>qua:</strong></span> <span class='ocrx_word' id='word_1_668' title='bbox 2339 3356 2577 3416; x_wconf 86' lang='lat' dir='ltr'><strong>tempore</strong></span> <span class='ocrx_word' id='word_1_669' title='bbox 2623 3347 2680 3401; x_wconf 88' lang='lat' dir='ltr'><strong>S.</strong></span> <span class='ocrx_word' id='word_1_670' title='bbox 2740 3345 2983 3402; x_wconf 63' lang='lat' dir='ltr'><strong>Greaorii</strong></span> <span class='ocrx_word' id='word_1_671' title='bbox 3030 3353 3296 3398; x_wconf 80' lang='lat' dir='ltr'><strong>steterat:</strong></span> <span class='ocrx_word' id='word_1_672' title='bbox 3336 3341 3529 3394; x_wconf 88' lang='lat' dir='ltr'><strong>iterum</strong></span> 
     </span>
    </p>
   </div>
   <div class='ocr_carea' id='block_1_93' title="bbox 1957 3432 3537 3507">
    <p class='ocr_par' dir='ltr' id='par_1_93' title="bbox 1957 3432 3537 3507">
     <span class='ocr_line' id='line_1_93' title="bbox 1957 3432 3537 3507; baseline -0.007 -11"><span class='ocrx_word' id='word_1_673' title='bbox 1957 3451 2134 3496; x_wconf 87' lang='lat' dir='ltr'><strong>erecta</strong></span> <span class='ocrx_word' id='word_1_674' title='bbox 2167 3459 2194 3494; x_wconf 91' lang='lat' dir='ltr'><strong>a</strong></span> <span class='ocrx_word' id='word_1_675' title='bbox 2235 3439 2439 3495; x_wconf 89' lang='lat' dir='ltr'><strong>Joanne</strong></span> <span class='ocrx_word' id='word_1_676' title='bbox 2470 3439 2612 3504; x_wconf 83' lang='lat' dir='ltr'><strong>Dive,</strong></span> <span class='ocrx_word' id='word_1_677' title='bbox 2635 3453 2755 3507; x_wconf 79' lang='lat' dir='ltr'><strong>quze</strong></span> <span class='ocrx_word' id='word_1_678' title='bbox 2784 3454 2812 3490; x_wconf 88' lang='lat' dir='ltr'><strong>a</strong></span> <span class='ocrx_word' id='word_1_679' title='bbox 2843 3435 3155 3490; x_wconf 86' lang='lat' dir='ltr'><strong>Sarraccnis</strong></span> <span class='ocrx_word' id='word_1_680' title='bbox 3199 3433 3361 3487; x_wconf 87' lang='lat' dir='ltr'><strong>fuerit</strong></span> <span class='ocrx_word' id='word_1_681' title='bbox 3389 3432 3537 3498; x_wconf 85' lang='lat' dir='ltr'><strong>deje-</strong></span> 
     </span>
    </p>
   </div>
   <div class='ocr_carea' id='block_1_94' title="bbox 1959 3525 3537 3602">
    <p class='ocr_par' dir='ltr' id='par_1_94' title="bbox 1959 3525 3537 3602">
     <span class='ocr_line' id='line_1_94' title="bbox 1959 3525 3537 3602; baseline -0.007 -15"><span class='ocrx_word' id='word_1_682' title='bbox 1959 3543 2044 3587; x_wconf 90' lang='lat' dir='ltr'><strong>cta</strong></span> <span class='ocrx_word' id='word_1_683' title='bbox 2071 3532 2378 3587; x_wconf 86' lang='lat' dir='ltr'><strong>verosimile</strong></span> <span class='ocrx_word' id='word_1_684' title='bbox 2413 3531 2580 3586; x_wconf 87' lang='lat' dir='ltr'><strong>videri</strong></span> <span class='ocrx_word' id='word_1_685' title='bbox 2631 3538 2833 3602; x_wconf 90' lang='lat' dir='ltr'><strong>potest.</strong></span> <span class='ocrx_word' id='word_1_686' title='bbox 2866 3527 2991 3582; x_wconf 77' lang='lat' dir='ltr'><strong>Mihi</strong></span> <span class='ocrx_word' id='word_1_687' title='bbox 3026 3528 3187 3595; x_wconf 81' lang='lat' dir='ltr'><strong>igitur</strong></span> <span class='ocrx_word' id='word_1_688' title='bbox 3239 3525 3352 3578; x_wconf 72' lang='lat' dir='ltr'><strong>haec</strong></span> <span class='ocrx_word' id='word_1_689' title='bbox 3406 3539 3537 3578; x_wconf 86' lang='lat' dir='ltr'><strong>con-</strong></span> 
     </span>
    </p>
   </div>
   <div class='ocr_carea' id='block_1_95' title="bbox 1955 3613 3534 3693">
    <p class='ocr_par' dir='ltr' id='par_1_95' title="bbox 1955 3613 3534 3693">
     <span class='ocr_line' id='line_1_95' title="bbox 1955 3613 3534 3693; baseline -0.009 -14"><span class='ocrx_word' id='word_1_690' title='bbox 1955 3625 2161 3693; x_wconf 82' lang='lat' dir='ltr'><strong>jeetura</strong></span> <span class='ocrx_word' id='word_1_691' title='bbox 2221 3625 2285 3676; x_wconf 84' lang='lat' dir='ltr'><strong>ad</strong></span> <span class='ocrx_word' id='word_1_692' title='bbox 2341 3623 2622 3676; x_wconf 86' lang='lat' dir='ltr'><strong>veritatem</strong></span> <span class='ocrx_word' id='word_1_693' title='bbox 2691 3621 2936 3688; x_wconf 77' lang='lat' dir='ltr'><strong>proxime</strong></span> <span class='ocrx_word' id='word_1_694' title='bbox 2997 3618 3210 3672; x_wconf 86' lang='lat' dir='ltr'><strong>videtur</strong></span> <span class='ocrx_word' id='word_1_695' title='bbox 3253 3613 3534 3676; x_wconf 85' lang='lat' dir='ltr'><strong>accedere,</strong></span> 
     </span>
    </p>
   </div>
   <div class='ocr_carea' id='block_1_96' title="bbox 1962 3707 3536 3785">
    <p class='ocr_par' dir='ltr' id='par_1_96' title="bbox 1962 3707 3536 3785">
     <span class='ocr_line' id='line_1_96' title="bbox 1962 3707 3536 3785; baseline -0.008 -15"><span class='ocrx_word' id='word_1_696' title='bbox 1962 3716 2344 3785; x_wconf 88' lang='lat' dir='ltr'><strong>Theophanem</strong></span> <span class='ocrx_word' id='word_1_697' title='bbox 2379 3723 2618 3767; x_wconf 90' lang='lat' dir='ltr'><strong>nostrum</strong></span> <span class='ocrx_word' id='word_1_698' title='bbox 2644 3713 2695 3765; x_wconf 92' lang='lat' dir='ltr'><strong>in</strong></span> <span class='ocrx_word' id='word_1_699' title='bbox 2721 3727 2785 3766; x_wconf 88' lang='lat' dir='ltr'><strong>eo</strong></span> <span class='ocrx_word' id='word_1_700' title='bbox 2810 3711 3139 3766; x_wconf 83' lang='lat' dir='ltr'><strong>monasterio</strong></span> <span class='ocrx_word' id='word_1_701' title='bbox 3170 3708 3226 3761; x_wconf 89' lang='lat' dir='ltr'><strong>S.</strong></span> <span class='ocrx_word' id='word_1_702' title='bbox 3283 3707 3536 3767; x_wconf 55' lang='lat' dir='ltr'><strong>Audrey,</strong></span> 
     </span>
    </p>
   </div>
   <div class='ocr_carea' id='block_1_97' title="bbox 1961 3800 3538 3879">
    <p class='ocr_par' dir='ltr' id='par_1_97' title="bbox 1961 3800 3538 3879">
     <span class='ocr_line' id='line_1_97' title="bbox 1961 3800 3538 3879; baseline -0.01 -13"><span class='ocrx_word' id='word_1_703' title='bbox 1961 3811 2028 3866; x_wconf 89' lang='lat' dir='ltr'><strong>de</strong></span> <span class='ocrx_word' id='word_1_704' title='bbox 2050 3825 2155 3879; x_wconf 91' lang='lat' dir='ltr'><strong>quo</strong></span> <span class='ocrx_word' id='word_1_705' title='bbox 2186 3809 2240 3863; x_wconf 87' lang='lat' dir='ltr'><strong>S.</strong></span> <span class='ocrx_word' id='word_1_706' title='bbox 2277 3807 2572 3876; x_wconf 79' lang='lat' dir='ltr'><strong>Gregorius</strong></span> <span class='ocrx_word' id='word_1_707' title='bbox 2603 3808 2668 3860; x_wconf 87' lang='lat' dir='ltr'><strong>ad</strong></span> <span class='ocrx_word' id='word_1_708' title='bbox 2705 3804 3071 3858; x_wconf 88' lang='lat' dir='ltr'><strong>Secundinnm</strong></span> <span class='ocrx_word' id='word_1_709' title='bbox 3110 3802 3320 3862; x_wconf 88' lang='lat' dir='ltr'><strong>scribit,</strong></span> <span class='ocrx_word' id='word_1_710' title='bbox 3371 3800 3538 3853; x_wconf 79' lang='lat' dir='ltr'><strong>fuisse</strong></span> 
     </span>
    </p>
   </div>
   <div class='ocr_carea' id='block_1_98' title="bbox 1961 3892 3538 3969">
    <p class='ocr_par' dir='ltr' id='par_1_98' title="bbox 1961 3892 3538 3969">
     <span class='ocr_line' id='line_1_98' title="bbox 1961 3892 3538 3969; baseline -0.01 -11"><span class='ocrx_word' id='word_1_711' title='bbox 1961 3904 2287 3969; x_wconf 88' lang='lat' dir='ltr'><strong>educatum;</strong></span> <span class='ocrx_word' id='word_1_712' title='bbox 2315 3903 2367 3956; x_wconf 91' lang='lat' dir='ltr'><strong>in</strong></span> <span class='ocrx_word' id='word_1_713' title='bbox 2400 3916 2464 3954; x_wconf 87' lang='lat' dir='ltr'><strong>eo</strong></span> <span class='ocrx_word' id='word_1_714' title='bbox 2496 3899 2709 3953; x_wconf 86' lang='lat' dir='ltr'><strong>litteras</strong></span> <span class='ocrx_word' id='word_1_715' title='bbox 2739 3912 2920 3952; x_wconf 87' lang='lat' dir='ltr'><strong>sacras</strong></span> <span class='ocrx_word' id='word_1_716' title='bbox 2949 3911 2976 3948; x_wconf 88' lang='lat' dir='ltr'><strong>a</strong></span> <span class='ocrx_word' id='word_1_717' title='bbox 3003 3909 3131 3948; x_wconf 88' lang='lat' dir='ltr'><strong>sene</strong></span> <span class='ocrx_word' id='word_1_718' title='bbox 3159 3893 3268 3955; x_wconf 88' lang='lat' dir='ltr'><strong>illo,</strong></span> <span class='ocrx_word' id='word_1_719' title='bbox 3317 3892 3386 3945; x_wconf 93' lang='lat' dir='ltr'><strong>de</strong></span> <span class='ocrx_word' id='word_1_720' title='bbox 3431 3905 3538 3955; x_wconf 88' lang='lat' dir='ltr'><strong>quo</strong></span> 
     </span>
    </p>
   </div>
   <div class='ocr_carea' id='block_1_99' title="bbox 1965 3977 3538 4062">
    <p class='ocr_par' dir='ltr' id='par_1_99' title="bbox 1965 3977 3538 4062">
     <span class='ocr_line' id='line_1_99' title="bbox 1965 3977 3538 4062; baseline -0.012 -14"><span class='ocrx_word' id='word_1_721' title='bbox 1965 3995 2223 4062; x_wconf 80' lang='lat' dir='ltr'><strong>loquitur,</strong></span> <span class='ocrx_word' id='word_1_722' title='bbox 2280 4005 2504 4060; x_wconf 87' lang='lat' dir='ltr'><strong>puerum</strong></span> <span class='ocrx_word' id='word_1_723' title='bbox 2563 3987 2850 4050; x_wconf 88' lang='lat' dir='ltr'><strong>didicisse;</strong></span> <span class='ocrx_word' id='word_1_724' title='bbox 2916 3981 3293 4054; x_wconf 87' lang='lat' dir='ltr'><strong>progrediente</strong></span> <span class='ocrx_word' id='word_1_725' title='bbox 3346 3977 3538 4031; x_wconf 87' lang='lat' dir='ltr'><strong>deinde</strong></span> 
     </span>
    </p>
   </div>
   <div class='ocr_carea' id='block_1_100' title="bbox 1967 4075 3591 4156">
    <p class='ocr_par' dir='ltr' id='par_1_100' title="bbox 1967 4075 3591 4156">
     <span class='ocr_line' id='line_1_100' title="bbox 1967 4075 3591 4156; baseline -0.01 -15"><span class='ocrx_word' id='word_1_726' title='bbox 1967 4099 2227 4156; x_wconf 87' lang='lat' dir='ltr'><strong>tempore,</strong></span> <span class='ocrx_word' id='word_1_727' title='bbox 2260 4099 2381 4137; x_wconf 90' lang='lat' dir='ltr'><strong>cum</strong></span> <span class='ocrx_word' id='word_1_728' title='bbox 2418 4083 2530 4150; x_wconf 84' lang='lat' dir='ltr'><strong>jam</strong></span> <span class='ocrx_word' id='word_1_729' title='bbox 2580 4077 2927 4132; x_wconf 86' lang='lat' dir='ltr'><strong>Tauromenii</strong></span> <span class='ocrx_word' id='word_1_730' title='bbox 2981 4076 3266 4144; x_wconf 84' lang='lat' dir='ltr'><strong>episcopus</strong></span> <span class='ocrx_word' id='word_1_731' title='bbox 3318 4083 3535 4126; x_wconf 85' lang='lat' dir='ltr'><strong>creatus</strong></span> <span class='ocrx_word' id='word_1_732' title='bbox 3579 4075 3591 4092; x_wconf 92' lang='lat'><strong><em>’</em></strong></span> 
     </span>
    </p>
   </div>
   <div class='ocr_carea' id='block_1_101' title="bbox 1964 4174 3536 4247">
    <p class='ocr_par' dir='ltr' id='par_1_101' title="bbox 1964 4174 3536 4247">
     <span class='ocr_line' id='line_1_101' title="bbox 1964 4174 3536 4247; baseline -0.011 -10"><span class='ocrx_word' id='word_1_733' title='bbox 1964 4193 2127 4242; x_wconf 87' lang='lat' dir='ltr'><strong>esset,</strong></span> <span class='ocrx_word' id='word_1_734' title='bbox 2161 4184 2223 4234; x_wconf 80' lang='lat' dir='ltr'><strong>ad</strong></span> <span class='ocrx_word' id='word_1_735' title='bbox 2266 4181 2316 4234; x_wconf 88' lang='lat' dir='ltr'><strong>id</strong></span> <span class='ocrx_word' id='word_1_736' title='bbox 2349 4181 2606 4247; x_wconf 89' lang='lat' dir='ltr'><strong>templum</strong></span> <span class='ocrx_word' id='word_1_737' title='bbox 2639 4177 2723 4230; x_wconf 88' lang='lat' dir='ltr'><strong>die</strong></span> <span class='ocrx_word' id='word_1_738' title='bbox 2751 4175 2804 4232; x_wconf 90' lang='lat' dir='ltr'><strong>S.</strong></span> <span class='ocrx_word' id='word_1_739' title='bbox 2838 4174 3066 4229; x_wconf 81' lang='lat' dir='ltr'><strong>Andrea:</strong></span> <span class='ocrx_word' id='word_1_740' title='bbox 3092 4187 3248 4226; x_wconf 87' lang='lat' dir='ltr'><strong>sacro</strong></span> <span class='ocrx_word' id='word_1_741' title='bbox 3272 4185 3365 4223; x_wconf 88' lang='lat' dir='ltr'><strong>sua</strong></span> <span class='ocrx_word' id='word_1_742' title='bbox 3398 4183 3536 4238; x_wconf 68' lang='lat' dir='ltr'><strong>prte-</strong></span> 
     </span>
    </p>
   </div>
   <div class='ocr_carea' id='block_1_102' title="bbox 1963 4264 3536 4332">
    <p class='ocr_par' dir='ltr' id='par_1_102' title="bbox 1963 4264 3536 4332">
     <span class='ocr_line' id='line_1_102' title="bbox 1963 4264 3536 4332; baseline -0.01 -4"><span class='ocrx_word' id='word_1_743' title='bbox 1963 4275 2136 4328; x_wconf 85' lang='lat' dir='ltr'><strong>sentia</strong></span> <span class='ocrx_word' id='word_1_744' title='bbox 2167 4289 2228 4326; x_wconf 91' lang='lat' dir='ltr'><strong>ac</strong></span> <span class='ocrx_word' id='word_1_745' title='bbox 2263 4287 2513 4325; x_wconf 83' lang='lat' dir='ltr'><strong>sermone</strong></span> <span class='ocrx_word' id='word_1_746' title='bbox 2551 4268 2938 4332; x_wconf 86' lang='lat' dir='ltr'><strong>decorandum,</strong></span> <span class='ocrx_word' id='word_1_747' title='bbox 2975 4281 3098 4320; x_wconf 88' lang='lat' dir='ltr'><strong>cum</strong></span> <span class='ocrx_word' id='word_1_748' title='bbox 3137 4279 3249 4318; x_wconf 66' lang='lat' dir='ltr'><strong>sum</strong></span> <span class='ocrx_word' id='word_1_749' title='bbox 3284 4264 3536 4315; x_wconf 80' lang='lat' dir='ltr'><strong>dicecesis</strong></span> 
     </span>
    </p>
   </div>
   <div class='ocr_carea' id='block_1_103' title="bbox 1965 4357 3532 4433">
    <p class='ocr_par' dir='ltr' id='par_1_103' title="bbox 1965 4357 3532 4433">
     <span class='ocr_line' id='line_1_103' title="bbox 1965 4357 3532 4433; baseline -0.013 -9"><span class='ocrx_word' id='word_1_750' title='bbox 1965 4387 1994 4424; x_wconf 89' lang='lat' dir='ltr'><strong>e</strong></span> <span class='ocrx_word' id='word_1_751' title='bbox 2028 4379 2128 4430; x_wconf 87' lang='lat' dir='ltr'><strong>set,</strong></span> <span class='ocrx_word' id='word_1_752' title='bbox 2159 4383 2256 4421; x_wconf 91' lang='lat' dir='ltr'><strong>nec</strong></span> <span class='ocrx_word' id='word_1_753' title='bbox 2288 4375 2394 4420; x_wconf 91' lang='lat' dir='ltr'><strong>tam</strong></span> <span class='ocrx_word' id='word_1_754' title='bbox 2427 4365 2581 4433; x_wconf 85' lang='lat' dir='ltr'><strong>longe</strong></span> <span class='ocrx_word' id='word_1_755' title='bbox 2611 4379 2640 4416; x_wconf 88' lang='lat' dir='ltr'><strong>a</strong></span> <span class='ocrx_word' id='word_1_756' title='bbox 2684 4357 3046 4415; x_wconf 79' lang='lat' dir='ltr'><strong>Tauronicnio</strong></span> <span class='ocrx_word' id='word_1_757' title='bbox 3069 4357 3300 4410; x_wconf 76' lang='lat' dir='ltr'><strong>abesset.</strong></span> <span class='ocrx_word' id='word_1_758' title='bbox 3329 4369 3393 4407; x_wconf 91' lang='lat' dir='ltr'><strong>co</strong></span> <span class='ocrx_word' id='word_1_759' title='bbox 3418 4363 3532 4405; x_wconf 90' lang='lat' dir='ltr'><strong>stu-</strong></span> 
     </span>
    </p>
   </div>
   <div class='ocr_carea' id='block_1_104' title="bbox 1964 4442 3534 4526">
    <p class='ocr_par' dir='ltr' id='par_1_104' title="bbox 1964 4442 3534 4526">
     <span class='ocr_line' id='line_1_104' title="bbox 1964 4442 3534 4526; baseline -0.011 -13"><span class='ocrx_word' id='word_1_760' title='bbox 1964 4463 2050 4514; x_wconf 90' lang='lat' dir='ltr'><strong>dio</strong></span> <span class='ocrx_word' id='word_1_761' title='bbox 2085 4459 2257 4513; x_wconf 90' lang='lat' dir='ltr'><strong>altrici</strong></span> <span class='ocrx_word' id='word_1_762' title='bbox 2298 4455 2486 4526; x_wconf 83' lang='lat' dir='ltr'><strong>patriae</strong></span> <span class='ocrx_word' id='word_1_763' title='bbox 2514 4453 2668 4522; x_wconf 90' lang='lat' dir='ltr'><strong>pretii</strong></span> <span class='ocrx_word' id='word_1_764' title='bbox 2727 4448 3054 4519; x_wconf 87' lang='lat' dir='ltr'><strong>rependendi</strong></span> <span class='ocrx_word' id='word_1_765' title='bbox 3107 4462 3166 4501; x_wconf 87' lang='lat' dir='ltr'><strong>se</strong></span> <span class='ocrx_word' id='word_1_766' title='bbox 3219 4442 3534 4500; x_wconf 87' lang='lat' dir='ltr'><strong>contulisse.</strong></span> 
     </span>
    </p>
   </div>
   <div class='ocr_carea' id='block_1_105' title="bbox 1966 4534 3532 4610">
    <p class='ocr_par' dir='ltr' id='par_1_105' title="bbox 1966 4534 3532 4610">
     <span class='ocr_line' id='line_1_105' title="bbox 1966 4534 3532 4610; baseline -0.013 -5"><span class='ocrx_word' id='word_1_767' title='bbox 1966 4553 2206 4606; x_wconf 80' lang='lat' dir='ltr'><strong>Alterum</strong></span> <span class='ocrx_word' id='word_1_768' title='bbox 2249 4547 2307 4602; x_wconf 91' lang='lat' dir='ltr'><strong>S.</strong></span> <span class='ocrx_word' id='word_1_769' title='bbox 2354 4547 2583 4598; x_wconf 80' lang='lat' dir='ltr'><strong>Andrea:</strong></span> <span class='ocrx_word' id='word_1_770' title='bbox 2613 4541 2868 4610; x_wconf 89' lang='lat' dir='ltr'><strong>templum</strong></span> <span class='ocrx_word' id='word_1_771' title='bbox 2913 4555 3008 4594; x_wconf 89' lang='lat' dir='ltr'><strong>seu</strong></span> <span class='ocrx_word' id='word_1_772' title='bbox 3061 4538 3239 4606; x_wconf 90' lang='lat' dir='ltr'><strong>potius</strong></span> <span class='ocrx_word' id='word_1_773' title='bbox 3283 4534 3532 4596; x_wconf 29' lang='lat' dir='ltr'><strong>tellicula,</strong></span> 
     </span>
    </p>
   </div>
   <div class='ocr_carea' id='block_1_106' title="bbox 1963 4625 3538 4714">
    <p class='ocr_par' dir='ltr' id='par_1_106' title="bbox 1963 4625 3538 4714">
     <span class='ocr_line' id='line_1_106' title="bbox 1963 4625 3538 4714; baseline -0.013 -18"><span class='ocrx_word' id='word_1_774' title='bbox 1963 4659 2123 4714; x_wconf 89' lang='lat' dir='ltr'><strong>quam</strong></span> <span class='ocrx_word' id='word_1_775' title='bbox 2158 4641 2372 4694; x_wconf 89' lang='lat' dir='ltr'><strong>trahere</strong></span> <span class='ocrx_word' id='word_1_776' title='bbox 2393 4639 2457 4690; x_wconf 90' lang='lat' dir='ltr'><strong>ad</strong></span> <span class='ocrx_word' id='word_1_777' title='bbox 2483 4634 2850 4705; x_wconf 68' lang='lat' dir='ltr'><strong>conjecturam</strong></span> <span class='ocrx_word' id='word_1_778' title='bbox 2880 4631 3174 4703; x_wconf 87' lang='lat' dir='ltr'><strong>possimus,</strong></span> <span class='ocrx_word' id='word_1_779' title='bbox 3209 4636 3291 4682; x_wconf 87' lang='lat' dir='ltr'><strong>est</strong></span> <span class='ocrx_word' id='word_1_780' title='bbox 3328 4625 3538 4679; x_wconf 85' lang='lat' dir='ltr'><strong>Tauro-</strong></span> 
     </span>
    </p>
   </div>
   <div class='ocr_carea' id='block_1_107' title="bbox 1965 4717 3538 4801">
    <p class='ocr_par' dir='ltr' id='par_1_107' title="bbox 1965 4717 3538 4801">
     <span class='ocr_line' id='line_1_107' title="bbox 1965 4717 3538 4801; baseline -0.014 -12"><span class='ocrx_word' id='word_1_781' title='bbox 1965 4731 2464 4801; x_wconf 80' lang='lat' dir='ltr'><strong>menii;cujusego</strong></span> <span class='ocrx_word' id='word_1_782' title='bbox 2497 4727 2888 4782; x_wconf 84' lang='lat' dir='ltr'><strong>viscudicausa</strong></span> <span class='ocrx_word' id='word_1_783' title='bbox 2956 4722 3160 4776; x_wconf 90' lang='lat' dir='ltr'><strong>nullam</strong></span> <span class='ocrx_word' id='word_1_784' title='bbox 3215 4719 3372 4772; x_wconf 86' lang='lat' dir='ltr'><strong>aliam</strong></span> <span class='ocrx_word' id='word_1_785' title='bbox 3438 4717 3538 4770; x_wconf 91' lang='lat' dir='ltr'><strong>ha-</strong></span> 
     </span>
    </p>
   </div>
   <div class='ocr_carea' id='block_1_108' title="bbox 1967 4807 3542 4884">
    <p class='ocr_par' dir='ltr' id='par_1_108' title="bbox 1967 4807 3542 4884">
     <span class='ocr_line' id='line_1_108' title="bbox 1967 4807 3542 4884; baseline -0.011 -7"><span class='ocrx_word' id='word_1_786' title='bbox 1967 4825 2098 4878; x_wconf 88' lang='lat' dir='ltr'><strong>bens</strong></span> <span class='ocrx_word' id='word_1_787' title='bbox 2143 4821 2351 4875; x_wconf 88' lang='lat' dir='ltr'><strong>itineris</strong></span> <span class='ocrx_word' id='word_1_788' title='bbox 2403 4819 2660 4884; x_wconf 87' lang='lat' dir='ltr'><strong>faciundi,</strong></span> <span class='ocrx_word' id='word_1_789' title='bbox 2712 4833 2777 4871; x_wconf 92' lang='lat' dir='ltr'><strong>eo</strong></span> <span class='ocrx_word' id='word_1_790' title='bbox 2834 4831 2920 4870; x_wconf 86' lang='lat' dir='ltr'><strong>me</strong></span> <span class='ocrx_word' id='word_1_791' title='bbox 2959 4811 3188 4875; x_wconf 89' lang='lat' dir='ltr'><strong>contuli,</strong></span> <span class='ocrx_word' id='word_1_792' title='bbox 3238 4819 3297 4862; x_wconf 85' lang='grc' dir='ltr'><strong>ιιι</strong></span> <span class='ocrx_word' id='word_1_793' title='bbox 3343 4808 3410 4862; x_wconf 86' lang='lat' dir='ltr'><strong>de</strong></span> <span class='ocrx_word' id='word_1_794' title='bbox 3440 4807 3542 4861; x_wconf 91' lang='lat' dir='ltr'><strong>hoc</strong></span> 
     </span>
    </p>
   </div>
   <div class='ocr_carea' id='block_1_109' title="bbox 1969 4902 3541 4982">
    <p class='ocr_par' dir='ltr' id='par_1_109' title="bbox 1969 4902 3541 4982">
     <span class='ocr_line' id='line_1_109' title="bbox 1969 4902 3541 4982; baseline -0.011 -13"><span class='ocrx_word' id='word_1_795' title='bbox 1969 4915 2189 4982; x_wconf 88' lang='lat' dir='ltr'><strong>templo,</strong></span> <span class='ocrx_word' id='word_1_796' title='bbox 2241 4913 2383 4967; x_wconf 88' lang='lat' dir='ltr'><strong>unde</strong></span> <span class='ocrx_word' id='word_1_797' title='bbox 2448 4913 2618 4980; x_wconf 87' lang='lat' dir='ltr'><strong>patria</strong></span> <span class='ocrx_word' id='word_1_798' title='bbox 2673 4909 3026 4977; x_wconf 88' lang='lat' dir='ltr'><strong>Theophanis</strong></span> <span class='ocrx_word' id='word_1_799' title='bbox 3072 4902 3282 4959; x_wconf 90' lang='lat' dir='ltr'><strong>ostendi</strong></span> <span class='ocrx_word' id='word_1_800' title='bbox 3337 4909 3541 4969; x_wconf 83' lang='lat' dir='ltr'><strong>posset,</strong></span> 
     </span>
    </p>
   </div>
   <div class='ocr_carea' id='block_1_110' title="bbox 1967 4991 3542 5074">
    <p class='ocr_par' dir='ltr' id='par_1_110' title="bbox 1967 4991 3542 5074">
     <span class='ocr_line' id='line_1_110' title="bbox 1967 4991 3542 5074; baseline -0.011 -14"><span class='ocrx_word' id='word_1_801' title='bbox 1967 5009 2098 5060; x_wconf 88' lang='lat' dir='ltr'><strong>certi</strong></span> <span class='ocrx_word' id='word_1_802' title='bbox 2128 5006 2326 5074; x_wconf 86' lang='lat' dir='ltr'><strong>aliquid</strong></span> <span class='ocrx_word' id='word_1_803' title='bbox 2367 5003 2606 5058; x_wconf 83' lang='lat' dir='ltr'><strong>nancisci</strong></span> <span class='ocrx_word' id='word_1_804' title='bbox 2643 5015 2880 5068; x_wconf 88' lang='lat' dir='ltr'><strong>possem.</strong></span> <span class='ocrx_word' id='word_1_805' title='bbox 2940 4997 3117 5051; x_wconf 90' lang='lat' dir='ltr'><strong>Situm</strong></span> <span class='ocrx_word' id='word_1_806' title='bbox 3170 5004 3254 5049; x_wconf 89' lang='lat' dir='ltr'><strong>est</strong></span> <span class='ocrx_word' id='word_1_807' title='bbox 3303 4992 3431 5044; x_wconf 89' lang='lat' dir='ltr'><strong>illud</strong></span> <span class='ocrx_word' id='word_1_808' title='bbox 3489 4991 3542 5043; x_wconf 92' lang='lat' dir='ltr'><strong>in</strong></span> 
     </span>
    </p>
   </div>
   <div class='ocr_carea' id='block_1_111' title="bbox 1970 5079 3546 5165">
    <p class='ocr_par' dir='ltr' id='par_1_111' title="bbox 1970 5079 3546 5165">
     <span class='ocr_line' id='line_1_111' title="bbox 1970 5079 3546 5165; baseline -0.015 -13"><span class='ocrx_word' id='word_1_809' title='bbox 1970 5099 2112 5152; x_wconf 86' lang='lat' dir='ltr'><strong>edita</strong></span> <span class='ocrx_word' id='word_1_810' title='bbox 2163 5112 2296 5165; x_wconf 89' lang='lat' dir='ltr'><strong>rupe</strong></span> <span class='ocrx_word' id='word_1_811' title='bbox 2354 5110 2474 5162; x_wconf 70' lang='lat' dir='ltr'><strong>qure</strong></span> <span class='ocrx_word' id='word_1_812' title='bbox 2530 5107 2691 5161; x_wconf 83' lang='lat' dir='ltr'><strong>supra</strong></span> <span class='ocrx_word' id='word_1_813' title='bbox 2736 5103 2883 5160; x_wconf 88' lang='lat' dir='ltr'><strong>mare</strong></span> <span class='ocrx_word' id='word_1_814' title='bbox 2915 5086 3074 5140; x_wconf 86' lang='lat' dir='ltr'><strong>altius</strong></span> <span class='ocrx_word' id='word_1_815' title='bbox 3096 5081 3355 5150; x_wconf 82' lang='lat' dir='ltr'><strong>assurgit,</strong></span> <span class='ocrx_word' id='word_1_816' title='bbox 3388 5079 3546 5134; x_wconf 88' lang='lat' dir='ltr'><strong>undi-</strong></span> 
     </span>
    </p>
   </div>
   <div class='ocr_carea' id='block_1_112' title="bbox 1968 5175 3545 5256">
    <p class='ocr_par' dir='ltr' id='par_1_112' title="bbox 1968 5175 3545 5256">
     <span class='ocr_line' id='line_1_112' title="bbox 1968 5175 3545 5256; baseline -0.011 -18"><span class='ocrx_word' id='word_1_817' title='bbox 1968 5203 2181 5256; x_wconf 88' lang='lat' dir='ltr'><strong>qnaque</strong></span> <span class='ocrx_word' id='word_1_818' title='bbox 2211 5187 2436 5255; x_wconf 66' lang='lat' dir='ltr'><strong>praecisa</strong></span> <span class='ocrx_word' id='word_1_819' title='bbox 2469 5184 2749 5245; x_wconf 83' lang='lat' dir='ltr'><strong>lateribus,</strong></span> <span class='ocrx_word' id='word_1_820' title='bbox 2801 5193 2856 5234; x_wconf 91' lang='lat' dir='ltr'><strong>et</strong></span> <span class='ocrx_word' id='word_1_821' title='bbox 2905 5195 3029 5233; x_wconf 91' lang='lat' dir='ltr'><strong>cum</strong></span> <span class='ocrx_word' id='word_1_822' title='bbox 3083 5175 3545 5229; x_wconf 85' lang='lat' dir='ltr'><strong>Tauronteuilann</strong></span> 
     </span>
    </p>
   </div>
   <div class='ocr_carea' id='block_1_113' title="bbox 1969 5259 3544 5341">
    <p class='ocr_par' dir='ltr' id='par_1_113' title="bbox 1969 5259 3544 5341">
     <span class='ocr_line' id='line_1_113' title="bbox 1969 5259 3544 5341; baseline -0.013 -9"><span class='ocrx_word' id='word_1_823' title='bbox 1969 5279 2087 5332; x_wconf 90' lang='lat' dir='ltr'><strong>solo</strong></span> <span class='ocrx_word' id='word_1_824' title='bbox 2120 5275 2184 5329; x_wconf 89' lang='lat' dir='ltr'><strong>ad</strong></span> <span class='ocrx_word' id='word_1_825' title='bbox 2220 5291 2470 5331; x_wconf 81' lang='lat' dir='ltr'><strong>occasum</strong></span> <span class='ocrx_word' id='word_1_826' title='bbox 2509 5271 2800 5341; x_wconf 67' lang='lat' dir='ltr'><strong>continenti</strong></span> <span class='ocrx_word' id='word_1_827' title='bbox 2842 5276 3070 5340; x_wconf 85' lang='lat' dir='ltr'><strong>angusta</strong></span> <span class='ocrx_word' id='word_1_828' title='bbox 3103 5259 3317 5320; x_wconf 84' lang='lat' dir='ltr'><strong>semita&#39;</strong></span> <span class='ocrx_word' id='word_1_829' title='bbox 3362 5263 3544 5314; x_wconf 75' lang='lat' dir='ltr'><strong>adlice-</strong></span> 
     </span>
    </p>
   </div>
   <div class='ocr_carea' id='block_1_114' title="bbox 1969 5352 3545 5436">
    <p class='ocr_par' dir='ltr' id='par_1_114' title="bbox 1969 5352 3545 5436">
     <span class='ocr_line' id='line_1_114' title="bbox 1969 5352 3545 5436; baseline -0.011 -16"><span class='ocrx_word' id='word_1_830' title='bbox 1969 5384 2125 5430; x_wconf 89' lang='lat' dir='ltr'><strong>rens;</strong></span> <span class='ocrx_word' id='word_1_831' title='bbox 2155 5376 2317 5436; x_wconf 84' lang='lat' dir='ltr'><strong>atque</strong></span> <span class='ocrx_word' id='word_1_832' title='bbox 2347 5365 2413 5419; x_wconf 83' lang='lat' dir='ltr'><strong>ab</strong></span> <span class='ocrx_word' id='word_1_833' title='bbox 2444 5365 2670 5433; x_wconf 80' lang='lat' dir='ltr'><strong>ipsantct</strong></span> <span class='ocrx_word' id='word_1_834' title='bbox 2700 5363 2814 5415; x_wconf 81' lang='lat' dir='ltr'><strong>:ede</strong></span> <span class='ocrx_word' id='word_1_835' title='bbox 2840 5358 3265 5430; x_wconf 86' lang='lat' dir='ltr'><strong>promontorium</strong></span> <span class='ocrx_word' id='word_1_836' title='bbox 3299 5352 3357 5407; x_wconf 92' lang='lat' dir='ltr'><strong>S.</strong></span> <span class='ocrx_word' id='word_1_837' title='bbox 3431 5353 3545 5404; x_wconf 79' lang='lat' dir='ltr'><strong>An-</strong></span> 
     </span>
    </p>
   </div>
   <div class='ocr_carea' id='block_1_115' title="bbox 1968 5443 3544 5527">
    <p class='ocr_par' dir='ltr' id='par_1_115' title="bbox 1968 5443 3544 5527">
     <span class='ocr_line' id='line_1_115' title="bbox 1968 5443 3544 5527; baseline -0.003 -14"><span class='ocrx_word' id='word_1_838' title='bbox 1968 5462 2108 5513; x_wconf 66' lang='lat' dir='ltr'><strong>dreas</strong></span> <span class='ocrx_word' id='word_1_839' title='bbox 2137 5458 2458 5527; x_wconf 69' lang='lat' dir='ltr'><strong>appellatur,</strong></span> <span class='ocrx_word' id='word_1_840' title='bbox 2515 5459 2582 5508; x_wconf 91' lang='lat' dir='ltr'><strong>ah</strong></span> <span class='ocrx_word' id='word_1_841' title='bbox 2606 5454 2802 5523; x_wconf 72' lang='lat' dir='ltr'><strong>Oppido</strong></span> <span class='ocrx_word' id='word_1_842' title='bbox 2834 5463 2889 5507; x_wconf 81' lang='grc' dir='ltr'><strong>ιιι</strong></span> <span class='ocrx_word' id='word_1_843' title='bbox 2914 5467 3056 5506; x_wconf 92' lang='lat' dir='ltr'><strong>nunc</strong></span> <span class='ocrx_word' id='word_1_844' title='bbox 3107 5466 3194 5504; x_wconf 87' lang='lat' dir='ltr'><strong>res</strong></span> <span class='ocrx_word' id='word_1_845' title='bbox 3235 5455 3380 5508; x_wconf 54' lang='lat' dir='ltr'><strong>sunt.</strong></span> <span class='ocrx_word' id='word_1_846' title='bbox 3435 5443 3544 5495; x_wconf 72' lang='grc'><strong>(1⁸³0</strong></span> 
     </span>
    </p>
   </div>
   <div class='ocr_carea' id='block_1_116' title="bbox 1969 5536 3606 5610">
    <p class='ocr_par' dir='ltr' id='par_1_116' title="bbox 1969 5536 3606 5610">
     <span class='ocr_line' id='line_1_116' title="bbox 1969 5536 3606 5610; baseline -0.011 -8"><span class='ocrx_word' id='word_1_847' title='bbox 1969 5549 2216 5603; x_wconf 87' lang='lat' dir='ltr'><strong>milliaria</strong></span> <span class='ocrx_word' id='word_1_848' title='bbox 2239 5546 2510 5600; x_wconf 64' lang='lat' dir='ltr'><strong>dissitutn.</strong></span> <span class='ocrx_word' id='word_1_849' title='bbox 2539 5547 2592 5599; x_wconf 81' lang='lat' dir='ltr'><strong>Si</strong></span> <span class='ocrx_word' id='word_1_850' title='bbox 2619 5559 2735 5598; x_wconf 86' lang='lat' dir='ltr'><strong>eam</strong></span> <span class='ocrx_word' id='word_1_851' title='bbox 2761 5544 2930 5596; x_wconf 83' lang='lat' dir='ltr'><strong>:edem</strong></span> <span class='ocrx_word' id='word_1_852' title='bbox 2963 5536 3368 5605; x_wconf 80' lang='lat' dir='ltr'><strong>contempleris,</strong></span> <span class='ocrx_word' id='word_1_853' title='bbox 3435 5548 3539 5584; x_wconf 91' lang='lat' dir='ltr'><strong>non</strong></span> <span class='ocrx_word' id='word_1_854' title='bbox 3601 5597 3606 5610; x_wconf 37' lang='grc' dir='ltr'>ι</span> 
     </span>
    </p>
   </div>
   <div class='ocr_carea' id='block_1_117' title="bbox 1970 5631 3544 5706">
    <p class='ocr_par' dir='ltr' id='par_1_117' title="bbox 1970 5631 3544 5706">
     <span class='ocr_line' id='line_1_117' title="bbox 1970 5631 3544 5706; baseline -0.01 -12"><span class='ocrx_word' id='word_1_855' title='bbox 1970 5637 2303 5694; x_wconf 86' lang='lat' dir='ltr'><strong>monasterio</strong></span> <span class='ocrx_word' id='word_1_856' title='bbox 2331 5637 2638 5706; x_wconf 84' lang='lat' dir='ltr'><strong>adjunctam</strong></span> <span class='ocrx_word' id='word_1_857' title='bbox 2671 5635 2931 5702; x_wconf 84' lang='lat' dir='ltr'><strong>suspicari</strong></span> <span class='ocrx_word' id='word_1_858' title='bbox 2980 5631 3188 5700; x_wconf 87' lang='lat' dir='ltr'><strong>possis;</strong></span> <span class='ocrx_word' id='word_1_859' title='bbox 3247 5638 3421 5680; x_wconf 80' lang='lat' dir='ltr'><strong>tamen</strong></span> <span class='ocrx_word' id='word_1_860' title='bbox 3489 5633 3544 5677; x_wconf 77' lang='lat' dir='ltr'><strong>el</strong></span> 
     </span>
    </p>
   </div>
   <div class='ocr_carea' id='block_1_118' title="bbox 1971 5722 3545 5798">
    <p class='ocr_par' dir='ltr' id='par_1_118' title="bbox 1971 5722 3545 5798">
     <span class='ocr_line' id='line_1_118' title="bbox 1971 5722 3545 5798; baseline -0.011 -11"><span class='ocrx_word' id='word_1_861' title='bbox 1971 5747 2093 5787; x_wconf 87' lang='lat' dir='ltr'><strong>area</strong></span> <span class='ocrx_word' id='word_1_862' title='bbox 2124 5745 2288 5798; x_wconf 74' lang='lat' dir='ltr'><strong>capax</strong></span> <span class='ocrx_word' id='word_1_863' title='bbox 2316 5741 2398 5784; x_wconf 83' lang='lat' dir='ltr'><strong>est</strong></span> <span class='ocrx_word' id='word_1_864' title='bbox 2435 5728 2646 5784; x_wconf 77' lang='lat' dir='ltr'><strong>:ediﬁeii</strong></span> <span class='ocrx_word' id='word_1_865' title='bbox 2681 5727 2937 5789; x_wconf 84' lang='lat' dir='ltr'><strong>coenobii,</strong></span> <span class='ocrx_word' id='word_1_866' title='bbox 2972 5736 3024 5778; x_wconf 92' lang='lat' dir='ltr'><strong>et</strong></span> <span class='ocrx_word' id='word_1_867' title='bbox 3079 5725 3226 5776; x_wconf 81' lang='lat' dir='ltr'><strong>locus</strong></span> <span class='ocrx_word' id='word_1_868' title='bbox 3275 5722 3545 5778; x_wconf 66' lang='lat' dir='ltr'><strong>desertus,</strong></span> 
     </span>
    </p>
   </div>
   <div class='ocr_carea' id='block_1_119' title="bbox 1975 5811 3545 5882">
    <p class='ocr_par' dir='ltr' id='par_1_119' title="bbox 1975 5811 3545 5882">
     <span class='ocr_line' id='line_1_119' title="bbox 1975 5811 3545 5882; baseline -0.011 -1"><span class='ocrx_word' id='word_1_869' title='bbox 1975 5836 2026 5882; x_wconf 90' lang='lat' dir='ltr'><strong>ct</strong></span> <span class='ocrx_word' id='word_1_870' title='bbox 2057 5824 2122 5878; x_wconf 89' lang='lat' dir='ltr'><strong>ab</strong></span> <span class='ocrx_word' id='word_1_871' title='bbox 2155 5823 2430 5878; x_wconf 89' lang='lat' dir='ltr'><strong>hominum</strong></span> <span class='ocrx_word' id='word_1_872' title='bbox 2477 5837 2696 5877; x_wconf 86' lang='lat' dir='ltr'><strong>accessu</strong></span> <span class='ocrx_word' id='word_1_873' title='bbox 2720 5828 2958 5876; x_wconf 86' lang='lat' dir='ltr'><strong>semotus</strong></span> <span class='ocrx_word' id='word_1_874' title='bbox 2985 5816 3214 5881; x_wconf 85' lang='lat' dir='ltr'><strong>videtur,</strong></span> <span class='ocrx_word' id='word_1_875' title='bbox 3250 5811 3372 5864; x_wconf 73' lang='lat' dir='ltr'><strong>vita:</strong></span> <span class='ocrx_word' id='word_1_876' title='bbox 3427 5826 3545 5864; x_wconf 86' lang='lat' dir='ltr'><strong>mo-</strong></span> 
     </span>
    </p>
   </div>
  </div>
