4122 6462
575 403 638 466 91
1555 402 1965 466 FRANCISCI
2000 396 2271 461 SCORSI
2307 397 2742 473 PROfEMIUM
2783 401 2870 464 II.
3786 395 3862 458 92

575 522 797 574 nasticte
827 527 881 573 et
909 517 1354 588 contemplationi
1412 517 1606 572 deditae
1657 517 1794 572 satis
1862 522 2166 572 accumtnoo

575 611 698 667 dus.
741 611 969 666 Exstant
999 619 1054 664 et
1086 617 1211 663 ante
1235 608 1403 663 :edem
1448 609 1626 663 adhuc
1690 607 1908 664 aedificii
1967 607 2170 663 veteris

577 717 965 772 murorumque
982 701 1205 772 vestigia
1227 717 1248 760 :
1268 716 1494 771 quorum
1515 701 1692 771 aliqua
1713 701 2008 756 eminentia
2029 702 2166 768 solo,

579 797 880 862 aliquorum
904 795 1257 848 fundamenta
1286 793 1389 863 ipsi
1419 793 1536 849 solo
1561 802 1780 865 arquato
1819 800 2110 848 cernuntur
2151 809 2168 847 :

579 899 838 958 praeterea
867 888 1135 941 columnae
1163 896 1396 956 quatuor
1443 887 1668 956 palmari
1721 887 2005 942 altitudine
2067 886 2170 940 sibi

580 979 807 1032 invicem
833 977 1102 1046 quadrato
1133 976 1304 1032 latere
1343 977 1760 1048 respondentia.
1811 977 1918 1032 Sed
1987 985 2168 1032 tamen

585 1067 1204 1138 eujttsmodianlificium
1256 1067 1439 1130 fuerit,
1492 1082 1653 1122 nemo
1700 1077 1782 1123 cst
1843 1068 1932 1138 qui
1970 1068 2170 1123 tradat.

579 1159 758 1216 Possit
781 1159 906 1228 quis
937 1162 1190 1228 augurari
1227 1161 1298 1216 ibi
1329 1161 1500 1216 fuisse
1538 1161 1932 1215 monasterium
1969 1159 2027 1216 S.
2056 1159 2171 1214 An-

582 1251 728 1307 drea:
755 1251 954 1320 templo
986 1251 1358 1318 coniunctum,
1401 1252 1543 1322 quod
1567 1267 1662 1321 per
1690 1267 1756 1308 ea
1789 1263 2029 1320 tempora
2055 1267 2176 1306 am-

583 1341 725 1411 plius
749 1339 1028 1410 aliquanto
1054 1341 1234 1397 fuerit.
1259 1341 1574 1400 Concursus
1590 1359 1724 1401 sane
1745 1345 1924 1416 pepuli
1946 1360 2011 1400 eo
2045 1345 2171 1412 loci,

582 1434 883 1502 praesertim
918 1433 1058 1489 festo
1089 1435 1169 1490 S.‘
1187 1435 1418 1490 Audreze
1439 1436 1549 1503 die,
1577 1451 1604 1490 a
1641 1439 1836 1508 populo
1876 1436 2178 1492 Taurome-

588 1527 776 1580 nitano
808 1528 923 1584 fieri
943 1537 1262 1591 consuetus.
1291 1527 1523 1584 suadere
1546 1539 1726 1600 posset
1750 1545 1871 1585 eum
1899 1547 1929 1586 a
1981 1533 2178 1601 priscis

591 1619 700 1673 illis
735 1619 1069 1687 temporibus
1105 1618 1274 1676 fuisse
1300 1621 1614 1687 deductum,
1652 1623 1850 1692 quibus
1881 1623 2175 1694 Theopha-

595 1727 692 1766 nes
724 1711 990 1780 gloriatur
1021 1713 1210 1780 patriae
1251 1728 1362 1767 suae
1406 1714 1660 1784 populum
1721 1717 1776 1772 in
1835 1719 2180 1774 celebrandis

589 1813 900 1860 sanctorum
926 1801 1078 1858 festis
1103 1819 1224 1858 esse
1259 1803 1638 1874 frequentem;
1681 1807 1775 1861 sed
1828 1807 1930 1862 hoc
1997 1808 2182 1864 hario-

589 1893 692 1948 lari
727 1903 812 1948 est
840 1894 1020 1963 potius
1049 1908 1210 1964 quam
1239 1895 1421 1964 aliquo
1447 1910 1602 1951 certo
1653 1897 2010 1954 fundamento
2042 1915 2180 1956 eou-

587 1985 816 2054 jectare.
851 1987 1022 2055 Igitur
1046 2001 1169 2042 cum
1204 1986 1385 2057 templi
1420 1987 1770 2044 Mascalensis
1824 1990 2054 2046 habeam
2113 2007 2181 2047 ex

589 2081 752 2150 epist.
783 2080 842 2134 S.
879 2079 1127 2148 Gregorii
1161 2079 1270 2150 iam
1297 2081 1468 2136 relata
1493 2081 1930 2150 fundamentum,
1962 2085 2031 2139 ad
2070 2087 2186 2154 pri-

593 2186 736 2226 mam
781 2169 1152 2240 conjecturam
1209 2173 1381 2241 magis
1431 2173 1662 2230 inclinat
1713 2176 1948 2234 animus.
2008 2177 2185 2246 Atque

595 2264 729 2319 hinc
749 2265 968 2332 colligo,
1014 2262 1363 2334 Theophanis
1392 2268 1627 2336 patriam
1660 2269 1744 2323 vel
1793 2268 2044 2326 Mascaiis
2091 2285 2186 2340 op-

595 2356 806 2424 pidum,
847 2357 930 2410 vel
965 2355 1312 2411 Tauromenii
1349 2357 1540 2414 fuisse.
1575 2357 1636 2415 Et
1669 2361 1892 2431 quidem
1945 2363 2048 2418 hoc
2095 2377 2186 2418 se-

593 2449 832 2502 cundum
869 2449 1046 2518 potius
1069 2449 1348 2520 opinarer.
1372 2451 1484 2508 Nec
1515 2454 1660 2509 enim
1699 2456 1924 2526 impedit
1971 2471 2038 2512 eo
2099 2457 2187 2512 die

592 2555 918 2600 concursum
958 2544 1444 2617 factumapopnlo
1498 2535 1961 2605 Tauromenitana
2011 2549 2066 2604 in
2131 2550 2184 2605 id

595 2633 654 2689 S.
691 2635 924 2692 Andreas
957 2639 1242 2706 templum,
1266 2655 1439 2709 eoque
1469 2642 1632 2696 etiam
1665 2643 1988 2699 convenisse
2011 2643 2190 2699 Theo-

595 2729 976 2798 phanem.stt:e
993 2731 1044 2784 in
1079 2733 1132 2786 id
1164 2732 1380 2801 pietatis
1403 2747 1553 2804 ergo.
1581 2725 1718 2790 Cum
1736 2735 1878 2790 enim
1899 2751 2058 2808 supra
2080 2737 2190 2792 Ma-

601 2821 779 2876 sealas
805 2821 858 2874 id
891 2837 1056 2877 essea
1082 2821 1144 2878 D.
1169 2823 1435 2895 Gregorio
1467 2827 1698 2893 dicatur,
1726 2830 2035 2885 eerteinter
2078 2831 2192 2885 Ma-

602 2915 790 2970 sealitn
810 2925 865 2972 et
897 2915 1318 2972 Tauromenium
1352 2919 1514 2972 situm
1549 2919 1720 2975 fuisse
1743 2921 1900 2977 facile
1934 2932 2016 2978 est
2041 2922 2190 2994 judi-

599 3023 748 3074 care,
783 3011 1027 3078 adeoque
1053 3025 1160 3065 non
1200 3019 1308 3065 tam
1341 3010 1498 3083 longe
1527 3029 1558 3067 a
1617 3011 1992 3070 Tanromenio
2044 3015 2194 3086 posi-

601 3109 712 3155 tttm
747 3115 910 3171 quam
945 3096 1123 3170 ipsum
1150 3101 1402 3157 Mascalis
1430 3105 1684 3174 oppidum
1710 3117 1852 3164 erat.

766 3195 792 3267 §
821 3193 910 3251 Ν.
952 3195 1220 3252 Surculum
1253 3212 1355 3267 quo
1386 3193 1724 3267 Theophanes
1755 3201 2021 3270 ﬂoruerit.

674 3290 792 3347 Non
829 3300 913 3347 est
941 3307 1007 3346 ex
1040 3293 1295 3347 omnibus
1329 3307 1450 3362 qua:
1477 3294 1526 3346 in
1576 3295 1658 3347 his
1685 3300 1966 3363 prommiis
2011 3299 2194 3370 dispu-

603 3393 810 3448 tantur,
841 3398 930 3438 res
969 3399 1074 3438 una
1109 3385 1312 3440 certior
1365 3394 1419 3439 et
1471 3386 1689 3453 clarior,
1724 3404 1885 3458 quam
1938 3393 2194 3447 saeculum

601 3492 713 3544 quo
741 3475 830 3530 htc
880 3483 1070 3528 auctor
1103 3475 1434 3543 exstisterit;
1499 3492 1620 3530 nam
1663 3488 1718 3532 et
1771 3478 1822 3532 in
1877 3479 1991 3548 ipsa
2015 3482 2196 3536 saeculi

605 3563 965 3629 obscuritate,
1023 3563 1115 3618 ille
1171 3573 1430 3634 tanquam
1487 3566 1667 3620 lumen
1721 3567 1934 3635 aliquod
1987 3573 2198 3626 caeteris

607 3656 896 3712 exstinctis
953 3655 1147 3710 elucet.
1191 3655 1300 3710 Nec
1339 3671 1468 3711 vero
1529 3658 1580 3712 itt
1637 3659 1740 3713 hoc.
1793 3665 2060 3730 protentio
2115 3675 2201 3720 est

612 3747 744 3802 mihi
773 3747 1002 3816 alicujus
1033 3749 1315 3818 seriptoris
1368 3764 1526 3805 secus
1577 3753 1864 3808 sentientis
1902 3756 2200 3812 auctoritas

608 3841 898 3896 refellenda
933 3842 1026 3896 sed
1058 3839 1375 3896 affirmanda
1434 3843 1723 3898 nmltorum
1771 3859 1914 3902 recte
1955 3850 2200 3904 sentien-

610 3935 764 3988 tintn.
807 3932 940 3986 Nam
974 3931 1208 3988 Jacobus
1235 3932 1562 4002 lGretserns,
1609 3951 1724 3990 sne.
1758 3935 1908 4004 Jesu,
1951 3939 2018 3993 de
2055 3941 2200 3995 litte-

608 4026 754 4079 raria
807 4024 1171 4094 universaque
1216 4039 1274 4078 re
1325 4024 1637 4080 CltriStiana
1685 4031 1890 4095 optime
1951 4031 2200 4096 meritus,

612 4125 745 4170 tom.
772 4116 815 4170 ll
850 4116 924 4170 De
949 4132 1124 4181 cruce,
1163 4115 1216 4170 in
1259 4118 1404 4170 notis
1433 4119 1499 4170 ad
1533 4120 1666 4172 duas
1711 4120 1992 4175 orationes
2019 4124 2204 4178 Thcoo

612 4208 807 4276 phanis
836 4206 1110 4274 Ceratnei,
1142 4219 1330 4263 censet
1360 4224 1484 4262 eunt
1508 4209 1760 4266 floruisse
1810 4227 1920 4280 quo
1959 4221 2202 4284 tempore

615 4301 798 4356 Sicilia
839 4301 1078 4356 nondum
1137 4309 1247 4356 tota
1301 4317 1328 4353 a
1383 4302 1673 4358 Saracenis
1725 4313 1872 4360 esset
1923 4309 2200 4362 subacta:

613 4393 868 4461 quodest
897 4393 1042 4447 circa
1075 4407 1275 4447 annum
1309 4392 1436 4454 900.
1484 4403 1662 4448 tnotus
1695 4408 1756 4446 ea
1809 4396 2021 4451 ratione
2059 4398 2200 4466 quod

613 4495 715 4538 suo
777 4483 940 4538 finem
1006 4483 1273 4538 orationis
1317 4485 1569 4540 secundae
1616 4485 1690 4540 Dc
1747 4502 1903 4541 cruce
1956 4487 2204 4558 imploret

612 4581 802 4628 auctor
835 4587 990 4642 opem
1022 4582 1074 4628 et
1106 4576 1361 4628 virtutem
1405 4575 1750 4646 imperatoris
1782 4589 1970 4632 contra
2009 4579 2204 4649 impios

610 4665 946 4732 lsmaelitas;
998 4667 1142 4730 quod
1197 4667 1337 4722 idem
1400 4666 1529 4721 facit
1585 4668 1640 4722 in
1681 4677 1820 4722 orat.
1855 4667 1930 4721 De
1977 4669 2204 4724 adventu

553 4798 563 4806 ι
614 4760 848 4827 Spiritus
883 4761 1072 4823 sancti,
1103 4760 1156 4813 in
1185 4759 1511 4829 apostmpha
1537 4761 1602 4812 ad
1622 4760 1792 4828 ipsum
1815 4759 1872 4814 S.
1901 4759 2160 4830 Spiritum
2189 4778 2204 4816 :

613 4851 712 4907 Pio
745 4863 924 4908 nostra
949 4854 1280 4922 imperatori,
1311 4862 1673 4924 propugnator
1703 4853 1774 4906 sis
1806 4863 1990 4907 contra
2016 4855 2202 4922 impios

617 4949 764 5016 Agar
784 4946 956 5015 ﬁlios!
989 4947 1104 5012 eius
1147 4947 1428 5014 imperium
1473 4947 1528 5000 in
1572 4961 1701 5016 pace
1733 4957 1780 5001 et
1824 4949 2205 5020 tranquillitate

616 5055 868 5093 conserva
895 5038 916 5092 !
941 5037 1136 5093 Creteri
1167 5037 1259 5108 qui
1289 5038 1341 5091 in
1372 5038 1511 5092 idem
1541 5037 1798 5092 saeculum
1819 5037 2202 5110 Theophanem

619 5131 926 5200 coniecere,
956 5132 1023 5185 ab
1046 5131 1184 5200 ipso,
1205 5131 1388 5194 credo,
1414 5145 1698 5199 sumpsere
1735 5130 2016 5188 Gretsero.
2071 5133 2204 5188 Nam

625 5225 678 5278 in
713 5223 1048 5279 Bibli0thcca
1079 5222 1299 5276 Patrum
1328 5238 1518 5292 magna
1551 5221 1790 5279 Coloniae
1821 5225 1984 5290 edita,
2013 5227 2066 5280 in
2098 5242 2205 5297 qua

625 5319 743 5372 dua:
772 5317 876 5371 illa:
902 5317 1181 5372 orationes
1224 5315 1291 5370 de
1322 5329 1482 5370 cruce
1513 5325 1786 5384 ponuntur
1845 5333 1964 5388 qua:
2000 5313 2150 5374 sunt
2177 5335 2205 5373 a

623 5411 884 5467 Gretsero
905 5411 1085 5474 editae,
1119 5417 1437 5464 recensetur
1459 5409 1547 5464 hic
1568 5417 1762 5466 auctor
1799 5427 1922 5466 cum
1951 5411 2206 5466 Patrihus

624 5485 804 5557 saeculi
833 5499 984 5557 noni.
1009 5501 1185 5570 Atque
1216 5503 1356 5556 inter
1381 5499 1622 5570 ejusdem
1649 5501 1827 5556 saeculi
1861 5501 2054 5557 Patres
2080 5518 2204 5556 eum

625 5603 952 5648 annumerat
1006 5592 1318 5648 Dominicus
1371 5592 1630 5658 Graviua,
1682 5594 1890 5649 ordinis
1939 5593 2212 5650 Przedica-

629 5693 828 5750 torum,
857 5685 908 5738 itt
935 5685 1074 5741 libro
1103 5684 1499 5740 Catltoiicarttm
1537 5687 1994 5756 prtcscrt'ptiouum
2029 5687 2214 5741 adver-

630 5793 721 5832 sus
774 5779 1049 5833 Ita’reticos
1111 5781 1278 5834 nostri
1343 5783 1629 5851 temporis,
1708 5782 1798 5836 ttbi
1875 5783 2210 5852 singulorum

539 5915 542 5920 .
635 5869 954 5928 seculorum
994 5870 1364 5926 reccn-ionem
1407 5872 1628 5928 Patrum
1675 5870 1823 5930 facit.
1864 5872 2016 5929 Dom.
2067 5873 2211 5928 Roc-

2275 512 2414 569 chus
2475 514 2667 574 Pirrus
2721 516 2774 571 in
2805 513 3010 571 Notitia
3060 513 3318 571 Ecclesiae
3363 512 3860 571 Tauromenitana»

2270 606 2522 674 quamvis
2550 621 2656 664 non
2683 618 2835 664 certo
2861 606 3024 664 statui
3058 622 3263 663 annum
3309 620 3474 677 posse
3529 605 3696 671 dicat,
3749 619 3858 679 quo

2273 706 2467 753 auctor
2489 699 2577 754 hic
2602 699 2904 770 scripserit,
2923 707 3108 754 tamen
3139 707 3261 768 post
3283 713 3484 752 annum
3533 696 3638 752 842
3663 695 3862 750 vixisse

2278 801 2535 863 tanquam
2571 795 2940 849 necessarium
2988 793 3195 862 colligit
3237 807 3302 846 ex
3337 791 3556 848 homilia
3603 791 3748 847 dicta
3797 791 3858 844 in

2277 883 2414 938 festo
2442 883 2532 940 die
2556 885 2918 940 restitutionis
2965 883 3064 940 SS.
3097 883 3421 952 imaginum,
3449 897 3570 952 quae
3599 881 3863 937 solemnis

2279 977 2538 1031 memoria
2573 977 2818 1032 instituta
2868 986 2955 1033 est
2988 991 3132 1032 anno
3174 976 3337 1032 dicto.
3375 976 3558 1039 Atque
3610 973 3729 1029 haec
3777 981 3867 1028 est

2275 1079 2564 1125 auctorum
2593 1069 2688 1139 qui
2739 1077 2869 1125 ante
2910 1084 2996 1124 me
3039 1069 3310 1138 scripsere
3354 1067 3667 1131 sententia;
3697 1079 3864 1136 quam

2276 1179 2400 1232 ego,
2433 1175 2489 1218 ut
2527 1162 2657 1228 dixi,
2697 1171 2938 1217 nontam
2972 1176 3192 1230 sequor,
3233 1176 3394 1232 quam
3429 1175 3612 1214 veram
3643 1173 3765 1214 esse
3793 1171 3868 1213 ex

2279 1254 2399 1310 aliis
2426 1253 2776 1310 homiliarum
2803 1253 2961 1318 locis,
3000 1269 3120 1323 qua:
3151 1253 3226 1308 illi
3265 1269 3372 1307 non
3397 1252 3600 1319 legere,
3629 1251 3868 1306 demon-

2277 1355 2412 1410 stro,
2441 1353 2497 1399 et
2523 1357 2636 1398 rem
2670 1343 2724 1398 in
2757 1351 3045 1411 angustum
3090 1331 3261 1412 ma'gis
3301 1342 3512 1396 deduco
3542 1349 3872 1408 certumque

2280 1433 2504 1504 designo
2537 1445 2768 1504 tempus.
2818 1433 2886 1488 Et
2929 1447 3064 1488 sane
3115 1432 3251 1486 duos
3279 1445 3545 1486 annorum
3600 1429 3875 1484 intercur-

2281 1531 2515 1585 rentium
2541 1529 2811 1585 constituo
2843 1527 3125 1589 terminos,
3148 1528 3288 1580 intra
3317 1540 3451 1593 quos
3477 1523 3874 1594 Theophanem

2279 1620 2486 1675 vixisse
2536 1627 2744 1674 certum
2797 1619 3022 1674 omnino
3083 1631 3303 1673 censeo.
3355 1617 3574 1671 Primus
3647 1623 3733 1669 est
3780 1614 3879 1668 ille

2281 1727 2448 1780 supra
2493 1720 2714 1766 notatus
2767 1725 2942 1765 annus
2993 1710 3097 1764 842
3157 1718 3478 1778 argumento
3520 1707 3630 1774 iam
3685 1705 3875 1772 dicto;

2283 1805 2420 1861 alter
2453 1814 2536 1860 est
2566 1819 2741 1859 annus
2771 1818 2877 1872 quo
2902 1814 3132 1872 captum
3165 1818 3191 1854 a
3222 1799 3548 1854 Sarraeettis
3575 1795 3881 1851 Taurome-

2283 1897 2434 1952 nium
2497 1895 2620 1960 fuit,
2673 1893 2818 1964 quod
2869 1893 2971 1948 sub
3025 1891 3224 1946 Leonis
3285 1889 3516 1960 imperio
3579 1886 3884 1960 contigisse.

2286 1989 2450 2043 tradit
2495 1987 2714 2057 Optimae
2763 1984 2886 2038 fidei
2940 1976 3132 2038 auctor
3160 1983 3211 2037 in
3257 1981 3450 2051 primis
3482 1977 3884 2034 Constantinus

2284 2082 2826 2153 Porphyrogenneta,
2862 2079 3062 2134 Leonis
3087 2078 3256 2148 ipsius
3300 2075 3466 2139 filius,
3499 2073 3591 2128 lib.
3625 2089 3663 2128 tt
3694 2071 3882 2128 Thom.

2289 2174 2499 2243 imperii
2530 2173 2746 2229 Orient.
2789 2187 2949 2241 quem
2998 2169 3175 2224 locum
3213 2185 3374 2236 supra
3421 2167 3647 2222 relatum
3699 2164 3886 2220 recole

2288 2268 2320 2342 δ
2353 2267 2373 2322 l
2403 2269 2640 2324 Promm.
2670 2285 2707 2324 t.
2743 2265 3109 2323 Censentiunt
3161 2261 3402 2318 Joannes
3440 2259 3792 2328 Curopalates
3824 2267 3886 2312 et

2288 2377 2352 2417 ex
2385 2375 2450 2417 eo
2477 2361 2717 2416 Thomas
2749 2358 3026 2422 Fazellus,
3068 2366 3124 2412 et
3164 2355 3324 2410 Dom.
3367 2353 3620 2409 Bocchus
3667 2351 3880 2406 Pirrus.

2288 2455 2468 2522 Quoto
2517 2467 2646 2507 vero
2698 2451 2892 2506 Leonis
2931 2448 3196 2518 sapientis
3265 2461 3410 2501 anno
3455 2444 3886 2499 Tauromenium

2289 2556 2503 2617 captum
2527 2561 2553 2599 a
2581 2541 2896 2599 Sarraeenis
2925 2541 2996 2594 sit
3014 2545 3348 2608 compertum
3377 2536 3547 2592 habeo
3566 2549 3630 2590 ex
3655 2532 3885 2589 historia

2291 2655 2452 2709 quam
2487 2639 2555 2693 de
2587 2635 2854 2705 Procopio
2881 2633 3137 2704 episcopo
3170 2640 3226 2686 et
3262 2631 3425 2685 sociis
3485 2629 3540 2683 itt
3597 2641 3888 2698 expugna-

2295 2733 2442 2786 tione
2471 2728 2816 2784 Tauromenii
2855 2726 2926 2782 ab
2959 2725 3204 2781 hostibus
3252 2723 3357 2778 illis
3401 2721 3725 2778 Christiana:
3759 2717 3886 2773 fidei

2295 2823 2691 2879 immanissitne
2741 2819 3024 2876 trucidatis
3080 2817 3302 2886 scripsit
3335 2814 3574 2897 Jpannes
3621 2812 3891 2867 diaconus

2295 2916 2555 2972 Ecclesiae
2617 2912 3072 2982 metropolitanre,
3119 2910 3408 2964 occasione
3463 2923 3624 2976 quam
3680 2904 3885 2959 dicam.

2304 3009 2541 3078 Scripsit
2569 3008 2616 3062 is
2649 3007 2892 3061 libellum
2933 3005 2998 3059 de
3025 3001 3410 3058 Translatione
3443 3000 3502 3055 S.
3541 2997 3786 3054 Severini
3815 3012 3889 3053 ex

2296 3102 2520 3159 castello
2549 3100 2828 3155 Luculano
2857 3098 2912 3151 in
2967 3095 3152 3150 urbem
3204 3093 3501 3162 Neapolim,
3545 3107 3666 3162 quae
3702 3101 3895 3146 trans-

2299 3195 2428 3250 latio
2475 3194 2616 3249 facta
2666 3202 2750 3247 est
2798 3189 3047 3244 Bracltitti
3115 3187 3224 3257 (alii
3276 3186 3546 3255 Abrnyau:
3585 3183 3890 3247 nominant,

2297 3289 2391 3346 sed
2431 3304 2497 3344 ex
2549 3289 2652 3342 hoc
2701 3286 2828 3340 illud
2865 3281 3222 3352 corruptum),
3259 3279 3682 3334 S:ttl‘.tcelmrlltll
3719 3277 3889 3345 regis,

2302 3393 2470 3448 metu,
2503 3379 2617 3450 qui,
2651 3371 2870 3448 recepta
2902 3377 3176 3430 Panormo
3195 3384 3460 3442 captoque
3491 3370 3891 3437 Tauromenio,

2302 3477 2354 3530 in
2383 3474 2694 3532 Calabriam
2745 3471 3047 3525 transmisit
3081 3468 3404 3530 exercitum,
3442 3467 3717 3536 regionem
3765 3479 3893 3518 eam

2299 3583 2518 3623 omnem
2557 3565 2782 3621 Romam
2816 3579 2987 3632 usque
3017 3577 3365 3616 CXf'lil'Slll'llS.
3405 3559 3673 3614 Prannisit
3727 3558 3898 3626 igitur

2300 3662 2538 3732 scriptor
2597 3659 3056 3730 expugnationem
3102 3653 3453 3708 Tanromenii
3532 3651 3709 3706 libello
3764 3667 3892 3716 suo,

2301 3756 2614 3823 caulemque.
2655 3753 2852 3806 factam
2905 3749 3154 3818 Pl'Ot’Opif
3209 3747 3482 3816 episcopi,
3514 3747 3578 3801 de
3627 3761 3733 3815 qua
3791 3761 3898 3800 nos

2301 3849 2464 3905 ctiam
2511 3861 2677 3914 supra
2727 3843 2966 3896 Proann.
3030 3842 3082 3902 I.
3136 3839 3577 3912 §‘2.llistoriant
3633 3855 3698 3893 ex
3759 3854 3894 3894 tt'tss.

2305 3938 2636 3994 membranis
2669 3935 2984 3989 monasterii
3024 3932 3125 3987 SS.
3181 3931 3428 3986 Severini
3460 3941 3514 3985 ct
3563 3931 3760 3995 Snssii,
3795 3946 3899 3985 or-

2304 4031 2446 4086 dinis
2470 4030 2528 4084 S.
2561 4028 2859 4091 Benedicti,
2891 4028 2942 4080 in
2981 4028 3114 4079 urbe
3159 4024 3379 4095 Neapoli
3429 4025 3758 4094 exscriptant
3795 4039 3897 4080 acu

2303 4121 2446 4190 cepit
2499 4119 2567 4173 ab
2625 4117 2957 4171 amicissimo
3005 4131 3104 4170 suo
3163 4113 3423 4170 Octavius
3484 4115 3779 4180 Caetanus,
3835 4117 3890 4169 in

2303 4210 2692 4282 coaqnirettdis
2723 4207 3026 4274 ltujusntodi
3087 4222 3264 4261 ret-unt
3317 4205 3664 4262 Sicilensiuut
3699 4222 3893 4260 monu-

2309 4305 2509 4357 mentis
2555 4297 2913 4370 diligentissin
2940 4316 3024 4364 us,
3066 4307 3119 4351 et
3169 4313 3275 4367 qua
3306 4307 3426 4352 erat
3463 4299 3786 4354 auctoritate
3833 4309 3891 4354 et

2305 4397 2560 4450 comitate
2591 4396 2732 4463 apud
2771 4393 2974 4447 amicos
3000 4393 3428 4448 efﬁcacissimus.
3457 4394 3532 4444 Ad
3566 4409 3700 4447 rent.
3734 4393 3900 4446 Notat

2305 4487 2396 4543 hic
2451 4487 2686 4556 scriptor
2741 4483 2980 4539 Joannes
3038 4498 3239 4536 annum
3309 4484 3520 4552 imperii
3579 4487 3776 4542 Leonis
3837 4499 3898 4540 et

2305 4580 2599 4634 Alexandri
2653 4575 2845 4632 XXIV.
2898 4577 3006 4630 Lco
3052 4587 3234 4629 autem
3279 4591 3307 4628 a
3344 4575 3502 4631 Patre
3553 4576 3750 4631 Basilio
3795 4593 3897 4648 per

2307 4672 2366 4727 S.
2431 4669 2695 4740 Iguatinm
2738 4667 3119 4738 'palriarcltam
3171 4679 3462 4721 coronatus
3522 4680 3605 4721 est
3662 4669 3898 4724 solemni

2307 4763 2790 4834 Tltcopltaniorunt
2849 4760 2970 4824 die,
3037 4773 3182 4812 anno
3239 4759 3410 4827 ipsius
3469 4759 3649 4812 Basilii
3712 4762 3902 4825 tertio,

2307 4855 2512 4912 Christi
2541 4853 2666 4912 870.
2697 4852 2994 4919 eodemque
3024 4849 3330 4904 Alexander
3375 4851 3510 4904 alter
3544 4851 3686 4903 filius
3712 4851 3904 4906 CIL-sar

2309 4960 2546 5005 creatus.
2576 4946 2730 5014 Quad
2767 4944 3005 5014 prodidit
3056 4943 3379 4997 Anastasius
3424 4943 3900 5009 Bibiiolhecatius,

2310 5043 2401 5116 qui
2431 5041 2479 5096 ei
2539 5037 2875 5094 coronatioui
2926 5035 3190 5097 interfuit,
3228 5035 3614 5104 consenuitque
3653 5037 3903 5108 Curopa-

2309 5135 2464 5201 lates,
2497 5142 2552 5188 et
2583 5149 2650 5188 ex
2703 5131 2768 5186 iis
2802 5129 3064 5182 Baronius
3107 5142 3252 5182 anno
3289 5131 3434 5183 dicto
3469 5146 3483 5184 :
3521 5139 3576 5183 et
3624 5129 3903 5190 Caetanus

2306 5230 2417 5300 jam
2451 5226 2651 5282 citatus
2674 5223 2864 5278 eodem
2910 5221 3072 5275 modo
3122 5232 3392 5284 numerat,
3427 5223 3728 5293 probatque
3759 5225 3904 5280 ulte-

2314 5325 2428 5377 ritts
2484 5336 2552 5376 ex
2589 5317 2712 5372 Vita
2771 5315 2833 5370 S.
2887 5314 3016 5368 Elia:
3052 5313 3344 5381 Enttensis,
3395 5333 3556 5384 quem
3611 5319 3712 5374 hoc
3755 5335 3906 5376 anno

2313 5419 2519 5472 abiisse
2546 5417 2755 5470 statuit.
2784 5412 2861 5465 Ex
2898 5411 3002 5466 hoc
3035 5410 3194 5478 igitur
3221 5423 3362 5462 anno
3387 5409 3520 5464 ini-ta
3552 5411 3758 5464 ratione
3779 5410 3903 5465 elli-

2313 5510 2460 5564 citur
2507 5503 2922 5574 expugnationis
2973 5499 3320 5554 Tauromcnii
3372 5515 3546 5553 annus
3591 5501 3718 5556 895.
3765 5499 3905 5555 Cum

2316 5599 2482 5669 igitur
2533 5596 2637 5648 hoc
2685 5607 2827 5646 anno
2876 5590 3174 5659 Procopius
3222 5597 3367 5644 esset
3421 5589 3707 5659 episcopus
3748 5589 3908 5659 (quot

2317 5703 2448 5742 vero
2476 5686 2565 5741 hic
2593 5685 2750 5739 annis
2794 5679 3000 5734 rexerit
3043 5679 3558 5734 Tauromenitanam
3613 5677 3905 5734 ecclesiam

2319 5778 2640 5846 nescimus),
2693 5789 2837 5830 anno
2888 5773 3171 5828 minimum
3215 5789 3324 5827 uno
3382 5772 3618 5827 alterove
3679 5787 3908 5844 [τηνδεδ-

2322 5873 2461 5929 sisse
2484 5869 2872 5938 Theophanem
2901 5867 3160 5938 oportuit,
3209 5879 3398 5922 rursus
3429 5879 3550 5922 cum
3607 5863 3908 5920 Zacharias
