4122 6412
222 428 285 491 93
945 390 950 392 ’
1191 403 1598 474 FRANCISCI
1638 395 1906 463 sconsr
1947 385 2394 455 PROOEMIUM
2436 382 2522 443 II.
3443 367 3518 429 si.

223 540 474 610 ejusdem
525 531 796 590 Ecclesia
845 531 1137 600 episcopus
1183 524 1492 596 reperiatur
1522 531 1695 589 usque
1751 515 1818 568 ad

227 607 411 689 Basilii
439 643 647 686 annum
682 628 736 688 1,
771 639 882 695 quo
907 622 1180 678 celebrata
1211 625 1297 674 est
1330 616 1570 688 synodus
1597 627 1723 677 vm,
1765 607 1818 663 in

226 743 330 797 qua
349 723 708 795 imptnnitens
733 719 826 774 ille
843 715 1126 788 depositus
1153 713 1449 782 itidemque
1467 709 1649 764 cmteri
1675 703 1827 760 schi-

230 817 442 875 smatici
497 831 619 870 cum
661 812 862 868 Pbotio
905 819 1276 868 contumaces,
1330 814 1389 858 ut
1428 802 1592 856 etiam
1657 810 1822 866 supra

229 911 614 969 disseruimus.
646 915 700 962 et
729 915 881 961 certo
910 910 1144 962 constat.
1183 896 1456 954 constabit
1479 894 1644 950 etiam
1679 892 1821 946 intra

230 1008 423 1059 horum
475 1015 746 1055 annorum
776 996 1039 1052 ambitum
1071 990 1462 1060 Theophanem
1511 986 1824 1055 episcopum

231 1097 485 1151 llomisse
534 1090 914 1154 Tauromenii,
951 1075 1208 1143 nimirum
1255 1083 1323 1139 ab
1367 1096 1509 1136 anno
1547 1078 1732 1133 Basilii
1767 1076 1824 1144 ’5,

232 1205 402 1259 usque
460 1190 529 1243 ad
589 1189 790 1244 Leonis
818 1199 1018 1241 annum
1057 1181 1158 1247 16;
1194 1180 1336 1235 ultra
1389 1177 1638 1245 citraque
1687 1187 1829 1242 quos

240 1289 366 1343 ﬁnes
393 1284 586 1351 egredi
636 1290 694 1337 et
738 1278 956 1352 evagari
1000 1277 1159 1333 latius
1191 1289 1297 1329 non
1355 1271 1520 1327 licere
1553 1268 1707 1323 nobis
1763 1265 1828 1319 li-

235 1390 378 1451 qnet.
438 1378 552 1434 Sed
606 1377 720 1446 jam
773 1351 916 1430 hanc
958 1372 1226 1427 rationem
1293 1365 1555 1438 temporis
1589 1351 1656 1416 ei
1711 1360 1833 1414 aliis

238 1475 422 1528 mult’s
454 1469 704 1536 indiciis,
741 1484 805 1524 ex
839 1467 1084 1534 ipsismet
1107 1461 1346 1520 homiliis
1380 1469 1679 1527 earumque
1703 1468 1833 1521 pro-

234 1570 417 1623 mmiis
450 1565 709 1620 deductis
736 1563 949 1632 planius
997 1558 1168 1615 multo
1199 1557 1658 1611 demonstremus.
1695 1549 1831 1605 Nam

236 1673 438 1732 praeter
471 1675 536 1714 ea
577 1659 694 1712 loca
727 1658 838 1728 jam
863 1654 1123 1724 superius
1147 1649 1338 1712 relata,
1371 1647 1460 1702 ubi
1500 1653 1687 1700 contra
1727 1641 1833 1697 im-

235 1758 354 1818 pios
407 1752 716 1809 lsmaclitas
754 1751 1014 1804 virtutem
1079 1740 1393 1814 imperatori
1441 1739 1766 1808 deprecatur
1804 1750 1832 1788 a

237 1848 348 1903 Deo
380 1847 620 1916 (certum
648 1855 734 1899 est
761 1849 938 1897 autem
979 1837 1282 1909 legentibus
1307 1833 1607 1904 [historias,
1650 1827 1834 1884 Basilii

238 1953 290 1994 et
336 1939 546 1994 Leonis
588 1945 836 2004 tempore
881 1949 1004 1988 cum
1032 1927 1351 1986 Sarracenis
1399 1929 1452 1982 in
1500 1925 1682 1980 Sicilia
1713 1937 1837 1978 esse

241 2047 576 2101 magnopere
609 2027 1021 2096 conﬂictatum),
1046 2030 1131 2080 est
1154 2024 1318 2079 etiam
1342 2023 1494 2076 locus
1521 2016 1750 2087 insignis
1771 2030 1834 2068 ex

239 2129 388 2182 hom.
433 2126 517 2180 De
555 2123 813 2194 parabola
843 2139 1003 2178 εωητε
1039 2119 1248 2192 (homil.
1290 2116 1435 2185 xui),
1465 2115 1518 2168 in
1554 2127 1661 2183 qua
1712 2123 1836 2163 cum

238 2221 302 2271 de
347 2219 654 2289 gentilibus
705 2225 910 2287 ageret,
942 2217 1033 2287 qui
1090 2222 1215 2268 ante
1263 2210 1616 2282 prmdicatum
1663 2204 1840 2258 Evan-

241 2317 440 2382 pelium
479 2314 731 2384 corporis
767 2311 1133 2381 voluplatibus
1179 2308 1362 2365 cuncti
1406 2305 1628 2375 penitus
1673 2300 1838 2356 dediti

240 2406 555 2477 exemplum
591 2405 758 2460 etiam
792 2420 818 2457 π
852 2402 1174 2458 Sarracenis
1211 2395 1683 2462 adducitJrrolou;
1703 2391 1843 2462 ὁρῶ-

246 2517 342 2568 μεν
366 2497 503 2560 τοῦς
527 2496 767 2567 ὁμόρους
807 2497 938 2566 ἡμῖν
964 2493 1265 2562 ἀπογόνους
1294 2489 1389 2544 τοῦ
1432 2487 1676 2556 Ἱσμαὴλ,
1709 2487 1756 2538 oi
1785 2484 1840 2536 δὲ

241 2590 495 2660 Θαμινῶς
514 2588 686 2651 ἄλλας
709 2587 824 2642 ἀντ’
850 2586 1026 2641 ἄλλων
1049 2587 1313 2653 γυναῖκας
1342 2581 1685 2654 ἀμείϐονται,
1711 2587 1841 2643 etc.,

244 2682 552 2750 rujusmodi
588 2683 823 2736 videmus
867 2682 960 2734 hos
997 2677 1249 2748 ﬁnitimos
1286 2675 1535 2732 lsmaelis
1581 2681 1842 2742 posteros,

242 2779 334 2845 qui
358 2777 508 2829 alias
560 2774 851 2828 identidem
901 2772 1022 2827 aliis
1070 2780 1428 2843 permutantes
1472 2782 1682 2830 uxores,
1735 2774 1842 2817 etc.

245 2873 379 2925 Cum
419 2868 693 2923 ﬁnitimos
727 2866 1024 2921 lsmaelilas
1051 2865 1199 2929 dicit,
1244 2871 1453 2929 oportet
1487 2875 1579 2914 eos
1608 2858 1842 2912 nondum

247 2963 613 3020 'l'auromeuii
662 2960 856 3024 luisse,
904 2959 996 3014 sed
1031 2957 1083 3012 in
1134 2956 1333 3024 oppido
1381 2951 1562 3025 aliquo
1589 2950 1677 3005 vel
1719 2964 1846 3004 arce

249 3059 320 3111 ibi
355 3055 561 3111 vicina.
600 3053 783 3121 Neque
814 3066 944 3106 vero
975 3049 1266 3105 verisimile
1298 3055 1380 3102 est
1415 3045 1657 3115 potuisse
1703 3042 1850 3096 chri-

248 3151 443 3205 stianre
495 3146 775 3217 religionis
816 3144 1017 3199 cultum
1057 3143 1129 3197 ita
1175 3141 1370 3196 ﬂorere
1415 3140 1470 3194 in
1535 3139 1668 3192 urbe
1734 3134 1848 3202 jam

251 3245 356 3299 sub
383 3242 684 3314 tyrannide
719 3239 1169 3305 iSarracenorum
1215 3247 1474 3303 oppressa
1531 3249 1545 3286 :
1597 3227 1743 3299 atqui
1795 3227 1848 3281 in

251 3342 336 3396 his
391 3337 644 3394 homiliis
689 3333 948 3404 frequens
984 3331 1042 3385 lit
1089 3328 1295 3385 mentio
1347 3325 1729 3382 celebritatem
1800 3329 1854 3374 et

255 3439 472 3491 dierum
505 3433 772 3489 festorum
804 3429 863 3486 S.
913 3428 1208 3492 Pancratii,
1247 3425 1303 3481 S.
1355 3423 1608 3494 Philippi,
1642 3420 1700 3475 S.
1737 3420 1852 3474 An-

254 3533 422 3597 dreae,
455 3529 519 3584 S.
563 3525 834 3595 Onuphrii
862 3532 917 3578 et
967 3523 1198 3576 aliorum
1231 3519 1284 3574 in
1326 3518 1528 3588 quibus
1568 3516 1686 3584 ipse
1739 3527 1857 3566 ser-

255 3639 455 3680 mones
518 3622 587 3678 ad
645 3617 902 3689 populum
967 3615 1181 3670 habuit.
1249 3609 1520 3667 Prteterca
1579 3609 1632 3662 in
1702 3606 1852 3659 hom.

261 3717 331 3770 De
364 3714 471 3770 SS.
502 3711 757 3782 apostolis
789 3706 942 3762 Petro
970 3715 1018 3762 et
1049 3705 1218 3760 Paulo
1249 3702 1460 3772 (homil.
1500 3699 1614 3766 ιν),
1657 3701 1708 3753 in
1737 3699 1856 3767 ipso

257 3805 536 3876 prooemio
572 3801 858 3872 magniﬁce
888 3806 1119 3854 exornat
1156 3796 1418 3865 templum
1461 3792 1741 3848 conditum
1791 3790 1858 3844 ab

261 3903 605 3968 imperatore
633 3895 686 3947 in
715 3892 942 3964 palatio,
963 3887 1269 3960 Συνήδομαε
1298 3904 1403 3954 σοι,
1442 3884 1618 3947 πόλις,
1653 3883 1746 3936 καί
1780 3899 1860 3934 σοι

262 3994 374 4044 θεῖε
408 3989 524 4042 τῶν
557 3985 878 4055 ἀνακτόρων
921 3984 1038 4035 ναέ.
1084 3979 1341 4034 Gratulor
1394 3977 1511 4042 tibi,
1559 3975 1768 4035 civitas,
1813 3981 1861 4026 et

262 4080 358 4134 tibi
391 4093 615 4132 sacrum
648 4075 700 4128 in
733 4071 934 4140 palatio
972 4068 1218 4133 templum
1252 4075 1498 4120 erectum.
1533 4061 1644 4118 Hoc
1680 4069 1861 4115 autem

265 4174 398 4229 illud
428 4187 558 4227 esse
595 4170 739 4238 quod
771 4183 798 4221 a
832 4164 1034 4220 Basilio
1084 4160 1379 4217 Macedone
1428 4157 1709 4212 conditum
1744 4169 1864 4207 ma-

266 4265 729 4335 miilicentissiuie
784 4255 1254 4326 Constantinopoli
1307 4253 1384 4325 (τι)
1448 4250 1653 4306 indicat
1705 4246 1864 4302 Joan.

263 4359 636 4429 Curopalatos
671 4355 758 4410 his
795 4353 1000 4417 verbis,
1023 4365 1205 4414 nemo,
1243 4347 1430 4414 credo,
1467 4344 1564 4398 ibit
1595 4342 1808 4398 inficias
1841 4360 1855 4396 :

264 4456 388 4508 Alia
422 4453 599 4505 multa
627 4464 779 4502 sacra
823 4446 1018 4515 templa
1063 4444 1116 4496 in
1165 4439 1364 4509 palatio
1408 4435 1728 4497 (ediﬁcanda
1771 4451 1862 4488 cu-

265 4549 396 4600 rarit
431 4547 487 4597 in
516 4556 705 4595 nomen
743 4535 1177 4606 Eliazprophette,
1207 4541 1257 4586 et
1275 4531 1522 4601 martyris
1559 4527 1863 4591 Clementis,

268 4649 313 4690 et
341 4633 650 4692 Salratoris
683 4628 881 4682 Christi
941 4635 988 4680 et
1022 4625 1248 4691 apostoli
1280 4619 1451 4687 Petri,
1507 4630 1556 4674 et
1600 4618 1866 4687 Principis

269 4731 522 4792 militiaz;
550 4739 774 4794 quorum
804 4719 1248 4790 pulchritudinem
1274 4717 1564 4784 exprimere
1587 4730 1648 4766 ne
1668 4715 1871 4782 poetica

273 4823 490 4892 quidem
549 4816 714 4887 possit
759 4813 1228 4883 magniloquentia.
1279 4809 1383 4877 Qui
1444 4817 1629 4862 autem
1682 4806 1872 4877 legerit

275 4911 614 4983 prooemium
639 4908 785 4962 illius
820 4903 1057 4961 homiliae
1087 4919 1254 4974 quam
1287 4901 1548 4973 graphice
1603 4899 1732 4954 illud
1781 4914 1874 4952 co-

277 5019 440 5061 tatus
501 5003 576 5060 sit
625 5001 956 5063 describere,
1009 5007 1062 5052 et
1115 5012 1382 5052 exornare
1431 4993 1742 5064 eloquentia
1775 5007 1875 5046 sna

278 5097 658 5167 TheOphanes
690 5095 846 5164 plane
895 5091 1261 5163 perspexerit.
1310 5089 1429 5144 Jam
1478 5085 1876 5143 Constantino-

279 5193 386 5262 poli
416 5188 715 5244 nonnullas
733 5203 796 5240 ex
827 5187 910 5240 his
935 5183 1171 5246 homiliis
1192 5182 1404 5238 habitas
1429 5181 1708 5236 ostendam
1739 5178 1882 5233 infra

283 5282 379 5349 §5,
402 5280 535 5352 quid
558 5279 703 5348 quod
723 5278 776 5330 in
804 5276 888 5331 his
908 5275 1147 5329 homiliis
1171 5271 1586 5328 inlirmaemtatis
1605 5284 1716 5324 sua:
1737 5284 1884 5322 men-

286 5377 493 5428 tionem
528 5369 751 5434 facit,et
781 5375 1032 5426 excusat.
1065 5363 1679 5435 quoniimtslonqiorem
1711 5361 1886 5430 possit

286 5464 493 5517 habere
526 5473 837 5515 sermonem
859 5475 874 5524 ;
898 5456 1040 5525 quod
1059 5456 1274 5522 signum
1307 5463 1388 5509 est
1419 5452 1617 5507 Leonis
1645 5463 1887 5518 tempore

301 5554 394 5609 iam
427 5554 601 5608 fuisse
622 5549 1129 5621 Septuagenarium,
1150 5547 1234 5601 vel
1263 5546 1426 5601 etiam
1454 5541 1887 5614 octogenarium.

1921 504 2255 562 Concludam
2290 501 2436 553 hunc
2470 501 2880 563 paragrapnum
2918 491 3244 558 argumento
3289 474 3521 551 palmari

1923 597 2178 669 quodque
2201 607 2313 647 rem
2340 602 2556 644 omnem
2609 583 2897 640 evidenter
2935 577 3162 634 evincit.
3195 574 3526 652 Thophanes

1926 646 2175 669 1.--..1"
2238 646 2253 647 κ

1924 692 2039 759 ipse
2056 685 2307 758 quamvis
2350 696 2456 736 non
2490 677 2755 739 nominet,
2784 670 3048 728 describit
3076 679 3254 724 tamen
3287 646 3523 735 impera-

1925 795 2073 840 tores
2127 795 2225 851 pro
2265 775 2462 846 quibus
2506 773 2560 825 in
2625 766 2932 840 perorando
2981 762 3311 834 precabatur
3351 760 3523 813 Deum

1929 879 1983 932 in
2022 877 2171 932 hom.
2201 869 2419 941 quidem
2451 865 2525 920 De
2557 862 2722 918 ramis
2745 859 3046 929 palmarum
3074 852 3289 925 (homil.
3324 847 3476 917 xxvr)
3508 865 3523 902 :

1940 939 2330 1038 Ἐπευχόμενοι
2351 959 2413 1013 τὸ
2440 953 2846 1026 θεοφρούρητον
2883 949 3084 1020 κράτος
3130 943 3225 1000 τοῦ
3265 939 3528 1000 εὐσεϐοῦς

1932 1062 2198 1135 βασιλέως
2226 1057 2384 1129 ἡμῶν
2413 1056 2526 1117 τοῖς
2554 1051 2689 1114 υἱοῖς
2712 1045 2878 1102 αὑτοῦ
2899 1043 3179 1110 διαμένειν
3201 1037 3524 1105 ἀσάλευτον,

1931 1155 2289 1217 ἐντείνεσθαι,
2322 1149 2420 1205 καὶ
2444 1141 2867 1201 κατευοδοῦσοαι
2891 1137 2998 1192 ὑπὸ
3027 1133 3164 1188 Θεοῦ
3196 1131 3291 1185 τοῦ
3315 1127 3528 1199 κοσμή-

1934 1266 2127 1314 σαντος
2191 1247 2383 1300 τοῦτον
2443 1238 2608 1310 σοφίᾳ
2666 1234 2761 1290 καὶ
2819 1229 3032 1301 ἀνδρίᾳ,
3096 1223 3192 1280 καὶ
3257 1219 3524 1295 βασιλικῷ

1931 1347 2252 1418 διαδήματι.
2291 1340 2422 1407 Quae
2460 1337 2541 1392 sic
2574 1349 2674 1390 nos
2722 1329 3010 1385 vertimus.
3073 1323 3299 1380 Oremus
3342 1301 3530 1384 etiam,

1933 1452 1989 1495 ut
2039 1437 2269 1509 piissimi
2328 1429 2665 1501 imperatoris
2719 1423 2890 1480 nostri
2948 1419 3227 1487 imperium
3283 1413 3531 1468 divinitus

1935 1533 2257 1590 custoditum
2278 1528 2407 1598 ﬁliis
2422 1525 2581 1579 etiam
2595 1522 2708 1592 ejus
2725 1523 3033 1587 permaneat
3055 1513 3456 1572 inconcussum;
3476 1514 3534 1558 ut

1937 1624 2194 1689 intendat,
2222 1631 2270 1676 et
2291 1633 2535 1688 prospere
2568 1615 2664 1669 Dei
2705 1613 2869 1666 ductu
2921 1605 3194 1676 procedat,
3239 1601 3330 1672 qui
3364 1600 3533 1651 'hunc

1939 1717 2219 1787 sapientia,
2265 1723 2312 1768 et
2349 1710 2686 1784 fortitudine,
2735 1713 2787 1758 et
2839 1697 3182 1769 imperatorio
3232 1693 3532 1747 diademate

1939 1780 2237 1866 exornavit.
2260 1805 2323 1860 Et
2339 1780 2392 1858 in
2418 1804 2568 1857 hom.
2593 1798 2664 1853 De
2682 1795 2782 1852 SS.
2810 1791 3067 1863 apostolis
3090 1785 3304 1856 (homil.
3329 1780 3528 1852 XLVII):

1951 1901 2341 1961 Ἀδιαλείπτως
2387 1895 2671 1966 εὐχόμενοι
2707 1893 2765 1943 ἐν
2801 1887 3022 1946 πολλοῖς
3067 1881 3207 1935 ὲτῶν
3259 1875 3534 1948 περιόδοις

1940 1998 2004 2052 τὸ
2054 1995 2254 2066 κράτος
2305 1984 2762 2059 διαφυλάττεσθαι
2813 1979 2908 2034 τοῦ
2958 1973 3217 2036 εὐσεϐοῦς
3269 1967 3536 2042 βασιλέως

1941 2088 2122 2160 ἡμῶν,
2152 2087 2226 2152 ὡς
2258 2082 2510 2152 εὐσεϐείᾳ
2539 2078 2639 2144 τῆς
2686 2075 2861 2145 ἀρχῆς
2903 2069 3098 2122 ἰθύνων
3145 2064 3272 2126 τοὺς
3320 2062 3536 2120 οἴακας,

1942 2153 2038 2237 uel
2091 2179 2273 2248 λόγοις
2330 2171 2554 2242 κοσμῶν
2615 2168 2674 2222 τὸ
2723 2165 2984 2232 διάδημα,
3052 2162 3149 2213 καὶ
3206 2153 3540 2226 χρηστότητι

1942 2243 2176 2346 ’τρόπων⁷
2212 2267 2592 2338 κοσμούμενος
2640 2260 2702 2324 ἐξ
2759 2257 2961 2329 ἀρετῆς
2999 2253 3227 2321 γνήσιον
3282 2247 3400 2317 ἔχει
3449 2243 3542 2296 τὸν

1944 2368 2188 2422 ἔπαινον.
2248 2361 2364 2416 Hoc
2421 2367 2562 2413 est:
2635 2353 2704 2408 Et
2746 2354 2860 2407 sine
2918 2343 3314 2404 intermissione
3377 2337 3541 2390 Deum

1945 2475 2176 2523 oremus,
2213 2463 2267 2510 ut
2289 2469 2382 2524 per
2411 2450 2581 2504 ntulta
2600 2458 2863 2500 annorum
2887 2439 3067 2508 spatia
3115 2434 3203 2500 pio
3229 2425 3542 2498 imperatori

1947 2561 2128 2608 nostra
2158 2553 2426 2603 conservet
2456 2541 2774 2612 potentiam,
2798 2534 2889 2605 qui
2929 2532 3058 2585 dum
3095 2527 3304 2580 clavum
3333 2519 3541 2589 imperii

1947 2663 2038 2715 per
2070 2645 2315 2712 pietatem
2339 2636 2551 2707 dirigit,
2577 2640 2626 2686 et
2651 2647 2769 2685 cum
2795 2627 3004 2680 morum
3036 2619 3300 2688 probitate
3321 2621 3543 2667 ornatus

1948 2739 2059 2806 ipse
2079 2736 2170 2796 sit,
2207 2742 2315 2786 tum
2352 2729 2511 2783 etiam
2533 2724 2780 2779 diadema
2809 2715 3066 2772 doctrinis
3089 2715 3336 2769 exornat.
3369 2717 3544 2759 veram

1951 2793 2335 2898 ingenuumque
2366 2819 2561 2875 obtinet
2606 2813 2842 2868 laudem.
2888 2807 3024 2874 Quis
3071 2809 3249 2857 autem
3298 2805 3404 2862 est,
3443 2793 3550 2845 ob-

1952 2931 2130 2980 secro,
2165 2915 2308 2970 alius
2355 2911 2446 2966 hic
2493 2909 2792 2974 imperator
2837 2900 2930 2969 qui
2987 2893 3254 2966 sapientia
3297 2896 3546 2946 ornatus.

1953 3017 2009 3065 et
2060 3007 2312 3064 diadema
2365 2999 2615 3056 doctrina
2671 2991 2980 3054 exornavit,
3035 2985 3138 3040 nisi
3184 2983 3316 3046 Leo,
3357 2976 3546 3033 Basilii

1955 3094 2269 3153 Macedonis
2318 3091 2482 3153 ﬁlius,
2513 3086 2607 3157 qui
2640 3082 2870 3154 Sapiens
2921 3092 3017 3132 seu
3072 3070 3436 3138 Philosophus
3479 3065 3547 3118 ah

1953 3191 2214 3250 omnibus
2268 3182 2631 3253 scriptoribus
2691 3172 3117 3245 cognominatus
3168 3174 3251 3221 est
3312 3171 3365 3217 et
3409 3160 3552 3214 inter

1955 3285 2251 3355 scriptores
2298 3273 2702 3332 ecclesiasticos
2734 3273 3052 3322 recensetur
3083 3261 3184 3332 (ὁ).
3222 3255 3424 3312 Mentio
3462 3252 3552 3305 in-

1956 3344 2122 3444 super
2157 3372 2395 3425 ﬁliorum
2427 3361 2798 3435 imperatoris,
2845 3369 2966 3427 quae
3023 3353 3081 3408 lit
3136 3366 3166 3404 a
3217 3344 3554 3413 Theophane

1959 3466 2325 3536 conjecturam
2359 3458 2514 3514 valde
2565 3453 2890 3510 corroborat
2922 3467 2936 3503 :
2971 3445 3168 3502 habuit
3220 3440 3364 3510 cpim
3400 3435 3555 3489 Basi-

1960 3528 2078 3618 lius
2119 3553 2338 3623 quidem
2383 3549 2622 3604 Leonem
2672 3545 2819 3598 hunc
2868 3549 2924 3595 et
2982 3533 3374 3594 Alexandrum,
3436 3528 3548 3582 Leo

1960 3645 2403 3704 Constantinum.
2435 3639 2556 3693 Alia
2587 3652 2652 3691 ex
2693 3632 2929 3689 Baronio
2972 3630 3078 3684 huc
3134 3625 3410 3681 ascribere
3465 3636 3556 3675 su-

1962 3737 2250 3812 persedeo,
2283 3749 2348 3788 ne
2369 3733 2488 3802 plus
2510 3729 2646 3784 satis
2667 3729 2720 3781 in
2756 3729 2857 3780 hoc
2882 3719 3221 3793 paragrapho
3243 3728 3556 3770 excurrant.

1971 3832 2206 3887 Notetur
2249 3836 2426 3880 tamen
2466 3821 2683 3876 interim
2712 3833 2776 3872 ex
2817 3812 3146 3869 Bcllarmino
3190 3809 3239 3862 id
3269 3804 3415 3874 quod
3445 3818 3560 3856 ma~

1965 3923 2114 3976 xime
2167 3919 2231 3972 ad
2259 3910 2792 3972 commendationem
2831 3904 3001 3960 nostri
3039 3895 3389 3966 Theophanis
3421 3909 3550 3946 con-

1968 4012 2165 4068 ducit:
2204 4011 2435 4079 primum
2486 4003 2816 4057 illustratum
2855 4012 2882 4050 a
2925 3994 3104 4048 Leone
3162 3987 3420 4046 smculum
3458 3986 3527 4036 ob

1967 4117 2224 4168 scurum;
2251 4100 2354 4154 hoc
2385 4105 2468 4152 est
2495 4095 2548 4149 in
2581 4107 2688 4162 quo
2714 4089 2936 4159 penuria
2961 4087 3245 4141 doctorum
3267 4078 3557 4134 hominum

1972 4210 2026 4256 et
2064 4197 2390 4268 scriptorum
2423 4192 2546 4246 fuit.
2583 4187 2738 4244 Unde
2769 4185 2934 4241 etiam
2963 4181 3324 4248 Theophanes
3368 4170 3571 4228 merito

1972 4293 2060 4347 fax
2097 4291 2244 4346 illius
2298 4285 2505 4350 saeculi,
2541 4293 2600 4337 ut
2653 4280 2859 4334 dictum
2908 4286 2990 4331 est
3024 4289 3055 4327 a
3115 4286 3201 4326 me
3254 4281 3442 4338 supra,
3493 4263 3572 4326 sit

1965 4383 2364 4442 existimandus
2385 4393 2562 4449 eoque
2584 4375 2748 4430 etiam
2769 4367 3051 4425 nominein
3073 4363 3246 4435 pretio
3267 4359 3569 4417 babendus_

1971 4478 2000 4549 ᾗ
2064 4475 2130 4549 V.
2184 4473 2321 4549 Quo
2365 4471 2560 4549 strculo
2611 4465 2798 4549 rixgrit
2858 4460 3102 4549 §Iymeonl
3148 4451 3566 4549 Metap'ltrastes.

2043 4519 2218 4614 cujus“
2257 4519 2940 4614 Theophanes#sEntentii's
2978 4527 3173 4614 ‘utitur
3272 4523 3336 4574 ab
3404 4519 3583 4580 ipsius:

2045 4597 2374 4682 T/ieopltanis
2403 4597 2566 4664 laitate
2593 4607 2888 4677 afﬁrmatur
2923 4597 3018 4670 (c).

2047 4706 2103 4762 Si
2136 4706 2222 4761 cui
2250 4706 2315 4758 de
2359 4699 2654 4771 Symeonis
2696 4695 3075 4763 Metaphrastae
3101 4691 3226 4742 'aevo
3255 4683 3434 4740 adhuc
3465 4695 3577 4736 non

1974 4806 2120 4855 esset
2150 4805 2510 4864 compertum,
2545 4791 2630 4845 hic
2653 4787 2897 4859 profecto
2938 4783 3006 4837 de
3030 4775 3378 4847 Theophanis
3401 4772 3574 4828 nostri

1977 4891 2210 4955 saeculo,
2255 4887 2395 4958 quod
2445 4900 2474 4939 a
2520 4883 2674 4937 nobis
2709 4889 2793 4935 est
2833 4875 3220 4935 constitutum,
3271 4868 3570 4921 etiamnum

1979 4984 2252 5044 dubitare,
2288 4987 2618 5044 omnemque
2644 4956 3084 5024 dissertationem
3127 4973 3290 5029 supra
3329 4963 3573 5011 contex—

1984 5085 2090 5130 tam
2141 5043 2392 5126 refellere
2446 5074 2500 5119 et
2558 5062 2822 5118 subruere
2872 5058 3067 5111 merito
3105 5049 3298 5121 possit.
3366 5043 3582 5100 Laudat

1984 5182 2106 5223 eum
2141 5172 2421 5218 auctorem
2452 5155 2812 5225 Theophanes
2845 5148 3004 5203 modo
3043 5143 3381 5202 describens,
3416 5135 3583 5191 modo

1987 5273 2183 5314 nomen
2239 5252 2554 5320 indigitans.
2617 5249 2669 5301 in
2733 5246 2883 5298 hum.
2925 5239 3000 5292 De
3056 5236 3265 5290 Lazaro
3327 5232 3580 5285 suscitato

1989 5349 2195 5412 (homil.
2221 5317 2442 5415 κινέει
2470 5343 2521 5395 in
2546 5346 2796 5408 quartum
2823 5333 3140 5387 Matutinum
3167 5323 3373 5398 (homil.
3398 5317 3580 5390 xxxr),

1991 5443 2205 5497 Γλυκὺν
2259 5436 2656 5510 μεταφράσειε»)
2703 5425 3027 5496 συγγραφέα
3075 5431 3265 5483 vocat;
3330 5417 3382 5468 in
3429 5414 3579 5466 hom.

1997 5538 2053 5592 in
2077 5501 2323 5606 quinuim
2353 5501 2536 5584 itidem
2564 5523 2886 5580 Matutinum
2913 5515 3120 5587 (homil.
3144 5508 3339 5577 xxxii),
3365 5501 3582 5574 Συμεὼ-

353 5738 428 5812 ία)
457 5733 552 5812 Eli?
591 5727 1137 5812 adversaturAejusldem
1175 5722 1392 5775 homiliai
1435 5719 1694 5782 inscriptio
1736 5716 1786 5765 in
1835 5717 2010 5767 codice
2047 5713 2526 5773 Matritensi,quem
2553 5715 2652 5755 non
2677 5701 2802 5750 vidit
2826 5698 2881 5749 P.
2909 5697 3153 5748 Scel-sus:
3192 5686 3392 5752 Ἐλέχθη
3437 5682 3487 5732 έν
3510 5681 3582 5748 τῷ
3620 5683 3627 5701 ’

657 5796 702 5812 L
735 5795 763 5812 λ
830 5794 867 5812 π
923 5794 1004 5812 un
1052 5788 1183 5812 unu-
1213 5793 1269 5812 -.ι
1298 5788 1435 5812 3---:
1463 5786 1558 5812 -:...
1579 5782 1728 5812 aut..."
1761 5781 2048 5812 λιηηηο-έὶωυ
2101 5777 2221 5812 vida
2253 5787 2420 5812 munra-
2442 5769 2536 5812 ml-
2566 5766 2645 5812 26.
2673 5765 2812 5812 Εοιτ.
2843 5761 2996 5811 ΡΑτιι.

353 5761 428 5798 ια]
459 5761 552 5783 "In
591 5761 876 5782 tunc-mauu
913 5761 1137 5789 ιδυσυυιυ
1179 5761 1392 5775 ..υ-μυινν
1436 5761 1691 5782 ...μω-γ-.-
1737 5761 1786 5765 ---
1841 5761 1852 5765 _

291 5803 391 5857 σεαῷ
415 5799 490 5856 τῷ
518 5798 570 5844 ἐν
588 5795 808 5857 παλατίῳ
830 5788 1183 5857 ΠᾼΝῼΡΜΟΥ
1213 5793 1271 5848 τῇ
1298 5786 1558 5857 iota-fascia);
1579 5782 1731 5857 ἁγίων
1761 5781 1852 5828 ἀπο

1953 5761 2222 5857 iam-ide
2253 5761 2421 5838 supra,
2442 5769 2536 5821 col.
2566 5766 2645 5817 26.
2673 5765 2812 5816 Eutr.
2843 5761 2996 5811 Pun.

471 5905 873 5973 i’idedﬂonitum
901 5905 1138 5964 volu'mini
1166 5913 1441 5975 praefixum.
1472 5905 1609 5956 Eutr.
1638 5906 1788 5955 Paro.

355 5840 439 5918 ὦκ’
455 5840 935 5929 Leonis—Sapientis
962 5852 1126 5913 Opera
1152 5840 1333 5905 omnia,
1356 5840 1690 5906 'Patrologiat,
1719 5849 1837 5890 tom.
1861 5840 2011 5894 CVII.

359 5879 429 5985 lci
471 5921 595 5973 Vide
623 5919 873 5971 “emtum
901 5913 1138 5964 volumini
1166 5913 1441 5975 praefixum.
1472 5905 1609 5956 Eutr.
1638 5906 1788 5955 Paro.
