4122 6416
639 409 710 473 95
1616 363 2019 478 Ε11ΑΝο1501
2063 419 2332 480 SCORSI
2373 419 2816 484 PROlEMIUM
2851 420 2936 482 II.
3843 412 3919 482 96

640 535 739 588 νην
764 517 854 572 τὸν
874 516 971 582 τὰς
995 519 1368 591 μεταφράσεις
1401 518 1463 574 εὖ
1491 521 1636 590 μάλα
1667 525 2018 595 συνοέμενον.
2041 527 2226 595 Itaque

641 619 764 679 post
793 609 942 664 illum
969 611 1082 664 haec
1119 611 1409 681 scripsisse
1431 611 1820 682 Theophanem
1867 635 2088 676 necesse
2118 632 2222 674 est.

644 703 762 770 Quo
791 703 956 774 igitur
983 719 1098 760 ωγο
1153 705 1551 776 Metaphrastcs
1584 712 1848 780 scripsit?
1893 713 2084 768 Adhuc
2122 717 2226 769 sub

637 793 819 865 judice
843 795 987 849 litem
1018 811 1139 852 esse
1177 798 1250 850 ait
1281 799 1560 856 Gerardus
1587 801 1816 859 Vossius
1854 802 1928 858 De
1959 805 2223 858 historicis

643 881 864 947 ercis,
913 882 1006 936 lib.
1053 899 1114 948 tt,
1147 901 1267 954 cap.
1301 886 1407 953 26;
1442 890 1534 943 sed
1585 903 1704 944 eam
1760 891 1870 960 jam
1932 891 2221 958 diiudicari

644 973 856 1028 tandem
895 989 1056 1043 posse
1091 978 1182 1032 aio
1211 994 1275 1032 ex
1313 980 1413 1033 hoc
1442 996 1606 1050 opere
1651 982 1706 1037 in
1746 982 1920 1038 lucem
1962 984 2136 1051 edito;
2171 995 2226 1040 et

639 1066 859 1134 quidem
924 1069 996 1122 ita
1055 1079 1114 1123 ut
1163 1073 1741 1138 praestantissimorum
1792 1077 2120 1147 scriptorqu
2173 1089 2226 1133 et

640 1159 1099 1231 chronologortun
1126 1163 1307 1232 Opinio
1341 1167 1661 1232 pervincat;
1696 1183 1924 1234 quormn
1960 1169 2221 1224 familiam

639 1251 787 1305 ducit
835 1254 1304 1309 eminentissimus
1349 1257 1636 1312 Annalium
1684 1261 1920 1330 scriptor
1971 1271 2027 1317 et
2084 1272 2224 1316 tem-

637 1359 830 1410 porum
867 1360 1188 1416 supputator
1216 1351 1511 1404 cardinalis
1544 1351 1830 1419 Baronius,
1865 1357 1956 1426 qui
1990 1367 2122 1413 tom.
2150 1356 2220 1423 Χ,

639 1435 704 1487 ad
757 1451 956 1490 amnnn
1005 1437 1208 1494 Christi
1251 1441 1378 1507 859,
1418 1458 1539 1496 cum
1591 1445 1656 1498 de
1703 1443 1962 1502 Michaele
2025 1449 2221 1516 Psello,

640 1525 840 1582 Leonis
875 1527 1182 1598 Philosophi
1213 1536 1492 1603 magistro,
1555 1551 1618 1590 ex
1665 1535 1870 1592 Joanne
1898 1539 2223 1609 Curopalata

640 1616 969 1670 mentionem
1013 1617 1227 1672 fecisset
1256 1621 1382 1687 (non
1418 1623 1503 1676 hic
1547 1634 1638 1679 est
1673 1641 1800 1680 vero
1833 1625 1942 1682 Leo
1980 1627 2224 1683 Philoso-

635 1706 776 1775 phus
809 1708 951 1762 idem
1007 1712 1097 1778 qui
1149 1711 1257 1768 Leo
1286 1713 1515 1784 Sapiens
1563 1717 1760 1784 dictus,
1807 1719 1990 1775 Basilii
2047 1722 2224 1777 Mace-

634 1797 792 1853 donis
823 1799 987 1868 ﬁlius,
1025 1803 1116 1869 qni
1154 1803 1201 1858 ei
1235 1806 1540 1862 associatus
1577 1808 1628 1862 iu
1665 1811 1894 1880 imperio
1925 1829 2068 1866 anno
2091 1813 2221 1881 870,

637 1891 731 1944 Sed
773 1891 933 1956 alius,
969 1893 1058 1963 qui
1087 1893 1268 1948 ﬂoruit
1291 1907 1344 1950 et
1375 1898 1556 1952 docuit
1591 1901 1692 1955 sub
1721 1901 1948 1960 Michael
1976 1903 2039 1957 Ill
2089 1905 2222 1960 Per-

634 1987 1043 2054 phyrogenneta
1087 1989 1234 2043 circa
1273 2005 1472 2046 annum
1504 1993 1708 2050 Christi
1743 1996 1849 2052 859
1892 2000 2020 2052 :sic
2059 2000 2226 2063 igitur

631 2078 700 2131 de
741 2077 1003 2134 Micltaele
1051 2081 1251 2148 Psello,
1278 2081 1443 2150 hujus
1483 2083 1682 2142 Leonis
1729 2091 2014 2158 magistro,
2047 2091 2223 2147 [saro~

635 2170 757 2224 nius
781 2187 794 2223 :
818 2169 899 2224 Ex
923 2173 1004 2226 his
1023 2173 1416 2243 pariterhabes,
1449 2177 1632 2242 lector,
1663 2197 1762 2248 quo
1792 2191 2022 2250 tempore
2038 2187 2222 2240 vixerit

637 2257 870 2327 Psellus,
905 2263 994 2331 qui
1016 2263 1119 2331 fuit
1142 2267 1395 2335 magister
1425 2266 1610 2322 Leonis
1645 2269 1990 2340 Philosophi;
2018 2291 2084 2328 ex
2123 2291 2225 2345 quo

645 2355 848 2420 pariter
899 2357 1138 2410 addisces
1171 2374 1272 2424 quo
1319 2370 1550 2428 tempore
1585 2363 1768 2418 riserit
1817 2365 2220 2436 Metaphrastes,

631 2448 684 2500 in
716 2447 870 2516 cujus
899 2447 1108 2502 laudem
1163 2447 1370 2506 Psellus
1409 2453 1520 2522 ipse
1565 2457 1862 2511 orationem
1893 2459 2098 2523 habuit,
2121 2477 2224 2529 qua

631 2540 854 2593 ostendit
903 2539 1048 2594 haud
1093 2543 1298 2610 pridem
1341 2560 1450 2599 esse
1491 2547 1816 2615 defunctum,
1859 2551 1984 2606 clum
2037 2555 2114 2607 ait
2160 2555 2224 2609 de

631 2629 746 2699 ejus
794 2629 934 2684 obitu
976 2631 1188 2687 audisse
1235 2651 1322 2688 eos
1369 2639 1460 2706 qui
1501 2639 1743 2694 riderunt
1782 2642 1897 2710 ejus
1948 2647 2018 2698 ad
2059 2645 2224 2701 Deum

633 2723 951 2787 trmtsitum;
993 2733 1114 2778 sunt
1151 2725 1262 2778 hcce
1305 2728 1420 2796 ejus
1457 2731 1610 2785 verba
1645 2747 1663 2786 :
1694 2752 1712 2784 ε
1754 2731 1878 2788 Νοη
1919 2737 2058 2791 enim
2105 2755 2224 2793 eum

631 2813 791 2866 veluti
836 2815 1125 2868 abscissum
1166 2826 1256 2870 aut
1297 2819 1524 2873 divisum
1555 2822 1718 2891 fuisse
1749 2824 1928 2879 dicunt
1958 2829 1998 2880 ii
2031 2833 2121 2898 qui
2145 2831 2222 2884 ri-

633 2907 825 2958 dcrunt
853 2921 872 2967 ,°
902 2906 992 2959 sed
1024 2908 1302 2962 videbatur
1339 2911 1501 2965 veluti
1525 2931 1556 2966 a
1585 2916 1815 2982 quodam
1851 2919 2058 2974 vinculo
2100 2923 2227 2976 libe-

633 2995 744 3048 rari
782 3005 828 3048 et
860 2995 1020 3050 hilari
1047 3007 1175 3051 nutu
1213 3016 1267 3053 se
1304 3003 1580 3057 extendere
1610 3007 1930 3062 adducentes
1977 3012 2218 3080 angelos,

628 3095 678 3137 et
705 3086 1094 3155 quodammodo
1128 3092 1356 3160 seipsum
1407 3097 1651 3150 tradebat
1689 3089 1906 3152 illorum
1943 3104 2207 3170 utatzibus,

633 3185 688 3226 ut
725 3177 828 3227 cito
857 3191 1143 3248 emergeret
1171 3181 1234 3234 de
1265 3196 1500 3250 corpore.
1541 3205 1560 3236 ι
1600 3187 1869 3245 Hactenus
1903 3191 1971 3244 Ba
1985 3195 2166 3249 ronius
2197 3213 2208 3249 :

630 3277 810 3320 exstat
849 3279 1028 3324 autem
1065 3271 1179 3327 hzec
1211 3277 1388 3332 oratio
1421 3276 1579 3333 Pselli
1611 3282 1750 3348 apud
1786 3282 2005 3339 SUl'illlll
2032 3288 2116 3341 die
2145 3288 2215 3344 29

632 3358 891 3416 Novcmb.
935 3363 1138 3434 (Grmce
1167 3379 1213 3421 et
1250 3368 1436 3424 Latine
1463 3387 1551 3441 np.
1594 3374 1850 3428 Allatium
1891 3377 1964 3433 De
1997 3379 2215 3450 Symeo-

631 3450 825 3519 nibus).
885 3454 1088 3510 Deinde
1125 3473 1248 3514 cum
1299 3463 1599 3520 monuisset
1646 3465 1900 3522 lectorem
1963 3473 2028 3526 de
2076 3471 2213 3528 Vitis

633 3553 943 3598 sanctorum
990 3549 1080 3614 qui
1123 3535 1246 3632 post
1282 3552 1395 3608 lucc
1445 3555 1694 3612 vixerunt
1736 3573 1999 3630 tempora,
2038 3565 2089 3619 id
2133 3567 2214 3621 fa-

632 3641 778 3686 ctum
835 3636 1008 3690 aliena
1049 3655 1234 3708 opera,
1294 3644 1385 3713 qui
1429 3649 1541 3702 suis
1589 3649 1776 3704 diebus
1825 3669 1890 3708 ac
1938 3659 2213 3714 mensibus

629 3723 926 3792 alicgerunt
969 3741 1186 3786 sanctos
1228 3733 1490 3805 singulos,
1539 3749 1594 3794 et
1625 3743 1950 3801 addiderunt
1979 3763 2008 3802 a
2039 3750 2212 3804 Meta-

633 3813 851 3880 phraste
890 3822 1240 3891 conscriptis,
1285 3841 1378 3879 seu
1420 3831 1602 3898 potius
1643 3835 1908 3906 collectis,
1957 3855 2023 3893 ne
2067 3843 2215 3897 vide-

631 3916 818 3960 rentur
841 3919 996 3963 extra
1035 3913 1266 3969 classem
1295 3923 1503 3987 vagari,
1529 3923 1610 3977 sic
1646 3927 1857 3981 tandem
1895 3931 2208 3988 concludit:

631 3996 718 4051 lia:
756 4006 983 4068 tempore
1027 4004 1189 4073 igitur
1229 4007 1396 4062 Pselli
1441 4015 1630 4069 melius
1677 4019 1932 4089 intelliges
1977 4031 2212 4093 tempora

629 4088 1023 4186 dletaphrastw,
1055 4103 1194 4166 quod
1221 4113 1268 4155 et
1295 4105 1341 4158 si
1361 4106 1540 4174 plures
1571 4108 1776 4166 Psellos
1799 4088 1963 4182 fuisse
1991 4088 2208 4186 dixeris,

625 4180 728 4234 isto
761 4184 960 4239 nullum
997 4189 1330 4247 celebriorem
1377 4213 1468 4250 nec
1506 4202 1854 4271 antiquiorem
1895 4207 2210 4266 invenimus.

627 4271 740 4326 lloc
771 4275 983 4334 Barouii
1015 4281 1278 4350 judicium
1311 4292 1484 4345 secuti
1529 4304 1655 4347 sunt
1693 4297 1904 4354 nobiles
1945 4300 2036 4355 alii
2075 4303 2212 4357 scri-

627 4374 812 4434 ptores
871 4383 1070 4427 nosuae
1116 4373 1424 4434 Soeietatis.
1461 4383 1764 4440 Cardinalis
1812 4387 2206 4457 Bellarminus,

627 4458 856 4515 altermn
910 4463 1162 4522 Ecclesiae
1213 4470 1391 4526 lumen
1438 4485 1493 4529 et
1524 4492 1776 4547 purpura:
1821 4483 2074 4550 splendor
2111 4486 2205 4542 lib.

629 4549 704 4603 De
735 4554 983 4622 scriptor.
1026 4560 1206 4616 eccles.
1237 4577 1257 4617 :
1285 4563 1511 4635 Symeon
1561 4549 1970 4639 Memphi-astes,
2014 4579 2206 4648 inquit,

623 4641 805 4710 ﬂoruit
836 4647 996 4715 paulo
1041 4662 1164 4706 mite
1205 4672 1407 4711 annuat
1455 4659 1610 4714 Dom.
1659 4662 1766 4719 859
1805 4666 1902 4737 (a),
1952 4641 2209 4740 siquidem

629 4732 856 4800 Pselius,
885 4743 977 4808 qui
1003 4742 1100 4797 hoc
1120 4763 1262 4799 anno
1294 4748 1488 4804 virebat
1532 4755 1821 4809 orationem
1846 4757 2093 4816 habuisse
2125 4765 2208 4816 di-

627 4827 766 4880 citur
795 4832 847 4882 in
881 4833 994 4898 eius
1025 4836 1230 4902 funere.
1260 4833 1492 4897 Jacobus
1521 4843 1812 4902 Grctserus
1865 4850 1917 4904 in
1950 4855 2210 4920 Opusculo

627 4921 809 4975 addito
860 4926 924 4976 ad
987 4926 1274 4998 Georgium
1323 4933 1591 4990 Codiuuut
1627 4937 1704 4992 De
1759 4943 1939 5010 ofﬁciis
1998 4943 2211 5016 Magna:

627 5009 878 5067 Ecclesiw
911 5027 957 5069 et
1000 5019 1139 5072 aula:
1178 5024 1606 5094 lionstantinop.,
1657 5009 1900 5100 diSputat
1943 5036 2007 5090 de
2049 5009 2211 5092 M‘eta-

536 5155 546 5164 κ
628 5103 865 5167 phrasta:
895 5123 1011 5160 aevo
1064 5125 1129 5164 ex
1184 5117 1454 5170 sententia
1508 5119 1726 5175 Barouii
1778 5136 1968 5180 contra
2019 5127 2212 5197 llospi-

625 5196 846 5250 nianum
878 5200 1254 5272 Calviuislam,
1295 5209 1386 5276 qui
1418 5225 1541 5264 eum
1591 5215 1848 5268 novitium
1883 5220 2208 5286 scriptorem

623 5301 751 5350 esse
795 5290 1132 5362 blaterabat;
1172 5297 1262 5352 ubi
1299 5301 1412 5353 hare
1447 5302 1610 5357 habet
1655 5304 1795 5360 inter
1835 5319 2052 5382 cetera,
2085 5329 2208 5366 ρυιη

629 5379 971 5448 (luropalatae
1017 5383 1199 5441 locum
1247 5388 1313 5445 de
1352 5389 1615 5448 Michacle
1668 5395 1843 5452 Psello
1887 5379 2206 5462 retulisset:

634 5472 776 5528 lluic
804 5478 966 5545 igitur
1009 5479 1187 5537 Psello
1215 5487 1366 5540 anuis
1398 5486 1548 5558 longe
1580 5492 1782 5560 majore
1803 5509 1896 5548 cur
1918 5495 2210 5554 Calvinista

627 5571 922 5623 encomium
968 5571 1350 5645 Metaphrasta:
1391 5597 1508 5634 cum
1553 5581 1786 5638 Barouio
1847 5603 1948 5641 non
1989 5591 2207 5659 tribuat,

630 5671 809 5713 causa:
836 5663 969 5718 nihil
1001 5666 1175 5736 habet,
1211 5672 1313 5726 nisi
1343 5673 1522 5728 odium
1559 5674 1956 5747 Metaphrasta',
2001 5683 2053 5735 in
2087 5703 2208 5739 sau-

863 5768 892 5788 ﬁ

2329 537 2536 584 ctorum
2567 531 2844 588 historias.
2886 529 3040 597 Quod
3065 537 3240 584 autem
3264 527 3496 582 historiae
3523 525 3768 596 qucedam
3793 541 3918 578 san-

2327 631 2556 686 clarum,
2595 624 2684 692 qui
2723 633 2840 693 post
2891 621 3299 692 Metaphrastem
3339 620 3605 683 uixerunt,
3648 619 3705 673 in
3747 617 3919 672 Meta-

2324 713 2554 780 phrasta'
2584 716 2736 766 tornis
2779 714 3136 778 inveniuntur,
3168 729 3233 767 ne
3257 712 3466 766 mireris
3493 726 3512 764 :
3543 727 3575 764 a
3600 709 3915 780 posteriori-

2328 804 2421 857 bus
2461 802 2825 872 superadditte
2863 815 2984 857 sunt
3011 844 3025 869 ,
3073 815 3131 858 ut
3180 803 3299 872 ﬁeri
3344 803 3475 856 solet
3516 803 3571 856 in
3612 801 3918 868 hujusmodi

2328 897 2674 964 scriptoribus
2701 907 2746 948 ct
2778 895 3164 950 collectoribus.
3191 895 3318 949 Haec
3345 893 3657 950 Grctserus.
3692 894 3916 946 Drmum

2325 987 2594 1040 Antonius
2609 987 2932 1043 i‘ossevinus
2950 989 3002 1041 in
3027 989 3300 1058 Apparatu
3322 1004 3474 1041 sacro
3495 1003 3515 1042 :
3541 987 3920 1056 .lletaphrastte

2328 1089 2566 1145 tempora
2599 1081 2808 1144 melius,
2843 1081 3016 1149 inquit
3043 1061 3307 1134 Baronius
3345 1089 3472 1134 tom.
3523 1078 3593 1145 Χ,
3634 1095 3918 1148 cognosces

2327 1185 2392 1224 ex
2435 1169 2594 1224 Pselli
2628 1179 2880 1237 tempore.
2917 1171 3042 1225 [hoc
3082 1172 3430 1227 Posseviuus.
3459 1170 3780 1242 Quanquam
3828 1171 3922 1226 hic
3989 1237 3995 1243 .

2329 1261 2382 1314 in
2418 1261 2681 1316 Michaele
2713 1261 2888 1318 Psello
2927 1279 3034 1318 non
3067 1265 3198 1317 satis
3237 1263 3484 1318 distinxit
3516 1263 3748 1320 Leonem
3787 1263 3920 1318 Phi—

2327 1351 2638 1422 losophttm,
2691 1354 2850 1422 cujus
2900 1355 3160 1424 magister
3214 1355 3398 1410 senior
3445 1355 3654 1410 Psellus
3705 1355 3827 1420 luit,
3887 1371 3918 1408 a

2333 1443 2516 1498 Leone
2564 1445 2710 1500 dicto
2747 1444 3024 1514 Sapiente,
3076 1446 3444 1514 imperatore;
3486 1445 3580 1500 sed
3626 1457 3922 1513 utrumque

2327 1534 2572 1588 confudit
2635 1555 2649 1591 :
2709 1536 2870 1616 atqui
2915 1537 3005 1590 ille
3069 1547 3312 1606 tempore
3369 1537 3650 1592 Michaelis
3695 1537 3811 1592 CXI
3863 1547 3923 1591 et

2327 1625 2636 1681 Theodore
2674 1629 2866 1684 matris
2915 1628 3165 1694 ﬂorebat,
3209 1629 3355 1684 circa
3403 1645 3605 1683 annum
3647 1629 3773 1692 832,
3827 1631 3921 1685 hic
3980 1640 3988 1647 '

2329 1732 2472 1770 anno
2515 1717 2621 1772 870
2661 1718 2933 1786 imperare
2980 1720 3146 1789 coepit
3194 1721 3399 1775 :sicuti
3436 1737 3608 1790 neque
3636 1723 3768 1776 duos
3811 1721 3908 1774 Mi-

2328 1809 2546 1864 chaeles
2574 1807 2801 1876 Psellos,
2828 1813 2922 1865 sed
2949 1813 3196 1866 eumdem
3226 1812 3301 1866 ait
3320 1823 3374 1867 et
3398 1814 3714 1882 magistrum
3745 1812 3920 1868 fuisse

2339 1899 2538 1956 Leonis
2582 1901 2876 1973 Sapientis,
2919 1914 2970 1958 et
3017 1903 3213 1959 librum
3259 1903 3336 1958 De
3376 1904 3480 1974 ﬁde
3524 1905 3810 1975 scripsisse
3844 1909 3916 1958 ad

2327 1993 2643 2049 Michaelem
2691 1996 2891 2052 Ducam
2937 1996 3318 2064 imperatorem
3355 2013 3369 2048 :
3420 1997 3516 2056 sed
3559 1997 3647 2050 hic
3693 2006 3916 2051 centum

2326 2099 2378 2143 et
2433 2087 2828 2157 quinquaginta
2895 2104 3067 2144 annos
3125 2097 3246 2158 post
3306 2089 3544 2144 Leonem
3602 2089 3918 2157 Sapientem

2329 2179 2640 2246 imperavit.
2687 2179 2800 2234 Nec
2847 2177 3072 2234 multum
3111 2181 3178 2233 ab
3215 2182 3298 2236 his
3338 2181 3615 2248 discrepat
3659 2179 3922 2236 Horatius

2327 2271 2662 2325 Torsellinus
2711 2271 2763 2324 in
2811 2270 2980 2338 Epist.
3025 2271 3152 2326 hist.
3195 2270 3286 2325 lib.
3323 2287 3432 2338 vn;
3475 2273 3589 2326 vult
3617 2273 3760 2326 enim
3810 2271 3918 2340 Sy-

2334 2376 2580 2415 mconcm
2627 2359 3048 2432 Metaphrastem
3103 2371 3228 2418 ante
3280 2379 3478 2418 annum
3533 2364 3638 2420 900
3683 2365 3916 2428 vixisse,

2327 2453 2594 2525 Regiuoni
2651 2455 2957 2510 Prnmiensi
3020 2456 3222 2524 abbati,
3277 2466 3333 2510 et
3385 2457 3556 2512 Adoni
3616 2457 3918 2514 Viennensi

2327 2563 2644 2618 supparcm.
2685 2547 2885 2602 Verum
2927 2549 3038 2618 jam
3071 2547 3139 2603 de
3175 2549 3374 2618 duplici
3425 2549 3601 2606 Psello
3637 2552 3920 2607 mentione

2330 2643 2498 2706 facta,
2551 2642 2942 2697 controversiae
2993 2656 3176 2696 semen
3229 2641 3499 2712 iecimus,
3550 2659 3670 2712 qua:
3729 2654 3920 2699 tamen

2326 2733 2548 2786 omnino
2584 2714 2933 2800 eristirpanda
2968 2733 3094 2798 erit,
3129 2743 3187 2787 ut
3220 2748 3400 2802 spero.
3435 2734 3708 2789 Gcrardns
3739 2734 3918 2789 Joan-

2327 2841 2423 2879 nes
2449 2823 2671 2896 Vossius
2697 2824 2988 2879 Baronium
3009 2836 3062 2880 et
3081 2825 3473 2881 Bellarminum
3502 2829 3706 2882 erroris
3731 2833 3918 2898 arguit

2328 2919 2420 2970 lib.
2455 2935 2532 2973 ιε.
2567 2917 2638 2970 Dc
2665 2917 2932 2972 historicis
2973 2916 3200 2975 ercis.
3235 2934 3355 2989 cap.
3381 2919 3486 2986 26;
3533 2936 3655 2975 nam
3687 2938 3808 2976 cum
3846 2925 3922 2977 de

2329 3011 2599 3079 Symcone
2645 3009 3012 3078 MetepltraSle
3041 3026 3229 3066 eorum
3277 3013 3600 3068 sententiam
3639 3014 3923 3070 retulisset

2315 3119 2378 3156 ex
2419 3101 2696 3157 Michaelis
2733 3101 2890 3157 Pselli
2920 3103 3131 3158 funebri
3172 3105 3420 3161 oratione
3451 3123 3464 3160 :
3500 3105 3752 3177 Uterque,
3807 3108 3918 3174 ait,

2318 3210 2469 3250 extra
2515 3198 2924 3251 controversiam
2980 3199 3124 3263 ponit
3173 3199 3485 3254 Michaelem
3527 3201 3762 3256 Psellum
3807 3204 3921 3257 ela-

2319 3291 2488 3342 ruisse
2527 3287 2623 3343 sub
2671 3287 2928 3342 Michaele
2970 3289 3090 3353 IlI,
3134 3303 3186 3345 ut
3235 3302 3358 3346 ante
3403 3294 3537 3348 dixi.
3575 3294 3686 3349 Nec
3723 3311 3920 3366 negare

2317 3399 2526 3450 possunt
2556 3383 2619 3435 iis
2645 3383 2964 3449 temporibus
2986 3383 3060 3436 vel
3082 3384 3242 3450 paulo
3269 3396 3393 3440 ante
3415 3387 3602 3442 vixisse
3631 3390 3916 3458 quemdam

2326 3472 2640 3526 Ilichaelem
2671 3474 2904 3527 Psellum
2935 3475 3078 3546 (nam
3112 3476 3166 3529 id
3199 3487 3382 3541 aperte
3420 3489 3647 3534 testatur
3673 3481 3916 3537 Joannes

2317 3567 2712 3636 (Iuropalates),
2744 3569 2835 3623 sed
2869 3586 2996 3639 nego
3025 3571 3186 3623 istum
3213 3587 3325 3625 esse
3353 3571 3580 3626 nobilem
3622 3574 3768 3627 illum
3794 3577 3915 3640 phi-

2314 3661 2590 3729 losophum
2614 3661 2762 3729 cujus
2793 3661 3054 3732 permulta
3077 3663 3332 3734 hodieque
3387 3679 3689 3735 supersunt.
3718 3665 3909 3724 Neque

2316 3763 2530 3814 temere,
2568 3770 2631 3806 ne
2654 3753 2753 3807 hac
2787 3756 2839 3807 in
2865 3771 2917 3808 re
2947 3773 2976 3808 a
3008 3758 3229 3809 summis
3265 3757 3390 3812 viris
3415 3758 3718 3824 dissentire,
3745 3763 3914 3826 paulo

2313 3856 2424 3913 post
2473 3845 2690 3913 planum
2739 3844 2957 3914 faciam,
3005 3864 3120 3900 cum
3169 3849 3233 3900 de
3283 3848 3449 3903 Pselli
3502 3860 3655 3906 a'tate
3709 3853 3911 3908 dicam.

2318 3935 2443 3990 llzec
2489 3937 2713 3993 Vossius
2760 3940 2848 4005 qui
2905 3939 3102 3994 deinde
3151 3939 3470 3996 Michaelem
3523 3941 3759 3996 Psellum
3805 3943 3912 3998 llo-

2314 4033 2492 4087 rnisse
2553 4031 2668 4086 vult
2718 4033 3054 4100 tetnporibus
3101 4033 3386 4089 Michaelis
3435 4033 3524 4088 Vl.
3579 4034 3914 4102 Stratiotici,

2315 4123 2407 4177 lilii
2438 4122 2626 4179 lsaacii
2657 4122 2964 4189 Connncni,
3004 4123 3350 4181 Constantini
3383 4125 3496 4181 XII.
3535 4127 3715 4194 Ducat,
3757 4143 3899 4182 uxo-

2317 4217 2394 4272 ris
2421 4217 2538 4288 ejus
2575 4216 2854 4283 Emloxiae,
2885 4218 3112 4274 llatnani
3145 4219 3402 4290 Diogenis
3424 4231 3476 4274 ct
3505 4221 3786 4277 Michaelis
3811 4223 3910 4278 VII

2317 4307 2497 4360 Ducas.
2561 4306 3041 4361 Verumenimvero
3109 4309 3194 4363 his
3233 4311 3298 4364 de
3348 4309 3578 4379 duplicis
3628 4312 3912 4369 Michaelis

2317 4396 2477 4452 Pselli
2537 4407 2696 4453 artato
2751 4400 3066 4465 conceSsis;
3124 4416 3229 4456 non
3289 4411 3469 4456 tamen
3510 4403 3688 4458 adhuc
3749 4405 3912 4461 video

2315 4507 2476 4560 quatn
2521 4491 2658 4546 satis
2697 4491 2902 4558 justam
2943 4493 3135 4548 habeat
3167 4509 3384 4548 causam
3427 4495 3659 4550 VOSsius
3701 4514 3731 4551 a
3775 4515 3914 4553 seu-

2317 4581 2485 4636 temia
2543 4581 2756 4636 Barouii
2807 4594 2863 4637 et
2914 4581 3229 4638 Belial-mini
3291 4586 3642 4654 discedendi;
3700 4597 3755 4644 et
3800 4605 3911 4646 cur

2307 4675 2506 4744 iuniori
2540 4676 2720 4745 potius
2751 4691 2918 4747 quam
2953 4679 3250 4748 autiquiori
3287 4679 3464 4734 Psello
3502 4682 3806 4736 orationem
3851 4687 3908 4739 in

2314 4765 2735 4836 Melaphrastem
2789 4771 2950 4824 tribui
3004 4771 3150 4824 velit.
3205 4772 3279 4825 Ex
3331 4788 3432 4840 qua
3479 4773 3626 4828 enim
3663 4775 3908 4833 litterula

2315 4863 2564 4918 Encomii
2601 4862 2702 4917 hoc
2747 4863 3066 4933 eXSt'ulpsit,
3113 4876 3169 4918 ut
3198 4867 3335 4920 bene
3363 4877 3553 4922 contra
3595 4869 3911 4925 Calvinico-

2315 4940 2418 5006 lam
2472 4952 2864 5023 lloSpiniannm
2919 4956 3235 5020 Grctserus,
3292 4957 3374 5012 vel
3419 4959 3736 5029 exsculpet?
3783 4962 3910 5028 Quo

2318 5045 2536 5114 inquam
2568 5047 2771 5100 indicio
2808 5049 3168 5103 recentiorem
3202 5048 3437 5103 Psellum
3472 5051 3712 5107 Encomii
3756 5053 3909 5106 illius

2315 5148 2592 5190 auctorem
2643 5153 2806 5206 quam
2859 5139 3128 5214 seniorem
3178 5140 3342 5195 facit?
3392 5140 3604 5196 Nullum
3657 5145 3910 5214 profecto

2315 5223 2460 5276 aliud
2512 5223 2771 5278 iudicium
2815 5227 2993 5292 video,
3018 5213 3190 5296 'quam
3244 5244 3453 5284 merum
3505 5213 3673 5300 ipsius
3724 5231 3904 5289 Vossii

2307 5313 2594 5382 judicium,
2643 5317 2886 5385 adeoque
2937 5326 3142 5373 temrre
3189 5320 3292 5375 hoc
3359 5321 3534 5390 ipsum
3589 5325 3736 5388 dicit,
3791 5343 3906 5380 non

2317 5416 2517 5460 temere
2541 5422 2645 5460 sea
2679 5407 2897 5462 Barouii
2923 5419 2971 5462 et
3006 5409 3318 5466 Bellarmini
3351 5413 3556 5482 judicio
3583 5418 3903 5475 dissentire.

2315 5499 2513 5554 Verum
2565 5501 2668 5557 etsi
2715 5502 2914 5554 nullam
2964 5506 3245 5574 utriusque
3278 5507 3468 5577 judicii
3519 5512 3783 5567 rationem
3825 5517 3910 5567 al-

2312 5593 2455 5648 ferre
2482 5591 2774 5659 possimus,
2806 5609 2980 5662 neque
3007 5612 3069 5650 ex
3104 5599 3286 5668 aliquo
3317 5600 3439 5658 loco
3474 5602 3617 5657 illius
3648 5605 3902 5662 Encomii

2313 5686 2493 5756 colligi
2556 5685 2750 5754 possit,
2809 5695 2928 5742 uter
2985 5688 3220 5748 Michael
3273 5692 3480 5751 Psellus
3533 5708 3728 5753 auctor
3776 5697 3903 5764 ejus

800 5803 1154 5898 Lifﬁﬁ'mt‘onis
1181 5814 1524 5878 Metaphrasta
1571 5831 1686 5869 vera
1711 5826 1861 5874 aetate
1887 5823 1998 5874 tith
2025 5826 2216 5892 Prolegt

2327 5843 2386 5880 na
2418 5827 2476 5880 ad
2499 5835 2686 5878 tomum
2715 5825 2890 5888 CXIV;
2915 5829 2978 5880 de
3006 5829 3246 5884 Michaele
3279 5832 3466 5898 Psello,
3492 5841 3681 5886 tomum
3702 5834 3878 5889 CXXiI

637 5861 774 5914 liut'r.
803 5861 954 5917 Pun.
