4122 6410
235 347 295 407 97
1240 336 1640 398 FRANCISCI
1685 335 1948 394 SCORSI
1997 337 2437 397 PROOEMIUM
2486 339 2562 397 ll.
3458 342 3531 402 93

230 456 392 512 fuerit
447 454 651 527 (neque
687 453 862 517 enim,
901 453 1085 517 credo,
1140 467 1203 506 ex
1254 451 1508 520 Operibus
1560 447 1719 501 Psetti
1762 446 1837 514 ju-

231 551 404 605 nioris
432 549 486 602 id
519 563 765 616 unquam
803 549 1059 600 ostendet
1089 544 1350 608 Vossius;
1379 558 1505 596 nam
1540 539 1834 598 attulisset,

229 645 270 698 si
327 643 638 704 habuisset)
698 653 753 695 et
804 643 850 695 si
899 639 1068 710 igitur
1119 654 1206 691 res
1263 637 1494 706 pendeat
1554 634 1731 688 adhuc
1783 634 1834 684 in

228 745 582 804 mquameuto
614 745 667 787 et
721 733 924 803 dignus
967 733 1054 786 hic
1092 730 1307 783 vindice
1354 730 1606 782 videatur
1640 729 1833 787 nodus,

229 829 444 884 arcedtt
474 831 588 898 jam
622 829 769 882 velut
802 826 912 879 ἀπὸ
941 825 1188 896 μηχανῆς
1221 823 1249 874 o'
1288 823 1440 886 θεὸς,
1472 820 1834 886 Τιιροιήιιιιιυε

233 923 340 978 hic.
395 921 492 988 qui
529 919 767 972 Baronio
798 931 850 971 et
887 917 1215 972 Bellarmino
1251 915 1400 969 litem
1449 912 1742 980 adjudiCet,
1780 921 1834 962 ct

227 1027 420 1065 conum
471 1011 681 1080 judicio
737 1021 949 1062 tantum
996 1008 1248 1074 ponderis
1300 1007 1481 1070 addat,
1534 1013 1591 1058 ut
1635 1004 1700 1056 de
1747 1018 1830 1063 eo,

229 1104 425 1171 reique
463 1103 696 1157 veritate
719 1101 833 1171 jam
870 1116 974 1153 non
1009 1101 1080 1152 sit
1109 1097 1343 1167 amplius
1377 1096 1647 1164 integrum
1678 1093 1833 1146 dubi-

233 1204 372 1248 tare.
405 1193 547 1247 (lum
585 1193 732 1245 enim
775 1191 1052 1260 superiore
1096 1188 1120 1260 §
1161 1187 1248 1242 ιν.
1283 1187 1621 1257 apertissime
1650 1197 1834 1239 osten-

163 1293 166 1296 '
235 1299 350 1335 sum
379 1282 480 1344 sit,
513 1282 903 1348 TheOphancm
943 1281 1084 1333 hunc
1115 1279 1435 1331 Ceramenm
1469 1275 1832 1343 archiepisco-

234 1392 359 1442 pum
404 1372 930 1426 Tauromenitanum
982 1371 1228 1424 ﬂoruisse
1269 1369 1366 1422 sub
1411 1367 1609 1421 Basilio
1651 1365 1827 1419 Mace-

228 1471 395 1527 done.
432 1478 490 1520 et
529 1465 710 1519 Leone
743 1465 860 1534 ejus
901 1463 1012 1517 lilio
1039 1464 1129 1532 qui
1163 1478 1286 1516 cum
1322 1461 1482 1515 Patre
1516 1461 1680 1530 carpit
1727 1460 1829 1513 im-

229 1575 455 1628 perare,
492 1569 550 1611 ut
582 1558 716 1620 dixi,
742 1571 886 1610 anno
915 1555 1043 1622 870,
1082 1554 1394 1625 planissime
1422 1553 1583 1607 etiam
1616 1560 1827 1606 cortStet

232 1649 573 1720 Symeonem
612 1648 1028 1717 Metaphrastem
1055 1659 1182 1702 ante
1213 1664 1334 1700 eum
1363 1647 1648 1708 claruisse,
1676 1647 1828 1700 adeo-

231 1759 341 1810 que
377 1741 702 1796 Mithaelcm
742 1741 976 1795 Pscllnm
1001 1741 1118 1810 ejus
1145 1740 1528 1795 cucomiastem
1562 1739 1831 1809 antiquio-

228 1846 347 1882 rem
398 1830 555 1882 illum
608 1829 795 1892 fuisse,
841 1845 945 1882 non
991 1828 1285 1896 juniorem,
1343 1829 1418 1882 uti
1469 1828 1730 1881 Barunius
1775 1835 1828 1881 et

232 1920 605 1975 Bellarminus
653 1920 942 1989 ca‘terique
994 1920 1289 1973 dOCliaSilni
1341 1920 1634 1988 scriptores
1681 1917 1828 1984 judi-

229 2021 454 2066 tarunt.
491 2010 600 2065 Nec
623 2011 734 2079 jam
773 2013 928 2066 video
964 2026 1067 2076 qua
1116 2012 1329 2064 ratione
1365 2026 1469 2063 non
1505 2011 1664 2064 modo
1695 2020 1828 2064 aeta-

233 2119 342 2160 tem
396 2104 753 2174 Theophanis
807 2105 859 2158 in
895 2104 1120 2158 dubium
1165 2104 1426 2167 revocari,
1473 2103 1565 2158 sed
1614 2116 1675 2157 ea
1715 2102 1826 2172 jam

233 2199 370 2252 satis
399 2213 680 2266 superque
712 2195 1000 2260 allii-mata,
1030 2211 1133 2266 qua
1163 2197 1372 2250 ratione
1396 2197 1565 2264 possit
1595 2195 1828 2264 amplius

233 2293 298 2345 de
347 2291 472 2360 ipsa
511 2289 892 2359 Metaphrastze
931 2300 1093 2344 aetate
1139 2289 1488 2344 controverti.
1533 2286 1650 2340 Jam
1682 2288 1836 2341 enim

233 2402 294 2438 ex
333 2384 458 2437 luce
492 2399 657 2453 quant
701 2381 1013 2451 Theophani
1055 2382 1266 2448 damus,
1302 2383 1385 2434 fax
1419 2382 1601 2435 itidem
1641 2385 1824 2435 ladem

238 2492 399 2544 opera
438 2476 665 2544 pra-lata
703 2475 914 2529 videtur
946 2475 997 2528 in
1033 2482 1176 2527 tanta
1205 2474 1535 2528 obscuritate
1569 2472 1823 2542 Synteoni

233 2567 642 2636 lletaphrastzc.
678 2563 862 2634 Neque
900 2580 1028 2618 vero
1057 2564 1282 2619 GilLerti
1316 2562 1650 2618 Genebrardi
1687 2563 1827 2633 judi-

233 2659 373 2710 cium
428 2657 482 2709 iu
533 2672 630 2711 sua
681 2656 1040 2727 Chronologia
1079 2671 1292 2710 movere
1340 2655 1450 2725 jam
1505 2657 1698 2723 debet;
1733 2656 1823 2724 qui

233 2750 376 2802 circa
423 2765 634 2802 annum
678 2748 801 2815 700,
839 2749 950 2802 vult
988 2749 1184 2802 vixisse
1211 2747 1625 2817 Metaphrastcm
1654 2765 1666 2802 :
1700 2765 1822 2800 nam

235 2843 334 2894 huc
385 2842 578 2894 itidem
627 2841 887 2906 judicium
940 2841 1107 2911 ipsius
1140 2852 1261 2908 est;
1311 2856 1482 2912 neque
1515 2843 1678 2896 ullum
1708 2843 1825 2911 ejus

237 2934 310 2985 rei
378 2943 765 3001 argumentum
837 2933 1031 2999 alien;
1113 2934 1254 3004 quod
1322 2944 1495 2987 tamen
1558 2935 1821 3002 judicium

235 3025 425 3076 eodem
491 3023 759 3078 refellitur
815 3025 976 3080 modo
1029 3042 1134 3096 quo
1186 3025 1361 3082 Vossii
1425 3028 1592 3082 multo
1645 3029 1823 3081 minus

237 3116 565 3186 llospiniaui
611 3116 754 3171 illius
809 3117 1118 3173 Calvinistzc
1161 3120 1452 3174 convitium
1527 3119 1709 3188 potius
1761 3135 1824 3174 ac

240 3208 492 3263 delirium
545 3209 600 3263 itt
645 3208 1091 3280 Metapbrastem.
1139 3228 1296 3282 quam
1342 3228 1530 3266 sanum
1562 3211 1821 3280 judicium

237 3303 419 3356 valere
452 3302 635 3366 debet,
674 3303 762 3371 qui
811 3303 961 3356 ilium
1009 3303 1172 3358 fuisse
1209 3305 1480 3358 trivialem
1512 3303 1824 3359 Constanti-

243 3395 422 3464 nopoli
483 3394 595 3447 ludi
671 3394 1024 3466 magistrum,
1093 3398 1500 3452 mendaciorum
1570 3397 1824 3467 legendas

246 3487 559 3553 scripsisse,
611 3501 710 3540 nec
763 3488 992 3557 amplius
1045 3489 1112 3540 ab
1167 3489 1292 3543 hinc
1339 3491 1585 3544 ducentis
1637 3491 1820 3559 viginti

243 3581 401 3632 annis
436 3579 636 3632 vixisse
667 3596 681 3630 :
718 3595 838 3632 eum
882 3580 1026 3632 cnin't
1062 3581 1194 3634 satis
1236 3581 1510 3648 redarguit
1548 3591 1603 3636 et
1635 3582 1823 3636 irridet

239 3669 533 3723 Grctserus
579 3669 838 3738 opuscolo
886 3670 1053 3736 dicto,
1100 3673 1334 3726 maxime
1377 3688 1444 3728 ex
1489 3689 1554 3728 eo
1594 3675 1732 3742 quod
1769 3674 1820 3727 in

238 3763 474 3816 concilio
503 3760 818 3818 Florentino
845 3778 980 3818 sess.
1004 3781 1102 3831 vn,
1137 3766 1216 3820 bis
1249 3782 1442 3837 magno
1466 3781 1586 3820 eum
1618 3767 1824 3823 honore

238 3854 489 3908 laudetur
520 3855 758 3924 Symeon
807 3856 1219 3926 Metaphrastes.
1267 3857 1357 3912 Sic
1395 3859 1535 3910 enim
1577 3859 1823 3912 Andreas

239 3944 405 3999 l'hodi
456 3949 657 4013 praesul
699 3946 914 4003 GI‘EBCOS
947 3949 1265 4020 alloquens:
1313 3948 1378 4002 In
1421 3951 1605 4018 primis
1660 3951 1822 4020 igitur

238 4037 468 4107 ngeon
494 4037 882 4104 lletaplirastes
904 4043 1088 4096 vestris
1113 4043 1163 4095 in
1192 4041 1436 4096 Ecclesiis
1461 4043 1821 4098 celeberrimus

235 4129 491 4193 urtedat;
543 4139 600 4182 et
647 4144 782 4184 sess.
828 4131 1013 4186 eadem
1048 4133 1187 4186 idem
1224 4149 1237 4186 :
1277 4131 1502 4202 Legatur
1533 4133 1626 4186 ille
1658 4135 1748 4203 qui
1789 4151 1820 4187 a

234 4221 370 4274 vobis
417 4221 661 4289 quotidie
710 4223 902 4292 legitur
950 4225 1005 4277 in
1049 4223 1319 4287 Ecclesiis,
1363 4223 1588 4294 Symeon
1643 4225 1816 4279 Meta-

233 4315 503 4374 phrastes.
555 4313 731 4368 Locus
769 4325 947 4369 autem
999 4316 1257 4386 legendus
1312 4328 1430 4370 erat
1479 4333 1545 4371 ex
1589 4316 1704 4371 Vita
1755 4316 1813 4372 S.

237 4405 479 4474 Dionysii
508 4403 869 4474 Areopagitae,
909 4407 961 4460 in
996 4421 1102 4474 quo
1135 4389 1524 4476 Metaphrastes
1555 4406 1816 4477 Spiritum

233 4507 483 4551 sanctum
536 4511 604 4550 ex
650 4495 810 4552 Patre
855 4508 904 4552 et
961 4495 1101 4551 Filio
1143 4499 1438 4568 procedere
1486 4509 1671 4567 aperte
1721 4499 1817 4551 ait.

231 4592 506 4642 Przetcrea
562 4586 827 4659 Joscphus
873 4588 1242 4645 Methonensis
1291 4593 1577 4662 episc0pus
1629 4602 1820 4646 contra

235 4682 464 4735 Marium
507 4682 867 4750 Ephesinum,
901 4682 1124 4754 Symeon
1165 4701 1328 4739 novus
1373 4684 1684 4754 Theologus,
1733 4685 1824 4754 qui

229 4785 274 4827 et
325 4773 744 4843 Memphi-astes.
794 4776 871 4830 Ex
927 4777 1122 4846 quibus
1172 4779 1590 4833 auctoritatibus
1645 4778 1823 4847 arguit

232 4865 634 4934 tiospinianum
697 4866 1030 4932 Gretserus.
1088 4873 1229 4941 quod
1292 4871 1383 4941 qui
1443 4871 1495 4924 in
1562 4869 1821 4926 Ecclesiis

233 4958 558 5015 Graecorum
591 4959 974 5015 celeberrimus
1019 4961 1203 5024 fuerit,
1243 4972 1295 5017 et
1338 4974 1544 5016 tantum
1596 4964 1822 5018 auctori-

232 5051 358 5105 tatis
386 5061 609 5117 nactus,
640 5067 742 5104 non
773 5055 1004 5121 potuerit
1033 5068 1154 5108 esse
1183 5053 1556 5124 ludimagister
1577 5069 1605 5108 e
1636 5055 1816 5119 trivio,

229 5159 406 5215 neque
455 5158 589 5196 vero
634 5143 877 5198 ducentis
913 5154 1039 5200 ante
1070 5145 1227 5199 annis
1275 5147 1508 5212 vixisse;
1541 5162 1700 5216 quam
1731 5147 1818 5200 illa

225 5239 436 5292 diceret
493 5235 892 5306 llospinianus,
941 5253 1062 5292 cum
1113 5238 1400 5292 concilium
1452 5238 1818 5294 Florentinum

224 5329 566 5383 celebratum
591 5327 659 5382 sit
683 5343 828 5382 anno
865 5328 1015 5394 1459,
1043 5329 1144 5384 hoc
1163 5339 1243 5384 est
1262 5340 1387 5383 ante
1409 5344 1579 5385 annos
1605 5340 1817 5385 centum

224 5423 507 5492 octoginta
545 5433 678 5487 tres,
726 5424 974 5492 adeoque
1010 5422 1328 5477 incredibile
1371 5423 1616 5477 videatur
1651 5423 1818 5477 Meta-

227 5508 508 5583 phrastem
542 5524 652 5568 tant
683 5530 952 5586 nuperum
985 5525 1184 5569 tantam
1204 5516 1583 5570 auctoritatem
1609 5516 1821 5571 tantillo

226 5619 470 5679 tempore
493 5609 784 5680 acquirere
808 5609 1073 5678 potuisse.
1102 5619 1159 5662 ut
1191 5624 1250 5664 ea
1281 5607 1485 5665 Graecis
1508 5609 1560 5664 in
1589 5611 1820 5666 concilio

288 5749 358 5808 (εἰ)
392 5747 510 5796 ('od.
541 5746 744 5806 Matrit.,

1944 453 2284 503 mt'tttttetzit‘o
2311 466 2411 502 una
2445 467 2566 503 cum
2599 449 2828 504 retusus
2863 448 3112 502 [’atribus
3141 460 3524 520 opponeretur.

1947 539 2086 610 Lege
2116 543 2266 608 plura
2294 550 2483 594 contra
2515 542 2902 609 llospinianum
2941 545 3077 610 apud
3111 541 3285 612 ipsum
3318 541 3528 596 Gretse—

1923 617 2085 683 ~'rutu.
2122 631 2306 699 Neque
2333 633 2497 684 alintu
2533 632 2647 700 lego
2675 633 2762 700 qui
2789 643 2972 686 contra
3005 642 3213 686 aetatem
3245 633 3529 702 Symeonis

1947 744 1972 774 a
2005 726 2162 776 nobis
2197 725 2424 791 positam
2456 725 2756 792 scripserit.
2780 724 2910 776 Nam
2939 725 3078 793 quod
3106 726 3180 778 ait
3211 723 3527 778 Theodorus

1945 812 2194 865 Balsamo
2224 818 2275 866 in
2311 831 2432 871 can,
2463 813 2552 876 65,
2585 814 2773 883 synodi
2801 813 2994 876 Trull.,
3024 815 3109 867 ubi
3140 814 3204 868 de
3235 829 3525 868 secernen-

1943 907 2026 958 dis
2065 906 2309 958 historiis
2338 916 2389 958 et
2422 907 2556 958 actis
2601 914 2909 958 sanctorum
2950 905 3276 975 apocryphis
3321 920 3349 958 ει
3384 906 3524 958 veris

1940 996 2250 1049 decernitur
2279 1016 2289 1048 :
2325 997 2499 1062 Χάςις
2525 997 2706 1048 τοίνυν
2731 995 2808 1065 τῷ
2837 997 3117 1067 μακαρίτῃ
3147 998 3519 1066 Μεταφραστῇ

1938 1088 2016 1158 τῷ
2074 1088 2140 1141 τὰ
2195 1089 2509 1160 μαρτυρικὰ
2559 1089 2691 1141 ὡσεὶ
2741 1088 2844 1156 τῆς
2897 1088 3164 1158 ἀληθείαις
3223 1088 3524 1158 σκάμματα

1938 1181 2149 1243 πολλοῖς
2171 1182 2371 1243 πόνοις,
2400 1183 2494 1234 καὶ
2525 1181 2712 1252 ἱδρῶσι
2745 1181 3223 1245 κατακαλλύνοντι,
3245 1183 3324 1241 εἰς
3355 1179 3524 1250 ὕμνον

1938 1272 2099 1335 Θεοῦ,
2130 1273 2224 1326 καὶ
2262 1273 2422 1337 δόξαν
2464 1273 2826 1338 αἰωνίζουσαν
2859 1273 2969 1325 τῶν
3004 1274 3173 1341 ἁγέων
3208 1273 3520 1343 μαρτύρων.

1936 1365 2122 1419 (.‘ratia
2171 1367 2344 1435 itaque
2395 1365 2461 1417 Β.
2513 1364 2891 1434 Metaphrastm
2936 1366 3209 1428 habenda,
3259 1365 3396 1433 quod
3442 1380 3522 1417 res

1936 1466 2224 1526 martyrum
2265 1467 2517 1528 tanquam
2559 1459 2794 1512 veritatis
2825 1457 2997 1526 fossas
3025 1475 3126 1511 non
3160 1458 3270 1510 sine
3302 1455 3505 1510 labori-

1937 1551 2031 1605 bus
2064 1561 2112 1604 et
2139 1550 2421 1604 sudoribus
2458 1552 2761 1620 repurgauit
2792 1560 2840 1603 et
2879 1550 3156 1604 exornavit
3184 1549 3252 1600 ad
3282 1548 3376 1601 Dei
3403 1550 3522 1600 lau-

1939 1642 2055 1694 dem
2113 1650 2161 1694 et
2217 1639 2322 1695 SS.
2381 1651 2678 1710 martyrum
2729 1657 3002 1709 perennem
3058 1641 3306 1709 gloriam.
3370 1638 3522 1703 Hoc,

1942 1734 2184 1796 inquam,
2219 1741 2420 1786 nostra?
2443 1732 2554 1799 jam
2585 1731 2870 1784 illustrata:
2895 1731 3178 1785 sententiae
3203 1745 3307 1783 non
3335 1728 3522 1792 olIicit,

1939 1826 2184 1892 quamvis
2221 1825 2307 1878 hic
2340 1823 2491 1877 locus
2517 1823 2759 1892 objcclus
2801 1823 2930 1875 mihi
2963 1822 3034 1876 sit
3065 1823 3117 1875 in
3146 1822 3372 1891 cpistola
3408 1821 3522 1890 pri-

1940 1926 2062 1967 vata
2107 1915 2174 1968 ab
2206 1915 2422 1967 homine
2454 1912 2768 1967 doctissimo
2811 1912 3100 1967 Soeietatis
3141 1923 3361 1978 nostrae,
3397 1928 3520 1966 cum

1937 2007 2004 2060 de
2054 2008 2152 2060 hac
2190 2021 2247 2059 re
2293 2021 2388 2075 per
2437 2005 2647 2059 litteras
2695 2005 3135 2072 disputaremus;
3178 2004 3265 2057 cui
3315 2005 3525 2056 videtur

1941 2098 2187 2152 Balsatno
2221 2099 2284 2151 de
2319 2096 2681 2166 Metaphrasle
2717 2107 2772 2148 ιιι
2806 2105 3011 2163 nupero
3059 2096 3323 2164 scriptore
3355 2095 3520 2162 loqui.

1939 2193 2169 2260 Scripsit
2199 2202 2376 2246 autem
2408 2190 2654 2244 Balsamo
2675 2190 2762 2242 ille
2789 2189 3169 2243 schismaticus
3190 2197 3243 2240 et
3268 2186 3525 2242 Romana:

1937 2285 2029 2339 inf.
2054 2302 2178 2341 usus
2211 2287 2468 2339 Ecclesia}
2507 2284 2721 2354 Gcorg'i
2770 2283 3030 2352 Xiphilini
3068 2283 3388 2350 patriarchae
3414 2283 3518 2336 (ΣΡ.

1939 2387 2207 2446 tempore,
2259 2379 2342 2430 eui
2393 2379 2659 2442 dedicavit
2689 2392 2825 2446 Opus
2872 2391 3048 2440 suum,
3086 2375 3176 2444 qui
3215 2374 3520 2444 Xiphilinus

1937 2483 2079 2521 anno
2137 2467 2266 2522 1191
2319 2469 2508 2522 sedere
2562 2468 2725 2534 cmpit
2768 2484 2782 2520 :
2823 2466 2909 2518 illa
2955 2466 3098 2518 enim
3149 2464 3336 2528 verba,
3389 2465 3519 2534 quid

1935 2561 2114 2613 obstat
2140 2561 2428 2628 quominus
2473 2561 2538 2614 de
2583 2559 2971 2630 Melapitraste,
3006 2559 3217 2614 etiamsi
3266 2560 3522 2614 trecentis

1938 2653 2059 2720 plus
2105 2664 2230 2705 ante
2277 2653 2435 2706 annis
2483 2653 2699 2716 vixerit,
2758 2652 3156 2722 intelligamus?
3195 2650 3332 2717 Quid
3377 2653 3518 2705 enim

1937 2744 2079 2795 aliud
2136 2744 2366 2796 intendit
2422 2743 2669 2797 BaISamo
2698 2758 2857 2813 quam
2894 2759 3031 2814 opus
3063 2743 3209 2796 illius
3247 2757 3520 2796 commen-

1936 2834 2088 2896 dare,
2138 2835 2228 2903 qui
2281 2844 2594 2889 sanctorum
2633 2844 2749 2890 acta
2798 2850 2826 2888 a
2871 2834 3066 2890 fabulis
3117 2836 3182 2889 ad
3238 2836 3517 2888 veritatem

1939 2925 2216 2979 traduxit?
2267 2927 2430 2995 hujus
2480 2939 2656 2981 autem
2710 2928 2786 2982 rei
2841 2930 3224 2995 sempiternam
3287 2940 3407 2980 esse
3463 2936 3520 2981 et

1929 3029 2170 3079 manere,
2209 3015 2405 3068 nedum
2435 3025 2555 3083 post
2591 3025 2865 3070 trecentos
2891 3028 3059 3069 annos
3087 3014 3312 3084 gratiam
3346 3013 3514 3067 Meta-

1929 3108 2165 3174 pltrastae
2199 3109 2395 3176 perire,
2430 3104 2512 3160 las
2541 3118 2643 3161 est.

1929 3243 1958 3315 ᾗ
2005 3244 2090 3299 VI.
2117 3275 2184 3284 —
2217 3239 2530 3315 Explicatur
2563 3241 2838 3315 inscriptio
2871 3240 3103 3294 ltomiliw
3140 3238 3294 3294 dictae
3329 3238 3516 3293 Domi-

2421 3313 2543 3363 nica
2570 3313 2654 3364 die
2685 3310 3022 3364 Palmarum.

1939 3426 2165 3496 Ἐλέχθη
2199 3426 2254 3479 δὲ
2286 3423 2519 3477 ἐνώπιον
2547 3423 2640 3476 τοῦ
2671 3424 2838 3496 ρηγος
2869 3421 3076 3496 βΡέγου
3111 3421 3518 3496 (a),_et_conﬁr-_

1998 3490 2174 3618 metu;
2204 3496 2370 3564 magis
2399 3496 2540 3547 dicta
2567 3490 2824 3546 sententia
2844 3493 2906 3546 de
2935 3491 3259 3560 Theophanis
3278 3490 3516 3547 ϐοτανιιεὶ

1998 3582 2130 3620 swcn
2162 3583 2211 3620 0.

1999 3685 2099 3738 Tot
2143 3684 2460 3748 luminibus,
2494 3699 2612 3751 qua:
2655 3683 2720 3736 ad
2759 3681 3153 3738 ostendendum
3193 3694 3302 3748 quo
3329 3676 3512 3732 Theo-

1927 3779 2131 3846 phanes
2156 3792 2271 3830 aavo
2299 3774 2602 3843 scripserit,
2637 3773 2913 3842 all‘nlgent,
2948 3771 3100 3824 nobis
3131 3785 3268 3824 unus
3301 3769 3514 3822 videtur

1925 3871 2209 3923 obstruere
2260 3867 2462 3935 paries,
2501 3873 2554 3920 et
2585 3865 2742 3919 oculo
2777 3865 2954 3916 minus
2986 3863 3051 3915 ad
3081 3861 3512 3930 perspiciendum

1925 3972 2084 4016 acuto
2115 3941 2393 4013 obtundere
2439 3958 2711 4012 tenebras.
2747 3953 2849 4009 Ubi
2891 3954 3036 4009 enim
3081 3953 3132 4006 iu
3175 3950 3394 4005 homilia
3438 3950 3515 4004 De

1927 4055 2086 4106 ramis
2118 4051 2430 4105 Palmarum
2459 4048 2666 4119 (hontil.
2695 4051 2844 4117 xxvi)
2871 4045 3135 4114 adjectum
3156 4045 3298 4096 illam
3329 4043 3516 4112 legerit

1925 4154 2131 4207 notam,
2170 4142 2324 4194 Dicta
2363 4157 2480 4194 vero
2517 4151 2592 4194 est
2626 4155 2803 4192 coram
2856 4155 2971 4208 rege
3008 4137 3152 4207 Iiogo
3196 4136 3296 4208 (sic
3327 4135 3514 4191 Graeca

1928 4235 1980 4288 in
2018 4232 2372 4300 inscriptione
2415 4230 2691 4300 prmmissa
2738 4241 2959 4294 sonant,
3000 4240 3059 4283 ut
3091 4229 3256 4282 semel
3288 4229 3512 4298 dicam),

1926 4323 2142 4392 Rogcrii
2181 4323 2323 4392 regis
2364 4330 2625 4390 tempore,
2665 4320 2755 4390 qui
2789 4336 2818 4372 e
2851 4317 3240 4373 Northmannis
3284 4320 3511 4388 primus,

1927 4415 2154 4472 devictis
2214 4414 2488 4483 pulsisque
2529 4411 2892 4477 Sarracenis,
2950 4412 3001 4465 in
3058 4411 3243 4466 Sicilia
3302 4412 3508 4478 regium

1927 4522 2120 4562 nomen
2185 4514 2240 4560 et
2289 4521 2544 4559 coronam
2600 4505 2699 4558 sibi
2762 4504 3054 4572 imposuit,
3109 4493 3307 4556 dictam
3365 4503 3508 4555 illaut

1925 4598 2291 4661 existimabit,
2343 4605 2395 4650 et
2439 4611 2536 4665 pro
2588 4593 2873 4663 Ῥογερίου
2913 4593 3216 4662 compendii
3277 4608 3440 4646 causa
3482 4609 3509 4644 a

1925 4692 2189 4758 scriptore
2248 4688 2530 4757 positum,
2580 4685 2797 4752 Ῥόγον.
2860 4683 2927 4737 Ει
2973 4682 3202 4751 ingenue
3261 4681 3510 4750 equidem

1927 4781 2124 4846 lateor,
2185 4780 2330 4853 illam
2388 4777 2794 4846 inscriptionem
2852 4775 2985 4828 inihi
3049 4788 3301 4842 magnum
3359 4771 3513 4826 initio

1931 4873 2143 4928 dedisse
2194 4873 2504 4941 negotium;
2553 4879 2606 4924 et
2648 4869 2711 4922 de
2753 4867 3102 4936 Theophanis
3143 4865 3340 4919 saeculo
3373 4879 3510 4932 pra:-

1926 4976 2139 5035 ceptam
2205 4965 2518 5035 opinionem
2591 4977 2696 5016 non
2759 4959 3028 5014 exeruisse
3097 4959 3346 5027 quidem,
3419 4958 3512 5011 sed

1936 5059 2337 5121 inobsettrasse,
2377 5055 2632 5124 auxitque
2663 5053 2801 5107 hanc
2837 5050 3231 5106 dubitationem
3274 5049 3510 5103 auctori-

1935 5161 2014 5204 tas
2061 5149 2121 5202 P.
2173 5148 2361 5203 Jacobi
2411 5147 2718 5212 Sirmundi,
2767 5143 3071 5198 eruditione
3111 5143 3340 5213 insignis
3386 5142 3510 5204 viri,

1929 5245 2018 5313 qui
2052 5241 2349 5298 sciscitanti
2391 5240 2521 5295 mihi
2567 5255 2662 5310 per
2695 5237 2977 5307 epistolam
3030 5235 3306 5305 respondit
3351 5235 3422 5288 ita
3455 5249 3513 5288 se

1937 5335 2115 5402 legere
2161 5342 2214 5386 et
2243 5331 2465 5387 omnino
2502 5326 2812 5383 verosimile
2843 5325 3012 5380 videri
3055 5325 3374 5380 Cerameum
3405 5323 3512 5376 Ro-

1928 5444 2009 5497 get
2026 5426 2063 5480 ii
2107 5433 2350 5494 tempore
2393 5422 2658 5478 ﬂoruisse.
2705 5419 2811 5474 Sed
2859 5417 3000 5473 enim
3043 5418 3256 5472 tandem
3296 5430 3354 5470 re
3383 5429 3514 5468 exa-

1935 5519 2100 5585 gitata
2134 5519 2221 5572 diu
2267 5517 2616 5584 studioseque
2644 5513 2910 5576 discussa,
2952 5510 3138 5565 clavus
3175 5509 3263 5563 hic
3290 5508 3378 5576 qui
3416 5506 3508 5560 ditt

1929 5612 2135 5665 inﬁxus
2164 5609 2340 5675 laesit,
2370 5617 2422 5662 et
2447 5609 2576 5661 mihi
2608 5617 2660 5662 et
2688 5605 2749 5661 P.
2781 5605 2855 5660 Si:
2875 5605 3074 5662 mundo
3106 5618 3200 5673 per
3221 5609 3511 5670 sequentes

800 5758 955 5812 q;_:e_m
984 5744 1039 5793 P.
1066 5746 1284 5812 ﬁent-sus
1324 5760 1421 5796 non
1450 5746 1566 5812 vidit
1594 5763 1606 5796 :
1637 5748 1824 5812 {omne

1960 5750 2046 5806 τὴν
2091 5747 2375 5812 Βαῖοφὸρον.
2401 5748 2602 5809 Ἐ>.έχοη
2646 5747 2694 5795 ἐν
2723 5753 2779 5810 τῇ
2822 5743 3138 5809 ΠᾹΝΟΡΜῼ
3166 5744 3229 5796 εἰς
3252 5741 3338 5797 τήν
3362 5741 3504 5799 λιτὴν

225 5807 458 5872 napo-acu:
483 5812 568 5860 τοῦ
594 5814 751 5873 ὀηγὸς.
793 5807 870 5860 (Lf.
897 5807 1039 5856 Joau.
1065 5808 1278 5862 Yriarte.
1313 5822 1458 5869 supra
1487 5811 1581 5858 col.
1608 5811 1684 5859 50.
1704 5807 1846 5862 Ἐυιτ.
1877 5814 2029 5861 Pun.

1794 5901 1802 5934 't
