4122 6414
638 374 710 439 99
1647 332 2050 429 FRANCISC'I
2092 368 2358 431 sconsr
2398 366 2841 431 PROCEMIUM
2878 368 2955 429 Π.

639 485 906 559 epistolas
933 483 1042 540 alio
1069 491 1328 540 extrusus
1362 489 1447 536 est
1479 481 1672 547 clavo;
1704 479 1798 534 sed
1823 479 1936 550 jam
1963 494 2074 533 rem
2102 494 2230 549 pro-

638 583 761 652 pius
816 578 1200 650 disquiramus.
1254 574 1544 630 Enimvero
1593 574 1639 629 si
1695 589 1800 628 non
1869 573 2060 641 Ῥόγου
2093 610 2110 637 ,
2176 580 2234 626 ut

642 681 822 730 exstat
884 672 941 727 in
1006 669 1281 740 plerisque
1351 681 1483 722 mss.
1564 665 2062 728 bibliothecarum,
2138 664 2233 718 sed

652 763 934 833 Ῥογερίου
985 761 1258 830 integrum
1305 774 1503 814 nomen
1550 758 1924 828 prazscriptum
1968 765 2113 812 esset
2138 757 2235 811 Ito-

645 855 829 921 miliae,
866 868 975 909 non
996 852 1182 908 statim
1211 866 1241 906 e
1263 851 1532 907 sententia
1554 849 1842 920 dejicerer,
1869 849 1963 904 sed
1988 862 2231 903 errorem

639 948 869 1018 alicujus
910 944 1230 1016 posterioris
1264 943 1367 997 aevi
1400 942 1615 997 librarii
1652 957 1959 1007 censerem,
1992 940 2086 1011 qui
2112 955 2231 995 eum

638 1042 847 1096 videret
868 1040 927 1093 in
959 1037 1228 1108 prooemio
1256 1035 1491 1090 homilize
1525 1034 1853 1090 mentionem
1874 1032 1992 1089 fieri
2015 1032 2109 1087 τοῦ
2132 1032 2233 1103 βα-

641 1133 839 1196 σιλέως
878 1141 932 1187 et
978 1139 1260 1186 auctorem
1312 1130 1369 1183 in
1417 1128 1605 1182 Sicilia
1649 1141 1932 1183 sermones
1974 1127 2235 1183 habuisse

534 1268 543 1275 ι
639 1227 830 1290 sciret,
871 1239 983 1279 non
1024 1221 1192 1277 alium
1234 1236 1398 1292 quam
1436 1220 1731 1292 Rogerium
1782 1234 1904 1276 esse
1938 1220 2091 1275 illum
2140 1219 2235 1273 τὸν

642 1317 899 1390 βασιλέα,
960 1331 1132 1387 regem
1194 1313 1357 1369 facile
1412 1315 1592 1384 potuit
1656 1313 1911 1383 opinari;
1964 1323 2018 1368 et
2069 1312 2234 1368 sicuti

646 1409 891 1466 assolent
928 1407 1098 1462 facile
1136 1407 1518 1476 pronuntiare,
1564 1409 1656 1476 qui
1692 1421 1865 1476 pauca
1906 1405 2232 1475 respiciunt,

642 1503 696 1558 id
730 1514 989 1571 tanquam
1033 1510 1247 1556 certum
1273 1500 1575 1554 ascribere.
1603 1500 1721 1566 Qua
1763 1500 1975 1555 ratione
2015 1514 2231 1569 possem

643 1596 792 1651 illam
848 1592 1263 1664 inscriptionem
1316 1594 1393 1647 uti
1443 1594 1685 1662 spuriam
1725 1600 1780 1647 et
1828 1591 2231 1663 supposititiam

644 1689 876 1759 rejicere
925 1703 989 1743 ac
1035 1683 1434 1757 parvipendere
1466 1704 1482 1741 :
1525 1685 1833 1757 praesertim
1866 1701 1988 1741 cum
2028 1699 2137 1739 non
2177 1684 2232 1738 in

641 1781 900 1836 omnibus
955 1782 1182 1835 omnino
1216 1780 1498 1835 codicibus
1559 1794 1694 1834 mss.
1747 1778 1981 1849 legatur,
2039 1776 2134 1831 sed
2192 1791 2221 1829 a

642 1873 860 1928 duobus
892 1870 1193 1926 Gallicanis
1238 1870 1404 1935 absit,
1436 1869 1514 1924 uti
1558 1869 1781 1938 scripsit
1824 1869 1891 1923 ad
1929 1883 2015 1923 me
2050 1868 2109 1922 P.
2141 1864 2234 1922 Ja-

640 1964 813 2019 cobus
855 1961 1186 2018 Sirmundus
1229 1961 1300 2017 de
1344 1977 1454 2031 quo
1500 1962 1664 2031 paulo
1696 1977 1863 2031 supra
1895 1962 2231 2017 mentionem

645 2057 767 2110 feci.
802 2055 909 2110 Sed
935 2056 1235 2126 recipiatur
1256 2070 1391 2110 sane
1418 2062 1477 2108 ut
1500 2054 1750 2124 antiqua,
1787 2054 2233 2123 quandoquidem

649 2152 702 2201 iu
739 2150 993 2217 plurimis
1020 2164 1179 2216 mss.,
1218 2148 1504 2203 Vaticanis
1527 2148 1766 2212 duobus,
1796 2146 2081 2203 Gallicano
2104 2162 2232 2214 uno,

642 2242 918 2298 Escuriali
961 2256 1070 2297 uno
1115 2258 1131 2295 :
1180 2250 1235 2297 et
1299 2241 1458 2297 ﬁdem
1503 2241 1745 2297 debitam
1798 2257 1935 2298 mss.
1969 2242 2132 2294 etiam
2178 2241 2235 2295 in

642 2335 859 2400 caeteris
890 2333 1055 2392 rebus
1092 2333 1281 2389 haberi
1307 2333 1524 2404 postulo
1562 2351 1577 2388 :
1612 2334 1707 2388 sed
1730 2333 1804 2387 ita
1832 2333 2127 2399 recipiatur
2158 2333 2235 2387 uti

644 2425 853 2495 scripta
894 2436 999 2491 est,
1032 2414 1037 2419 ’
1065 2426 1255 2495 Ῥόγου
1306 2442 1413 2481 non
1464 2425 1769 2495 Ῥογερὶου.
1804 2424 2023 2492 Quanto
2053 2433 2232 2479 autem

644 2517 829 2573 minus
863 2517 1079 2582 valebit,
1130 2525 1190 2571 ut
1238 2531 1327 2573 me
1358 2517 1424 2572 de
1458 2518 1730 2573 sententia
1778 2517 2032 2573 deturbet
2057 2515 2235 2588 Rogus

644 2608 737 2663 ille
770 2624 866 2663 rex
908 2609 1205 2674 barbarus,
1254 2618 1309 2664 et
1361 2624 1590 2679 prorsus
1626 2610 1963 2679 incognitus,
2013 2625 2116 2665 nec
2166 2611 2234 2666 ab

648 2699 763 2753 ullo
820 2700 1152 2768 scriptorum
1206 2698 1461 2765 traditus,
1515 2712 1638 2753 cum
1681 2714 1751 2753 ne
1788 2697 2056 2767 Rogerius
2095 2697 2233 2767 ipse,

648 2791 733 2844 uti
756 2789 891 2857 dixi,
924 2790 1151 2855 valeret,
1182 2791 1482 2857 praesertim
1520 2805 1645 2845 cum
1677 2788 1830 2844 nulla
1872 2788 2075 2844 alicubi
2117 2802 2236 2843 cer-

644 2893 806 2937 natur
853 2884 1068 2953 adjecta
1103 2883 1302 2939 lineola
1329 2898 1450 2953 qua:
1487 2884 1873 2954 compendium
1906 2882 1989 2938 vel
2036 2881 2232 2937 cil'ram

645 2975 825 3042 signet
872 2987 1017 3037 esse,
1067 2973 1149 3028 sic
1210 2973 1398 3043 Ῥόγου
1456 2988 1554 3044 pro
1604 2973 1911 3046 Ῥογερίου.
1967 2972 2091 3043 δρᾶ,
2116 2972 2232 3043 jam

645 3064 795 3119 illam
863 3064 1234 3122 convellamus
1292 3081 1322 3120 a
1383 3064 1761 3122 fundamentis
1827 3073 1884 3122 et
1948 3065 2233 3121 machinas

646 3156 1060 3212 admoveamus.
1119 3156 1366 3213 Primum
1438 3166 1826 3229 argumentum
1889 3165 1973 3213 est
2013 3156 2236 3212 ratioci-

647 3247 800 3303 natio
861 3248 1193 3319 paragrapbi
1249 3249 1594 3321 superioris,
1651 3264 1773 3320 quae
1821 3247 1959 3306 satis
2021 3248 2237 3305 videtur

644 3340 925 3397 evidenter
988 3342 1324 3398 concludere
1392 3341 1785 3415 Theophanem
1845 3356 1993 3398 nono
2062 3355 2235 3411 eoque

644 3431 882 3489 obscuro
914 3434 1116 3489 vixisse
1139 3434 1339 3491 saeculo
1373 3436 1475 3491 sub
1509 3436 1712 3493 Basilio
1734 3446 1789 3491 et
1813 3435 1996 3491 Leone
2024 3435 2232 3505 impp.;

646 3526 944 3580 secundum
999 3535 1085 3581 est
1134 3524 1251 3595 ipsa
1293 3528 1695 3600 archiepiscopi
1759 3527 2108 3584 Tauromeuii
2153 3526 2239 3580 di-

644 3614 845 3685 gnitas,
898 3628 1006 3685 qua
1043 3626 1165 3670 erat
1211 3626 1442 3671 ornatus
1493 3630 1688 3673 auctor
1743 3618 1852 3685 hic,
1925 3631 1980 3673 et
2040 3628 2245 3677 auctor,

646 3722 988 3764 sermonum.
1040 3723 1147 3777 quo
1180 3717 1424 3779 tempore
1470 3723 1567 3765 eos
1613 3713 1677 3764 ad
1715 3711 1972 3779 populum
1996 3720 2048 3766 et
2080 3711 2234 3781 prin-

645 3801 820 3870 cipem
868 3799 1127 3856 habebat.
1190 3799 1292 3856 Ubi
1335 3816 1465 3858 vero
1522 3801 1737 3874 Roget-ii
1787 3804 1930 3875 regis
1994 3814 2237 3875 tempore

645 3890 1175 3947 Tauromenitanum
1233 3892 1554 3964 episcopum
1612 3894 1882 3962 floruisse,
1923 3896 2008 3951 vel
2066 3898 2232 3951 etiam

646 3984 818 4039 fuisse
868 4000 922 4039 tn
978 3984 1164 4040 Sicilia
1198 3986 1320 4056 quis
1359 3987 1579 4052 dixerit,
1610 3988 1695 4042 vel
1733 3989 1952 4053 lectum,
1987 3990 2071 4044 vel
2125 3998 2241 4045 tra-

648 4076 843 4143 ditum,
892 4078 1054 4133 modo
1096 4079 1447 4133 historiarum
1495 4080 1750 4148 lectione,
1817 4097 1882 4137 ac
1928 4083 2234 4152 praésertim

648 4168 1020 4224 Siciliensiqu
1075 4185 1260 4225 rerum
1332 4172 1609 4241 paululum
1654 4173 1727 4229 sit
1783 4174 2065 4229 imbutus?
2112 4175 2235 4232 lina

646 4261 721 4316 sit
768 4261 902 4315 satis
959 4261 1026 4317 ad
1077 4278 1201 4316 eum
1262 4264 1572 4332 negandum
1626 4269 1930 4322 auctoritas
1988 4268 2235 4325 (Eanfridi

647 4353 952 4408 Malaterrae
999 4356 1275 4422 monachi,
1330 4357 1532 4413 oculati
1576 4359 1731 4414 testis
1779 4375 1968 4415 eorum
2023 4376 2142 4431 quae
2177 4362 2236 4417 in

648 4444 837 4498 Sicilia
899 4462 926 4497 a
953 4444 1347 4503 Northmauuis
1402 4456 1553 4518 gesta
1591 4460 1740 4519 sunt,
1779 4451 1983 4522 quique
2015 4452 2236 4509 Mathil-

646 4537 753 4605 dis,
806 4536 1025 4608 Rogerii
1083 4540 1310 4604 sororis,
1345 4541 1498 4608 jussu
1533 4557 1718 4599 earum
1778 4545 2021 4601 confecit
2066 4547 2239 4602 histo-

645 4631 811 4698 riam,
868 4645 989 4700 qua:
1035 4640 1233 4701 exstat,
1292 4635 1412 4689 rudi
1466 4636 1808 4706 barbaroque
1848 4638 1992 4707 stylo
2039 4652 2232 4694 eorum

648 4721 806 4792 plane
871 4732 1177 4792 temporum
1253 4728 1478 4796 scripta,
1534 4737 1593 4781 et
1654 4730 1917 4800 impressa
1978 4740 2111 4789 tom.
2164 4730 2237 4787 lll

650 4813 923 4881 Hispania
964 4816 1252 4872 illustralw
1288 4816 1567 4887 (aL-Dux,
1605 4821 1800 4891 inquit,
1827 4820 2086 4877 Robertus
2144 4842 2235 4880 co-

648 4922 855 4976 mesque
911 4905 1171 4978 Rogerius
1229 4910 1406 4973 adepti
1454 4910 1780 4967 Panarmum
1800 4914 2072 4969 ecclesiam
2096 4933 2228 4973 san-

646 4996 896 5050 ctissimte
946 4997 1043 5050 Dei
1093 4996 1377 5053 Genitrieis
1405 4998 1617 5066 Mariae,
1654 5018 1772 5073 qua:
1818 5006 2112 5074 antiquitus
2147 5024 2237 5060 ar-

646 5087 1064 5157 chiepiscopatus
1090 5087 1288 5158 fuerat,
1340 5094 1431 5143 sed
1456 5101 1580 5144 tunc
1609 5093 1673 5144 ab
1707 5093 1884 5161 impiis
1913 5091 2232 5151 Sarracenis

658 5180 854 5235 t’iolata
918 5181 1168 5250 templum
1218 5184 1612 5253 superstitionis
1657 5201 1840 5240 eorum
1898 5186 2047 5256 facta
2098 5200 2235 5255 erat,

650 5286 772 5325 cum
827 5285 1021 5339 magna
1054 5271 1327 5327 devotione
1380 5276 1782 5330 reconciliatam
1816 5279 1936 5331 dote
1973 5288 2024 5332 et
2073 5296 2241 5337 orna-

649 5369 841 5424 mentis
887 5370 1263 5426 ecclesiasticis
1299 5382 1518 5443 augent.
1564 5374 2018 5445 Archiepiscapus,
2040 5379 2131 5449 qui
2172 5378 2236 5432 ab

648 5460 823 5531 impiis
890 5462 1123 5532 dejectus
1155 5464 1210 5517 in
1264 5480 1497 5535 paupere
1544 5466 1765 5521 ecclesia
1811 5468 2003 5523 Sancti
2031 5469 2240 5540 Cyriaci

654 5553 891 5607 anamris
923 5553 1165 5620 timidus,
1206 5557 1418 5611 natione
1437 5552 1673 5622 Crwcus,
1693 5560 1894 5613 cultum
1914 5558 2237 5616 Christiania

658 5645 924 5713 religionis
981 5663 1079 5718 pro
1131 5666 1283 5719 posse
1306 5654 1713 5722 exsequebatur,
1743 5665 2042 5709 revocantes
2080 5656 2237 5709 resti-

3811 364 3914 428 100

2336 490 2513 537 tuunt.
2549 479 2674 535 llaac
2704 478 3014 533 Maluterra.
3068 476 3168 544 Qui
3209 490 3343 531 sane
3387 490 3510 531 cum
3550 486 3655 531 tam
3691 476 3916 549 diligcu

2338 580 2439 634 ter,
2475 584 2663 623 eorum
2693 581 2994 637 temporum
3025 566 3165 622 facta
3196 568 3494 629 describat,
3544 568 3588 622 si
3626 568 3749 636 quis
3774 568 3914 623 alius

2294 734 2301 740 .
2334 662 2404 715 ab
2450 661 2538 715 illa
2591 662 2749 716 clade
2781 660 3067 714 incolumis
3106 657 3373 715 evasisset
3395 660 3707 729 episcopus,
3728 658 3913 713 dicere

2333 763 2483 808 certe
2534 768 2643 807 non
2696 751 3013 816 omisisset;
3063 750 3400 803 meminisset
3434 750 3599 803 etiam
3636 747 3916 815 ejusTho«

2336 861 2455 901 mas
2493 844 2763 909 Fazellus,
2809 844 3081 899 studiosus
3132 843 3367 911 scriptor
3435 856 3615 895 rerum
3661 840 3916 896 Sicilieno

2334 940 2521 994 sium:
2579 938 2710 1008 quin
2787 938 2953 992 etiam
2985 935 3140 990 Dom.
3203 933 3456 989 Rocchus
3512 931 3724 997 Pirros,
3764 932 3921 1017 cujus

2335 1032 2437 1086 hoc
2477 1030 2651 1100 ipsum
2706 1030 2808 1083 fuit
2853 1028 3162 1085 inStitutum
3208 1026 3543 1097 perscrutari
3574 1034 3627 1081 et
3658 1025 3710 1079 in
3741 1025 3912 1079 lucem

2334 1121 2566 1193 prodere
2623 1121 2873 1175 notitiam
2906 1120 3283 1190 episcOporum
3312 1119 3556 1173 omnium
3590 1126 3918 1185 temporum,

2334 1215 2627 1284 omnisque
2679 1213 2900 1280 Siciliae,
2961 1213 3010 1268 si
3073 1212 3292 1282 aliquod
3345 1212 3412 1266 de
3452 1210 3917 1267 Tauromenitauo

2334 1308 2592 1378 episcopo
2625 1308 2691 1363 ad
2749 1308 2968 1379 Rogerii
3017 1309 3159 1378 regis
3210 1316 3454 1377 tempora
3490 1305 3787 1376 superstite
3815 1306 3918 1360 ali-

2334 1401 2462 1457 cubi
2520 1394 2781 1471 scriptum
2834 1414 2957 1455 esse
3020 1399 3335 1469 reperisset,
3371 1397 3703 1468 evulgasset.
3746 1396 3915 1466 Cujus

2335 1511 2434 1568 ego
2498 1510 2619 1550 cum
2655 1494 2982 1551 sententiam
3021 1492 3087 1549 de
3135 1494 3236 1547 hac
3269 1508 3348 1556 re,
3382 1501 3578 1561 praeter
3608 1505 3727 1546 eam
3754 1504 3919 1558 quam

2334 1590 2401 1644 de
2447 1587 2653 1658 scripto
2716 1585 3036 1658 protulerat,
3082 1585 3204 1639 viva
3256 1599 3387 1638 voce
3441 1597 3741 1654 rogassem,
3769 1596 3917 1635 som-

2336 1679 2491 1732 niare
2558 1690 2679 1730 esse
2737 1675 3038 1745 respondit,
3112 1676 3216 1729 hoc
3283 1673 3518 1743 opinari.
3589 1673 3661 1725 At
3718 1671 3921 1727 dixerit

2334 1772 2529 1843 aliquis
2555 1788 2568 1824 :
2593 1770 2647 1825 Si
2679 1778 2959 1841 superstes
2987 1782 3090 1822 non
3125 1766 3228 1822 fuit
3255 1767 3544 1837 episcopus
3571 1763 3920 1819 Tauromeuii

2335 1868 2401 1922 ad
2448 1876 2719 1935 receptam
2779 1882 2810 1920 a
2866 1865 3155 1920 Saracenis
3220 1862 3491 1926 Siciliam,
3549 1860 3915 1929 rcdiutegrari

2335 1964 2485 2012 certe
2524 1955 2699 2026 potuit
2742 1963 2802 2010 ut
2846 1953 3027 2009 caeleri
3085 1954 3152 2006 ab
3179 1952 3294 2022 ipso
3325 1950 3559 2021 Rogerio
3593 1948 3793 2003 comite
3818 1958 3915 2001 aut

2336 2065 2503 2121 rege:
2560 2059 2619 2123 et
2673 2050 2776 2104 hoc
2822 2063 3007 2118 quaero
3062 2047 3204 2101 unde
3266 2044 3518 2099 habeant.
3581 2041 3717 2097 Nam
3771 2056 3912 2112 quas

2336 2145 2713 2212 episcoporum
2768 2141 2926 2196 sedes
2992 2139 3075 2193 vel
3113 2137 3450 2193 restituerint
3485 2136 3568 2191 vel
3622 2136 3920 2190 constitue-

2338 2235 2448 2288 rint
2496 2234 2767 2289 llobertus
2806 2233 2936 2297 dux,
2998 2247 3059 2286 ac
3127 2229 3393 2301 Rogerius
3454 2244 3638 2284 comes
3688 2237 3744 2283 et
3800 2244 3918 2295 rex,

2337 2325 2610 2394 proditum
2662 2325 2891 2395 legimus
2932 2324 3000 2379 ab
3071 2324 3188 2394 ipso
3246 2322 3531 2385 Gaufrido,
3592 2321 3917 2388 Maurolico,

2336 2417 2570 2475 Fazellio
2612 2429 2667 2473 et
2699 2419 2820 2474 aliis
2860 2418 3225 2489 scriptoribus
3279 2435 3293 2473 :
3362 2432 3486 2471 nam
3518 2415 3921 2471 Panormitanae

2337 2512 2596 2569 Ecclesiae
2621 2529 2648 2566 a
2674 2511 3065 2567 Northmannis
3102 2509 3366 2564 fratribus
3386 2508 3735 2563 Nicodeurum
3758 2524 3918 2564 suum

2338 2608 2443 2678 (sic
2472 2608 2614 2661 enim
2659 2607 2992 2676 appellatum
3034 2606 3265 2673 legimus
3290 2619 3413 2659 eum
3448 2603 3918 2673 archiepiscopum

2339 2699 2407 2754 de
2463 2713 2571 2768 quo
2606 2712 2772 2767 supra
2809 2696 3105 2752 Gaufridus
3172 2711 3281 2751 non
3327 2710 3590 2765 expresso
3660 2696 3918 2765 nomine)

2341 2807 2535 2861 magna
2605 2806 2728 2845 cum
2785 2788 2965 2859 populi
3024 2787 3388 2859 gratulatione
3441 2787 3794 2842 restitutum:
3858 2791 3923 2843 ab

2340 2884 2458 2955 ipso
2489 2896 2619 2937 vero
2671 2876 2905 2952 Rogerio
2954 2881 3153 2935 comite
3189 2879 3494 2952 Iroynensi
3523 2875 3780 2935 Ecclesiae
3804 2879 3918 2935 Ro~

2340 2978 2556 3033 bertnm
2591 2974 2930 3045 praefectum,
2976 2989 3136 3042 quem
3186 2982 3308 3041 post
3357 2970 3642 3026 Menanam
3677 2979 3925 3028 transtuv

2342 3067 2450 3132 lit;
2512 3066 2882 3136 Agrigentinae
2935 3064 3261 3128 Gerardum,
3310 3078 3513 3133 genere
3566 3063 3921 3136 Allobrogen,

2338 3159 2662 3216 Mazarienzi
2760 3158 3121 3230 Stephanum,
3185 3155 3680 3228 Rotomagensem;
3758 3155 3922 3213 Cata-

2340 3253 2833 3323 nensiAugerium,
2872 3251 3233 3323 Syracusanae
3256 3249 3619 3321 Stephanum,
3653 3250 3924 3307 Melitensi

2339 3347 2683 3403 Gaufridum.
2749 3345 3006 3416 Reliquos
3060 3345 3285 3401 thronos
3322 3360 3353 3400 a
3411 3344 3762 3415 sequentibus
3836 3358 3925 3399 rc-

2340 3444 2497 3513 gibus
2539 3453 2751 3497 erectos
2796 3456 2918 3497 esse
2976 3440 3207 3502 scimus,
3238 3439 3706 3509 Cephaludensem
3739 3453 3767 3491 a
3818 3437 3927 3495 Ro-

2340 3536 2488 3605 gerio
2511 3550 2655 3605 rege,
2673 3533 2869 3589 Montis
2892 3533 3107 3604 Regalis
3129 3548 3158 3587 a
3191 3531 3466 3587 Willelmo
3497 3531 3561 3600 ll,
3606 3529 3926 3587 Pactensetn

2340 3628 2502 3683 etiam
2557 3626 2726 3681 multo
2787 3636 2927 3695 post,
2969 3625 3231 3681 Bonifacii
3296 3622 3409 3679 Vlll
3452 3634 3714 3692 tempore,
3763 3632 3930 3693 atque

2340 3722 2503 3776 etiam
2562 3719 2915 3788 Liparensem
2966 3727 3209 3773 creatos.
3240 3719 3417 3788 Atque
3446 3718 3501 3772 hi
3539 3716 3719 3771 throni
3753 3729 3928 3786 usque

2340 3814 2407 3866 ad
2475 3826 2714 3882 praesens
2784 3822 2997 3882 tempus
3053 3811 3107 3865 in
3156 3810 3341 3867 Sicilia
3396 3816 3638 3865 manent.
3688 3808 3834 3878 Ergo
3884 3808 3927 3861 si

2341 3903 2836 3960 Tauromenitanns
2865 3907 3198 3961 instauratus
3221 3920 3251 3959 a
3286 3901 3523 3975 Rogerio
3552 3916 3677 3970 rege
3702 3899 3926 3966 fuisset,

2340 3998 2394 4054 id
2453 3997 2652 4068 aliquis
2708 3998 2948 4068 scriptor
3000 3998 3282 4054 memoriae
3325 3996 3680 4067 prodidisset.
3745 3994 3839 4049 Vel
3880 3996 3928 4050 si

2340 4090 2464 4160 quis
2510 4091 2564 4146 id
2626 4091 2981 4159 pertinaciter
3037 4092 3354 4155 contendat,
3427 4088 3592 4144 debet
3638 4088 3929 4143 ostendere

2342 4198 2450 4251 quo
2496 4191 2758 4253 tempore,
2795 4198 2902 4252 qua
2946 4198 3131 4249 causa,
3164 4198 3272 4253 quo
3295 4196 3427 4237 casu
3463 4180 3753 4251 episcopus
3784 4180 3930 4233 Tau-

2341 4271 2569 4326 romeuii
2626 4288 2746 4329 esse
2780 4273 3048 4330 desierit:
3099 4273 3165 4329 de
3182 4287 3290 4345 quo
3326 4272 3528 4327 mirum
3567 4271 3710 4340 apud
3735 4284 3927 4325 omnes

2344 4362 2641 4420 silentium.
2698 4364 3000 4421 Fatendum
3059 4367 3227 4437 igitur
3283 4375 3387 4430 est,
3425 4381 3531 4419 una
3580 4378 3707 4419 cum
3765 4364 3931 4420 liber-

2346 4464 2453 4510 tate
2489 4466 2544 4511 et
2602 4456 2834 4527 imperio
2889 4457 2944 4512 in
3012 4457 3196 4512 Sicilia
3219 4456 3473 4512 orientali
3500 4455 3786 4518 cecidisse,
3824 4467 3924 4510 nec

2340 4560 2583 4619 unquam
2630 4558 2896 4604 erectum.
2966 4547 3120 4604 Unde
3181 4549 3302 4603 luce
3359 4548 3662 4602 meridiana
3723 4547 3926 4602 clarius

2339 4650 2425 4695 est
2490 4638 2875 4711 Theophanem
2923 4642 3390 4711 arehiepiseOpum
3460 4640 3561 4695 sub
3613 4639 3815 4695 Basilio
3875 4646 3930 4693 et

2340 4732 2521 4788 Leone
2564 4731 2929 4788 Tauromenio
2983 4744 3038 4790 et
3085 4743 3364 4804 postremo
3423 4734 3731 4803 proximum
3776 4747 3923 4803 prte-

2340 4830 2552 4899 fuisse;
2589 4841 2645 4887 et
2691 4832 3010 4903 perturbato
3062 4834 3289 4889 essinde
3328 4831 3531 4887 Siciliae
3586 4843 3729 4888 statu
3752 4833 3926 4887 nemi-

2341 4938 2466 4977 nem
2527 4931 2787 4994 praeterea
2807 4939 2983 4995 usque
3036 4926 3104 4980 ad
3144 4927 3259 4980 haec
3311 4936 3552 4994 tempora
3608 4925 3780 4981 fuisse
3808 4925 3927 4981 suf-

2339 5015 2565 5072 fectum.
2620 5017 2796 5090 l’ergo
2836 5022 2903 5074 ad
2959 5020 3177 5074 tertium
3229 5030 3637 5089 argumentum,
3666 5022 3926 5090 quamvis

2335 5105 2448 5175 jam
2492 5109 2654 5165 dictis
2716 5119 3006 5166 contentus
3032 5111 3211 5180 quivis
3252 5127 3374 5167 esse
3420 5121 3627 5182 posset.
3659 5111 3762 5179 Qui
3786 5127 3920 5167 cou-

2344 5202 2495 5255 veuit
2538 5200 2821 5270 inscriptio
2878 5202 2972 5256 τοῦ
3031 5202 3201 5276 pm;
3277 5206 3399 5258 cum
3446 5203 3514 5258 iis
3549 5218 3671 5273 quae
3731 5204 3784 5257 in
3813 5204 3927 5273 ipsa

2343 5292 2564 5348 ltomilia
2618 5293 2897 5363 dicuntur,
2980 5294 3035 5350 in
3094 5309 3197 5364 qua
3261 5294 3517 5366 βασιλεὺς
3572 5296 3926 5367 appellatur:

2340 5385 2494 5454 cujus
2547 5387 2854 5454 prwsentia,
2905 5402 3063 5457 quam
3115 5404 3277 5456 nunc,
3311 5389 3509 5459 inquit,
3545 5391 3703 5445 timeo
3734 5399 3784 5443 et
3803 5403 3934 5442 con-

2341 5478 2582 5561 tremisco
2640 5486 2832 5533 sudore
2873 5495 3140 5549 aspersus,
3207 5498 3396 5551 pavore
3438 5491 3746 5552 occupatus,
3791 5496 3931 5534 reve-

2341 5571 2515 5624 rentia
2574 5571 2841 5637 detentus,
2889 5584 3108 5642 pavente
3151 5576 3355 5639 anima,
3391 5586 3612 5631 nutante
3664 5584 3853 5636 mente,
3880 5581 3929 5626 et

2345 5660 2688 5719 subsultante
2724 5665 2904 5734 corde,
2929 5665 3218 5725 intercluso
3243 5669 3405 5725 etiam
3435 5669 3577 5725 vocis
3602 5683 3751 5735 sono,
3789 5664 3929 5736 quod

719 5825 795 5895 ψ)
827 5828 1135 5899 Patrologia:
1154 5831 1358 5907 Latina,
1381 5845 1500 5900 tom.
1523 5837 1731 5940 chlX.
1757 5839 1917 5895 Locus
1936 5839 2119 5898 citatus
2140 5847 2307 5895 exstat
2327 5848 2426 5901 col.
2451 5846 2590 5900 1152.
