4122 6432
264 339 352 404 101
1293 347 1655 407 FRANCISI
1695 347 1957 407 SCORSI
1999 351 2434 418 PROCEMIUM
2492 358 2578 419 II.

263 456 591 526 βασιλικαῖς
639 461 836 526 ἀκοαῖς
875 478 1167 518 sermonem
1218 462 1372 532 quasi
1423 461 1690 531 salsugine
1722 476 1872 513 ama-

263 567 375 602 rum
460 555 722 624 propino.
816 555 994 611 Tanta
1047 557 1191 610 enim
1267 555 1530 610 demissio
1587 563 1876 622 tantusque

264 653 483 701 tremor
517 648 768 704 dicentis
799 650 1215 720 archiepiscopi,
1258 647 1565 719 gravissimi
1602 647 1860 707 hominis,

264 754 371 791 non
407 739 522 795 nisi
559 742 630 795 ad
663 742 1074 811 imperatoriam
1100 741 1441 810 majestatem
1474 739 1700 793 excitari
1727 738 1876 793 Vide-

268 843 354 886 tur
385 847 576 901 posse.
626 834 732 889 Sed
761 844 878 889 esto
909 835 1010 889 hoc
1043 834 1208 904 etiam
1248 834 1420 903 possit
1451 831 1748 887 c0nvenire
1797 829 1876 898 τῷ

270 926 420 993 ﬁmi,
458 927 556 994 qni
597 927 797 995 poterit
819 928 991 981 cidem
1017 925 1287 996 βασιλέως
1321 924 1609 980 convenire
1639 923 1878 976 nomen?

269 1022 413 1074 Sane
436 1021 706 1090 βασιλεὺς
738 1022 1037 1091 appellatos
1062 1021 1234 1075 solum
1276 1021 1654 1088 imperatores,
1684 1016 1874 1069 saltent

268 1135 298 1171 a
348 1117 645 1172 Michaelis
697 1117 768 1172 lll
839 1119 1176 1186 temporibus
1235 1131 1407 1185 usque
1470 1115 1536 1167 ad
1579 1111 1871 1166 cont-ilium

275 1210 683 1276 Florentioum,
727 1212 989 1266 trecentis
1037 1210 1196 1264 annis
1233 1208 1598 1278 postllugerii
1629 1219 1872 1273 tempora

277 1302 638 1363 celebratum,
697 1304 907 1372 reperio
935 1304 986 1355 in
1043 1300 1352 1356 Gt‘tCCOI‘tltIt
1389 1302 1772 1363 monumentis,
1819 1299 1874 1351 in

274 1396 473 1460 quibus
517 1397 635 1448 haec
680 1394 940 1449 vocabula
1003 1394 1104 1464 ρὴξ
1161 1405 1214 1447 et
1250 1391 1504 1464 βασιλεύς
1565 1392 1584 1459 (
1623 1391 1875 1461 quamvis

272 1503 439 1538 unum
516 1487 738 1540 natione
797 1485 1070 1547 Graecum,
1131 1486 1360 1539 alterum
1417 1483 1697 1548 Latinum,
1775 1483 1873 1537 sed

271 1589 457 1631 tatnen
522 1577 665 1632 ﬂexu
708 1580 944 1655 quodam
988 1577 1178 1632 Graeco
1215 1578 1340 1646 jure
1389 1575 1671 1645 donatum)
1730 1575 1872 1645 Lego.

273 1671 411 1725 Nam
476 1689 626 1726 anno
702 1672 904 1728 Christi
965 1671 1116 1736 868,
1164 1670 1444 1726 Michaelis
1504 1669 1574 1724 lll
1630 1669 1743 1730 26.
1800 1669 1871 1722 ita

274 1766 342 1820 de
406 1765 628 1828 Photio,
666 1765 721 1819 in
761 1764 1041 1818 Nicolaum
1089 1768 1325 1836 primum
1358 1764 1670 1835 pontiﬁcem
1721 1777 1876 1817 acer-

276 1857 697 1923 bissimopdio
749 1861 1164 1925 exardesccnte,
1233 1857 1450 1911 Nicetas
1517 1857 1569 1909 in
1623 1853 1744 1908 Vita
1811 1853 1870 1908 S.

277 1951 476 2023 Ignalii
533 1952 859 2021 patriarcha:
912 1953 1144 2006 scribit:
1197 1949 1405 2021 Δώροις
1455 1950 1564 2020 γὰρ
1598 1950 1875 2021 λαμπροῖς

274 2046 360 2098 ὅτι
421 2043 668 2112 μάλιστα
730 2044 820 2097 τὸν
867 2044 1012 2114 ρἧσ.
1065 2043 1350 2113 Φραγγίας
1410 2043 1705 2113 Λοδόηχον,
1779 2046 1874 2098 καὶ

293 2136 639 2206 Ἦγιϐεργὰν
677 2135 733 2188 δὲ
769 2137 868 2206 τὴν
915 2134 1081 2188 αὐτοῦ
1111 2136 1362 2205 γαμετὴν
1414 2135 1873 2203 ὑποποιούμενος,

281 2228 533 2299 βασιλεῖς
576 2228 801 2293 τούτους
831 2232 1171 2298 ἁνευςρημεῖν
1213 2231 1270 2281 ὲν
1299 2231 1876 2284 Κωνσταντινουπὸλει

278 2321 663 2391 ἐπηγγέλλετο
697 2363 713 2386 ,
784 2322 902 2389 εἴγε
966 2324 1326 2393 συνεργήσειν
1377 2323 1524 2393 αὐτῷ
1583 2323 1718 2392 πρὸς
1779 2323 1877 2394 τὴν

276 2417 487 2469 ἄτοπον
547 2415 756 2486 ταύτην
809 2416 904 2469 καὶ
965 2416 1204 2487 ἄθεσμον
1249 2416 1570 2486 ἐπιθυμίαν,
1633 2416 1728 2469 καὶ
1787 2415 1876 2469 τὸν

277 2510 496 2563 ίίκαιον
545 2511 720 2580 ἄνδρα
775 2513 874 2577 τῆς
929 2510 1050 2563 κατ’
1081 2511 1246 2563 αὐτὸν
1289 2510 1621 2580 Ἐκκλησίας
1684 2509 1877 2580 βιαίως

275 2602 610 2674 ἐξωοήσειν.
674 2601 885 2672 Magnis
952 2605 1113 2656 etiam
1155 2603 1460 2656 muneribus
1512 2603 1772 2672 praecipue
1806 2619 1879 2655 re-

278 2713 392 2767 gem
442 2696 698 2750 Francia:
752 2695 1086 2750 Lodoecltum
1151 2697 1280 2767 (sic
1332 2695 1504 2751 ϐπ·ωεὶ
1553 2694 1876 2749 Ludovicum

279 2791 580 2858 appellant)
621 2798 670 2842 et
699 2788 1069 2858 Engilbergam
1107 2787 1224 2857 ejus
1265 2805 1478 2842 uxorem
1497 2789 1598 2842 sibi
1622 2789 1877 2857 propitios

279 2881 508 2934 reddens
531 2896 622 2932 eos
661 2881 1005 2942 imperatores
1063 2877 1309 2948 βασιλεῖς
1357 2879 1413 2931 in
1448 2879 1573 2931 urbe
1615 2875 1881 2932 Constan-

281 2972 510 3040 tinopoli
553 2989 610 3027 se
634 2973 1084 3041 proclamaturum
1110 2972 1478 3040 pollicebatur,
1505 2973 1552 3025 si
1580 2971 1680 3024 sibi
1725 2986 1873 3040 opem

281 3070 482 3137 [errent
514 3069 569 3120 in
625 3067 723 3119 hac
767 3081 820 3120 re
860 3068 991 3120 adeo
1026 3066 1256 3120 absurda
1305 3074 1351 3118 et
1393 3064 1618 3134 injusta,
1654 3073 1712 3117 ut
1753 3081 1881 3117 san-

282 3167 426 3209 ctum
489 3157 661 3209 illum
717 3158 1015 3228 episcOpum
1065 3155 1346 3210 Nicolaum
1407 3157 1473 3209 ab
1529 3154 1765 3209 Ecclesia
1825 3155 1874 3208 vi

284 3250 577 3317 ejicercnt.
647 3247 797 3301 Talia
861 3248 1135 3316 pollicitus
1189 3257 1274 3302 cst
1330 3246 1554 3301 Photius
1589 3262 1656 3300 eo
1719 3247 1866 3316 quod

282 3343 656 3411 imperatores
678 3340 985 3396 Orientales
1013 3355 1119 3395 non
1147 3340 1457 3410 reciperent
1485 3339 1880 3396 Occidentales

283 3435 473 3491 vocari
559 3432 824 3504 βασιλεῖς.
903 3431 1058 3498 Quod
1128 3432 1393 3487 Baronius
1469 3431 1546 3486 ait
1603 3431 1880 3500 explicans

282 3530 466 3583 locum
529 3526 754 3581 Nicena.
803 3525 945 3593 Ergo
977 3526 1022 3580 si
1085 3525 1443 3595 imperatores
1493 3524 1878 3579 Occidentales

285 3640 393 3676 non
453 3621 799 3674 sustinebant
843 3618 1016 3674 Graeci
1051 3617 1228 3672 vocari
1259 3617 1536 3688 βασιλεὺς,
1585 3617 1678 3671 sed
1705 3615 1879 3670 solum

288 3717 473 3787 ῥῆγας
515 3713 791 3775 volebant,
821 3723 1031 3781 quanto
1087 3709 1266 3764 minus
1295 3709 1536 3763 minores
1588 3707 1786 3777 reges?
1816 3707 1883 3760 Et

288 3826 375 3864 res
407 3817 494 3863 est
554 3807 860 3860 certiSsima
887 3821 952 3859 ex
987 3819 1051 3859 eo
1085 3807 1228 3874 quod
1273 3804 1509 3858 Basilius
1551 3802 1772 3856 Macedo
1795 3815 1884 3856 se-

289 3918 470 3972 quens
524 3901 822 3969 imperator
863 3913 894 3954 e
926 3897 1127 3951 litteris
1168 3897 1391 3950 Adriani
1444 3897 1487 3950 ll
1519 3911 1612 3966 per
1665 3895 1870 3963 legatos

289 3996 478 4051 allatis
538 3993 1083 4063 Constantinopolim
1146 4007 1346 4048 nomen
1405 3991 1540 4059 imp.
1598 3988 1882 4044 Ludovico

289 4086 638 4156 impertitum
686 4086 873 4140 abradi
929 4085 1114 4153 jus~it,
1161 4093 1218 4139 et
1267 4083 1335 4137 ad
1370 4083 1623 4138 eumdem
1653 4082 1883 4151 legatio-

288 4196 417 4234 nem
469 4178 639 4240 misit,
693 4186 748 4232 et
794 4177 994 4231 litteris
1054 4177 1380 4232 exhortatus
1436 4188 1544 4240 εει,
1603 4182 1662 4228 ιιι
1699 4172 1881 4228 οὺδιίο

289 4281 452 4327 neret
516 4287 547 4322 a
599 4272 820 4324 nomine
879 4270 1168 4340 βασιλέως,
1229 4280 1285 4326 et
1335 4284 1459 4323 cum
1510 4269 1689 4338 ipsum
1741 4268 1886 4337 ρἠα

284 4364 658 4435 appellasset,
723 4364 806 4418 sic
857 4364 925 4416 ad
986 4378 1112 4417 eum
1177 4363 1458 4433 rescripsit
1517 4360 1881 4416 Ludovicus:

290 4459 582 4516 Postremo
640 4455 792 4520 scito,
845 4457 973 4526 quia
1016 4457 1107 4526 qui
1161 4457 1276 4527 riga
1319 4470 1575 4526 quemque
1629 4453 1884 4521 appellat,

287 4550 419 4620 quid
485 4549 654 4610 dicat,
720 4561 813 4600 nec
870 4546 983 4614 ipse
1045 4544 1502 4614 nouit.Siquident
1549 4544 1889 4598 etiamsilin-

288 4647 409 4715 guis
469 4639 737 4703 omnibus,
787 4655 932 4693 more
981 4641 1365 4708 apostolorum,
1420 4640 1526 4692 imo
1575 4637 1888 4707 angelorum

290 4733 564 4804 loquaris,
622 4733 774 4800 cujus
827 4731 1025 4801 lingua:
1085 4732 1151 4783 sit
1184 4733 1320 4800 riga,
1372 4729 1450 4784 vel
1491 4731 1578 4783 cui
1635 4730 1886 4800 dignitati

300 4836 460 4881 tonus
510 4825 601 4878 ille
645 4822 810 4876 barba
828 4839 920 4876 rus
961 4823 1225 4893 congruit,
1259 4824 1397 4893 quod
1439 4837 1533 4875 rea:
1561 4821 1780 4885 dicitur,
1811 4824 1892 4874 ἕης

295 4918 590 4989 terpretari
632 4934 735 4971 non
774 4918 989 4986 poteris.
1038 4916 1188 4970 Nihil
1245 4919 1384 4970 enim
1415 4916 1549 4986 forte
1597 4915 1665 4968 ad
1689 4914 1888 4966 idioma

291 5028 534 5082 propro:
587 5011 804 5081 linguas,
859 5021 1085 5064 tractum
1151 5011 1286 5079 riga,
1350 5024 1520 5077 regem
1589 5007 1892 5077 signiﬁcare

291 5106 699 5162 menstraveris.
753 5103 908 5170 Quod
943 5106 986 5157 si
1032 5105 1113 5156 ita
1162 5113 1262 5163 est,
1312 5104 1435 5172 quia
1495 5117 1600 5155 non
1638 5100 1893 5171 jambar—

291 5204 511 5262 barum,
545 5197 636 5250 sed
676 5193 928 5249 Latinum
955 5205 1050 5260 est,
1110 5202 1311 5264 oportet
1350 5203 1408 5246 ut
1443 5207 1562 5246 cum
1603 5191 1673 5244 ad
1701 5205 1890 5243 manus

294 5303 499 5345 restras
558 5289 869 5357 pervenerit,
914 5288 969 5340 in
1020 5289 1253 5357 linguam
1285 5295 1509 5340 uestram
1540 5284 1684 5352 ﬁdeli
1716 5295 1896 5336 trans-

294 5386 498 5438 latione
569 5391 828 5436 eertatur.
885 5379 1038 5446 Quod
1103 5381 1149 5433 si
1229 5379 1427 5448 factum
1508 5378 1716 5447 fuerit,
1769 5378 1894 5447 quid

295 5477 449 5532 aliud
503 5476 607 5530 nisi
661 5476 758 5530 hoc
812 5475 1020 5528 nomine
1071 5472 1328 5543 βασιλεὺς
1393 5471 1883 5537 interpretabitur?

298 5573 455 5638 Quod
511 5586 614 5623 non
667 5568 840 5622 solum
911 5563 1114 5620 Veteris
1155 5567 1243 5619 sed
1275 5574 1322 5618 et
1383 5563 1520 5617 Novi
1571 5561 1893 5617 Testamenti

296 5679 478 5716 omnes
560 5663 873 5730 interpretes
925 5669 1262 5712 attestantur.
1323 5656 1471 5711 Unde
1521 5657 1568 5710 si
1616 5660 1668 5708 in
1707 5655 1894 5709 alienis

296 5754 538 5822 personis
587 5756 682 5810 hoc
711 5754 994 5808 detestaris
1020 5749 1348 5814 vocabulum,
1370 5753 1522 5804 stude
1545 5765 1608 5802 ex
1652 5748 1894 5802 omnibus

299 5861 408 5903 tam
438 5849 640 5905 Latinis
657 5849 816 5903 libris
847 5862 1009 5917 quam
1031 5842 1382 5910 ercis,sive
1405 5843 1561 5913 regis,
1584 5842 1691 5896 sive
1736 5839 1892 5912 βασι-

1987 461 2125 529 λέως
2161 482 2348 520 nomen
2399 472 2637 556 eradere.
2671 471 2749 528 Ex
2786 476 2988 544 quibus
3018 482 3309 541 manifeste
3344 500 3574 558 appartt

1981 569 2144 652 quam
2177 561 2484 652 ambitiosi
2525 563 2735 621 fuerint
2773 570 3136 641 imperatores
3195 577 3371 634 Graeci
3407 581 3572 652 hujus

1981 649 2222 705 nominis
2287 653 2577 722 βασιλέως,
2611 669 2664 713 et
2718 677 2830 716 non
2861 666 2965 721 nisi
2993 667 3420 738 imperatoribus
3454 649 3572 729 suis

1982 740 2296 807 tribuerint,
2359 762 2481 801 cum
2523 765 2626 805 nec
2682 752 3110 824 imperatoribus
3135 759 3450 820 Occidentis
3473 767 3574 819 tria

1982 833 2072 887 hui
2133 837 2352 929 vellent.
2385 840 2651 898 Praeterea
2699 848 3102 910 Constantinus
3149 855 3572 929 Porphyrogen-

1982 936 2135 992 ncta,
2172 928 2372 987 Leonis
2405 935 2686 1005 Sapientis
2735 942 2904 1007 filius,
2953 945 3142 1002 Basilii
3176 928 3351 1020 nepos
3384 928 3568 1020 avium,

1979 1021 2299 1078 ambitionis
2344 1036 2396 1080 et
2449 1029 2667 1086 invidiae
2734 1033 2933 1102 lateres,
2981 1038 3273 1097 undecimo
3323 1043 3568 1097 themate

1975 1115 2229 1170 eumdem
2280 1118 2617 1178 Ludovicum
2654 1127 2798 1196 ρἧα
2821 1130 3105 1199 Φραγγίας
3145 1135 3406 1205 appellat,
3437 1151 3565 1191 cum

1982 1217 2160 1265 tamen
2225 1211 2334 1268 non
2401 1216 2681 1286 ignoraret
2773 1224 3165 1294 imperatorem
3242 1241 3566 1286 cOI'onatum

1982 1301 2148 1357 fuisse
2215 1303 2402 1362 Romae
2461 1324 2491 1363 a
2559 1311 2752 1384 Sergio
2806 1333 2942 1387 papa
3004 1335 3150 1375 anno
3204 1320 3332 1389 8M,
3405 1333 3571 1392 atque

1982 1394 2367 1465 imperatorem
2424 1411 2478 1457 et
2519 1406 2822 1475 Attgustuttt
2861 1411 3200 1468 salutatum:
3244 1425 3298 1470 et
3339 1417 3575 1472 ubicun-

1979 1504 2087 1559 que
2143 1491 2210 1546 de
2269 1494 2599 1564 imperatore
2679 1501 2870 1557 Graeco
2939 1505 3069 1576 agit,
3127 1506 3359 1576 βασιλέα
3409 1519 3574 1565 vol-at

1979 1599 2124 1647 eum,
2166 1597 2219 1640 et
2252 1603 2339 1644 res
2370 1589 2491 1657 ejus
2523 1591 2829 1658 βασιλικάς.
2859 1594 2993 1653 Vide
3046 1600 3218 1669 ipsius
3267 1605 3449 1657 thema
3492 1604 3576 1657 di-

1980 1687 2128 1731 ctum
2177 1689 2230 1733 et
2276 1691 2432 1735 notas
2481 1682 2731 1740 Federici
2779 1686 3012 1755 Morclli,
3063 1707 3129 1746 ex
3167 1694 3367 1762 quibus
3430 1694 3568 1749 illud

1982 1771 2352 1838 fragmentum
2380 1777 2624 1844 epistolae
2658 1782 3056 1844 excerpsimus.
3085 1784 3279 1839 Itidem
3306 1801 3371 1840 ex
3399 1785 3570 1841 Joan-

1980 1879 2048 1918 ne
2099 1863 2336 1922 Meursio
2375 1869 2543 1923 multa
2583 1886 2871 1940 possemus
2905 1875 3142 1931 afferre:
3189 1879 3280 1947 qui
3323 1880 3376 1933 in
3409 1879 3573 1935 Glos-

1983 1957 2133 2012 sario
2183 1957 2635 2026 Graacobarbaro,
2664 1980 2794 2019 voce
2836 1965 2993 2036 Ῥἧξ,
3027 1979 3149 2036 post
3207 1970 3375 2026 multa
3435 1973 3572 2027 scri-

1983 2058 2198 2114 ptorum
2247 2049 2466 2104 inducta
2530 2053 2840 2108 teSIimooia
2877 2057 2959 2110 sic
3014 2058 3344 2113 com-ludit:
3385 2058 3575 2128 Itaque

1981 2139 2090 2212 ρὴξ
2146 2151 2351 2194 tantum
2392 2144 2665 2198 dicebatur
2695 2158 2740 2200 et
2797 2149 3087 2218 imperator
3137 2148 3576 2206 Occidentaliset

1979 2236 2148 2302 quivis
2195 2236 2334 2291 alius
2390 2255 2481 2292 rex
2532 2242 2742 2293 nomine
2793 2243 3080 2305 communi,
3131 2255 3344 2312 excepto
3399 2243 3576 2298 solum

1982 2328 2351 2399 Bulgaro,qui
2373 2332 2574 2398 pariter
2599 2343 2755 2402 atque
2793 2333 3414 2403 Constantinopolitanus
3467 2335 3567 2406 βα-

1985 2421 2169 2482 σιλεὺς
2234 2423 2650 2492 indigitabatur.
2715 2426 2860 2481 Citat
2914 2427 3156 2480 Nicctam
3216 2430 3269 2483 in
3325 2427 3578 2484 Manuele

1981 2513 2283 2567 Cnmneno.
2339 2516 2485 2568 lih.t
2531 2526 2586 2569 et
2640 2517 2732 2570 lib.
2794 2533 2891 2583 vn,
2957 2517 3251 2583 Codinum,
3315 2519 3569 2583 Suidam,

1983 2604 2412 2660 Constantinum
2470 2607 2776 2663 Manassem
2816 2610 2870 2663 in
2901 2612 3143 2677 .Anual.,
3180 2611 3443 2680 additque
3477 2611 3569 2666 Si-

1982 2698 2120 2754 cilire
2159 2699 2462 2768 principem
2517 2700 2623 2755 hoc
2681 2717 2883 2756 nomen
2941 2703 3112 2775 ρηγὸς
3169 2703 3576 2758 hancditarium

1983 2793 2261 2862 accepisse
2310 2808 2336 2844 a
2390 2792 2756 2848 Constantino
2787 2794 3000 2864 Magno,
3037 2796 3103 2849 de
3133 2811 3242 2865 quo
3279 2811 3377 2851 nos
3408 2797 3571 2865 paulo

1985 2885 2128 2939 infra
2178 2899 2247 2939 ex
2296 2883 2561 2954 Grc-gora.
2589 2885 2714 2939 llaec
2746 2886 2910 2956 igitur
2939 2887 3101 2940 habet
3129 2887 3197 2941 de
3250 2887 3354 2942 hoc
3384 2887 3580 2942 discri-

1985 2975 2136 3031 mine
2184 2958 2468 3030 nominum
2508 2982 2621 3032 toto
2657 2975 3010 3046 Theophanis
3042 2975 3296 3031 Ceramei
3327 2985 3578 3048 tempore

1983 3067 2371 3123 observatum:
2430 3083 2497 3122 ex
2545 3083 2654 3138 quo
2691 3068 2873 3122 obiter
2931 3067 3065 3122 illud
3115 3067 3403 3135 rcfelitur,
3466 3085 3579 3124 non

1984 3176 2143 3231 posse
2179 3162 2323 3214 illam
2365 3161 2781 3230 inscriptionem
2840 3159 2936 3212 τοῦ
2966 3159 3136 3231 ρηγὸς
3182 3159 3378 3228 Ῥόγου
3407 3162 3578 3231 perti-

1985 3266 2114 3305 nere
2171 3252 2235 3304 ad
2267 3251 2503 3320 aliquem
2563 3250 2968 3319 magistratum,
2999 3267 3093 3306 seu
3132 3250 3449 3320 praefectum
3482 3250 3577 3308 Si-

1983 3327 2168 3408 ciliaa,‘
2200 3360 2362 3413 quem
2403 3345 2550 3413 regis
2592 3345 2750 3398 titulo
2786 3360 2883 3414 per
2923 3343 3112 3399 eadem
3148 3354 3392 3415 tempora
3445 3347 3580 3400 insi-

1983 3439 2193 3508 gnitum
2240 3435 2412 3491 fuisse
2473 3437 2718 3492 ostendit
2798 3439 2957 3492 Dom.
3021 3437 3275 3495 Bocchus
3325 3438 3465 3494 l‘irri
3524 3442 3576 3494 in

1984 3529 2125 3584 notis
2180 3529 2438 3583 Panorm.
2474 3528 2684 3585 Eccles.
2734 3546 2824 3585 an.
2867 3531 2998 3586 Chr.
3045 3532 3172 3598 819,
3213 3547 3280 3587 ex
3339 3533 3577 3603 quodam

1986 3623 2289 3691 praesertim
2343 3623 2634 3693 Nicephori
2660 3623 2917 3693 Gregorze
2949 3627 3069 3680 loco
3097 3643 3110 3680 :
3161 3643 3324 3698 quem
3352 3634 3407 3681 et
3437 3628 3578 3682 alias

1987 3715 2172 3770 itidem
2226 3716 2466 3770 rationes
2524 3725 2580 3769 et
2635 3718 2988 3785 conjecturas
3023 3717 3146 3773 vide
3209 3721 3350 3788 apud
3399 3719 3580 3789 ipsum

1986 3822 2106 3878 qua:
2151 3802 2306 3862 sane;
2338 3806 2424 3859 hic
2471 3820 2577 3859 non
2627 3805 2900 3875 redarguo
2953 3823 2967 3859 :
3020 3807 3114 3859 sed
3170 3808 3580 3874 quantumlibet

1985 3916 2048 3956 ea
2103 3899 2356 3970 probent,
2399 3902 2543 3953 hunc
2594 3901 2754 3969 regis,
2788 3897 2984 3970 ρηγὺς,
3043 3900 3260 3954 titulum
3305 3899 3580 3968 praefectis
3647 3962 3651 3968 _

1989 3994 2188 4048 Sicilia:
2228 3993 2514 4056 tributum,
2542 3991 2609 4045 ad
2643 3993 2858 4046 illorum
2887 3993 3120 4062 aliquem
3160 3993 3437 4063 pertinere
3468 4009 3578 4047 non

1989 4101 2153 4158 posse
2186 4085 2329 4139 hanc
2365 4083 2642 4138 homiliam
2671 4083 2725 4137 in
2762 4082 3176 4151 inscriptionem
3205 4099 3271 4136 ex
3309 4082 3467 4138 titulo
3490 4083 3586 4153 βα-

1991 4177 2183 4239 σιλέως
2238 4175 2488 4245 ῳιίηἱιιίο
2515 4174 2695 4239 datur,
2749 4175 3004 4227 ostendi:
3065 4183 3119 4228 et
3178 4189 3243 4228 ex
3302 4175 3582 4229 mentione

1988 4268 2332 4332 diadematis,
2380 4277 2436 4321 et
2495 4282 2678 4321 rerum
2715 4268 2767 4320 in
2825 4267 2963 4322 bello
3016 4268 3275 4335 praeclare
3306 4277 3584 4338 gestarum

1992 4363 2369 4433 magnitudine
2429 4360 2638 4414 videtur
2699 4359 2836 4415 satis
2889 4369 3115 4415 eertum.
3189 4360 3344 4425 Quod
3399 4371 3584 4415 autem

1992 4454 2188 4508 attinet
2212 4454 2301 4508 .ad
2357 4449 2572 4521 Rogerii
2601 4452 2741 4520 regis
2770 4460 3039 4521 tempora,
3071 4466 3192 4504 cum
3235 4452 3400 4506 etiam
3437 4469 3580 4506 nun-

1993 4563 2156 4618 quam
2225 4544 2476 4617 βασιλέα,
2536 4545 2946 4613 imperatorem,
3014 4545 3108 4600 sed
3164 4558 3377 4612 semper
3408 4545 3580 4615 ρἧα,

1994 4653 2174 4707 regem
2219 4635 2547 4704 appellatum
2581 4643 2808 4704 apparet
2839 4650 2902 4687 ex
2968 4633 3224 4688 omnibus
3257 4649 3568 4688 monumen-

1995 4733 2065 4787 tis
2099 4727 2472 4799 etprivilegiis
2517 4725 2633 4793 ejus
2689 4736 2934 4796 tempore
2965 4723 3156 4778 Grazce
3191 4725 3244 4779 in
3296 4726 3576 4780 membra-

1996 4823 2078 4876 nis
2131 4820 2374 4888 scriptis,
2405 4827 2460 4873 et
2499 4833 2564 4872 ex
2607 4818 2953 4872 numismatis
2979 4820 3146 4882 cusis,
3176 4833 3407 4888 quorum
3436 4830 3594 4890 ecty-

1999 4930 2103 4986 pon
2177 4914 2231 4968 in
2302 4915 2491 4966 charta
2541 4927 2860 4982 expressum
2926 4911 3172 4965 ostendit
3227 4911 3359 4964 mihi
3425 4911 3586 4967 Dom.

1995 5007 2306 5063 Antoninus
2327 5007 2551 5060 Amicus
2591 5015 2644 5059 et
2681 5005 2810 5078 mihi
2839 5003 3214 5058 amicissimus
3245 5020 3259 5058 :
3298 5004 3587 5076 Ῥογέριος

1997 5099 2259 5168 κραταιὸς
2319 5099 2549 5168 Σικελῆς
2620 5097 2765 5169 me.
2817 5097 2874 5152 Id
2929 5103 3036 5161 est,
3087 5095 3344 5168 Rogerius
3405 5111 3592 5165 patens

1998 5193 2201 5249 Sicilia:
2239 5206 2352 5245 rex.
2395 5191 2514 5247 Jam
2549 5207 2678 5246 vero
2696 5191 2992 5244 discrimen
3022 5189 3124 5244 hoc
3161 5189 3303 5243 inter
3360 5188 3592 5258 βασιλέα

1999 5296 2050 5340 et
2087 5285 2238 5354 ῥῆγα
2290 5283 2618 5338 custoditum
2667 5283 2831 5336 etiam
2893 5298 2998 5334 non
3055 5280 3233 5334 solum
3288 5296 3466 5349 usque
3519 5281 3591 5332 ad

2003 5379 2291 5450 llogctium
2344 5394 2546 5446 regem,
2593 5376 2689 5430 sed
2721 5377 2882 5430 etiam
2946 5391 3122 5444 usque
3160 5377 3226 5427 ad
3293 5373 3587 5428 concilium

2000 5473 2396 5536 Florentinum,
2475 5469 2812 5524 celebratum
2873 5468 3134 5524 trecentis
3217 5467 3390 5521 ferme
3465 5473 3590 5533 post

2000 5567 2178 5632 ipsum
2214 5562 2396 5626 annis,
2453 5561 2633 5614 video.
2679 5560 2811 5614 Nam
2866 5560 2918 5613 in
2953 5560 3072 5629 ipso
3107 5557 3343 5611 concilio
3393 5552 3587 5608 Griece

1999 5655 2205 5723 scripto
2248 5655 2607 5722 imperatores
2632 5649 2874 5706 Orientis
2918 5660 2970 5704 et
3003 5647 3314 5704 Occidentis
3349 5642 3594 5714 βασιλεῖς

1999 5756 2256 5802 eteorum
2292 5745 2520 5813 imperia
2557 5743 2849 5814 βασιλεῖαι,
2881 5741 3064 5796 ςαιιθτὶ
3097 5740 3266 5810 ῥῆγες
3295 5745 3586 5799 vocantur,

2011 5841 2104 5898 ubi
2135 5839 2215 5896 sic
2247 5837 2560 5910 patriarcha
2595 5835 2698 5892 LP.
2730 5853 2746 5893 :
2783 5832 3024 5906 Ὁμοίως
3082 5831 3342 5902 λέγομεν,
3395 5829 3493 5912 grai
3541 5834 3597 5883 oi.
