4122 6466
601 436 704 503 103

598 555 828 627 μεγάλοι
863 553 1141 621 αὐθένται,
1201 555 1298 606 καὶ
1353 553 1612 626 ρηγὰδες,
1647 571 1739 608 και
1787 554 2067 619 δουκάδες,
2095 553 2180 606 ἵνα

596 647 816 711 ἔλθωσι,
846 651 939 702 καὶ
966 647 1123 700 αὐτοὶ
1161 645 1271 700 ἀπὸ
1303 646 1536 717 ὁρισμοῦ
1567 645 1664 698 τοῦ
1716 647 1898 710 πάπα,
1947 647 2041 699 καὶ
2086 645 2183 698 tot":

599 741 864 810 βασιλέως
909 741 1126 809 καὶτῆς
1165 739 1386 791 συνόδου
1417 741 1505 809 ἢν,
1555 749 1663 798 etc.
1713 739 1823 793 lloc
1858 747 1982 794 est:
2033 737 2178 792 Idem

594 841 658 886 de
693 833 898 900 magnis
945 831 1294 900 principibus,
1326 832 1534 901 regibus
1562 842 1612 885 et
1656 829 1880 884 ducibus
1911 829 2184 894 dicimus;

592 925 734 977 insos
780 925 937 977 etiam
975 924 1161 978 debere
1193 925 1470 978 convenire
1515 927 1777 978 mandato
1819 940 1968 993 papa?
2001 933 2050 977 et
2085 925 2186 975 im-

593 1017 852 1081 peratoris
911 1027 962 1070 et
1017 1019 1210 1086 synodi
1256 1018 1592 1082 obedientes;
1643 1017 1718 1070 rel
1755 1027 1893 1070 certe
1947 1024 1997 1070 et
2041 1016 2182 1084 ipsos

589 1112 768 1163 eidem
813 1111 1064 1164 similiter
1105 1112 1376 1176 scribere;
1421 1096 1486 1181 ex
1541 1109 1744 1176 quibus
1797 1109 1948 1164 vides
2017 1107 2176 1178 βασι-

591 1203 687 1256 λέα
723 1203 980 1272 appellari
1034 1203 1209 1258 solum
1267 1203 1489 1272 imper.,
1523 1201 1660 1256 alios
1719 1216 1876 1271 rcges
1913 1199 2178 1258 minores,

592 1294 856 1364 ῥηγάδας.
915 1295 1054 1360 Quid
1113 1309 1242 1348 vero
1301 1293 1371 1348 de
1421 1295 1664 1362 epitheto
1709 1291 2079 1362 γαληνότατος
2131 1302 2186 1342 et

591 1389 901 1458 γαληνότης
950 1405 1088 1460 quas
1122 1403 1282 1444 vores
1320 1387 1512 1442 Latine
1541 1388 1908 1441 serenissimus
1941 1395 1987 1440 et
2043 1401 2184 1440 sere-

593 1491 760 1552 nitas,
815 1503 910 1543 seu
946 1486 1308 1556 tranquillitas
1342 1485 1468 1540 licet
1498 1494 1736 1546 vertere,
1791 1498 1972 1537 nonne
2005 1483 2181 1553 impo-

594 1583 760 1636 ratori
813 1579 921 1648 ςιι.
978 1581 1278 1649 appositum
1326 1581 1528 1649 passim
1567 1579 1691 1648 quis
1736 1577 1927 1645 legerit
1967 1577 2182 1630 inscri-

593 1677 886 1743 ptoribus?
939 1673 1012 1728 Ita
1081 1675 1348 1728 Metirsius
1401 1673 1562 1742 paulo
1613 1688 1783 1738 supra
1843 1681 2180 1724 memoratus

591 1773 644 1824 in
682 1769 864 1825 Gloss.
927 1769 1088 1822 tradit
1113 1769 1184 1821 ibi
1232 1782 1420 1822 vocem
1451 1765 1804 1836 γαληνότητα.
1833 1765 2178 1818 serenitatem

591 1875 643 1918 et
680 1863 1130 1930 tranquillitatem
1173 1859 1364 1913 Latine
1418 1859 1581 1920 verti,
1615 1873 1842 1926 eamque
1871 1859 2014 1909 inter
2049 1855 2180 1908 titti-

591 1957 674 2010 los
740 1954 1094 2022 imperatoris
1151 1952 1474 2016 numerari;
1525 1950 1792 2018 affertque
1847 1949 2001 2018 plura
2061 1948 2178 2002 loca

589 2047 998 2116 Harmenopnli,
1053 2045 1270 2104 Leonis.
1336 2043 1552 2098 Arcadii
1603 2053 1656 2096 et
1717 2041 1964 2106 Honorii,
1998 2041 2180 2094 adex-

589 2150 822 2193 tretnmn
893 2147 1126 2192 annolat
1195 2135 1452 2204 praefecto
1508 2137 1659 2216 urbis
1709 2137 1897 2189 datum
1959 2136 2175 2188 titulum

587 2233 934 2287 Sereuitatis.
989 2231 1126 2284 Cum
1163 2230 1331 2298 igitur
1387 2231 1458 2283 sit
1521 2229 1641 2282 luce
1685 2229 1888 2283 i-larius
1947 2230 2175 2283 demon-

588 2327 752 2380 strari
795 2339 903 2378 non
935 2339 1096 2394 posse
1125 2339 1243 2378 eam
1293 2322 1700 2390 inscriptionem
1766 2323 1878 2392 regi
1935 2321 2175 2392 Rogerio

587 2418 902 2482 convenire,
941 2416 1160 2469 utaliud
1194 2431 1440 2484 quu'rere
1463 2424 1849 2484 argumentum
1871 2415 1939 2468 sit
1978 2413 2174 2484 λύχνον

585 2513 780 2564 ἅπτειν
824 2513 881 2562 ὲν
911 2510 1253 2582 μεσημϐρίᾳ,
1287 2510 1564 2562 videamus
1590 2506 1721 2578 quid
1767 2509 1869 2562 sibi
1907 2508 2037 2560 velit
2083 2507 2172 2560 illa

585 2606 869 2674 inscriptio
895 2613 950 2658 et
979 2605 1250 2673 quomodo
1283 2605 1623 2673 explicanda.
1659 2603 1951 2656 EttlIIWt-I'O
2009 2604 2168 2655 sicuti

586 2697 872 2749 nonnullas
901 2696 1084 2750 exhis
1149 2695 1389 2747 homiliis
1453 2693 1806 2746 Tauromenii
1869 2693 2042 2746 (ἥρως.
2103 2695 2172 2746 ab

583 2787 842 2858 episcopo
890 2796 1143 2840 constare
1173 2797 1326 2840 certo
1373 2797 1573 2854 potest,
1613 2796 1670 2838 ut
1719 2786 1806 2838 illa
1835 2787 1902 2839 de
1929 2785 1988 2839 S.
2026 2785 2167 2839 Pun-

583 2881 759 2934 cratio
791 2881 997 2953 (homil.
1043 2879 1200 2949 Lvn),
1238 2880 1304 2933 in'
1355 2895 1458 2948 qua
1499 2879 1670 2949 ipsius
1723 2880 1909 2933 insubn
1947 2880 2170 2934 eturbis

583 2975 634 3027 in
681 2989 786 3039 qua
845 2983 974 3026 tunc
1025 2983 1166 3035 erat,
1207 2973 1410 3041 mentio
1465 2972 1542 3033 lit,
1589 2982 1642 3026 et
1698 2981 1960 3040 prmterea
1997 2973 2171 3026 ubilit

583 3065 784 3116 tthllllO
813 3061 1118 3132 B.Virginis
1149 3064 1598 3133 Ἀχειροποιήτου
1625 3079 1788 3131 quam
1813 3065 2164 3118 Tauromenii

582 3154 930 3222 probavimus
963 3169 1124 3210 esse:
1157 3164 1206 3206 et
1245 3153 1381 3208 alias
1404 3169 1468 3206 ex
1495 3155 1616 3207 aliis
1646 3153 1976 3223 conjecturis
2002 3157 2166 3223 ;quin

577 3255 634 3301 et
687 3248 975 3317 plerasque
1001 3248 1052 3300 in
1093 3246 1292 3314 quibus
1327 3246 1536 3299 nullum
1592 3245 1919 3301 adversatur
1955 3247 2165 3316 signum

577 3337 1055 3390 verosimillimnm
1091 3343 1208 3399 est;
1244 3335 1315 3388 ita
1345 3335 1508 3389 etiam
1546 3347 1694 3388 ostra
1735 3334 2163 3392 Tauromenium

581 3433 870 3523 non'nullas
903 3433 1077 3485 dictas
1127 3446 1281 3500 aeque
1317 3441 1529 3485 certum
1565 3447 1689 3486 esse
1717 3431 1910 3498 debet;
1943 3443 2001 3486 et
2043 3433 2164 3500 qui-

575 3526 701 3578 dem
723 3525 883 3578 etiam
923 3524 974 3578 in
1016 3523 1132 3592 ipsa
1162 3525 1296 3578 urbe
1320 3525 1467 3594 regia
1493 3525 1988 3594 ConstantinOpoli,
2016 3525 2161 3592 quod

577 3619 807 3672 ulterius
861 3617 1103 3686 probabo
1152 3616 1324 3672 infra:
1375 3633 1440 3671 ex
1507 3617 1700 3671 harum
1762 3634 1990 3673 numero
2039 3633 2162 3672 esse

577 3711 852 3765 homiliam
915 3725 1042 3764 xxvi
1105 3711 1236 3764 mihi
1291 3711 1596 3778 persuadeo
1649 3725 1712 3765 ex
1779 3713 2066 3780 praesentia
2106 3723 2161 3768 et

573 3805 798 3858 nomine
819 3803 915 3856 τοῦ
950 3804 1142 3873 ρηγὸς,
1167 3814 1220 3859 et
1258 3805 1476 3876 quidem
1495 3807 1766 3870 coronati,
1792 3823 1856 3862 ex
1889 3821 2158 3862 concursu

572 3899 919 3966 adventuque
955 3899 1332 3966 episcoporum
1365 3915 1380 3964 ;
1431 3915 1551 3968 quae
1607 3914 1709 3953 non
1739 3901 1868 3954 alibi
1902 3917 2062 3971 quam
2103 3903 2155 3954 in

573 3991 708 4044 urbe
764 3990 881 4059 ipsa
939 3991 1411 4058 Constantinopoli
1487 3993 1876 4062 congruentius
1933 3995 2156 4048 evenire

571 4097 730 4150 posse
768 4081 1044 4134 videntur.
1087 4080 1204 4134 .IJm
1239 4083 1291 4134 in
1319 4083 1713 4139 celebrioribus
1747 4085 1986 4139 homiliis
2017 4100 2156 4154 pra:-

573 4187 654 4225 ter
694 4174 1094 4244 inser-iptionetn
1121 4175 1260 4228 tituli
1293 4175 1492 4245 aliquid
1521 4177 1665 4229 aliud
1699 4185 1944 4231 notatum
1977 4177 2156 4230 anim-

567 4269 812 4329 adverto,
866 4274 918 4319 ut
980 4267 1030 4318 iu
1075 4269 1219 4321 hom.
1279 4283 1313 4321 ιι
1383 4269 1496 4322 sive
1550 4269 1795 4323 oratione
1843 4268 1920 4322 De
1964 4279 2150 4323 sancta

565 4375 721 4411 r'rnre
748 4374 766 4412 :
810 4358 1040 4428 Ἑλέχθη
1088 4359 1144 4412 δὲ
1171 4361 1228 4411 ἐν
1259 4360 1338 4430 τῷ
1361 4359 1598 4430 ἆμὸωνι,
1655 4361 1809 4416 Dicta
1850 4371 1926 4415 est
1957 4363 2010 4414 in
2033 4379 2151 4416 ant-

565 4455 715 4512 boue,
772 4451 873 4504 hoc
917 4462 998 4504 cst
1052 4463 1350 4522 suggestu;
1403 4465 1457 4507 et
1501 4455 1556 4507 in
1612 4455 1763 4510 hac:
1807 4454 2034 4528 Ἐλέχθη
2087 4455 2146 4510 δὲ

561 4543 817 4608 ἐνώπιον,
857 4553 962 4597 etc.
1012 4543 1124 4598 Mos
1152 4555 1331 4598 autem
1359 4557 1479 4598 erat
1520 4546 1828 4614 hujnsmodi
1878 4547 2147 4601 Constan-

563 4635 808 4702 tinopoli,
863 4639 932 4690 de
975 4653 1082 4706 quo
1122 4636 1368 4689 Balsomo
1428 4639 1632 4692 relatus
1659 4655 1686 4688 ει
1715 4636 1916 4692 Jacobo
1981 4639 2142 4694 Gret—

558 4742 681 4778 sum
705 4728 798 4780 lib.
830 4743 890 4780 ιιι
922 4729 1076 4782 Com.
1099 4729 1151 4781 in
1184 4727 1449 4782 Codinum
1479 4746 1494 4790 ;
1523 4731 1619 4798 qui
1647 4746 1764 4798 cap.
1796 4730 1852 4792 5,
1895 4731 2009 4784 lloc
2031 4733 2141 4788 τῶν

557 4819 881 4890 Βαῖτιεξόρων
933 4821 1018 4872 die
1057 4821 1397 4888 imperatores
1433 4822 1504 4873 ait
1539 4821 1662 4874 olim
1715 4838 1776 4874 ac
1804 4824 2140 4890 patriarchas

554 4911 890 4964 distribuisse
925 4912 1152 4964 subditis
1175 4912 1362 4980 ῥὸγας,
1389 4911 1486 4964 hoc
1517 4925 1588 4964 est
1623 4929 1843 4966 munera
1872 4923 1921 4966 et
1955 4916 2138 4980 dona;

552 4999 792 5068 [tutu-que
834 5015 988 5054 usum
1030 5016 1192 5069 usque
1213 5005 1279 5053 ad
1309 5013 1543 5071 tempora
1586 5003 1922 5058 Constantini
1950 5005 2138 5060 Mono-

551 5092 733 5145 maclti
780 5095 1031 5158 durasse,
1097 5106 1148 5147 et
1215 5103 1396 5160 postea
1451 5097 1690 5150 desiisse.
1758 5095 1896 5152 Sunt
1951 5109 2132 5154 autem

551 5202 696 5252 roga:
726 5187 995 5254 stipendia
1043 5187 1524 5250 etiutn~militaria
1563 5191 1630 5243 ab
1663 5192 1926 5260 eroganda
1949 5194 2130 5256 diem,

547 5279 793 5347 adeoque
817 5295 887 5333 ex
919 5279 1108 5334 Latino
1136 5296 1394 5336 sermone
1417 5298 1516 5336 vox
1550 5283 1956 5362 ptgc6ip6apoc
1987 5288 2130 5344 facta

543 5372 606 5423 τὸ
665 5372 886 5439 inquam
947 5372 1105 5442 ρόγα,
1158 5373 1436 5441 multaque
1469 5386 1552 5428 est
1595 5379 1798 5432 mentio
1831 5379 1987 5447 hujus
2031 5397 2132 5436 no-

545 5463 710 5518 minis
741 5479 850 5518 non
877 5464 1050 5518 solum
1083 5463 1256 5520 Gneci
1295 5467 1477 5539 ρὀαι,
1523 5469 1618 5524 sed
1655 5481 1708 5524 rt
1748 5469 1951 5537 Latini,
1975 5491 2124 5544 roga.

541 5561 696 5623 Quod
733 5574 800 5614 ex
849 5559 1033 5616 libello
1079 5561 1298 5628 Rigaltii
1363 5563 1436 5616 De
1471 5565 1743 5618 verborum
1775 5568 2129 5638 signiﬁcatio-

543 5649 693 5701 nibus
733 5651 894 5704 docet
950 5650 1190 5708 Laccrda
1236 5665 1423 5708 noster
1457 5655 1508 5709 in
1539 5657 1762 5713 Advers.
1803 5675 1926 5731 cap.
1997 5664 2120 5718 120.

545 5733 726 5790 Utitur
759 5756 821 5794 ea
855 5755 986 5795 voce
1015 5742 1312 5814 Gregorius
1352 5745 1579 5816 Magnus
1605 5749 1700 5805 lib.
1745 5767 1808 5816 ιι,
1837 5755 2003 5820 epist.
2028 5755 2120 5812 52.

545 5824 677 5882 Inde
725 5838 781 5882 et
812 5833 1012 5898 regalia
1047 5835 1162 5891 dies
1197 5837 1325 5892 dicti
1381 5850 1507 5894 sunt
1540 5841 1739 5910 quibus
1764 5843 1834 5896 ab
1881 5845 2121 5914 impera-

531 5919 655 5968 tore
677 5922 730 5970 et
765 5917 1074 5986 patriarcha
1119 5925 1390 5984 dabantur
1435 5945 1598 6000 regis,
1651 5933 1795 6002 apud
1840 5933 2111 5996 Codinum

1591 433 1952 495 FRANCISI
1994 435 2309 497 SCORCSI
2352 435 2791 498 l’llOfEMlUM
2837 435 2919 496 11.

3779 422 3886 491 104

2289 570 2344 608 et
2384 555 2712 608 Cedrenum.
2749 551 2856 608 Vox
2883 554 2996 621 ipsa
3031 553 3212 624 ρὁαι,
3237 563 3290 607 et
3312 551 3433 606 inde
3457 549 3684 605 formata
3715 549 3882 622 ῥογά-

2287 663 2466 716 τορες.
2491 646 2685 700 milites
2705 647 2794 715 qni
2820 646 3090 716 Stipendia
3126 656 3354 701 merent.
3383 645 3514 698 Item
3541 640 3878 713 largitiones,

2290 739 2662 809 erogationes,
2688 753 2912 792 munera
2938 747 2991 792 et
3023 737 3162 791 dona
3185 754 3212 788 a
3234 733 3884 806 principibusliberaliter

2287 833 2540 888 distrtbui
2573 844 2833 889 consueta
2864 833 3056 886 eodem
3089 831 3308 887 nomine
3349 828 3724 893 continentur,
3755 825 3877 882 Hu-

2280 923 2517 990 jusmodi
2562 933 2808 994 rogunfa
2845 941 2903 978 ιιι·
2953 925 3123 977 visam
3189 921 3447 976 tlescribit
3500 917 3877 988 Luitprandus

2289 1017 2712 1074 Ticiuensislib.
2751 1035 2820 1071 ιι.
2875 1017 2990 1072 lloc
3037 1016 3236 1086 posito.
3264 1015 3345 1070 sic
3383 1013 3576 1067 videor
3627 1012 3880 1065 Ιονιειδεῑς

2287 1111 2562 1180 εὐστόχως
2621 1107 2937 1178 c0njcclnre
2993 1121 3169 1174 posse,
3229 1115 3468 1159 notatam
3516 1103 3569 1155 in
3603 1100 3882 1155 humilia:

2292 1202 2562 1272 principio
2619 1201 2786 1256 fuisse
2834 1199 3134 1254 solemnem
3196 1198 3364 1260 diem,
3421 1205 3478 1250 et
3541 1209 3878 1249 concursum

2288 1297 2627 1364 frequentem
2677 1295 2860 1349 divum
2903 1301 2956 1348 et
2991 1293 3410 1362 magistratuum
3446 1288 3584 1344 aula:
3621 1287 3728 1342 CP.
3778 1301 3882 1338 ro-

2288 1404 2403 1440 ram
2455 1388 2649 1456 quibus
2703 1402 2767 1441 ea
2822 1385 3027 1447 habita,
3071 1385 3162 1454 qui
3197 1383 3264 1437 ad
3307 1399 3487 1453 rogum
3520 1395 3584 1434 ea
3621 1380 3710 1432 die
3765 1375 3884 1432 fre-

2284 1490 2512 1552 quentes
2543 1481 2835 1534 convenire
2869 1479 3158 1542 debebant,
3195 1477 3438 1544 adeoque
3468 1474 3732 1540 scriptum
3761 1470 3886 1524 ἐλέ-

2285 1571 2389 1641 χθη
2451 1570 2510 1623 δὲ
2565 1572 2626 1622 ἐν
2663 1573 2728 1641 τῇ
2781 1571 2961 1640 ρὀα,
3031 1569 3112 1621 vel
3171 1567 3422 1622 fortassis
3480 1563 3714 1616 ἐνώπιον
3776 1561 3879 1631 τῆς

2284 1667 2476 1734 eam,
2510 1665 2702 1734 rcipsa
2758 1673 2815 1718 et
2864 1662 3571 1718 distributione'nutnerum
3599 1673 3696 1727 pro
3741 1672 3884 1710 con-

2286 1766 2446 1809 ventu
2489 1771 2864 1824 consessuque
2916 1763 3128 1825 sumpta
3162 1769 3225 1807 ex
3266 1767 3416 1806 more
3470 1751 3743 1805 communi
3795 1755 3882 1802 Io-

2283 1851 2529 1919 qnendi;
2596 1848 2720 1902 inde
2774 1865 2802 1902 a
2859 1846 3288 1914 posterioribus,
3337 1845 3428 1914 qui
3499 1858 3616 1898 eam
3670 1857 3885 1896 exsert-

2283 1958 2438 2010 psere
2469 1941 2746 1997 bomiliam
2795 1941 3151 2011 depravatum
3207 1938 3642 2008 inscriptionem,
3675 1945 3729 1990 et
3774 1933 3877 1987 τοῦ

2284 2040 2446 2110 ρόγου
2497 2053 2594 2106 pro
2627 2037 2792 2107 ῥὸγας
2839 2036 3100 2105 scriptum
3132 2037 3328 2103 opinor
3356 2052 3372 2098 ;
3399 2033 3594 2087 deinde
3624 2030 3692 2084 ab
3723 2031 3881 2100 igno-

2283 2131 2526 2185 rantibus
2566 2131 2693 2198 quid
2729 2130 2830 2183 sibi
2881 2129 3009 2182 velit
3064 2129 3120 2178 ἐν
3154 2129 3222 2197 τῇ
3257 2125 3396 2196 per;
3461 2123 3547 2176 vel
3599 2123 3782 2195 ρὁου,
3811 2132 3876 2175 et

2282 2211 2680 2277 hariolantibus
2729 2237 2925 2277 nomen
2973 2220 3106 2274 illud
3161 2232 3281 2272 esse
3331 2218 3551 2272 concise
3601 2217 3872 2286 scriptum

2281 2331 2379 2384 pro
2419 2314 2728 2384 Ῥογερίου,
2769 2314 2978 2367 titulum
3007 2314 3182 2382 ipsum
3209 2311 3488 2364 addidisse
3539 2309 3634 2362 τοῦ
3670 2308 3870 2379 ῥηγός.

2279 2409 2646 2463 (Συὴίίι-ιιιηιιιν
2687 2407 2770 2460 vel
2805 2407 3137 2476 approbatur
3193 2405 3306 2458 haec
3360 2408 3540 2457 nostra
3581 2415 3875 2456 commen-

2283 2505 2417 2557 ιειιίο
2461 2518 2528 2556 eo
2579 2502 2724 2571 quod
2785 2501 3065 2571 exemplar
3123 2498 3564 2567 antiquissimum
3615 2495 3869 2549 omnium

2276 2597 2401 2653 Vat.
2430 2599 2676 2652 bibliotb.
2713 2597 3048 2665 exscriptum
3083 2604 3295 2648 constat
3338 2609 3402 2647 ex
3433 2592 3682 2659 apposita
3723 2601 3871 2642 rem-

2277 2695 2423 2761 poris
2484 2704 2614 2746 nota
2673 2706 2816 2746 anno
2859 2689 3021 2752 1448,
3070 2689 3328 2742 nimirum
3391 2696 3511 2755 post
3567 2685 3869 2754 Rogerium

2279 2803 2460 2858 regem
2533 2787 2692 2840 anuis
2773 2785 2942 2840 ferme
2995 2785 3282 2848 trecentis,
3338 2793 3461 2848 post
3513 2780 3872 2850 Theophanis

2275 2889 2516 2948 tempora
2550 2879 2720 2934 ferme
2744 2879 3097 2948 quingentis;
3135 2887 3191 2930 ut
3223 2886 3280 2932 et
3299 2877 3593 2932 celebritas
3639 2874 3728 2928 illa
3757 2872 3869 2942 τῆς

2277 2976 2443 3044 ρὁας
2495 2989 2600 3028 ιιοιι
2633 2974 2805 3026 solutn
2833 2988 2897 3026 ex
2942 2988 3043 3026 usu
3079 2971 3218 3025 aula:
3252 2970 3385 3036 CR,
3419 2981 3479 3024 ut
3503 2969 3616 3039 jam
3654 2970 3864 3023 dictum

2272 3075 2378 3126 est,
2412 3067 2506 3122 sed
2551 3066 2724 3120 multo
2770 3067 2942 3134 milng
2999 3081 3064 3120 ex
3111 3053 3352 3133 ipsorum
3418 3062 3728 3118 Graecorum
3761 3077 3868 3117 co-

2271 3160 2536 3228 gnitione,
2597 3159 2688 3228 qui
2721 3158 2986 3213 historias
3033 3172 3140 3212 non
3194 3156 3509 3220 lectitariut,
3567 3154 3767 3210 abolita
3801 3162 3866 3208 et

2269 3249 2556 3305 obliterata
2593 3266 2717 3305 esse
2766 3251 3043 3320 potuerit;
3089 3258 3394 3316 contraque
3446 3261 3579 3301 vero
3631 3245 3860 3314 Rogerii

2269 3359 2466 3399 nomen
2505 3345 2558 3399 in
2600 3344 2786 3398 Sicilia
2817 3343 2995 3396 adlmc
3015 3343 3238 3412 vigere;
3277 3340 3420 3395 unde
3475 3341 3527 3394 in
3558 3355 3679 3394 eam
3719 3335 3865 3408 -0pi-

2269 3440 2484 3492 nionem
2575 3437 2834 3491 devenire
2893 3437 3152 3506 potuerit,
3221 3433 3314 3504 qui
3373 3449 3492 3488 eam
3553 3431 3858 3500 scribebat,

2251 3531 2545 3586 ‘homiliam
2595 3529 2810 3600 llogwii
2865 3539 3108 3598 tempore
3161 3535 3216 3583 et
3244 3542 3425 3582 coram
3471 3527 3561 3582 illo
3589 3541 3710 3580 eam
3751 3525 3862 3580 ha-

2264 3625 2457 3690 hilum,
2515 3640 2619 3678 non
2667 3624 2842 3678 solum
2893 3638 2958 3677 ex
3009 3622 3366 3692 inscriptione
3406 3624 3506 3692 τῆς
3561 3620 3730 3690 ρόγας
3763 3621 3852 3674 vel

2267 3717 2454 3786 ρόγου,
2506 3715 2601 3770 sed
2636 3715 2800 3768 etiam
2844 3731 2909 3769 ex
2955 3715 3018 3768 iis
3063 3729 3182 3782 qua:
3217 3717 3268 3768 in
3325 3714 3598 3768 Prousmio
3631 3714 3750 3784 ipso
3779 3714 3855 3768 de

2263 3785 2549 3877 praesentia
2591 3808 2856 3878 βασιλέως
2899 3785 3175 3863 dicuntur.
3239 3811 3416 3878 Atque
3461 3809 3574 3863 haec
3606 3807 3673 3862 de
3727 3815 3844 3862 tota

2261 3903 2364 3957 hac
2394 3902 2748 3968 inscriptione
2797 3909 3141 3955 commentus
3185 3901 3238 3954 in
3278 3900 3536 3961 medium,
3592 3913 3699 3952 non
3719 3899 3842 3965 qui-

2259 3997 2380 4047 dem
2417 4003 2675 4063 tanquam
2738 4009 2804 4047 ex
2837 3993 3069 4064 tripode,
3125 3992 3207 4046 vel
3271 3991 3547 4062 sortilegis
3600 3989 3849 4058 Delphis,

2256 4089 2350 4145 sed
2381 4105 2446 4142 ex
2511 4089 2722 4143 cortina
2777 4088 3099 4142 interiorutn
3157 4086 3464 4140 litterarum
3511 4093 3568 4139 et
3601 4085 3846 4153 antiqui-

2257 4184 2383 4238 tatis
2423 4181 2764 4252 proferrem:
2813 4197 2936 4250 quae
2978 4191 3159 4233 tamen
3207 4189 3428 4244 accepta
3457 4193 3486 4231 a
3541 4176 3842 4232 lectoribus

2255 4278 2327 4330 ita
2377 4277 2558 4338 velim,
2615 4286 2674 4329 ut
2703 4289 2768 4329 ex
2812 4275 2894 4328 bis
2926 4271 3056 4327 illud
3103 4287 3188 4326 me
3212 4271 3354 4326 scire
3391 4271 3669 4338 profitear,
3716 4285 3828 4325 non

2251 4387 2375 4426 esse
2405 4385 2524 4426 eam
2542 4369 2818 4424 homiliam
2842 4369 2907 4423 ad
2939 4367 3155 4436 liogerii
3179 4375 3424 4435 tempora
3457 4363 3834 4429 reiciendam;

2250 4473 2446 4518 caetera
2478 4463 2545 4517 de
2571 4461 2866 4531 epigrapha
2898 4461 3284 4537 utexcogitata
3319 4473 3348 4513 a
3381 4475 3467 4512 me
3487 4467 3543 4514 et
3586 4461 3833 4528 opinata,

2250 4571 2354 4609 non
2389 4556 2665 4626 explorata
2724 4564 2886 4623 atque
2932 4566 3210 4624 comperta
3244 4555 3372 4609 dici.
3426 4551 3583 4618 Quod
3647 4551 3690 4606 si
3743 4555 3834 4607 cui

2247 4649 2425 4714 potior
2479 4649 2750 4702 sententia
2814 4655 3124 4708 succurrat,
3178 4658 3234 4701 et
3269 4647 3460 4701 sedeat
3508 4645 3716 4711 animo,
3776 4646 3829 4700 ei

2243 4741 2604 4832 libentissime
2631 4741 2744 4810 ipse
2778 4755 2996 4810 quoque
3027 4740 3402 4796 subscribam.

2247 4897 2274 4968 ς
2311 4897 2418 4952 VII.
2474 4927 2544 4938 —
2573 4899 2616 4950 A
2657 4913 2761 4967 quo
2797 4907 3138 4950 consecratus
3187 4894 3608 4968 archiepiscopus
3659 4891 3838 4946 Theo-

2823 4969 3020 5037 phanes
3055 4967 3242 5037 fuerit.

3871 5079 3902 5100 ε’

2309 5104 2618 5160 Constituto
2645 5110 2756 5173 jam
2781 5115 2835 5158 et
2864 5101 3211 5158 constabilito
3265 5100 3445 5154 multis
3493 5099 3833 5169 argumentis
3875 5099 3894 5116 ‘

2237 5215 2344 5269 quo
2381 5209 2623 5268 tempore
2657 5197 3015 5266 Theophanes
3061 5193 3316 5251 Ecclesia:
3351 5193 3830 5248 Tauromenitana:

2232 5291 2534 5362 praefuerit,
2587 5291 2845 5345 nimirum
2873 5289 2943 5344 ab
2970 5302 3114 5342 anno
3161 5285 3346 5342 Basilii
3399 5286 3705 5340 Macedonis
3738 5299 3826 5348 Il',

2211 5387 2336 5440 Iboc
2367 5394 2453 5441 est
2485 5399 2629 5438 anno
2673 5383 2877 5439 Christi
2907 5383 3032 5437 812.
3067 5397 3237 5450 usque
3265 5383 3331 5434 ad
3357 5378 3551 5434 Leonis
3583 5395 3671 5438 xv,
3701 5379 3829 5431 evi-

2229 5481 2364 5536 dens
2397 5481 2528 5535 mihi
2579 5481 2742 5534 etiam
2778 5479 2906 5532 illud
2955 5478 3187 5532 ellicitur
3234 5493 3380 5538 eum,
3427 5485 3714 5544 postquam
3754 5476 3818 5526 S.

2230 5572 2468 5642 lgnatius
2513 5572 2824 5642 patriarcha
2859 5571 2965 5625 ΟΡ.
2999 5572 3050 5624 in
3085 5587 3234 5624 suam
3287 5573 3492 5634 sedem,
3525 5585 3554 5620 ει
3585 5583 3687 5635 qua
3719 5583 3823 5636 per

2225 5665 2334 5718 vim
2397 5664 2574 5720 fuerat
2619 5681 2648 5718 a
2700 5663 2890 5720 Pbotio
2950 5666 3307 5729 deturbatus,
3369 5679 3432 5718 ex
3491 5663 3824 5716 auctoritate

2226 5741 2450 5811 Adriani
2482 5755 2525 5810 11
2560 5768 2712 5826 pont.
2743 5769 2797 5812 et
2824 5759 3011 5828 synodi
3041 5773 3159 5822 vui,
3192 5759 3294 5814 sub
3321 5773 3387 5812 eo
3413 5757 3482 5812 ad
3517 5757 3657 5810 hanc
3683 5771 3824 5810 cat:-

2224 5865 2340 5905 sam
2378 5849 2686 5914 celebratae.
2743 5853 3026 5907 restitutus
3061 5851 3183 5919 fuit,
3221 5852 3463 5921 legitime
3517 5865 3818 5906 consecra-

2228 5953 2342 5999 tum
2374 5943 2542 6026 fuisse
2588 5945 3079 6019 archiepiscopum,
3107 5959 3162 6005 et
3203 5949 3260 6006 in
3295 5948 3471 6006 locum
3511 5947 3815 6012 Zacharite,
