4122 6420
298 425 401 487 105

291 544 407 612 jam
436 541 489 593 itt
534 538 657 606 ipso
701 535 936 592 concilio
990 533 1222 602 depositi
1250 544 1304 591 et
1332 532 1689 599 exauctorati,
1729 531 1895 587 fuisse

299 639 681 700 Subrogatum.
740 631 785 683 Α
835 644 942 699 quo
1006 637 1187 682 autem
1245 642 1364 681 eam
1436 625 1895 681 consecrationem

302 724 597 794 acceperit,
630 738 661 777 a
707 722 961 792 pontiﬁce
1020 718 1280 783 Romano,
1319 733 1347 771 a
1380 733 1488 787 quo
1541 715 1739 771 Siciliae
1779 716 1897 785 epi-

306 818 460 887 scopi
509 818 577 871 ab
624 814 784 870 initio
825 812 1097 877 Ecclesiae,
1147 822 1331 880 utpote
1402 811 1656 864 Romana:
1693 809 1898 863 dioece-

306 912 413 975 sis,
470 907 708 965 ordinari
784 913 1198 966 consueverant,
1264 919 1331 956 an
1394 901 1525 967 CP.,
1577 902 1791 956 videtur
1845 903 1897 954 in

305 1002 535 1057 dubium
589 997 833 1054 revocari
866 1012 1028 1068 posse
1058 995 1127 1050 ab
1156 996 1221 1049 iis
1259 997 1348 1063 qui
1383 994 1435 1047 in
1482 996 1699 1064 antiqua
1731 994 1900 1047 histo-

308 1092 394 1146 ria
438 1105 506 1146 ac
572 1089 876 1160 praesertim
925 1086 1045 1155 ejus
1102 1086 1361 1156 temporis
1425 1086 1792 1141 monumentis
1847 1094 1903 1139 et

273 1162 538 1255 isynodis
574 1179 734 1236 CPoli
774 1178 1061 1233 celebratis
1113 1176 1315 1230 versati
1366 1174 1585 1230 fuerint.
1659 1172 1792 1229 Nam
1845 1184 1903 1226 ttt

266 1242 381 1337 ξεῖ»
433 1284 626 1327 octava
678 1272 870 1327 ordine
928 1280 1260 1339 prmpostero
1309 1271 1513 1334 ordiar,
1569 1270 1621 1323 itt
1682 1282 1744 1324 ea
1800 1267 1904 1321 Za-

306 1366 534 1421 charias
572 1362 1060 1418 Tauromenitanus
1106 1362 1395 1431 episcopus
1449 1376 1476 1413 a
1532 1359 1589 1415 S.
1633 1361 1902 1415 Metltodio

307 1456 625 1527 patriarcha
672 1454 802 1520 CP.,
848 1455 935 1509 cui
982 1456 1155 1524 ejecto
1197 1453 1406 1509 Joanne
1454 1452 1812 1508 lconomacho
1843 1453 1901 1507 8.

310 1548 555 1620 Iguatius
598 1546 879 1605 successit.
928 1552 1112 1615 aperte
1170 1546 1368 1600 dicitur
1411 1542 1766 1615 χειροτονίαν,
1805 1545 1906 1599 hoc

310 1654 396 1697 est
448 1640 921 1702 consecrationem,
982 1638 1278 1708 accepisse.
1338 1636 1542 1693 Locum
1590 1653 1655 1693 ex
1701 1648 1810 1692 act.
1844 1653 1903 1693 ιιι

310 1734 486 1803 ipsius
563 1730 753 1803 synodi
809 1729 967 1785 retuli
1032 1729 1302 1785 Prooemio
1356 1728 1415 1795 Ι,
1485 1728 1513 1801 §
1564 1744 1638 1784 tv.
1699 1728 1755 1783 In
1818 1743 1909 1785 se-

312 1828 486 1897 ptima
542 1840 672 1880 vero
730 1824 1082 1893 subjectionis
1143 1823 1387 1894 ejusdem
1462 1823 1699 1893 episcopi
1763 1822 1911 1875 Tau-

315 1918 645 1974 romenitani
701 1916 1025 1987 patriarcha:
1057 1915 1164 1972 ΟΡ.
1199 1917 1402 1971 indicio
1447 1926 1532 1971 est.
1583 1914 1910 1985 subscriptio

313 2012 576 2076 Joannis,
609 2013 661 2066 in
705 2026 808 2082 qua
859 2010 1223 2081 patriarcham
1275 2024 1434 2065 suum
1479 2008 1784 2075 Tarasium,
1816 2008 1908 2077 qui

312 2122 382 2160 co
428 2117 672 2173 tempore
703 2106 909 2175 synodo
960 2112 1208 2173 praerat,
1241 2102 1325 2157 his
1361 2103 1540 2157 verbis
1584 2101 1909 2171 profitetur:

313 2198 557 2251 Joannes
594 2196 959 2250 sanctissimus
1018 2196 1289 2263 episcOpus
1324 2193 1688 2249 Tauromenia:
1735 2196 1866 2248 dixit
1892 2210 1911 2249 :

314 2288 455 2345 Cum
490 2288 653 2342 veluti
690 2290 898 2342 divinus
946 2287 1274 2341 orthodoxia:
1308 2288 1561 2341 terminus
1592 2288 1693 2341 sint
1723 2287 1913 2342 littera:

313 2398 437 2450 qua:
464 2382 529 2433 ab
562 2381 795 2433 Adriano
829 2397 967 2448 papa
998 2381 1219 2433 senioris
1254 2378 1434 2433 Romae
1458 2381 1527 2432 ad
1559 2380 1671 2447 pios
1700 2389 1910 2433 nostros

315 2469 666 2535 imperatores
716 2483 913 2521 necnon
953 2468 1020 2520 ad
1076 2466 1357 2521 Tarasium
1433 2470 1777 2523 uniuersalem
1819 2485 1913 2537 pa-

314 2562 617 2616 triarchant
656 2571 895 2615 nostrum
948 2562 1124 2616 missae
1169 2574 1314 2627 sunt,
1344 2564 1418 2616 ita
1449 2563 1699 2631 proﬁteor
1744 2564 1912 2616 susci-

315 2654 468 2721 piens
497 2666 683 2703 sacras
710 2652 913 2713 iconas,
943 2660 1049 2705 etc.
1085 2649 1242 2705 Vides
1265 2661 1322 2705 ttt
1353 2652 1707 2721 imperatores
1734 2661 1789 2706 et
1804 2650 1911 2706 CP.

320 2741 696 2812 patriarcham
754 2754 910 2795 suum
978 2740 1234 2810 appellet.
1295 2741 1665 2813 Similiterque
1727 2757 1916 2798 omnes

317 2831 568 2902 episcopi
618 2829 815 2885 Sicilia:
846 2830 937 2899 qui
986 2831 1040 2885 in
1078 2846 1141 2886 ea
1189 2832 1504 2887 interfuisse
1558 2832 1826 2903 leguntur,
1848 2831 1913 2887 1n

320 2927 522 2995 synod.
566 2935 622 2981 et
653 2935 763 2981 act.
816 2924 1184 2981 subscribam.
1219 2924 1295 2979 Ex
1332 2938 1439 2993 quo
1486 2924 1685 2979 indicio
1718 2925 1918 2981 fatetur

318 3022 493 3073 etiam
536 3018 686 3074 dom.
732 3016 982 3073 Bocchus
1032 3014 1169 3071 Pit'ri
1229 3016 1282 3071 in
1329 3015 1459 3070 Not.
1509 3016 1657 3070 Eccl.
1701 3014 1915 3087 Syrac.,

327 3122 466 3165 tom.
495 3108 587 3174 ΙΙΙ,
627 3111 739 3180 jam
787 3124 885 3180 per
936 3110 1052 3165 haec
1087 3118 1331 3179 tempora
1384 3109 1668 3179 episcopos
1719 3108 1917 3164 Siciliae

323 3204 434 3257 (ΞΡ.
479 3203 597 3257 sedi
647 3203 877 3271 coepisse
923 3202 1221 3257 adhaerere.
1276 3199 1479 3256 Deinde
1532 3202 1696 3257 etiam
1745 3215 1809 3255 ex
1852 3216 1919 3256 eo

328 3294 547 3349 videtur
580 3293 631 3347 id
661 3292 879 3363 colligi,
921 3293 1064 3362 quod
1121 3291 1377 3348 Nicolaus
1408 3292 1449 3358 I,
1486 3293 1641 3363 epist.
1689 3291 1743 3358 9,
1779 3294 1918 3348 Gre-

325 3382 469 3450 gorii
525 3379 851 3452 Syracusani
907 3378 1165 3435 antistitis
1223 3379 1504 3434 audaciam
1557 3380 1611 3433 in
1656 3380 1917 3447 judicium

330 3481 511 3538 vocet,
560 3473 705 3541 quod
754 3473 805 3526 in
855 3472 1146 3543 Ignatium,
1189 3487 1346 3527 suum
1389 3471 1638 3527 videlicet
1687 3472 1920 3539 patriar-

326 3565 517 3628 cbam,
552 3562 847 3631 impietatis
874 3561 1056 3631 jacula
1109 3562 1466 3617 exercuisset.
1524 3560 1661 3615 Tum
1720 3576 1785 3616 ex
1823 3563 1920 3615 da-

331 3655 612 3709 mnatione
655 3653 894 3719 ejusdem
926 3654 1171 3724 Gregorii
1202 3664 1254 3709 et
1284 3654 1547 3709 sententia
1585 3654 1691 3709 lata
1729 3670 1825 3724 per
1862 3654 1921 3709 S.

329 3746 603 3815 lgnatium
655 3745 1060 3814 patriarcham;
1113 3760 1275 3814 quam
1314 3744 1414 3799 nisi
1460 3753 1778 3814 potestatem
1828 3746 1925 3799 ali-

332 3852 498 3905 quam
549 3845 701 3891 certe
733 3837 799 3890 ad
830 3836 1034 3906 primas
1086 3851 1281 3892 causas
1332 3838 1630 3903 habuisset,
1690 3839 1922 3894 laturum

336 3944 615 3999 nunquam
655 3927 820 3983 fuisse
870 3933 1202 3984 censendum
1231 3939 1313 3985 est
1340 3949 1353 3985 :
1381 3945 1690 4001 quanquam
1720 3941 1776 3985 ut
1808 3942 1922 3985 rata

336 4026 633 4079 haberetur
676 4023 747 4078 ad
792 4022 1028 4078 Leonem
1075 4022 1141 4077 Ill
1184 4026 1491 4094 pontificem
1540 4025 1689 4079 missi
1730 4024 1923 4093 legati;

329 4128 387 4171 et
412 4126 640 4180 caetera,
670 4125 826 4185 prout
850 4115 901 4169 iu
930 4115 1156 4169 historia
1186 4124 1241 4170 et
1270 4118 1475 4185 synodo
1498 4116 1763 4170 habentur
1791 4131 1926 4184 per-

332 4222 453 4265 acta
504 4217 634 4262 sunt
681 4207 784 4262 rite
826 4218 989 4277 atque
1023 4207 1284 4278 legitime.
1315 4208 1390 4261 Ex
1426 4223 1531 4278 quo
1557 4209 1927 4264 eminentissi-

334 4317 459 4355 mus
499 4299 790 4353 cardinalis
841 4296 1106 4353 Baronius
1134 4300 1202 4355 de
1231 4300 1332 4355 hoc
1350 4300 1472 4369 jure
1500 4316 1527 4353 a
1556 4300 1661 4355 (ΖΡ.
1696 4303 1929 4370 patriar-

333 4398 435 4449 cha
484 4395 539 4448 in
574 4391 772 4445 Sicilia:
802 4391 1077 4446 Ecclesias
1134 4393 1404 4448 vindicato
1471 4394 1551 4448 sic
1618 4396 1809 4449 scribit
1862 4396 1928 4449 ad

334 4504 545 4543 annum
579 4487 687 4542 854
718 4504 733 4543 :
764 4487 978 4540 Audisti
1030 4486 1306 4555 synodalia
1338 4496 1481 4549 acta,
1515 4489 1803 4541 sententias
1838 4506 1933 4553 pa-

332 4582 704 4636 triarcharum
730 4620 747 4644 ,
791 4580 1001 4649 judicia
1038 4580 1354 4646 episcopatia
1405 4580 1694 4649 indiguisse
1738 4583 1930 4649 conﬁr-

337 4673 579 4725 matione
620 4672 804 4738 prima:
837 4672 971 4725 sedis
1027 4670 1310 4737 pontiﬁcis.
1350 4672 1502 4736 Quod
1534 4685 1711 4725 autem
1748 4672 1931 4727 Sicilia

338 4764 523 4816 insula
552 4762 651 4815 sub
667 4761 884 4827 juribus
924 4762 1096 4813 adhuc
1123 4770 1259 4814 esset
1299 4759 1530 4815 Orientis
1576 4762 1931 4829 imperatoris,

336 4856 583 4925 quamvis
641 4863 894 4921 occupata
940 4862 1072 4907 esset
1100 4870 1129 4905 a
1160 4850 1467 4916 Saracenis,
1510 4854 1708 4922 primas
1743 4871 1934 4910 causas

336 4953 695 5012 occupaverat
747 4942 845 4996 sibi
894 4941 1007 4998 ΟΡ.
1063 4944 1359 5011 episwpus.
1401 4944 1477 4996 ita
1518 4954 1689 4997 tamen
1734 4955 1788 4998 nt
1838 4963 1936 5000 sua

336 5049 462 5091 acta
535 5033 939 5102 conﬁrmatione
1003 5036 1235 5103 indigere
1283 5036 1587 5103 apostolica:
1639 5040 1777 5091 sedis
1834 5056 1937 5092 non

336 5129 643 5197 ignoraret.
679 5122 953 5179 Hactenus
996 5125 1281 5191 Baronius,
1336 5112 1585 5195 idemque
1629 5130 1818 5184 scribit
1841 5130 1938 5184 Ja-

339 5221 521 5272 εοῑιιιε
581 5215 893 5271 Gordonius
943 5216 995 5270 in
1048 5216 1254 5272 Chron.
1301 5218 1367 5272 ad
1415 5233 1615 5273 annum
1665 5226 1935 5288 eumdem,

336 5310 547 5363 citatus
591 5307 666 5361 ab
707 5306 935 5361 Octavio
987 5307 1226 5363 Caetano
1271 5310 1323 5363 in
1367 5308 1615 5381 lsagoges
1671 5328 1789 5382 cap.
1845 5314 1937 5381 58,

337 5412 391 5456 et
440 5400 669 5455 tandem
722 5399 1071 5454 manifestum
1110 5400 1161 5454 id
1189 5400 1306 5456 ﬁeri
1364 5402 1578 5457 videtur
1621 5418 1685 5458 ex
1732 5406 1939 5461 novella

338 5501 522 5548 coast.
557 5489 763 5545 Leonis
814 5502 1174 5560 cognomento
1224 5490 1518 5561 Sapientis,
1554 5495 1708 5564 cujus
1749 5498 1944 5555 inscri-

340 5587 455 5655 ptio
508 5585 585 5639 ita
648 5596 708 5637 se
738 5582 940 5637 habet:
976 5581 1040 5634 Ἦ
1077 5585 1331 5651 γεγονυῖα
1392 5585 1738 5651 Διατὺπωσις
1790 5590 1945 5661 παρὰ

337 5676 431 5727 τοῦ
467 5672 750 5747 βασιλέως
792 5672 1023 5735 Λέοντος
1072 5673 1163 5726 τοῦ
1199 5674 1397 5744 Σοφοῦ,
1434 5677 1582 5742 ὅπως
1626 5678 1811 5749 ἔχουσι
1849 5685 1947 5738 τά-

337 5769 470 5833 ξεως
516 5768 571 5821 οἱ
631 5764 817 5834 θρόνοι
872 5764 984 5818 τῶν
1056 5765 1396 5836 Ἐκκλησιῶν
1432 5769 1810 5842 ὑποκειμένων
1869 5777 1947 5846 τῷ

338 5862 662 5938 πατριάρχῃ
698 5859 802 5929 τῆς
821 5860 1470 5927 Κωνσταντινουπόλεως.
1499 5862 1783 5933 Dispositio
1798 5868 1942 5940 facta

664 5961 948 6022 ΡΑτιιοι.
996 5957 1114 6019 GR.
1158 5959 1453 6023 CXXXII.

1297 416 1699 481 FRANCISCI
1741 415 2007 477 SCORSI
2048 414 2478 476 PROOEMIUM
2507 415 2585 474 II.

3487 405 3511 469 I
3520 409 3589 467 (ιϐ

2007 547 2100 599 per
2133 532 2495 601 imperatorem
2530 529 2750 583 Leonem
2798 527 3121 596 Sapientem,
3170 541 3317 597 quem
3352 526 3588 579 ordinem

1999 626 2222 678 habeant
2262 625 2437 677 throni
2495 622 2848 676 Ecclesiarum
2909 620 3231 689 patriarcha:
3271 618 3383 674 CP.
3415 618 3589 686 subje-

1999 725 2228 768 ctarum.
2264 713 2321 766 In
2357 722 2600 769 extremo
2628 728 2759 768 vero
2790 723 2913 783 post
2964 712 3334 767 recensionem
3375 710 3588 765 illorum

1998 807 2365 862 subdunturol
2389 808 2836 873 ἀποσπασθέντες
2864 808 2925 861 ὲκ
2948 808 3049 879 τῆς
3096 805 3420 876 Ῥωμαῖκῆς
3462 805 3592 858 διοι-

2000 903 2233 971 κήσεως,
2278 904 2374 955 καὶ
2410 900 2508 953 νῦν
2556 900 2837 963 τελοῦντες
2886 900 2992 953 ὑπὸ
3042 901 3135 954 τὸν
3187 899 3382 971 θρόνον
3434 899 3585 952 Κων-

2001 992 2498 1055 σταντινουπόλεως
2562 992 2991 1062 μητροπολῖται,
3022 993 3118 1045 καὶ
3178 992 3226 1044 οἱ
3283 991 3375 1045 ὑπ’
3411 989 3591 1043 αὐτῶν

2003 1082 2315 1147 ἐπίσκοποι,
2342 1084 2512 1138 auulsi
2541 1101 2573 1137 a
2604 1083 2843 1137 Romana
2893 1083 3102 1137 dia'ceri
3131 1092 3179 1137 et
3211 1082 3247 1137 C
3257 1082 3318 1137 Ρ.
3369 1080 3592 1152 subjecti

2004 1177 2215 1231 throno.
2244 1178 2445 1233 Deinde
2476 1189 2853 1243 numerantur,
2882 1178 3274 1248 Syracusanus,
3304 1176 3594 1233 Thcssalo-

2002 1270 2237 1325 nicensis
2268 1279 2323 1324 et
2368 1270 2458 1325 alii
2508 1270 2867 1341 metropolitce
2927 1270 3210 1325 nonnulli:
3246 1269 3593 1342 Syracusano

2004 1360 2365 1429 subjiciuntur
2418 1358 2933 1425 Tauromenitanus,
2988 1358 3376 1424 Messauensis,
3435 1359 3595 1428 Agri-

2005 1455 2277 1521 gentinus,
2308 1462 2363 1507 et
2406 1452 2494 1506 alii
2532 1452 2788 1521 deinceps
2822 1460 3088 1523 quotquot
3124 1461 3280 1507 erant
3311 1462 3422 1505 tum
3459 1450 3599 1506 Sici-

2005 1545 2091 1601 lia:
2142 1546 2402 1616 episcopi.
2452 1545 2579 1601 Haec
2631 1555 2756 1600 sunt
2808 1546 3113 1600 testimonia
3162 1561 3227 1601 ex
3280 1547 3504 1616 synodis
3542 1553 3595 1599 et

2006 1637 2231 1691 historia
2301 1637 2416 1705 ejus
2467 1637 2567 1692 aevi
2622 1637 2937 1706 deprompta
3011 1651 3132 1704 quae
3176 1635 3450 1706 subjectas
3503 1649 3599 1705 per

2007 1734 2249 1789 eamdem
2290 1741 2663 1802 tempestatem
2724 1731 2994 1787 Ecclesias
3032 1732 3235 1787 Siciliae
3274 1731 3599 1802 patriarcha:

2006 1827 2111 1883 C-P.
2148 1828 2353 1897 possint
2394 1828 2528 1882 satis
2558 1827 2949 1881 demonstrare.
2998 1824 3152 1880 Unde
3183 1833 3238 1881 et
3262 1826 3451 1880 eodem
3476 1824 3600 1891 june

2010 1918 2397 1988 TheOphanem
2437 1927 2677 1973 nostrum
2709 1932 2736 1971 a
2771 1917 2828 1972 S.
2860 1915 3087 1988 lgnatio,
3124 1916 3434 1986 patriarcha
3466 1914 3598 1981 CP.,

2011 2012 2213 2066 sedatis
2243 2011 2354 2081 jam
2391 2026 2486 2081 per
2518 2010 2783 2082 synodum
2818 2025 2913 2063 vm
2945 2008 3087 2063 illius
3126 2008 3378 2063 Ecclesiae
3404 2007 3600 2071 turbis,

2012 2104 2323 2159 ordinatum
2364 2104 2614 2173 augurari
2638 2104 2759 2172 quis
2789 2101 2978 2173 possit.
2995 2102 3146 2170 Quod
3167 2102 3209 2155 si
3240 2101 3362 2170 quis
3388 2101 3603 2171 opinari

2012 2197 2160 2262 velit,
2199 2196 2398 2251 nullam
2430 2207 2577 2251 certe
2604 2179 2787 2250 notam
2820 2194 3131 2249 schismatis
3155 2192 3473 2262 Theophani
3506 2207 3599 2246 no-

2012 2296 2128 2343 stro
2152 2287 2487 2357 imposuerit,
2517 2302 2638 2343 cum
2672 2301 2769 2341 nec
2797 2301 2825 2340 a
2849 2284 3040 2341 Photio
3063 2285 3601 2355 pseudopatriarcha,

2013 2379 2321 2447 schismatis
2373 2388 2617 2442 auctore,
2669 2376 2763 2431 sed
2788 2390 2817 2430 a
2849 2375 2907 2429 8.
2936 2377 3144 2444 Ignatio
3186 2376 3425 2447 legitimo
3466 2376 3600 2428 etin

2014 2485 2165 2525 suam
2220 2470 2402 2524 sedem
2456 2469 2708 2523 restituto
2768 2479 3148 2523 consecratum
3199 2470 3377 2532 dicat;
3430 2481 3605 2536 neque

2014 2562 2083 2617 ab
2131 2561 2230 2614 hoc
2262 2560 2321 2614 S.
2362 2560 2670 2630 patriarcha
2713 2558 2767 2614 id
2812 2559 3110 2630 illegitime,
3156 2569 3215 2615 et
3252 2564 3374 2615 sine
3421 2560 3604 2637 aliqua

2015 2662 2279 2725 potestate
2327 2652 2518 2706 saltem
2558 2652 2816 2721 peculiari
2849 2651 2951 2706 sibi
2988 2652 3250 2722 permissa
3279 2669 3309 2707 a
3338 2655 3467 2708 sezle
3497 2653 3606 2707 Ro-

2016 2758 2196 2797 mana.
2244 2741 2377 2795 Nam
2430 2756 2525 2810 per
2574 2742 2938 2805 occasionem,
2986 2743 3131 2812 quod
3184 2742 3255 2797 ibi
3302 2754 3607 2799 moraretur

2018 2831 2373 2902 Theophanes
2408 2845 2475 2885 ex
2516 2831 2952 2901 peregrinatione
3005 2841 3256 2901 suscepta
3294 2832 3607 2906 Hierosoly-

2018 2941 2182 2991 mam,
2220 2925 2286 2979 de
2317 2938 2423 2993 qua
2468 2924 2708 2979 dicemus
2738 2922 2765 2994 §
2793 2925 3061 2993 sequenti,
3096 2926 3178 2979 vel
3210 2926 3313 2978 alia
3353 2926 3527 2994 potuit
3554 2928 3609 2982 id

2019 3018 2132 3073 ﬁeri
2182 3018 2442 3088 legitime,
2478 3026 2537 3071 ut
2579 3016 2709 3069 dixi.
2753 3016 2857 3070 Sed
2908 3027 3085 3070 tamen
3141 3018 3356 3088 quando
3404 3020 3505 3074 hoc
3538 3034 3609 3075 ex

2019 3111 2327 3180 conjectura
2355 3119 2409 3163 et
2455 3109 2867 3164 ratiocinatione
2922 3110 3156 3178 quadam
3212 3110 3445 3180 gratuita
3481 3112 3621 3181 quis

2020 3201 2273 3273 augurari
2320 3200 2511 3270 possit,
2538 3214 2643 3255 non
2678 3210 2828 3256 certo
2857 3210 3179 3270 argumento
3224 3203 3606 3277 comprobare,

2020 3290 2182 3348 liceat
2210 3290 2388 3362 potius
2416 3290 2749 3347 contrarium
2776 3292 3051 3361 augurari,
3078 3299 3132 3345 et.
3157 3307 3282 3347 eum
3307 3307 3335 3346 a
3363 3292 3609 3349 Romano

2022 3387 2279 3456 pontitice
2328 3385 2506 3455 potius
2534 3399 2696 3453 quam
2738 3398 2768 3437 a
2807 3385 3117 3454 patriarcha
3144 3384 3250 3439 ΕΡ.
3285 3384 3451 3441 fuisse
3480 3401 3611 3441 con-

2022 3488 2334 3545 secratum;
2369 3478 2511 3547 quod
2540 3490 2602 3531 es
2632 3476 2760 3530 mihi
2788 3477 2949 3531 liceat
2977 3475 3041 3530 de
3067 3475 3399 3547 Theophane
3427 3489 3611 3534 nostro

2024 3568 2322 3637 praesertim
2362 3568 2599 3631 credere,
2642 3570 2788 3637 quod
2838 3581 2962 3621 eum
3024 3567 3232 3622 videam
3278 3570 3333 3624 in
3378 3570 3463 3627 his
3498 3571 3614 3626 suis

2024 3662 2386 3727 sermonibus,
2431 3661 2497 3715 ad
2548 3660 2804 3730 populum
2849 3668 2903 3716 et
2947 3675 3161 3732 gregem
3212 3678 3368 3718 suum
3411 3665 3613 3721 habitis

2024 3751 2093 3806 de
2121 3750 2183 3806 S.
2210 3750 2357 3805 Petri
2389 3759 2443 3805 et
2476 3764 2858 3806 successorum
2891 3751 3008 3818 ejus
3039 3754 3273 3822 primatu
3304 3757 3529 3825 Optime,
3559 3767 3614 3811 et

2027 3852 2083 3897 ut
2138 3842 2463 3897 catholicum
2517 3842 2837 3911 scriptorem
2891 3842 3070 3910 decet,
3128 3847 3354 3911 sentire,
3408 3855 3461 3901 et
3504 3846 3614 3904 fre-

2026 3943 2258 4005 quenter
2286 3934 2456 4001 illum,
2482 3934 2779 4004 praesertim
2814 3950 2943 3991 vero
2975 3936 3195 3992 homilia
3227 3937 3306 3991 De
3334 3936 3430 3993 SS.
3455 3938 3614 3994 Petro

2026 4036 2076 4079 et
2124 4025 2317 4090 Paulo,
2372 4026 2687 4082 contestari.
2738 4026 2815 4081 Ex
2867 4044 2969 4097 qua
3023 4030 3186 4084 etiam
3244 4031 3613 4085 testimonium

2027 4116 2254 4186 protulit
2299 4115 2561 4170 adversus
2589 4116 3079 4187 Magdeburgenses
3126 4128 3415 4174 novatores
3443 4120 3619 4174 Fran-

2028 4207 2206 4261 ciscus
2262 4204 2581 4272 Turrianus,
2629 4215 2686 4259 ut
2733 4206 2785 4260 in
2837 4207 3026 4277 elogiis
3078 4208 3144 4262 ad
3199 4209 3359 4263 tinem
3420 4210 3614 4264 horum

2030 4299 2426 4355 Prommiorum
2476 4300 2687 4369 positis,
2722 4310 2776 4353 et
2807 4300 2932 4354 alibi
2974 4300 3155 4355 videre
3180 4311 3281 4356 est.
3316 4301 3521 4357 Deinde
3551 4306 3619 4359 de

2032 4396 2282 4448 universa
2319 4392 2589 4448 Siciliensi
2627 4392 2868 4447 Ecclesia
2919 4393 3046 4447 illud
3080 4403 3137 4448 ut
3176 4405 3384 4451 certum
3435 4398 3619 4465 explo-

2033 4494 2320 4552 ratumque
2374 4483 2674 4546 allirmabo,
2730 4497 2850 4537 eam
2909 4484 3150 4553 pontifici
3216 4486 3463 4541 Romano
3512 4503 3616 4541 non

2032 4574 2207 4629 solum
2271 4590 2377 4644 qua
2422 4572 2661 4643 pontifex
2694 4584 2777 4629 est
2802 4586 2853 4628 et
2879 4577 3202 4633 universalis
3249 4580 3497 4647 antistes,
3526 4582 3621 4635 sed

2033 4665 2196 4719 etiam
2255 4665 2511 4733 peculiari
2564 4666 2707 4735 jure,
2756 4684 2861 4737 qua
2921 4669 3230 4737 patriarcha
3286 4669 3621 4737 Occidentis,

2035 4759 2258 4823 Siciliae,
2316 4773 2435 4824 qua:
2474 4760 2540 4811 ad
2592 4758 2940 4814 Occidentem
3008 4762 3261 4830 pertinet,
3324 4762 3621 4820 Ecclesium

2036 4851 2111 4905 illi
2161 4851 2467 4905 immediate
2522 4849 2692 4904 fuisse
2753 4852 3074 4921 subjectam,
3114 4864 3298 4923 utpote
3343 4870 3462 4924 quae
3498 4870 3526 4910 a
3562 4858 3622 4913 S.

2038 4945 2199 4999 Petro
2250 4943 2411 4999 fuerit
2463 4944 2730 4997 instituta.
2775 4944 2846 4998 De
2875 4959 2981 5013 quo
3012 4946 3131 5000 vide
3162 4947 3489 5001 luculentam
3521 4950 3629 5004 dis-

2038 5037 2387 5090 sertationem
2424 5031 2607 5088 Jacobi
2648 5034 2922 5087 Sirmundi
2960 5034 3012 5088 in
3050 5035 3387 5106 Protreptieo
3439 5047 3627 5093 contra

2041 5128 2292 5183 Salmasii
2344 5126 2771 5194 Eucharisticon,
2805 5130 2869 5180 de
2899 5128 3282 5183 suburbicariis
3324 5132 3627 5201 regionibus

2039 5222 2137 5276 lib.
2168 5237 2229 5282 It,
2259 5236 2379 5290 cap.
2411 5219 2498 5275 IO.
2535 5218 2686 5286 Quod
2726 5218 3070 5274 manifestum
3104 5234 3227 5277 esse
3259 5223 3334 5277 ait
3360 5223 3627 5279 Innocen-

2044 5314 2150 5368 tius
2198 5312 2215 5365 Ι
2268 5323 2423 5383 pont.
2477 5312 2543 5365 ad
2598 5312 2925 5366 Decennium
2980 5315 3275 5370 scribens:
3312 5313 3377 5370 In
3425 5334 3629 5370 onmem

2042 5406 2285 5472 Italiam,
2318 5405 2541 5470 Gallias,
2584 5404 2890 5473 Hispanias,
2928 5406 3167 5477 Africam
3191 5420 3345 5478 atque
3385 5409 3498 5464 Sici
3520 5410 3627 5462 ium

2042 5500 2349 5569 insulasque
2372 5500 2743 5567 interiacentes
2776 5498 2977 5553 nullum
3012 5502 3302 5555 instituisse
3338 5501 3625 5563 Ecclesias,

2044 5594 2148 5647 nisi
2182 5609 2270 5647 eos
2299 5607 2430 5661 quos
2477 5591 2793 5646 venerabilis
2852 5590 3046 5647 Petrus
3078 5594 3347 5663 apostolus
3376 5604 3466 5647 aut
3513 5594 3629 5663 ejus

2044 5702 2365 5743 successores
2407 5687 2769 5740 constituerint
2819 5688 3135 5742 sacerdotes.
3177 5686 3283 5743 Sed
3315 5703 3415 5757 ego
3446 5698 3627 5743 actum

2047 5796 2285 5851 agerem,
2318 5787 2372 5832 et
2402 5776 2638 5833 fabulam
2676 5787 3038 5844 recantarem,
3072 5779 3115 5833 si
3148 5780 3250 5833 hoc
3277 5788 3331 5834 et
3358 5781 3480 5836 aliis
3512 5794 3633 5834 cer-

2055 5875 2276 5932 tissimis
2309 5875 2642 5943 argumentis
2673 5873 3013 5929 ostenderem
3063 5871 3402 5928 Siciliensem
3443 5872 3634 5929 Eccle-
