4122 6466
554 403 654 468 197

553 523 691 575 siam
747 520 1017 590 pontiﬁris
1050 519 1279 575 Romani
1317 517 1618 581 tlioacesitn,
1653 516 1737 572 vel
1767 533 1797 570 a
1829 515 2003 586 prima
2030 529 2127 569 sua

552 615 762 685 origine
788 616 1086 680 exstitisse,
1115 614 1182 668 ab
1221 626 1397 681 eoque
1439 610 1878 665 consecrationes
1924 609 2133 678 episeo-

553 722 769 776 porum,
799 715 855 762 et
891 716 1084 761 (αξιοι-ιι
1116 705 1237 776 jura
1274 703 1549 774 accepisse
1583 719 1598 756 :
1637 718 1760 757 cum
1793 713 1986 772 przeter
2022 700 2137 754 Sir-

464 838 487 854 .
554 799 809 851 mundum
829 797 942 866 jam
974 798 1222 862 citatum,
1259 799 1325 850 de
1356 810 1423 850 eo
1449 803 1613 863 agant
1655 794 1914 851 Octavius
1940 794 2135 849 Caeta-

552 902 654 943 nus
686 890 735 942 in
769 888 1010 959 Isagoge,
1063 903 1182 957 cap.
1220 888 1333 958 jam
1367 888 1551 947 citato.
1582 896 1638 941 et
1681 886 1829 942 dom.
1884 885 2137 941 Rocchus

549 979 689 1036 Pirri
729 982 781 1036 in
813 982 1056 1053 pluribus
1105 980 1324 1037 Notitire
1372 980 1530 1046 locis,
1565 981 1805 1051 satisque
1849 980 2132 1048 probatum

524 1074 618 1129 —ab
649 1074 715 1129 iis
742 1074 836 1138 sit,
866 1089 932 1129 ex
964 1074 1146 1128 multis
1176 1073 1421 1144 epistolis
1456 1072 1652 1127 Leonis
1685 1088 1838 1143 papae
1872 1072 1887 1127 Ι
1919 1083 1972 1126 et
2003 1071 2137 1126 Gre-

548 1166 685 1236 gorii
729 1165 925 1237 Magni.
961 1166 1067 1221 Sed
1096 1175 1380 1241 postquam
1413 1173 1624 1236 recepta
1648 1180 1676 1218 a
1704 1164 1894 1221 Gothis
1926 1165 2131 1230 Sicilia,

545 1261 690 1330 quod
722 1258 820 1313 fuit
843 1259 945 1314 sub
970 1257 1267 1314 Justiniaui
1310 1259 1561 1329 imperio,
1588 1260 1654 1314 ad
1681 1258 1925 1315 Orientis
1960 1261 2135 1328 impe-

521 1352 689 1424 rrium
724 1352 774 1407 in
804 1353 1021 1422 politica
1068 1352 1540 1408 administratione
1586 1354 1867 1422 pertinuit,
1901 1367 2131 1422 praeser

549 1444 642 1498 tim
678 1461 807 1500 vero
837 1461 905 1502 ex
939 1456 1181 1515 tempore
1230 1445 1418 1517 synodi
1458 1461 1548 1510 vn,
1587 1462 1745 1515 quam
1781 1461 1947 1517 supra
1987 1456 2134 1502 retu-

546 1535 733 1599 limus,
784 1548 837 1592 et
889 1540 1125 1591 maxime
1171 1552 1303 1592 vero
1337 1538 1439 1591 sub
1490 1539 1717 1607 imperio
1762 1537 2042 1594 Michaelis
2080 1549 2134 1594 et

545 1630 723 1686 Photii
776 1630 1322 1699 pseudopatriarchre,
1356 1647 1455 1699 per
1484 1631 1829 1688 occasionem
1880 1633 2134 1701 potentia:

544 1723 935 1793 imperatorum
963 1726 1016 1778 et
1043 1725 1372 1794 synodorum
1421 1741 1541 1794 quae
1589 1727 1660 1779 ibi
1692 1726 2131 1793 celebrabantur,

545 1814 804 1882 paulatim
835 1813 941 1870 CP.
966 1817 1253 1886 episcopus
1283 1818 1448 1870 etiam
1480 1816 1906 1873 ecclesiasticam
1933 1818 2133 1875 Sicilia:

542 1904 989 1975 gubernationem
1042 1906 1111 1960 ad
1141 1922 1201 1961 se
1236 1910 1555 1977 pertrahere
1606 1910 1791 1978 erepit.
1843 1909 2131 1981 Nunquam

542 2003 727 2049 tamen
754 1997 805 2051 in
838 1998 1148 2053 universam
1165 1998 1364 2054 Sicilire
1387 1999 1685 2056 Eeclesiam
1720 2002 2021 2073 legitimum
2043 2003 2134 2074 jus

543 2088 902 2154 acquisivisse
935 2090 1147 2145 ostendi
1186 2100 1366 2161 potest
1400 2108 1412 2145 :
1447 2093 1543 2147 sed
1569 2105 1755 2148 contra
1789 2095 1968 2164 potius
2013 2111 2132 2150 eam

545 2190 875 2250 potestatem
909 2181 1009 2236 sibi
1045 2196 1355 2251 usurpasse,
1396 2183 1663 2239 renitente
1689 2182 1935 2239 Romano
1963 2187 2107 2254 ponti

547 2274 653 2328 tice
677 2273 988 2329 ostenditur
1004 2288 1068 2329 ex
1090 2275 1254 2345 epist.
1277 2273 1500 2330 Adriani
1519 2275 1536 2330 Ι
1563 2278 1630 2331 ad
1654 2276 2061 2334 Constantinum
2082 2287 2133 2333 et

543 2367 779 2432 lrcuem,
816 2369 917 2423 sub
960 2365 1156 2435 quibus
1213 2370 1451 2439 synodus
1497 2369 1588 2423 illa
1616 2385 1689 2423 vtt
1718 2380 1905 2425 contra
1943 2371 2132 2426 lcono-

545 2457 789 2522 mncbos,
829 2468 886 2511 ut
909 2456 1042 2523 dixi,
1099 2466 1319 2528 peracta
1371 2467 1490 2525 est;
1526 2458 1578 2513 itt
1618 2474 1723 2529 qua
1765 2459 2001 2528 pontifex
2036 2459 2157 2530 po-'

543 2552 727 2619 stulat,
763 2562 819 2607 ut
844 2554 1262 2608 consecrationes
1309 2553 1672 2623 episcoporum
1701 2563 1750 2609 et
1783 2552 2135 2624 archiepisco-

532 2660 735 2717 porum
765 2645 898 2698 sicut
936 2644 1145 2699 olitana
1195 2653 1399 2699 constat
1429 2645 1646 2699 traditio
1683 2654 1879 2700 nostra:
1901 2647 2134 2701 diwresis

548 2735 857 2789 adsistentes
901 2735 1109 2800 penitus
1158 2736 1409 2789 canonice
1440 2734 1500 2790 S.
1534 2734 1602 2788 Β.
1638 2735 1703 2789 E.
1743 2749 1935 2791 nostra:
1986 2738 2138 2792 resti-

546 2834 804 2890 tuantur,-
835 2832 891 2879 et
924 2839 990 2879 ex
1022 2824 1183 2894 epist.
1218 2823 1425 2880 Nicolai
1450 2825 1472 2880 Ι
1500 2826 1568 2880 ad
1597 2824 1914 2881 Michaelem
1963 2827 2137 2896 impe—

545 2928 785 2972 ratorem
812 2915 925 2984 jam
980 2916 1181 2971 dictum
1211 2932 1226 2971 :
1266 2915 1544 2982 Volumus,
1584 2929 1636 2971 ut
1669 2907 1999 2974 consecratio
2030 2921 2137 2991 Sy-

545 3023 806 3062 racusano
856 3008 1106 3077 episcopo
1164 3019 1343 3062 nostra
1391 3026 1421 3062 a
1467 3010 1589 3064 sede
1656 3011 2027 3078 impendatur,
2082 3023 2136 3066 ut

547 3101 766 3153 traditio
797 3100 860 3154 ab
891 3098 1141 3169 apostolis
1172 3101 1420 3155 instituta
1450 3102 1751 3157 nullatenus
1792 3108 1975 3158 vestris
2006 3115 2136 3159 tem-

546 3193 760 3261 poribus
813 3193 1070 3264 violetur;
1102 3200 1156 3248 et
1195 3194 1589 3262 posterioribus
1634 3194 1797 3250 etiam
1833 3197 2044 3252 saeculis
2068 3211 2134 3251 ex

547 3278 778 3352 epistola
813 3283 1105 3340 Alexandri
1136 3282 1201 3339 Ill
1232 3287 1299 3341 ad
1328 3285 1657 3341 Willelmum
1699 3286 1898 3341 Siciliae.
1930 3304 2133 3360 regem,

549 3376 640 3443 qui
675 3392 703 3430 a
740 3375 997 3446 pontiﬁce
1030 3375 1406 3441 contenderat,
1445 3392 1512 3431 ne
1535 3376 1827 3433 Gualterus
1854 3377 2137 3434 Panormi-

549 3474 713 3520 tanus
764 3465 1203 3537 archiepiscopus
1256 3465 1482 3521 Romam
1516 3467 1668 3523 adire
1711 3471 2139 3528 consecrationis

549 3571 719 3610 causa
774 3556 1213 3624 compelleretur,
1257 3558 1349 3613 sed
1395 3572 1514 3613 eam
1548 3559 1618 3613 ab
1665 3561 1838 3616 tribus
1877 3562 1945 3616 de
1988 3576 2140 3618 more

550 3648 820 3718 episcopis
876 3648 1127 3704 Panormi
1187 3650 1485 3720 reciperet;
1543 3652 1700 3722 cujus
1760 3654 2007 3726 petitioni
2063 3656 2136 3710 ita

552 3737 805 3794 rescribit
841 3737 1192 3794 Alexander:
1225 3738 1365 3793 Licet
1397 3741 1453 3795 in
1498 3743 1752 3796 memoria
1811 3755 1995 3799 nostra
2034 3762 2140 3800 non

550 3830 811 3893 exsistat,
870 3837 926 3880 ut
985 3830 1176 3898 aliquis
1239 3833 1685 3899 predecessorunt
1737 3837 1949 3906 prafeti
1992 3838 2142 3894 electi

552 3915 815 3972 Gualterii
868 3936 1099 3989 unquam
1145 3922 1304 3988 fuerit
1350 3923 1453 3976 nisi
1498 3941 1531 3978 α
1581 3922 1823 3980 Romano
1895 3929 2142 3996 ponti/ica

552 4019 908 4075 consecratus,
963 4011 1358 4066 considerantes
1394 4024 1590 4079 tamen,
1645 4026 1774 4082 etc.,
1807 4020 2141 4075 concedimus

556 4101 877 4168 consecrari,
912 4101 986 4153 ita
1019 4110 1193 4154 tamen
1234 4102 1373 4172 quod
1402 4104 1498 4156 hoc
1546 4121 1651 4158 non
1680 4107 1862 4162 debeat
1898 4110 1952 4162 in
1974 4121 2144 4178 postc-

558 4206 675 4241 rum
705 4191 757 4241 in
790 4189 1081 4258 exemplum
1120 4191 1344 4245 assumi.
1394 4190 1518 4247 Hatc
1543 4192 1870 4261 Alexander,
1898 4198 1989 4267 qui
2020 4214 2142 4254 eum

559 4282 625 4336 de
656 4280 1039 4337 Panormitana
1096 4283 1334 4337 Ecclesia
1386 4294 1612 4341 testetur
1656 4287 1861 4342 nullum
1894 4291 2144 4360 superio-

560 4388 680 4425 rum
712 4372 832 4441 ejus
884 4374 1187 4428 antistitum
1219 4374 1286 4429 ab
1335 4374 1441 4430 alio
1476 4392 1635 4447 quam
1667 4396 1696 4432 a
1728 4378 1971 4438 Romano
2012 4398 2145 4452 pon-

561 4462 707 4516 tifice
736 4461 900 4517 fuisse
936 4464 1229 4528 initiatum,
1262 4464 1330 4520 de
1357 4466 1483 4522 aliis
1505 4469 1668 4523 etiam
1705 4468 1905 4525 Siciliae
1936 4474 2146 4542 episco-

559 4553 643 4622 pis
672 4554 722 4607 id
754 4552 910 4608 nobis
946 4553 1217 4623 conjicere
1241 4554 1394 4609 liceat
1422 4575 1437 4624 ;
1474 4568 1636 4628 atque
1663 4562 1800 4615 adeo
1820 4577 1924 4615 non
1955 4577 2144 4620 omnes

563 4644 886 4714 patriarcha:
932 4642 1037 4699 (ΞΡ.
1070 4646 1365 4716 subjectos,
1406 4658 1462 4702 ttt
1492 4664 1555 4703 ex
1587 4650 1676 4705 illa
1718 4651 1914 4709 Leonis
1962 4656 2143 4725 dispo-

561 4738 760 4793 sitione
784 4736 980 4806 aliquis
1026 4739 1395 4807 argumentari
1427 4743 1615 4809 possit,
1660 4758 1835 4813 neque
1862 4762 2054 4802 omnes
2076 4750 2142 4804 ab

565 4845 630 4885 eo
657 4831 1123 4885 consecrationem
1151 4833 1449 4901 accepisse.
1479 4832 1591 4887 Nec
1615 4835 1794 4889 obstat
1826 4841 1967 4906 quod
1999 4840 2145 4909 lcga-

567 4938 709 4986 mus,
763 4922 1079 4978 Zachariam
1110 4942 1138 4979 a
1176 4927 1233 4980 S.
1267 4925 1540 4983 Mclbodio
1576 4945 1694 4984 eam
1744 4934 2039 5002 accepisse,
2089 4945 2146 4988 ttt

561 5030 724 5084 supra
774 5016 883 5070 disi
926 5032 989 5069 ex
1025 5031 1146 5086 syn.
1197 5032 1314 5098 νιιι,
1354 5029 1458 5072 act.
1493 5018 1549 5082 5,
1589 5020 1732 5089 quod
1781 5037 1911 5078 sane
1960 5027 2143 5094 negari

566 5124 672 5162 non
723 5117 936 5177 potest:
972 5126 1094 5162 nam
1134 5109 1259 5165 illud
1291 5125 1356 5163 ex
1389 5111 1567 5181 aliqua
1620 5113 1875 5180 peculiari
1923 5131 2148 5173 conces-

560 5203 714 5256 sione
747 5210 800 5255 et
828 5199 1107 5272 privilegio
1141 5200 1342 5256 factum
1376 5201 1555 5257 dicere
1584 5218 1893 5272 possumus.
1924 5205 2147 5263 POStre-

562 5308 708 5347 tntttn
764 5295 884 5347 dico
919 5310 1024 5348 non
1063 5310 1221 5363 posse
1260 5295 1392 5350 mihi
1448 5298 1759 5365 persuaderi
1795 5298 1938 5353 illam
1991 5302 2145 5355 avul-

557 5388 768 5443 sioneut
818 5387 1117 5443 Siciliensis
1154 5388 1432 5455 Ecclesia),
1481 5406 1602 5461 qua:
1636 5391 1833 5447 dicitur
1876 5393 2013 5449 facta
2046 5399 2147 5452 sub

562 5477 764 5547 Leone,
792 5480 859 5534 ab
889 5495 953 5536 eo
987 5480 1100 5536 ﬁeri
1148 5483 1420 5552 potuisse;
1458 5495 1578 5538 nam
1611 5500 1675 5539 eo
1706 5486 2006 5556 imperante
2031 5487 2145 5557 jam

562 5574 742 5629 omnis
802 5573 988 5629 Sicilia
1024 5592 1052 5628 a
1087 5575 1377 5631 Saracenis
1432 5578 1609 5634 fuerat
1657 5591 1941 5648 occUpata,
2005 5582 2148 5651 quod

562 5678 628 5716 ex
662 5668 1005 5737 chronologis
1034 5670 1221 5739 liquet,
1256 5654 1517 5737 Baronio,
1553 5672 1903 5742 Curopalata,
1932 5673 2149 5729 Fnzello

566 5766 824 5825 nostrate,
848 5765 902 5815 et
918 5761 1058 5827 aliis,
1077 5773 1128 5817 et
1147 5765 1346 5818 diserte
1365 5761 1754 5820 Cousmutinus
1776 5764 2152 5835 Porphyrogtz-

566 5856 688 5899 neta
727 5848 880 5920 imp.,
906 5851 1098 5909 Leonis
1123 5855 1287 5925 ipsius
1310 5856 1474 5924 ﬁlius,
1501 5856 1594 5913 lib.
1613 5874 1672 5923 tt,
1698 5858 1769 5912 De
1786 5860 1966 5924 tltem.,
1993 5859 2043 5913 iu
2069 5860 2152 5913 Si-

1545 399 1951 463 FRANCISCI
2002 396 2268 459 SCORSI
2313 400 2745 464 PRO(EMlUM
2785 403 2866 464 II.

3719 406 3816 468 ms

2241 514 2379 568 cilia:
2403 518 2594 583 them,
2617 532 2773 589 quem
2797 519 2972 573 locum
2995 517 3289 575 retulimus
3302 518 3538 575 Promm.
3567 519 3654 593 ις
3680 539 3714 583 ι,
3740 526 3829 593 (μί

2238 611 2413 677 captis
2437 612 2651 664 caeteris
2684 610 2909 665 urbibus
2932 611 3237 679 Syracusas
3264 612 3367 665 sub
3391 610 3593 667 Basilio
3633 611 3831 668 Leonis

2237 712 2415 769 patre,
2439 701 2868 759 Tauromenium
2884 703 2986 759 sub
3006 702 3188 759 Leone
3210 715 3434 773 parente
3450 718 3551 759 suo
3564 720 3835 776 expugna-

2241 802 2350 850 tum
2382 795 2549 851 fuisse
2590 804 2841 851 testatur.
2887 794 3056 865 Igitur
3077 795 3188 865 jam
3225 807 3335 850 tum
3364 797 3574 853 ditione
3616 799 3832 867 politica

2237 888 2518 944 desierant
2550 888 2738 953 etiam,
2773 888 2856 942 vel
2886 889 3066 957 potius
3095 889 3367 944 deturbati
3400 890 3580 945 throni
3609 890 3832 946 fuerant

2238 981 2639 1051 episcoporum.
2685 979 3023 1034 Crediderim
3079 981 3261 1051 potius
3295 982 3348 1035 in
3382 998 3444 1036 ea
3491 984 3701 1037 novella
3735 999 3829 1038 so-

2239 1073 2349 1127 lum
2389 1073 2739 1126 constitutam
2772 1086 2896 1127 esse
2922 1086 3113 1125 novam
3165 1074 3574 1143 episcoporum,
3613 1074 3706 1143 qui
3739 1089 3836 1144 pa-
3930 1116 3931 1119 η

2239 1166 2488 1221 triarehze
2536 1164 2640 1218 (ΞΡ.
2677 1163 2904 1231 subjecti
2959 1176 3134 1228 erant,
3174 1167 3587 1235 dispositionem
3639 1178 3694 1221 et
3740 1183 3837 1221 or-

2238 1258 2418 1313 dinem
2475 1273 2584 1327 quo
2639 1272 2782 1312 unus
2833 1257 2990 1311 alteri
3053 1262 3387 1326 prmcederet
3438 1261 3493 1314 in
3547 1274 3834 1315 consessu.

2239 1350 2508 1407 Caeterum
2545 1351 2688 1405 illam
2719 1350 3057 1404 evolsionem
3096 1350 3293 1405 factam
3326 1362 3568 1419 tempore
3599 1351 3838 1405 Michae-

2238 1443 2303 1498 lis
2338 1445 2484 1513 imp.~
2518 1451 2572 1497 et
2612 1443 2926 1498 schismatis
2977 1444 3260 1503 Photiani,
3297 1445 3410 1512 qui,
3465 1453 3523 1498 ut
3568 1443 3838 1513 Gregorio

2236 1536 2479 1592 AsbeStae
2519 1536 2860 1605 Syracusano
2913 1540 3138 1605 gratiam
3199 1536 3450 1601 referret,
3482 1537 3606 1606 ejus
3638 1535 3837 1590 Eccle-

2239 1631 2376 1685 siam
2427 1627 2766 1697 metropolim
2833 1642 3042 1692 creare,
3098 1629 3261 1698 eique
3311 1639 3537 1683 caeteras
3578 1627 3839 1682 Sicilien-

2238 1734 2328 1774 ses
2376 1717 2645 1786 subjicere
2696 1732 2800 1786 qua
2848 1717 2974 1788 jure
3028 1733 3245 1788 quaque
3300 1718 3498 1787 injuria
3555 1718 3727 1773 voluit
3783 1726 3840 1772 et

2238 1822 2464 1869 conatus
2495 1825 2577 1867 εει
2609 1812 2957 1883 imperatoria
3011 1811 3186 1866 fretus
3225 1812 3512 1882 potentia;
3554 1811 3639 1864 cui
3671 1809 3838 1864 etiam

2238 1910 2362 1976 plus
2408 1909 2544 1961 satis
2588 1906 2638 1959 in
2693 1920 2873 1959 rerum
2928 1904 3430 1960 ecclesiasticarum
3481 1902 3841 1972 dispositione

2239 1998 2551 2052 tribuerunt
2591 1998 2765 2053 Gnaei
2801 2015 2814 2051 :
2847 1999 2987 2066 quod
3025 1999 3275 2063 queritur
3310 1995 3602 2051 Gretserus
3646 2003 3841 2048 noster

2239 2094 2291 2147 in
2320 2093 2587 2148 Codiuum
2625 2091 2695 2145 De
2724 2091 2919 2161 ofﬁciis
2951 2091 3091 2145 auita
3121 2090 3425 2155 ConstanL,
3447 2092 3691 2159 adeoque
3726 2103 3834 2157 po—

2239 2185 2348 2239 tius
2373 2185 2425 2237 iu
2457 2185 2860 2251 contentionem
2889 2184 3207 2254 quamdam,
3236 2197 3398 2251 quam
3428 2181 3482 2236 in
3512 2179 3839 2250 possessio-

2239 2292 2362 2332 nem
2382 2276 2486 2333 CP.
2521 2285 2663 2345 patr.
2684 2274 2883 2329 Sicilire
2907 2274 3078 2331 fuisse
3107 2275 3391 2328 deductam
3425 2271 3746 2336 Ecelesiam,
3769 2286 3841 2327 eo

2238 2370 2634 2438 prepemodum
2705 2368 2863 2421 modo
2926 2382 3036 2437 quo
3089 2369 3154 2421 de
3214 2365 3493 2436 Bulgariea
3554 2364 3839 2434 provincia

2241 2475 2430 2516 recens
2454 2460 2521 2514 ad
2555 2460 2711 2514 fidem
2767 2474 3028 2515 conversa
3060 2473 3156 2527 per
3183 2458 3375 2512 eadem
3429 2465 3675 2524 tempora
3728 2454 3841 2506 Ba-

2237 2550 2343 2604 silii
2401 2549 2534 2620 imp.
2584 2561 2702 2604 orta
2754 2548 3127 2604 controversia
3178 2557 3266 2603 est
3311 2548 3458 2602 inter
3532 2545 3839 2617 patriarclt.

2240 2644 2507 2714 lguatium
2541 2653 2596 2698 et
2631 2643 2940 2712 pontiﬁcem
2981 2639 3629 2710 Romanum,prtesertim
3659 2637 3841 2692 Joan-

2240 2749 2365 2789 nem
2400 2731 2533 2798 Vlll,
2568 2740 2628 2785 ιιι
2665 2731 2972 2802 legentibus
3029 2731 3307 2784 historiam
3334 2729 3574 2799 ejusdem
3606 2728 3703 2781 aevi
3734 2736 3841 2782 no-

2244 2834 2353 2883 tum
2404 2835 2508 2883 est.
2558 2824 2666 2880 Sed
2714 2823 2830 2878 luce
2872 2838 3007 2892 quae'
3037 2822 3360 2877 obscuriora
3407 2826 3553 2880 Sunt,
3608 2833 3773 2886 quam
3806 2833 3837 2871 a

2239 2921 2397 2977 nobis
2450 2918 2595 2974 vela
2640 2916 2894 2985 quopiam
2926 2931 2993 2970 ex
3025 2914 3145 2969 luce
3191 2913 3419 2968 aliarum
3476 2912 3837 2967 historiarum

2240 3014 2529 3072 illuminari
2556 3020 2610 3070 et
2628 3011 2921 3082 disceptari
2953 3012 3188 3082 possint,
3221 3019 3500 3080 utcunque
3520 3006 3839 3062 existimata

2239 3110 2370 3172 sint,
2419 3106 2560 3162 haud
2592 3107 2645 3160 in
2674 3119 2874 3176 magno
2911 3117 3131 3173 ponam,
3191 3105 3353 3158 modo
3408 3100 3539 3155 illud
3595 3108 3837 3162 constet,

2239 3201 2385 3273 quod
2445 3201 2702 3256 omnibus
2765 3212 3087 3267 persuasum
3147 3196 3328 3259 velim,
3374 3204 3427 3249 et
3458 3193 3661 3262 Optima
3722 3192 3839 3245 fide

2243 3299 2500 3362 priestare
2535 3305 2777 3360 possum,
2835 3286 3039 3342 nullum
3070 3287 3124 3341 in
3157 3284 3244 3341 his
3277 3283 3516 3339 homiliis
3569 3296 3843 3351 apparere

2240 3387 2550 3444 schistnatis
2583 3386 2744 3441 ullius
2780 3384 3092 3452 vestigium,
3141 3382 3283 3449 quod
3325 3377 3521 3431 attinet
3547 3376 3612 3428 ad
3646 3373 3843 3443 Subje-

2241 3483 2475 3538 etionem
2530 3480 2596 3534 ad
2646 3478 2945 3533 Romanam
2975 3475 3184 3538 sedem,
3234 3471 3327 3527 sed
3365 3471 3548 3540 potius
3597 3467 3843 3539 plurima

2242 3591 2496 3645 expressa
2569 3582 2883 3643 argumenta
2949 3565 3347 3623 communionis
3397 3564 3465 3618 ad
3510 3561 3699 3626 illam,
3778 3568 3847 3613 ut

2242 3682 2405 3738 supra
2435 3667 2597 3721 etiam
2631 3664 2766 3729 dixi,
2803 3666 3047 3731 adeoque
3102 3659 3244 3726 quod
3278 3658 3344 3711 ad
3378 3658 3518 3710 hanc
3553 3668 3666 3709 rem
3703 3655 3848 3707 alti-

2244 3768 2356 3823 net,
2405 3772 2499 3810 cas
2529 3752 2794 3809 iuoll‘enso
2830 3752 2963 3823 pede
3010 3749 3108 3818 legi
3146 3764 3325 3819 posse.
3377 3745 3563 3815 Neque
3599 3760 3731 3800 vero
3767 3760 3846 3797 rx

2246 3850 2332 3906 illa
2388 3847 2636 3919 epistola,
2694 3862 2855 3912 quam
2911 3859 3072 3912 supra
3107 3857 3173 3897 ex
3221 3841 3534 3911 conjectura
3563 3854 3593 3892 a
3638 3838 3849 3891 PhOtio

2250 3943 2472 3997 missam
2509 3939 2825 4008 TheOphani
2866 3940 3134 3991 monacho
3166 3934 3349 3997 retuli,
3392 3930 3595 4003 aliquid
3642 3932 3851 3985 adver-

2249 4049 2347 4089 sus
2381 4031 2792 4100 TlteOphanem,
2838 4029 2988 4098 quasi
3014 4026 3297 4082 conscium
3338 4023 3651 4080 schiStnatis
3691 4023 3817 4078 ΡΙιο

2252 4125 2403 4189 tiani,
2436 4123 2662 4192 ejusque
2709 4121 2941 4190 partium
2981 4118 3283 4173 studiosum
3312 4116 3430 4172 elici
3456 4124 3664 4185 potest;
3701 4116 3849 4171 nilil

2249 4214 2392 4269 enim
2434 4213 2486 4267 in
2530 4228 2595 4269 ea
2642 4211 2819 4283 agitur
2862 4210 3006 4280 quod
3058 4209 3124 4263 ad
3181 4206 3492 4278 hujusmodi
3541 4204 3850 4260 factionem

2249 4313 2459 4376 spectet
2488 4323 2503 4361 :
2533 4303 2584 4359 id
2613 4306 2753 4372 quod
2794 4315 2973 4358 tamen
3013 4303 3065 4355 in
3096 4301 3220 4355 aliis
3257 4298 3503 4368 epistolis
3532 4299 3598 4350 ad
3626 4296 3856 4367 Euthy-

2254 4398 2418 4454 miutn
2448 4406 2502 4453 et
2546 4396 2868 4464 Gregmium
2905 4395 2988 4463 agi
3025 4394 3270 4448 tidetttr:
3300 4391 3394 4446 sed
3438 4390 3611 4447 solum
3644 4390 3712 4445 de
3741 4390 3858 4443 dt:-

2252 4489 2497 4545 fensione
2529 4489 2799 4559 dogmatis
2854 4485 3174 4553 pertinentis
3205 4483 3271 4538 ad
3313 4498 3499 4538 sacras
3544 4482 3851 4551 imagines,

2251 4593 2307 4637 et
2336 4581 2604 4651 prascipue
2631 4595 2698 4633 an
2727 4580 2976 4633 Christus
3010 4584 3155 4631 esset
3183 4574 3573 4645 depingeudus,
3606 4582 3664 4626 ut
3689 4572 3860 4628 clare

2252 4689 2371 4730 eam
2409 4671 2604 4742 legenti
2638 4682 2894 4725 constare
2946 4678 3160 4738 potest:
3196 4667 3392 4722 deinde
3418 4680 3577 4720 nemo
3602 4664 3862 4719 allirma-

2253 4766 2325 4821 rit
2363 4780 2391 4820 a
2436 4764 2628 4820 Pltotio
2662 4763 2772 4833 jam
2830 4762 3301 4817 excommunicato
3347 4765 3400 4813 et
3444 4756 3655 4825 dejecto
3716 4771 3859 4812 eam

2251 4856 2535 4927 epistolam
2586 4855 2807 4910 missam
2842 4872 2855 4908 :
2886 4855 2979 4908 sed
3012 4854 3189 4922 potius
3238 4849 3603 4920 probabiliore
3661 4851 3869 4916 conje-

2253 4955 2403 4999 ctura
2441 4944 2705 5008 censebit,
2742 4959 2865 4997 cum
2912 4942 3225 5010 Theophani
3266 4939 3443 4995 adhuc
3479 4938 3863 4995 monasticam

2252 5039 2417 5094 vitam
2452 5038 2633 5108 agenti
2664 5040 2731 5093 sit
2778 5038 3005 5106 scripta,
3037 5051 3102 5089 eo
3136 5043 3379 5102 tempore
3436 5033 3694 5101 seriptam
3728 5046 3866 5099 quo

2254 5129 2430 5183 Pbotii
2461 5145 2619 5182 causa
2654 5132 2890 5182 nondum
2924 5130 3058 5183 bene
3091 5134 3367 5195 perspecta
3410 5126 3785 5192 damnataque
3823 5140 3867 5181 λ

2251 5223 2378 5277 sede
2422 5220 2669 5274 Romana
2699 5230 2752 5274 et
2797 5229 2981 5287 postea
3008 5233 3035 5270 a
3069 5218 3274 5287 synodo
3315 5230 3408 5270 vttt
3446 5215 3659 5270 fuisset.
3712 5214 3874 5273 Post

2254 5315 2397 5369 bane
2455 5322 2632 5368 autem
2698 5310 2987 5381 synodum,
3030 5319 3084 5364 et
3135 5309 3489 5377 compositum
3556 5322 3651 5376 per
3718 5322 3866 5363 eam

2253 5407 2515 5470 schismn,
2568 5405 2883 5472 redditaque
2932 5402 3182 5456 Ecclesia:
3227 5399 3486 5455 Orientali
3537 5399 3883 5468 tranquilli-

2254 5508 2388 5563 tate,
2451 5498 2833 5568 Theophanem
2891 5497 2957 5549 ad
3008 5494 3400 5564 archiepiscopi
3457 5494 3640 5548 sedem
3676 5490 3880 5550 fniSse

2253 5602 2589 5661 promotum,
2623 5600 2679 5642 ut
2706 5587 2861 5642 initio
2893 5587 3004 5641 dixi
3045 5588 3171 5642 mihi
3202 5600 3410 5641 certum
3454 5582 3699 5653 appa'rct.

2331 5720 2359 5792 §
2399 5719 2537 5775 Vill.
2576 5716 3036 5789 Peregrinationes
3080 5736 3112 5772 α
3151 5716 3453 5785 ΤΙιεομΙιιιηε
3497 5724 3783 5779 susceptor.

2334 5858 2622 5928 Reliquum
2652 5856 2765 5927 jam
2796 5867 2897 5924 est,
2936 5866 2992 5911 ut
3020 5871 3142 5926 quae
3168 5854 3238 5910 de
3266 5853 3427 5909 rebus
3460 5866 3489 5905 a
3516 5849 3888 5915 Theophane
