4122 6416
391 353 500 443 toil

386 501 559 569 gestis
588 499 760 569 tlequc
786 503 1082 560 virtutibus
1114 517 1238 560 sunt
1270 507 1322 560 itt
1359 508 1442 561 his
1479 510 1821 563 sermonibus
1853 511 1949 562 rt-li

387 603 482 644 cta
530 593 750 662 vestigia
794 607 1195 664 r0ttsectemur,
1229 606 1285 652 ttt
1320 600 1553 670 aliquam
1598 603 1808 655 tandem
1847 603 1969 656 vitae

388 683 513 752 ejus
538 688 772 753 speciem
806 688 1217 746 adutnbremus.
1247 691 1379 746 llltttl
1408 703 1588 748 autem
1617 697 1760 764 quod
1793 696 1858 747 ad
1891 711 1978 750 res

389 787 576 842 gestas
619 781 834 846 attinet,
878 795 1130 838 constare
1163 795 1358 853 potest,
1404 801 1526 839 eum
1581 803 1683 840 non
1719 800 1976 857 perpetuo

387 868 741 928 Tauromeuii
781 891 904 928 cum
939 891 1081 932 esset
1123 880 1407 949 episCOptts
1440 882 1728 946 resedisse,
1766 885 1860 937 sed
1893 885 1973 936 vel

387 963 596 1033 negotii
627 964 883 1021 Ecclesia:
918 984 1026 1022 sine
1054 971 1309 1032 obeundi,
1341 972 1421 1023 Vt"
1472 971 1686 1040 pietatis
1733 989 1796 1028 ac
1845 975 1965 1027 rcli-

382 1055 568 1124 gionis
603 1071 729 1125 ergo
776 1075 1001 1129 peregre
1044 1062 1110 1114 ab
1159 1077 1221 1115 ea
1269 1063 1436 1117 fuisse
1473 1063 1771 1130 profectum
1803 1085 1816 1119 :
1847 1082 1969 1120 nam

383 1148 453 1196 de
487 1149 729 1201 terrestri
759 1165 854 1217 per
885 1151 1127 1205 Siciliam
1164 1153 1356 1206 itinere
1386 1155 1612 1221 ipsemet
1647 1156 1756 1226 agit
1787 1157 1838 1208 in
1872 1157 1970 1208 ho-

377 1235 534 1288 milia
584 1238 648 1290 de
697 1250 880 1292 sancto
930 1238 1218 1296 Pancratio
1262 1242 1470 1312 (homil.
1520 1246 1675 1313 LVII),
1725 1249 1812 1300 ubi
1863 1264 1967 1302 non

377 1329 603 1384 venisse
636 1345 695 1385 se
723 1333 853 1386 dicit
882 1335 1111 1387 κατόπιν
1153 1335 1252 1404 τῆς
1302 1338 1520 1407 ἑορτῆς,
1570 1340 1671 1393 huc
1715 1350 1794 1395 est
1840 1345 1968 1412 festo

373 1433 618 1488 peracto,
660 1425 735 1478 uti
774 1430 1057 1494 proverbio
1093 1429 1286 1494 fertur,
1333 1435 1582 1500 quamvis
1628 1435 1677 1488 id
1715 1452 1780 1489 ne
1817 1439 1965 1490 arci-

377 1513 536 1566 derct
563 1516 769 1571 veritus
799 1519 901 1584 sit;
927 1523 1018 1574 sel
1051 1521 1121 1574 ita
1157 1529 1462 1578 tttaturasse
1488 1524 1610 1592 iter,
1644 1538 1702 1580 ut
1736 1529 1962 1597 tempori

377 1604 449 1658 ad
519 1607 810 1663 ecclesiam
879 1627 1033 1666 suam
1099 1613 1404 1684 festumque
1463 1615 1605 1670 diem
1665 1619 1960 1673 solemnem

378 1695 440 1750 S.
479 1697 751 1754 Pancratii
781 1704 1164 1760 celebrandum
1202 1725 1304 1761 una
1333 1725 1456 1764 eum
1492 1725 1590 1764 suo
1621 1711 1813 1778 pupulo
1842 1729 1962 1781 per-

373 1791 614 1845 veniret.
650 1793 712 1846 Et
736 1796 950 1862 quidem
973 1798 1243 1854 Panormo
1278 1809 1388 1853 tum
1420 1818 1476 1856 se
1513 1803 1696 1856 venite
1722 1805 1960 1858 ostendit

367 1881 482 1935 illis
509 1883 691 1937 verbis
724 1902 737 1938 :
781 1884 862 1938 Ea:
892 1891 1126 1942 terrestri
1163 1891 1346 1944 itinere
1382 1891 1650 1946 Panormo
1678 1895 1957 1948 adrenien-

366 1983 447 2026 tes
476 1975 638 2041 fracti
661 1993 879 2044 corpore
899 1997 1113 2044 sumus;
1145 1983 1232 2035 sed
1259 1985 1331 2036 vis
1357 1994 1431 2038 est
1460 1985 1703 2052 facienda
1732 1986 1957 2053 inﬁrmi-

366 2069 473 2119 tati
503 2071 758 2136 carparis.
787 2073 902 2137 Qua
940 2089 1063 2128 vero
1089 2075 1154 2129 de
1181 2091 1342 2132 causa
1374 2076 1698 2131 Panormum
1733 2095 1790 2132 se
1819 2093 1953 2133 con-

365 2159 581 2223 tulerit,
620 2162 763 2216 haud
817 2174 997 2234 potest
1046 2182 1109 2221 ex
1162 2167 1344 2237 aliquo
1397 2171 1516 2224 loco
1564 2170 1761 2241 colligi.
1797 2171 1953 2225 tit-rte

367 2249 479 2302 title
508 2251 722 2317 publica
759 2269 853 2322 per
883 2256 1146 2323 inducias,
1177 2257 1318 2314 forte
1353 2261 1418 2313 ad
1451 2261 1797 2317 redimendos
1853 2278 1949 2318 ca-

361 2345 570 2411 ptivos,
600 2360 662 2398 eo
698 2347 913 2404 venisse
931 2352 1239 2406 verosimile
1271 2352 1439 2408 videri
1478 2355 1666 2422 possit,
1704 2371 1825 2409 cum
1858 2373 1952 2424 per

363 2437 415 2486 il
450 2448 665 2503 tempus
690 2435 801 2506 jam
834 2443 885 2492 in
919 2439 1316 2498 Saracenorum
1359 2456 1503 2499 esset
1546 2456 1812 2515 potestate
1843 2463 1948 2502 non

358 2527 542 2580 solum
568 2528 892 2598 Panormus,
925 2536 1016 2588 sed
1047 2536 1296 2590 universa
1340 2554 1473 2604 pene
1507 2536 1685 2592 Sicilia
1721 2551 1949 2609 excepto

358 2615 756 2686 Tauromenio,
787 2637 850 2677 ac
884 2625 1135 2681 fortassis
1165 2629 1327 2681 etiam
1359 2627 1664 2698 Syracusis,
1693 2645 1814 2700 qua:
1846 2632 1948 2686 sub

355 2708 566 2765 Basilio
625 2713 920 2771 MacedOne
971 2721 1186 2775 tandem
1245 2731 1374 2776 sunt
1420 2735 1741 2795 expugnatae
1784 2743 1796 2778 :
1850 2741 1948 2781 nec

355 2803 591 2857 Celarim
624 2805 883 2861 lectorem
917 2809 972 2862 itt
1005 2811 1280 2881 aliquibus
1309 2829 1438 2867 mss.
1472 2831 1576 2868 non
1606 2817 1707 2887 legi
1743 2818 1949 2890 Πανορ-

359 2893 538 2963 μῆῦεν
561 2895 898 2967 ὁδοιπορίας,
923 2902 1016 2957 sed
1039 2903 1380 2974 ὁρμηθείσης
1411 2908 1740 2978 ὁδοιπορίας.
1768 2909 1948 2966 Facile

353 2994 544 3038 autem
571 2988 745 3055 potuit
763 3004 827 3042 ex
852 2991 1066 3058 ingenio
1085 2995 1370 3064 scriptoris
1393 2998 1477 3050 cui
1504 2997 1641 3054 forte
1660 3001 1721 3053 τὸ
1741 3002 1948 3073 Πανορ-

354 3077 560 3146 μῆθεν,
597 3078 678 3132 vel
719 3080 1010 3136 obscurum
1045 3083 1129 3138 vel
1178 3086 1418 3143 insolens
1446 3089 1615 3145 videri
1647 3095 1847 3162 potuit,
1891 3096 1944 3149 id

352 3151 711 3225 commutari.
765 3175 871 3230 Sed
921 3176 1280 3248 Πανορμῆθεν
1332 3182 1436 3236 dici
1489 3151 1944 3257 ὲπιρέηματικῶς

345 3275 416 3316 ex
457 3277 560 3316 usu
598 3263 800 3321 Graecae
850 3268 1046 3338 linguae
1081 3280 1197 3336 est;
1250 3272 1410 3326 sicuti
1456 3274 1524 3329 ab
1572 3273 1808 3333 llotitero
1856 3279 1940 3334 di—

347 3362 500 3404 t‘tuttt
534 3353 870 3426 Σιδονιῆοεν,
899 3375 966 3414 ea:
998 3357 1229 3426 Sidone;
1261 3372 1316 3416 et
1348 3363 1513 3418 multa
1554 3365 1658 3420 alia
1689 3367 1741 3422 id
1775 3385 1942 3438 genus

347 3443 595 3509 reperiat
625 3445 802 3512 quivis
836 3451 975 3517 apud
1025 3459 1299 3506 auctores.
1333 3450 1452 3506 Iam
1506 3456 1671 3525 igitur
1720 3462 1942 3530 cofliges

344 3549 411 3587 ex
446 3535 549 3586 hoc
583 3535 703 3590 loco
737 3538 884 3590 illum
919 3555 1146 3610 peregre
1177 3544 1461 3600 advenisse
1493 3547 1935 3618 Tauromenium,

343 3642 401 3686 et
435 3633 659 3701 quidem
700 3642 863 3690 terra.
895 3635 1050 3702 Quod
1081 3649 1257 3693 autem
1287 3643 1451 3695 etiam
1480 3646 1748 3714 navigarit
1782 3657 1937 3702 extra

344 3726 622 3791 Siciliain,
657 3739 712 3782 et
760 3729 956 3784 fretum
1008 3730 1386 3787 Mamertinum
1439 3735 1738 3803 traiecerit,
1783 3749 1936 3793 extra

341 3821 784 3873 controversiam
817 3831 922 3883 cet,
954 3837 1052 3876 nec
1079 3825 1434 3894 ambiguitate
1461 3829 1746 3896 scripturae.
1780 3830 1937 3882 inob-

341 3915 625 3960 sruratur.
650 3907 880 3961 Constat
907 3909 1052 3962 enim
1077 3925 1140 3964 ex
1171 3913 1390 3966 hotnilia
1427 3916 1482 3968 in
1509 3927 1750 3971 sanctum
1775 3919 1935 3974 Nico-

337 3996 486 4058 laum
526 3997 742 4066 (homil.
780 3999 855 4067 ι),
904 4001 992 4052 ubi
1038 4001 1282 4070 ejusdem
1316 4007 1492 4060 sancti
1524 4009 1732 4064 Nicolai
1767 4025 1867 4080 ope
1903 4029 1930 4067 a

337 4105 537 4158 inagna
575 4101 898 4163 tempesrate
925 4097 978 4150 in
1009 4113 1073 4152 eo
1104 4097 1242 4154 freto
1272 4109 1457 4155 coorta
1491 4119 1549 4160 se
1577 4119 1652 4159 ret
1673 4115 1933 4177 torosque

337 4188 576 4235 exteros
603 4183 862 4239 liberatos
913 4189 1086 4242 docet.
1133 4189 1275 4261 Lege
1318 4209 1442 4245 eum
1487 4195 1696 4262 locum;
1726 4213 1788 4250 ex
1822 4215 1931 4268 quo

333 4274 505 4325 etiam
543 4288 657 4328 non
694 4276 924 4330 obscure
958 4293 1294 4349 auguramur
1341 4301 1458 4337 eam
1510 4287 1786 4343 ltomiliatn
1819 4307 1926 4346 non

334 4363 689 4420 Tauromenit
723 4368 960 4423 habitam
998 4389 1012 4426 :
1052 4372 1123 4425 ita
1158 4375 1301 4428 enim
1335 4375 1580 4446 loquitur
1607 4384 1671 4435 de
1698 4383 1928 4440 Mamer-

332 4433 455 4509 tino
483 4456 650 4521 freto,
679 4457 860 4526 itaque
892 4461 1023 4516 illud
1055 4463 1334 4531 describit,
1363 4479 1418 4521 ιιι
1442 4485 1548 4523 non
1576 4480 1759 4528 notum
1793 4491 1927 4544 pene

332 4557 467 4603 ante
511 4549 705 4603 oculos
753 4554 1009 4620 positum,
1049 4563 1106 4607 ut
1154 4553 1629 4618 Tauromenitanis
1678 4573 1780 4630 est,
1832 4569 1924 4619 sed

331 4647 612 4692 remotum
665 4641 732 4692 ab
781 4643 1142 4708 auditoribus,
1197 4663 1295 4702 nec
1343 4651 1567 4708 omnino
1609 4657 1920 4724 cognitum;

331 4730 413 4783 sic
438 4730 590 4784 enim
614 4732 688 4784 ait
711 4749 724 4784 :
746 4733 972 4788 Πλέοντι
997 4737 1103 4806 γάρ
1129 4737 1219 4807 μοί
1242 4755 1371 4792 ποτε
1394 4744 1521 4812 περὶ
1541 4744 1692 4797 δύσιν
1719 4746 1923 4815 Πληϊά-

327 4819 440 4874 δων
476 4821 571 4874 τὸν
612 4823 895 4877 Σικελικὸν
929 4826 1196 4898 πορθμὸν,
1238 4829 1297 4892 ὃς
1331 4832 1538 4898 μεταξὺ
1572 4833 1666 4886 τοῦ
1702 4834 1918 4906 Ῥηγίου

325 4911 426 4964 καὶ
451 4911 704 4976 Σικελίας
731 4916 1100 4984 ρευματωὸῶς
1129 4920 1496 4992 καταφέρεται
1515 4938 1530 4954 ·
1554 4939 1672 4992 qua:
1699 4927 1776 4980 sic
1808 4937 1917 4981 tra-

320 5005 458 5057 duxi
494 5022 509 5058 :
546 5003 680 5057 Cum
721 5010 856 5060 enim
903 5013 1200 5079 navigarem
1235 5013 1524 5084 aliquando
1566 5017 1706 5072 circa
1742 5020 1916 5075 Pleia-

319 5096 457 5148 dum
501 5111 747 5149 occasum
793 5114 884 5165 per
917 5101 1162 5155 Siculum
1195 5103 1410 5170 fretum,
1437 5109 1572 5176 quod
1613 5111 1750 5164 inter
1778 5111 1914 5166 Rite-

319 5188 470 5257 gium
500 5198 550 5240 et
585 5186 831 5242 Siciliam
872 5192 1108 5260 ﬂuminis
1142 5196 1317 5249 instar
1350 5199 1606 5253 decurrit.
1642 5201 1780 5268 Quid
1812 5221 1912 5259 ne-

319 5295 483 5335 cesse
513 5280 619 5334 fuit
650 5282 737 5335 illa
770 5282 1072 5352 designatio
1113 5287 1216 5340 loci
1249 5296 1304 5343 et
1337 5288 1458 5343 freti
1499 5291 1778 5359 ﬂuxustptc
1817 5297 1912 5350 de-

319 5374 580 5443 scriptio,
614 5374 658 5427 si
697 5374 1048 5431 Tauromenii
1101 5379 1192 5432 illa
1239 5381 1502 5436 dixisset?
1531 5384 1666 5450 Quid
1701 5385 1909 5443 Tauro-

321 5466 488 5519 tnettii
524 5465 719 5520 incolis
753 5468 975 5522 notius?
1003 5468 1168 5539 lgitnr
1191 5483 1342 5526 extra
1377 5473 1617 5531 Siciliam
1649 5491 1907 5536 eratcum

316 5573 383 5610 ea
434 5557 674 5612 dici-bat.
709 5559 843 5612 Cum
882 5577 1008 5613 vero
1043 5561 1506 5634 Constantinopoli
1542 5585 1663 5625 eum
1703 5573 1908 5629 dixisse

317 5652 602 5705 bomiliam
633 5655 721 5718 εἰς
751 5655 823 5706 τὰ
847 5654 999 5717 ,ϐάὶὶι
1022 5655 1230 5724 (homil.
1260 5660 1409 5731 xxvt)
1432 5677 1589 5730 supra
1623 5679 1902 5722 ostensum

285 5745 411 5806 -sit,
456 5745 658 5799 ibidem
711 5749 878 5801 etiam
935 5747 1073 5802 hanc
1129 5751 1327 5805 dictam
1382 5753 1525 5807 haud
1579 5759 1900 5829 abnuerim;

314 5832 446 5892 licet
493 5837 541 5893 si
589 5841 710 5910 quis
761 5840 888 5895 alibi
939 5841 1142 5896 dictum
1187 5843 1307 5898 velit
1360 5844 1499 5900 haud
1532 5856 1896 5922 repugnarim,

1375 395 1774 456 FiH-NCISCI
1817 399 2085 461 sconsr
2134 405 2572 474 Paed:an
2610 393 2694 476 ti.

2986 499 2997 505 _
3561 437 3661 498 tztt

2087 531 2206 569 cum
2256 536 2353 573 nec
2387 525 2515 591 quid
2565 527 2823 585 allirmcrn
2877 533 3135 603 habeam,
3175 541 3225 594 in
3277 560 3378 614 qua
3415 550 3544 605 urbe
3589 560 3661 609 sit

2086 607 2252 675 dicta,
2291 622 2392 666 nec
2426 617 2553 685 quid
2592 635 2802 689 negem.
2841 625 2959 680 Jatn
2995 631 3158 685 etiam
3201 646 3407 692 certum
3446 657 3659 701 constat

2080 714 2203 754 eum
2267 703 2656 780 Hierosolymis
2717 716 2900 783 fuisse,
2957 734 3013 778 et
3061 725 3174 781 loca
3229 742 3414 788 sancta
3474 740 3660 807 perlu-

2081 801 2319 860 strasse;
2370 804 2692 858 crediderim
2745 811 2994 879 equidem
3055 818 3120 870 ad
3172 823 3390 890 pietatis
3442 845 3657 888 sensum

2080 884 2428 952 explendum.
2459 891 2550 948 Sic
2594 897 2737 953 enim
2769 902 2969 960 diserte
3013 884 3211 967 tinetur
3242 915 3386 972 hom.
3417 920 3492 976 De
3519 924 3657 980 Pas-

2078 975 2224 1029 sione
2243 979 2453 1046 (homil.
2477 990 2667 1054 xxv"),
2693 993 2780 1046 tibi
2804 1003 3142 1060 cmnaculum
3166 1008 3458 1067 describit:
3493 1017 3581 1071 Ἐν
3600 1019 3657 1075 δὲ

2075 1067 2152 1134 τῷ
2183 1072 2443 1143 μετεώρῳ
2487 1079 2588 1146 τῆς
2628 1082 2984 1159 Ἰερουσαλὴμ
3015 1095 3401 1172 ἀνῳκοδόμητο
3430 1109 3659 1179 εὐκραεί

3099 1159 3109 1167 ,
3263 1159 3272 1170 ι
3325 1159 3336 1172 ι
3471 1159 3654 1179 ’"I’ﬂ"

2075 1159 2198 1228 ἀέρι
2248 1170 2589 1237 πανταχόθεν
2643 1175 2922 1246 χεόμενος,
2976 1184 3053 1247 ὡς
3108 1192 3200 1243 καὶ
3247 1195 3410 1263 ἡμεῖς
3462 1203 3654 1270 αὑταῖς

2075 1250 2161 1270 LI-
2257 1256 2270 1270 ο
2423 1267 2436 1270 -
2694 1269 2706 1270 ί

2071 1250 2227 1319 ὂψεσι
2255 1256 2640 1334 ἱστορήκαμεν.
2677 1269 2806 1336 Qua:
2836 1271 3029 1331 Latine
3060 1283 3138 1336 sic
3171 1250 3341 1341 habes
3375 1250 3654 1351 :vhiedt‘to

2071 1342 2260 1412 quippe
2285 1346 2671 1423 Hierosolyma:
2695 1360 2806 1414 loco
2829 1363 2933 1416 sita
2967 1380 3079 1422 erat
3107 1382 3392 1442 temperato
3426 1387 3653 1455 undique

2069 1447 2187 1486 aere
2215 1437 2562 1510 circumfusa,
2598 1447 2754 1502 sicuti
2791 1456 2959 1508 oculis
3007 1464 3199 1516 nostris
3243 1467 3344 1534 ipsi
3382 1480 3653 1544 perspexi-

2068 1539 2202 1580 mus.
2237 1529 2467 1595 Quando
2499 1540 2714 1608 quidem
2749 1544 2913 1615 igitur
2943 1550 2994 1603 in
3031 1551 3371 1615 Palaestinam
3412 1571 3652 1639 peregri-

2068 1628 2228 1675 natus
2255 1632 2359 1689 est,
2395 1630 2517 1697 quis
2567 1633 2813 1692 dubitare
2859 1645 3032 1709 possit
3078 1663 3200 1703 cum
3251 1628 3441 1711 saltem
3474 1628 3652 1717 obiter

2059 1706 2586 1789 ConstantinOpolim
2641 1729 2842 1786 adiisse
2859 1706 3076 1806 regiam
3111 1743 3322 1813 urbem,
3355 1750 3442 1805 ubi
3477 1753 3648 1824 impe-

2062 1809 2262 1862 ratoris
2291 1810 2466 1881 sedes,
2490 1817 2578 1870 cui
2611 1829 2721 1874 tum
2751 1822 2935 1882 Sicilia
2967 1833 3209 1902 subjecta
3242 1843 3394 1898 erat?
3421 1844 3643 1903 Demttm

2059 1905 2123 1948 ex
2145 1911 2204 1951 ea
2226 1906 2662 1972 peregrinatione
2688 1918 2894 1971 reditus
2911 1924 2976 1974 ad
3004 1924 3304 1985 Ecclesiam
3331 1949 3486 1990 suam
3509 1938 3646 1997 Tati.

2059 1994 2358 2049 romcniunt
2410 2012 2594 2069 aperte
2642 2008 2957 2080 intcll’gitur
3005 2032 3068 2070 ex
3125 2023 3335 2079 duabus
3384 2028 3640 2087 homiliis.

2054 2079 2234 2139 Prima
2283 2099 2396 2156 est,
2434 2093 2513 2147 De
2553 2098 2847 2168 legisperito
2898 2108 3255 2182 interrogante
3317 2119 3638 2203 Dominum,

2056 2174 2244 2203 ΙΙιηηιζΙ
2291 2182 2361 2203 _-\
2393 2198 2448 2203 ,η
2486 2201 2494 2203 ᾗ
2547 2188 2558 2200 ο
2863 2197 2874 2203 -
3013 2201 3024 2203 -

2055 2174 2266 2243 (homil.
2288 2182 2363 2251 xt)
2386 2198 2451 2238 ex
2471 2188 2627 2257 cujus
2647 2197 2912 2259 prooemio
2941 2211 2994 2255 et
3011 2201 3128 2258 haec
3147 2211 3372 2278 veritas,
3407 2223 3463 2268 et
3507 2183 3641 2272 insi:

2051 2268 2173 2334 guis
2190 2273 2428 2344 episcopi
2449 2279 2499 2332 in
2517 2295 2732 2354 gregem
2751 2302 2910 2345 suum
2929 2304 3149 2361 paterna
3169 2301 3316 2356 chari
3325 2314 3429 2372 tas,
3452 2319 3502 2362 et
3527 2313 3640 2383 pie-

2052 2372 2134 2416 tas
2165 2366 2217 2419 in
2259 2368 2318 2423 B.
2351 2369 2620 2440 Virginem
2654 2379 3172 2448 Tauromenitanam
3210 2399 3637 2476 ἀχειροποίητον

3252 2458 3278 2469 η
3343 2458 3352 2471 ι
3526 2458 3536 2476 Ι
3559 2458 3564 2459 ⁷
3583 2458 3598 2461 ⁷
3618 2458 3627 2460 “

2049 2458 2282 2513 exsistit.
2319 2462 2443 2519 Non
2488 2477 2762 2540 tantopere
2797 2482 2936 2534 enim
2970 2485 3181 2542 aridam
3231 2494 3440 2550 diutina
3485 2501 3639 2554 sicci-

2050 2555 2159 2599 tate
2182 2558 2397 2618 terram,
2425 2567 2472 2608 et
2495 2563 2820 2626 squalentem
2858 2570 3046 2633 imbres
3078 2577 3228 2632 sitire
3256 2582 3401 2645 dicit,
3435 2601 3635 2657 quanto

2047 2639 2310 2697 desiderio
2339 2663 2393 2700 se
2425 2649 2683 2720 ﬂagrasse
2727 2661 2908 2728 populi
2950 2667 3034 2719 sui
3084 2671 3362 2729 revisendi.
3401 2676 3635 2748 Legatur

2048 2724 2176 2748 :ll--.l
2242 2747 2248 2748 κ
2418 2739 2430 2748 ⁸
2702 2746 2714 2748 ⁸

2727 2724 2734 2726 _
2795 2724 2803 2728 _
3227 2724 3230 2725 ν
3401 2724 3622 2748 ηοω...

2048 2724 2176 2782 illud
2204 2739 2546 2804 prooemium,
2573 2746 2715 2810 quod
2742 2750 2823 2804 sic
2850 2755 3064 2808 tandem
3084 2761 3424 2821 concluditur
3448 2787 3460 2822 :
3491 2772 3632 2826 Ἀλλ’

2045 2817 2279 2892 ἐπείπερ
2322 2826 2470 2896 ἡμᾶς
2497 2831 2558 2884 τὸ
2590 2835 2816 2906 Πνεῦμα
2847 2842 2907 2895 τὸ
2952 2846 3131 2915 ἅγιον,
3183 2817 3305 2906 καὶπ
3333 2862 3635 2930 μητρόθεοε

3002 2910 3011 2914 -
3118 2910 3128 2915 ν
3333 2910 3345 2927 ι
3397 2910 3407 2930 Ι
3430 2910 3434 2911 ⁷
3451 2910 3601 2930 |'—'-'

2047 2910 2318 2968 Δέσποινα
2359 2921 2438 2982 ei;
2471 2921 2530 2975 ἒν
2564 2925 2720 2992 αὖθις
2761 2934 3060 3006 συνήγαγε,
3094 2943 3186 2994 καὶ
3225 2953 3606 3022 προσκυνῆσαι

2047 3000 2152 3022 ΔΕΡ.
2321 3005 2339 3022 ι
2406 3010 2418 3022 ⁵
2667 3019 2676 3022 “

2882 3000 2891 3003 ,
2912 3000 2916 3001 ν
2986 3000 2997 3006 -
3048 3000 3056 3005 ν
3271 3000 3280 3015 I
3347 3000 3350 3001 '
3374 3000 3401 3002 π
3416 3000 3430 3003 “
3453 3000 3462 3004 ⁷
3482 3000 3606 3022 Ἰ⁷””

2046 3000 2247 3069 ἠξίωσε
2287 3005 2350 3060 τὸ
2393 3010 2810 3089 ἀχειροποίητον
2854 3025 3029 3096 αὐτῆς
3079 3033 3481 3108 ἁπεικόνισμα,
3537 3047 3630 3099 καὶ

2045 3093 2286 3152 δείκνυσι
2329 3105 2542 3174 πατέρα
2577 3111 2668 3162 ἐπὶ
2695 3113 2907 3180 τέκνοις
2942 3120 3466 3198 ἐπευφραινὸμενονο
3494 3139 3629 3207 φέρε

3092 3187 3102 3192 -
3123 3187 3134 3192 -
3284 3187 3294 3198 ι
3504 3187 3518 3204 ῐ
3544 3187 3592 3207 “Γ
3609 3187 3629 3193 ⁷

2044 3187 2142 3250 τὰς
2188 3190 2284 3259 τῆς
2332 3195 2601 3264 ἀπουσίας
2648 3205 2868 3271 ῥυτίδας
2901 3211 3273 3284 ἀποϐαλόντες
3323 3226 3419 3277 καὶ
3467 3234 3631 3302 συνή-

2045 3279 2136 3302 nn
2158 3300 2170 3302 _
2207 3283 2230 3302 ι.
2259 3285 2282 3302 ..
2434 3289 2450 3302 .
2472 3290 2484 3302 .
2609 3296 2622 3302 -
2652 3296 2663 3302 -
2694 3298 2705 3302 -
2790 3299 2804 3302 -

2044 3279 2172 3344 θους
2202 3283 2551 3355 διδασκαλίας
2598 3296 2872 3367 ἀψόμεθα.
2909 3303 3012 3358 Sed
3041 3279 3288 3378 quoniam
3324 3331 3416 3372 nos
3448 3279 3626 3391 Spiri-

2041 3385 2124 3426 tus
2157 3389 2390 3444 sanctus,
2439 3393 2490 3438 et
2525 3386 2746 3444 Domina
2798 3407 2976 3451 nostra
3025 3400 3120 3455 Dei
3152 3404 3324 3461 Mater
3355 3427 3542 3470 rursus
3571 3420 3623 3471 in

2040 3483 2200 3522 unum
2231 3474 2458 3528 adduxit
2486 3477 2680 3544 locum,
2711 3494 2759 3537 et
2800 3487 2988 3542 iterum
3022 3493 3304 3564 imaginem
3333 3503 3494 3570 ipsius
3525 3525 3624 3561 non

2039 3561 2401 3628 manufactam
2439 3575 2680 3626 uenerari
2715 3583 2991 3645 concessit,
3025 3594 3072 3638 et
3115 3599 3314 3656 patrem
3355 3596 3483 3663 ﬁlii:
3529 3599 3625 3653 ltr-

2039 3659 2237 3706 tantem
2276 3657 2440 3722 facit;
2469 3677 2564 3731 age
2589 3663 2705 3731 jam
2740 3684 2901 3738 rugas
2933 3675 3184 3733 absentia:
3212 3698 3378 3739 causa
3407 3700 3624 3747 contra-

2037 3753 2150 3798 ctas
2192 3750 2532 3818 remittentes,
2566 3771 2870 3817 consuetum
2906 3783 3195 3826 sermonem
3225 3783 3618 3846 aggrediamur.

2037 3835 2174 3900 Quid
2205 3839 2466 3898 illustrius
2501 3845 2604 3901 hoc
2635 3856 2900 3919 prooemio
2930 3874 3035 3913 non
3069 3864 3241 3920 solum
3287 3871 3353 3922 ad
3384 3889 3440 3927 re
3464 3875 3614 3932 litum

2035 3928 2175 3997 ejus,
2203 3933 2295 3986 sed
2328 3937 2490 3991 etiam
2520 3941 2586 3994 ad
2621 3946 2961 4002 sanctitatem
2994 3955 3426 4016 ostendendam?
3447 3980 3612 4033 quam

2035 4027 2279 4076 tenerum
2315 4025 2368 4079 in
2407 4029 2548 4085 ﬁlios
2595 4047 2854 4102 antorem,
2890 4054 3149 4109 quantum
3206 4063 3392 4106 eorum
3429 4057 3615 4111 viden-

2033 4111 2228 4166 dorum
2270 4116 2621 4188 desiderium,
2654 4137 2908 4195 quantam
2957 4133 3008 4186 in
3039 4134 3099 4189 B.
3133 4135 3408 4210 Virginem
3441 4147 3615 4215 piett-

2033 4205 2140 4252 tem
2168 4207 2432 4261 ostendit!
2463 4211 2570 4264 Sed
2598 4214 2662 4268 de
2691 4214 2774 4270 his
2801 4233 3060 4289 sequente
3089 4225 3137 4297 ᾗ.
3166 4205 3320 4285 Nunc
3349 4205 3489 4291 hunc
3518 4239 3616 4294 ab-

2031 4291 2309 4352 solvamus
2340 4313 2402 4352 ex
2439 4303 2610 4357 altera
2646 4307 2862 4365 homilia
2898 4321 3146 4373 eumdem
3183 4325 3418 4380 reditum
3454 4331 3608 4386 colli-

2029 4384 2204 4452 gendo
2244 4405 2362 4458 qute
2401 4405 2484 4448 est
2513 4397 2595 4460 είς
2635 4399 2736 4470 τὴν
2779 4407 3219 4478 συγκύπτουσαν,
3256 4415 3310 4470 in
3341 4421 3607 4477 mulierem

2028 4490 2240 4530 curvam
2286 4482 2499 4550 (homil.
2538 4490 2669 4560 xtt);
2703 4492 2795 4548 ubi
2848 4498 3016 4553 malos
3059 4506 3322 4570 quosdam
3361 4510 3607 4567 homines

2028 4575 2081 4617 et
2114 4566 2370 4626 factiosos
2396 4589 2456 4630 se
2489 4578 2712 4636 absente
2746 4589 3102 4645 conciliabula
3138 4595 3327 4652 iniisse
3359 4601 3520 4670 dicit;
3552 4617 3606 4659 :tt

2028 4656 2116 4709 ubi
2171 4661 2428 4729 redierit,
2479 4670 2681 4726 veritos
2729 4689 2792 4728 ac
2852 4677 3206 4738 formidantes
3259 4696 3600 4757 praesentiam

2023 4760 2200 4814 suam,
2239 4754 2454 4824 vimque
2490 4761 2778 4818 verborum
2831 4782 2884 4823 et
2931 4775 3102 4827 aciem
3152 4776 3366 4848 linguae,
3417 4792 3601 4852 procul

2023 4843 2308 4915 attingere,
2345 4864 2448 4906 nec
2493 4855 2558 4908 ad
2610 4862 2857 4928 synaxitn
2909 4869 3198 4924 convenire
3245 4875 3382 4928 :ubi
3417 4890 3603 4946 aperte

2022 4941 2262 4992 ostendit
2302 4956 2361 4996 se
2407 4945 2474 4999 ab
2508 4945 2750 5005 Ecclesia
2789 4969 2886 5009 sua
2935 4959 3197 5016 abluisse.
3241 4963 3500 5037 Reliquas
3531 4988 3595 5027 ex

2021 5041 2086 5081 eo
2137 5045 2388 5089 sermone
2435 5038 2698 5097 deductas
2748 5047 3092 5116 conjecturas
3145 5057 3390 5115 dicemus
3446 5065 3598 5123 alibi.

1953 5191 1956 5193 _
2021 5123 2197 5190 Atque
2247 5126 2361 5180 haec
2409 5133 2628 5198 quidem
2678 5139 2742 5190 de
2779 5145 3309 5211 peregrinationibus
3356 5155 3474 5223 ejus
3525 5159 3598 5212 ita

2018 5226 2164 5268 certa
2188 5227 2334 5282 sunt,
2370 5233 2427 5275 ut
2457 5225 2754 5284 verissimae
2783 5231 3022 5289 historia:
3052 5239 3224 5296 instar
3247 5244 3314 5298 de
3345 5247 3462 5316 ejus
3485 5251 3593 5304 vita

2013 5321 2132 5359 esse
2172 5313 2405 5376 possint.

2018 5398 2044 5468 ᾗ
2072 5400 2158 5454 IX.
2184 5400 2341 5458 Zelus
2364 5418 2416 5502 et,
2435 5409 2735 5502 sollicitudo
2759 5416 3006 5502 Ecclesia:
3023 5443 3162 5480 sunt:
3180 5428 3383 5484 labores
3399 5434 3592 5502 aﬁ'eeta

2084 5485 2238 5526 aetate
2260 5485 2308 5528 et
2331 5478 2626 5536 raletudiue
2669 5501 2688 5538 .'
2709 5478 3098 5553 persecutiones
3123 5514 3217 5566 pro
3249 5516 3310 5552 ea
3331 5478 3586 5561 toleifattv.

2083 5585 2156 5639 Ex
2206 5589 2497 5649 virtutibus
2545 5612 2778 5665 quarum
2816 5603 2870 5658 in
2924 5607 3006 5662 his
3056 5609 3292 5665 ltomiliis
3327 5628 3585 5682 expressa

2008 5677 2221 5748 reliquit
2261 5687 2503 5753 exempla
2543 5689 2915 5761 Theophanes,
2965 5701 3110 5766 prius
3143 5703 3439 5759 describam
3471 5723 3584 5774 ets,

2006 5784 2128 5835 qtttc
2163 5773 2449 5840 publicant,
2486 5792 2606 5847 post
2655 5801 2774 5851 ane
2810 5788 3072 5854 privatam
3125 5807 3408 5860 personam
3456 5815 3582 5869 spe-

2011 5875 2188 5931 ctant;
2225 5881 2347 5921 cum
2394 5887 2457 5925 ex
2497 5875 2735 5929 dOctrina
2768 5877 3077 5952 Philosophi
3111 5885 3252 5942 inter
3285 5891 3456 5946 virum
3489 5909 3583 5964 po-
