4122 6506
577 380 672 446 lli

1558 393 1963 455 FRANCISCI
2008 395 2274 457 SlZOIlSl
2312 399 2747 467 PilOlElIIUM
2785 407 2866 469 II.

3736 416 3837 483 ιιξ

573 504 780 568 liticutn
812 510 868 557 et
896 502 1071 558 virum
1117 503 1319 561 bonum
1351 506 1621 576 quoddam
1658 509 1888 579 diflerat,
1936 521 1991 566 ct
2035 513 2153 568 alia:
2250 525 2402 583 gunt,
2436 534 2588 573 amor
2615 523 2804 577 suadet
2844 530 2901 577 ut
2933 519 3156 595 loquar;
3187 533 3238 581 et
3268 527 3397 583 milii
3423 528 3630 599 quidem
3670 536 3836 588 morbi

570 599 712 653 alius
736 600 967 670 propria
998 600 1224 658 virtutes
1266 602 1398 667 sint,
1430 604 1484 656 iu
1533 604 1638 658 una
1687 613 1869 660 tatnen
1916 620 2149 676 persona

567 705 661 745 eas
693 691 934 761 copulari
978 708 1187 747 summa
1236 694 1304 750 sit
1348 694 1488 750 laus.
1535 696 1614 752 Ac
1659 698 1891 767 priututu
1932 698 2147 767 quidem

567 784 823 840 instantia
854 784 942 840 illa
966 786 1287 855 quotidiana
1333 798 1387 843 et
1429 788 1737 845 sollicitudo
1771 791 2015 845 ninnium
2046 789 2148 846 Ec-

506 870 515 875 ’
566 876 876 939 clesiarum,
924 891 1088 947 quam
1142 877 1285 933 inter
1315 894 1440 935 suos
1485 895 1714 948 angores
1745 881 1963 948 Paulus,
1996 896 2146 937 com-

568 968 749 1022 munis
782 968 1024 1037 gentium
1058 969 1269 1037 doctor,
1296 982 1652 1040 aunumerat;
1684 974 1833 1029 zelus
1876 982 1931 1030 et
1959 974 2141 1037 ardor,

564 1074 699 1127 quo,
723 1073 845 1113 cttm
873 1060 1334 1116 scandalizaretur
1353 1064 1650 1132 quispiam,
1677 1065 1965 1132 urebatur;
1991 1080 2146 1120 amor

562 1151 617 1204 in
651 1166 802 1217 suos,
832 1167 968 1225 quos
991 1152 1188 1208 filiolos
1208 1155 1550 1225 appellabat,
1575 1156 1824 1223 gaudium
1857 1172 1979 1210 eum
2009 1157 2144 1211 bene

561 1246 952 1314 procederent,
1007 1261 1144 1316 quos
1197 1250 1421 1303 eosdem
1473 1251 1727 1317 gaudium
1778 1260 1833 1306 et
1885 1266 2139 1307 coronam

555 1351 711 1392 suam
760 1338 1023 1407 vocabat;
1054 1339 1209 1394 dolor
1238 1356 1361 1395 cum
1393 1356 1423 1396 a
1459 1350 1605 1397 recta
1645 1343 1887 1398 veritatis
1918 1355 1970 1398 et
2020 1345 2141 1400 fidei

556 1429 643 1482 via
676 1429 997 1485 oberrabant
1020 1446 1039 1497 ;
1067 1432 1332 1487 severitas
1355 1441 1411 1488 et
1435 1433 1728 1488 acrimonia
1758 1435 1814 1488 in
1842 1435 2139 1503 reprehen-

558 1522 756 1588 dendo,
794 1522 935 1576 unde
967 1522 1209 1591 epistola:
1249 1523 1369 1592 ejus
1420 1524 1623 1594 graves'
1656 1534 1711 1579 et
1754 1540 1988 1593 severis;
2018 1540 2140 1595 per.

555 1616 865 1673 spctitiones
905 1618 1141 1687 denique
1172 1631 1307 1687 quas
1350 1620 1663 1688 complures
1707 1629 2136 1688 commemorat;

553 1724 642 1771 ea,
680 1707 926 1777 inquam,
957 1723 1085 1776 erga
1117 1709 1331 1763 unicam
1361 1724 1514 1764 suam
1544 1709 1839 1766 Ecclesiam
1874 1710 1931 1764 in
1958 1709 2134 1765 Theo-

555 1801 737 1870 phauo
789 1800 956 1856 fuisse
1007 1816 1115 1856 non
1168 1802 1419 1857 obscuris
1470 1802 1685 1857 indiciis
1733 1802 2133 1871 intelliguntur.

552 1889 814 1945 lustautia
860 1893 1003 1946 enim
1049 1899 1105 1947 et
1147 1892 1441 1948 assiduitas
1473 1892 1924 1947 subministrandi
1970 1894 2133 1948 divini

553 1984 724 2048 verbi,
774 1983 1110 2053 cogendique
1155 1985 1221 2039 ad
1268 1985 1516 2056 synaxim
1552 1984 1730 2055 populi
1768 1986 1873 2052 sui,
1907 1997 2134 2056 apparet

550 2091 617 2132 ex
655 2076 918 2147 prooemio
961 2078 1107 2132 hom.
1145 2076 1218 2132 De
1262 2078 1566 2133 centurione
1609 2078 1821 2147 (hontil.
1858 2077 2006 2150 xm),
2039 2077 2131 2134 ubi

549 2171 710 2225 bonis
765 2169 1025 2241 cperibus
1075 2168 1346 2225 diabolum
1402 2184 1588 2226 moras
1632 2180 1688 2225 et
1745 2171 2128 2240 impedimenta

549 2262 788 2331 obiicere
839 2262 941 2328 ait,
1001 2261 1146 2332 quod
1197 2260 1375 2317 oblata
1425 2262 1668 2331 iudiciali
1721 2264 2126 2330 controversia,

548 2368 660 2423 quo
688 2361 930 2423 tempore
965 2368 1142 2420 sermo
1176 2353 1455 2410 habendus
1482 2365 1649 2418 esset,
1673 2353 1782 2423 jam
1814 2369 1982 2424 prope
2009 2354 2129 2425 eius

544 2442 838 2498 ademisset
889 2443 1349 2513 opportunitatem
1392 2443 1509 2499 :de
1558 2458 1667 2514 quo
1714 2459 1773 2500 se
1829 2445 2124 2500 sollicitum

543 2532 711 2589 fuisse
739 2533 1001 2598 ostendit,
1032 2543 1196 2604 atque
1231 2548 1343 2589 rem
1382 2535 1685 2603 expedisse,
1734 2551 1801 2590 ne
1845 2536 2012 2591 verbo
2043 2536 2126 2591 di-

539 2626 670 2680 vino
698 2625 931 2681 deesset.
968 2620 1035 2678 Et
1064 2624 1254 2679 eadem
1291 2623 1513 2680 homilia
1545 2626 1647 2681 sub
1681 2626 1841 2681 finem
1876 2634 2124 2695 excusat,

541 2717 688 2789 quod
722 2716 925 2786 aliquid
953 2716 1009 2772 in
1035 2715 1354 2786 explicando
1397 2718 1680 2787 superiore
1713 2727 1864 2774 textu
1899 2728 2124 2789 practer-

539 2810 778 2876 miserit,
811 2823 876 2864 eo
902 2810 1043 2878 quod
1085 2809 1282 2864 tuentis
1320 2810 1548 2865 attentio
1576 2825 1757 2865 rerum
1787 2811 2123 2867 ecclesiasti-

537 2919 727 2962 carum
776 2902 1143 2959 sollicitudine
1205 2902 1309 2958 sibi
1365 2903 1765 2973 impediretur:
1798 2913 1853 2961 et
1899 2904 2118 2960 homilia

540 2997 616 3053 De
661 3006 845 3051 sancto
887 2993 1177 3049 Pancratio
1206 2995 1419 3065 (ltomil.
1452 2994 1610 3067 LVII),
1639 2996 1731 3052 ubi
1763 2997 2011 3066 quamvis
2052 3013 2116 3051 ex

535 3090 732 3145 itinere
761 3087 937 3143 fessus
965 3097 1112 3142 esset
1152 3101 1219 3141 ac
1267 3086 1492 3153 fractus,
1532 3102 1601 3143 ne
1648 3096 1827 3142 tamen
1878 3089 2116 3144 sermoni

533 3184 768 3244 deesset,
800 3181 1100 3236 infirmitati
1137 3180 1385 3250 corporis
1431 3180 1537 3234 vim
1588 3194 1649 3236 se
1699 3181 1880 3237 facere
1926 3181 2061 3236 velle
2098 3198 2112 3236 :

531 3289 761 3344 namque
786 3288 1058 3342 nunquam
1089 3280 1299 3326 tantum
1324 3271 1529 3339 valere,
1556 3282 1613 3327 ut
1638 3287 1802 3342 opera
1830 3274 2113 3332 charitatis

531 3364 816 3428 impediat,
837 3373 1107 3432 Oportere.
1136 3362 1399 3418 Praeclara
1423 3373 1551 3420 sunt
1571 3365 1732 3418 etiam
1763 3366 1829 3419 ad
1858 3366 1909 3420 id
1933 3374 2116 3421 osten-

530 3458 764 3512 dendum
814 3454 905 3508 illa
955 3468 1075 3521 quas
1122 3453 1255 3509 dicit
1289 3454 1439 3510 hom.
1488 3453 1566 3509 De
1614 3454 2111 3525 Passione(homil.

529 3548 724 3619 xxvu).
754 3545 889 3601 Cum
920 3545 1066 3600 enim
1093 3555 1238 3601 esset
1269 3546 1497 3619 populus
1528 3548 1808 3603 nocturnis
1840 3549 2035 3619 vigiliis
2060 3558 2115 3605 et

526 3618 721 3696 ciliciis
751 3638 1104 3706 defatigatus,
1134 3651 1203 3691 ne
1251 3618 1508 3693 molestus
1552 3646 1607 3693 et
1655 3639 1836 3707 gravis
1862 3618 2112 3695 addendo

530 3741 639 3786 tam
668 3730 828 3799 longo
853 3743 1106 3783 sermone
1126 3729 1425 3796 videretur,
1450 3731 1533 3785 his
1559 3745 1619 3785 se
1642 3732 1818 3786 verbis
1842 3745 2068 3789 excusat
2092 3750 2107 3788 :

536 3827 728 3881 Verum
769 3824 1022 3895 ignoscite
1070 3823 1219 3885 milii,
1251 3822 1379 3892 quia
1426 3832 1599 3876 vestro
1643 3824 1837 3878 satiari
1868 3824 2109 3894 profectu

524 3935 627 3975 non
649 3933 879 3986 possunt,
904 3925 953 3969 et
976 3931 1078 3985 quo
1097 3915 1217 3983 plus
1245 3912 1382 3968 lucri
1405 3914 1642 3983 faciatis,
1671 3917 1904 3969 studium
1928 3919 2111 3971 mentis

522 4010 796 4063 int‘eudite.
824 4004 934 4059 Nec
964 4017 1299 4074 postremum
1332 4003 1458 4058 illud
1487 4007 1558 4059 sit
1588 4004 1875 4080 pastoralis
1903 4006 2107 4060 sollici-

524 4098 730 4154 tudinis
758 4106 1164 4165 argumentum,
1195 4095 1337 4164 quod
1373 4110 1494 4148 cum
1541 4095 1789 4150 infirmus
1816 4083 2107 4151 esset'cor-

520 4206 652 4262 pore
699 4201 754 4246 et
787 4204 979 4247 senex.
1016 4203 1123 4243 non
1174 4194 1356 4242 tamen
1404 4189 1473 4243 ab
1522 4187 1697 4242 olIicio
1748 4189 2101 4244 concinnandi

519 4284 829 4338 desisteret.
873 4278 941 4334 Et
983 4279 1030 4333 si
1068 4279 1250 4347 igitur,
1296 4279 1492 4347 inquit,
1524 4279 1577 4333 in
1606 4278 1752 4333 hom.
1793 4278 1869 4333 De
1900 4280 2101 4334 sanctis

519 4373 877 4444 imaginibus,
936 4373 1170 4440 corporis
1227 4369 1565 4424 imbecillitas
1631 4387 1735 4425 non
1794 4375 2097 4441 permittat,

519 4481 775 4540 quantum
812 4465 946 4519 satis
976 4475 1074 4527 est,
1108 4463 1362 4517 sermonis
1409 4464 1574 4533 ofﬁcio
1620 4462 1856 4534 defungi,
1891 4467 2098 4519 modica

515 4573 693 4614 tamen
746 4558 918 4612 dicere
961 4573 1063 4610 non
1096 4556 1328 4625 pigebit;
1371 4572 1434 4609 ne
1476 4556 1523 4610 si
1570 4559 1781 4610 omnino
1825 4558 2097 4622 sileamus,

517 4652 778 4707 nitestitla
810 4649 1102 4719 afficiamus
1133 4663 1218 4701 eos
1254 4648 1343 4717 qui
1376 4658 1741 4704 convenerunt.
1776 4648 1843 4701 Et
1877 4649 2098 4704 humilia

514 4747 569 4799 in
616 4744 827 4798 tertium
872 4740 1192 4796 Matutinum
1229 4738 1440 4810 (homil.
1489 4737 1645 4808 xxx),
1679 4739 1753 4792 ita
1801 4753 1861 4794 se
1908 4741 2098 4796 morbo

514 4837 789 4891 laborasse
832 4832 1122 4904 significat,
1156 4841 1214 4887 ut
1244 4841 1470 4887 coaetus
1502 4834 1573 4885 sit
1606 4830 1845 4886 laborem
1878 4833 2092 4888 dicendi

513 4927 896 4991 intermittere,
945 4924 1011 4979 ad
1058 4939 1218 4994 quem
1266 4932 1447 4978 tamen
1498 4922 1714 4976 rediens
1748 4921 1825 4976 sic
1869 4923 1989 4979 ait:
2023 4924 2097 4977 At

486 5034 633 5075 .vero
659 5015 841 5072 mentis
870 5022 1061 5069 nostrae
1091 5024 1292 5068 torrens
1320 5012 1552 5065 [tumoris
1577 5028 1757 5080 expers
1786 5021 1834 5066 et
1858 5013 2094 5067 exsicca-

450 5100 459 5107 ’
514 5118 598 5165 tus
630 5107 896 5176 pra'terito
938 5120 1067 5158 sane
1110 5114 1337 5173 tempore
1382 5103 1472 5155 diu
1521 5102 1791 5164 conticuit,
1832 5101 2094 5157 laboranti

510 5200 721 5271 corpori
746 5215 942 5253 merent
963 5213 1165 5268 gerens,
1188 5212 1326 5251 nunc
1343 5212 1462 5250 vero
1482 5195 1897 5265 evangelicarum
1918 5197 2093 5249 consi-

507 5292 845 5347 derationum
907 5289 1046 5360 fonte
1095 5288 1384 5358 irrigatus,
1454 5304 1635 5341 earum
1690 5286 2090 5355 explicationem

506 5384 778 5456 eiundere
822 5389 1091 5452 proyerat.
1142 5380 1247 5434 Sed
1296 5380 1430 5434 nihil
1482 5380 1654 5450 magis
1705 5380 1806 5435 hoc
1852 5384 2088 5436 studium

509 5471 735 5526 ducendi
772 5469 952 5541 pepuli
981 5479 1035 5524 et
1054 5468 1376 5523 charitatem
1409 5469 1462 5523 in
1494 5485 1616 5524 eum
1647 5469 1903 5537 declarat,
1925 5487 2087 5540 quam

507 5561 828 5629 pretemiutu
857 5560 1088 5615 homiliae
1127 5560 1179 5614 in
1216 5560 1596 5614 dwmoniacum
1623 5559 1895 5615 habentem
1924 5564 2088 5633 legio-

509 5664 622 5701 nem
676 5650 888 5719 (homil.
932 5651 1030 5720 ιχ).
1082 5650 1174 5705 Sic
1223 5650 1367 5704 enim
1424 5644 1905 5718 iucipit:Coltibet
1958 5652 2085 5705 mihi

508 5736 740 5803 linquam
768 5743 982 5795 adversa
1010 5744 1242 5812 corporis
1265 5742 1528 5809 valetudo,
1552 5741 1642 5795 sed
1672 5743 1905 5797 eamdem
1935 5745 2087 5798 solvit

510 5826 829 5885 desiderium
869 5831 1200 5898 perfectionis
1234 5833 1516 5899 Ecclesiw;
1546 5833 1756 5889 dolores
1803 5835 1957 5889 silere
1992 5852 2084 5889 co-

2247 607 2540 663 consolatio
2569 621 2641 664 est
2674 613 2935 666 vobiscum
2980 615 3218 683 conferre
3252 633 3532 676 sermones.
3578 619 3721 675 Talis
3759 632 3835 677 est

2243 690 2450 746 sincera
2484 697 2752 765 cltaritas;
2780 717 2901 771 qua:
2931 704 3260 759 extrinsecus
3302 708 3569 771 accidunt,
3599 720 3832 765 contem-

2244 783 2354 849 nit;
2385 785 2440 841 id
2473 804 2589 843 vero
2618 795 2757 861 quod
2785 804 2998 848 antatur
3028 797 3257 860 in'uens,
3286 796 3599 856 delectatur.
3636 801 3827 857 Verum

2242 880 2457 944 quando
2483 880 2573 936 ad
2583 887 2881 940 satietatem
2914 891 3126 960 obsequi
3155 891 3417 947 desiderio
3460 911 3559 947 non
3602 897 3740 958 licet,
3777 908 3832 951 et

2242 978 2438 1024 cmtera
2466 972 2729 1044 legantur.
2766 975 2821 1031 lu
2855 982 3077 1035 humilia
3119 982 3192 1037 De
3219 986 3474 1050 parabole
3502 988 3677 1042 decent
3714 990 3831 1042 mil-

2238 1057 2371 1115 lium
2418 1065 2741 1122 talentorum
2794 1070 3003 1141 (lmmil.
3042 1079 3104 1143 ιι)
3138 1074 3382 1131 allectum
3418 1080 3572 1134 senio
3609 1091 3825 1136 astatem

2241 1150 2441 1220 innuit,
2492 1156 2681 1213 dicens
2731 1158 2864 1214 :Ila
2916 1180 3043 1217 sane
3089 1175 3136 1219 et
3169 1183 3261 1236 ego
3311 1176 3535 1223 vestrum
3571 1174 3623 1225 in
3674 1175 3829 1228 rebus

2237 1241 2424 1296 divinis
2451 1263 2781 1318 progressum
2809 1252 3055 1321 coniicio,
3080 1255 3548 1331 cltrtri'auditores,
3580 1265 3720 1333 quod
3745 1281 3830 1318 me

2237 1334 2308 1387 ad
2346 1335 2554 1392 labores
2590 1344 2824 1409 corporis
2868 1346 3041 1398 minus
3087 1357 3268 1413 aptum
3299 1366 3488 1420 easque
3533 1357 3829 1408 detrectan-

2235 1430 2339 1477 tem
2375 1442 2672 1497 promp'um
2709 1432 2874 1486 animi
2915 1436 3071 1488 vestri
3117 1437 3346 1492 studium
3390 1441 3587 1494 excitat
3624 1445 3694 1496 ad
3734 1447 3829 1498 (Ιο-

2236 1519 2483 1574 cendum.
2521 1521 2638 1576 lam
2691 1540 2822 1580 vero
2872 1527 3047 1582 zelum
3098 1540 3152 1584 et
3199 1531 3448 1588 ardorem
3498 1534 3699 1601 animi,
3754 1551 3824 1593 ne

2231 1613 2756 1683 scandalizarentur,
2781 1627 2834 1673 et
2859 1636 3077 1677 errores
3106 1624 3251 1678 circa
3276 1641 3460 1680 veram
3489 1627 3610 1683 fidei
3644 1628 3822 1685 Evan-

2231 1700 2468 1771 geliique
2510 1704 2812 1761 doctrinam
2856 1708 3158 1780 haurirent,
3202 1718 3441 1771 Ostendit
3492 1719 3710 1777 homilia
3745 1722 3824 1777 De

2231 1791 2450 1849 muliere
2499 1812 2659 1851 curva
2701 1798 2918 1865 (homil.
2968 1804 3088 1875 xu),
3140 1806 3229 1861 ubi
3286 1806 3424 1864 lucis
3471 1811 3731 1867 inertibus
3761 1822 3821 1868 et

2227 1890 2676 1946 censumentibus
2703 1907 2861 1963 apum
2887 1897 3126 1962 labores,
3152 1901 3344 1958 deinde
3369 1918 3555 1958 earum
3578 1907 3820 1964 adventu

2233 1991 2638 2050 congressuque
2671 1984 2999 2055 fugientibus
3022 2004 3299 2063 comparat
3332 1996 3605 2067 improbos
3640 1999 3821 2056 Immi-

2231 2084 2330 2125 ues
2381 2081 2435 2126 et
2468 2076 2762 2133 seditiosos
2809 2080 2861 2134 in
2919 2079 3177 2137 Ecclesia.
3229 2085 3377 2141 Tales
3426 2103 3571 2157 sunt,
3617 2093 3813 2162 inquit,

2224 2164 2534 2218 comedones
2567 2180 2899 2239 raptoresque
2927 2174 2980 2226 in
3004 2172 3277 2243 Ecclesia;
3315 2180 3683 2238 discessionem
3714 2202 3820 2242 no-

2221 2265 2387 2307 stram
2420 2256 2735 2314 observant:
2761 2263 2882 2317 inde
2928 2268 3121 2333 impetu
3155 2270 3294 2337 facto
3330 2272 3524 2326 damna
3561 2277 3819 2331 ecclesia-

2221 2347 2365 2400 sticis
2398 2348 2546 2404 rebus
2580 2352 2904 2422 important;
2933 2368 2985 2409 at
3030 2376 3146 2412 rero
3190 2360 3383 2432 lingula
3410 2377 3602 2420 nostra’
3642 2371 3815 2424 aciem

2217 2442 2657 2509 pertimescentes,
2688 2458 2872 2500 coacta
2896 2449 3238 2517 factiosorum
3275 2471 3436 2509 ntanu
3470 2474 3564 2524 per
3584 2459 3814 2517 insidias

2219 2547 2312 2585 nos
2342 2549 2643 2604 oppugnare
2665 2553 2961 2607 conantur;
2997 2544 3153 2599 modo
3188 2547 3241 2599 in
3284 2548 3410 2601 aula
3445 2549 3658 2616 Cniplia:
3681 2572 3813 2610 can-

2217 2621 2397 2677 cilium
2432 2625 2706 2695 facientes,
2743 2632 2895 2685 modo
2928 2634 2980 2686 in
3031 2634 3380 2693 I’mcursoris
3422 2644 3652 2697 oratorio
3683 2660 3815 2700 con-

2216 2713 2492 2770 stituentes
2518 2717 2811 2785 improbum
2855 2724 3291 2790 conciliabulum,
3334 2738 3381 2780 et
3408 2744 3472 2782 ea:
3502 2729 3813 2799 baptisteria

2214 2802 2531 2870 insidiarum
2571 2810 2959 2872 receptaculum
2993 2812 3267 2881 facientes.
3296 2813 3461 2885 Cujus
3492 2818 3567 2869 rei
3597 2834 3759 2870 causa
3782 2819 3818 2872 τ

2220 2890 2287 2946 Ut
2319 2893 2609 2960 expellatur
2636 2894 2796 2950 Isaac
2825 2907 2874 2952 et
2919 2898 3120 2955 lsmael
3150 2903 3541 2958 introducatur.
3585 2903 3690 2960 Sed
3720 2907 3810 2960 illi

2210 2986 2420 3056 quidem
2457 2986 2690 3056 fugiunt,
2724 2997 2783 3042 ut
2809 2992 3015 3054 videtis,
3037 3010 3153 3046 cum
3178 2998 3446 3051 custodias
3469 3000 3812 3054 animadver-

2213 3085 2351 3139 tunt,
2367 3087 2414 3130 et
2433 3078 2796 3133 imbecilliores
2812 3097 2877 3134 ex
2893 3083 3070 3136 ovibus
3089 3097 3402 3149 avertentes.
3427 3107 3579 3144 aures
3604 3092 3673 3146 ad
3696 3110 3811 3147 ser-

2211 3181 2413 3220 manem
2453 3168 2655 3237 aspidis
2678 3171 2848 3223 instar
2864 3173 3170 3230 occludunt.
3200 3174 3311 3232 Nos
3335 3195 3477 3242 vero,
3501 3196 3531 3234 ο
3550 3180 3675 3236 (ιιινὶ
3697 3186 3810 3241 mei

2209 3266 2390 3321 cintus,
2403 3274 2581 3313 eorum
2596 3262 2839 3333 impetum
2855 3264 3193 3334 declinantes,
3211 3279 3314 3323 etc.
3332 3269 3406 3324 Ex
3415 3271 3605 3342 scripsi
3627 3284 3803 3330 totum

2212 3347 2354 3403 hunc
2384 3349 2589 3418 locum,
2613 3353 2740 3422 quia
2769 3356 3256 3412 continetillustria
3284 3362 3528 3433 exempla
3556 3375 3665 3417 tum
3694 3364 3803 3421 zeli

2209 3437 2276 3494 de
2307 3455 2415 3507 quo
2444 3441 2701 3506 diximus,
2738 3458 2806 3498 ne
2850 3456 3224 3503 averterentur
3262 3464 3292 3503 a
3336 3461 3481 3506 recta
3527 3455 3607 3507 via
3639 3471 3805 3524 oves,

2210 3540 2321 3587 tum
2352 3533 2469 3602 ejus
2500 3536 2551 3587 in
2579 3532 2918 3607 ohjurgaudo
2951 3542 3283 3607 acrimoniaz,
3322 3553 3431 3597 tum
3463 3546 3625 3601 etiam
3660 3549 3804 3602 insi-

2206 3625 2418 3679 diarum
2465 3634 2521 3681 et
2565 3630 2985 3696 persecutionis,
3019 3646 3139 3700 qua:
3186 3633 3341 3687 initio
3387 3638 3798 3705 proposuimus.

2206 3718 2342 3784 Quid
2368 3721 2511 3773 enim
2540 3729 2622 3776 est
2653 3723 2861 3786 conari,
2893 3734 2949 3777 ut
2979 3724 3279 3793 expellatur
3323 3726 3475 3783 Isaac
3507 3740 3557 3783 et
3592 3731 3796 3789 lunae!

2205 3809 2600 3876 introducatur,
2644 3814 2746 3867 nisi
2799 3814 2998 3868 bonum
3048 3826 3100 3869 et
3136 3816 3429 3886 legitimum
3472 3821 3795 3889 episcopum

2203 3909 2256 3954 et
2285 3912 2554 3971 pastorem
2588 3904 2653 3958 de
2687 3919 2782 3958 sua
2816 3903 3053 3960 Ecclesia
3086 3908 3398 3972 extrudere,
3445 3918 3499 3964 et
3549 3926 3749 3979 perve:
3770 3945 3788 3956 -

2202 4011 2320 4050 sum
2372 3982 2817 4068 illi-gitimumque
2864 4001 3180 4058 intrudere?
3221 4004 3352 4072 quid
3403 4019 3470 4058 ex
3524 4003 3626 4060 hoc
3677 4006 3792 4062 nisi

2203 4087 2376 4154 pictas
2404 4099 2457 4141 et
2487 4087 2789 4142 ῑιιιιιεὺοηί
2823 4089 3058 4159 pastoris
3089 4089 3381 4161 colligitur,
3419 4090 3564 4146 unde
3594 4089 3790 4146 odium

2201 4178 2308 4232 sibi
2346 4181 2483 4250 apud
2532 4181 2726 4250 impios
2772 4197 2834 4235 ac
2882 4181 3223 4237 facinorosos
3257 4180 3561 4237 conflahat?
3586 4181 3794 4240 Omnes

2194 4271 2354 4338 enim,
2391 4273 2565 4341 inquit
2598 4274 2908 4341 Apostolus,
2937 4274 3027 4344 qui
3060 4275 3238 4328 volunt
3266 4275 3348 4340 pie
3382 4275 3570 4337 vivere,
3602 4289 3793 4344 perse-

2195 4365 2456 4418 cutionem
2481 4365 2766 4432 patientur.
2802 4364 2864 4416 Et
2897 4366 2948 4417 in
2995 4365 3098 4417 alio
3118 4364 3413 4432 exemplari
3452 4365 3669 4434 legitur,
3701 4362 3782 4418 Us

2192 4452 2360 4509 Iacob
2387 4454 2684 4525 expellatur
2708 4464 2756 4509 et
2808 4453 2955 4507 Esau
2991 4455 3397 4520 iutroducatur;
3436 4455 3578 4523 qttod
3629 4456 3784 4509 idem

2192 4547 2483 4617 signiﬁcat,
2520 4546 2750 4601 electum
2776 4545 2979 4599 scilicet
3007 4561 3035 4598 a
3071 4545 3176 4598 Deo
3205 4555 3473 4614 pastorem
3502 4551 3554 4599 et
3584 4560 3791 4614 repro-

2190 4640 2317 4694 bum
2363 4636 2667 4693 exclusum.
2718 4636 2792 4690 Ex
2827 4637 2984 4705 hujus
3032 4635 3217 4688 itidem
3254 4635 3492 4689 humilia:
3533 4634 3638 4690 fine
3678 4650 3788 4689 co-

2191 4731 2469 4800 gnoscitur
2490 4729 2635 4784 zelus
2653 4730 2705 4783 in
2731 4730 2874 4783 vitiis
2905 4729 3396 4798 reprehendendis,
3420 4742 3544 4782 cum
3573 4728 3797 4783 acriter

2193 4822 2469 4876 invehitur
2489 4827 2679 4875 contra
2716 4819 2983 4890 periuros.
3015 4821 3294 4887 Quousque
3319 4819 3550 4881 tandem,
3575 4816 3789 4884 inquit,

2189 4913 2260 4967 ad
2299 4912 2685 4977 contentiones,
2730 4921 2778 4964 et
2820 4911 2990 4975 rixas,
3038 4920 3087 4964 et
3109 4911 3346 4979 perjuria
3368 4911 3727 4964 incumbemus
3754 4913 3796 4965 ?

2193 5004 2277 5058 Me
2305 5005 2514 5074 quidem
2545 5004 2731 5057 horror
2761 5014 2809 5057 et
2865 5012 3061 5057 tremor
3101 5002 3299 5056 invadit
3349 5002 3793 5057 considerantem

2187 5113 2344 5166 quam
2385 5094 2565 5151 crebra
2610 5096 2666 5149 in
2699 5095 3055 5149 tribunalibus
3094 5096 3407 5164 juramenta
3454 5093 3609 5164 ﬁant,
3657 5104 3787 5150 etc.

2188 5186 2334 5241 Idem
2369 5187 2599 5242 habetur
2629 5203 2696 5241 ex
2748 5187 2893 5241 hom.
2928 5202 3094 5241 xxnt:
3132 5185 3332 5253 Aliqui,
3361 5186 3549 5254 inquit,
3588 5184 3796 5251 objur.

2185 5281 2485 5352 gationibus
2504 5279 2683 5348 puncti
2708 5278 3032 5332 hortationes
3058 5276 3288 5347 fugiunt,
3337 5277 3489 5342 quasi
3527 5275 3795 5345 frenetics'

2186 5376 2444 5438 medicos;
2489 5377 2542 5426 et
2593 5386 2659 5424 ex
2700 5371 2847 5423 hom.
2894 5383 3020 5432 xu,
3079 5367 3155 5421 De
3199 5368 3362 5421 divite
3401 5368 3793 5436 interrogante

2187 5466 2493 5529 Dominum,
2521 5464 2665 5517 idem
2702 5461 2970 5531 colligitur
2997 5460 3149 5514 zelus
3182 5469 3234 5513 et
3269 5460 3349 5515 vis
3381 5461 3433 5512 in
3468 5460 3791 5526 objurgan—

2185 5560 2268 5613 dis
2299 5556 2580 5627 improbis.
2612 5553 2747 5608 Cum
2773 5559 2916 5608 enim
2940 5567 3034 5606 eos
3056 5552 3357 5607 vulturibus
3386 5560 3440 5604 et
3469 5550 3790 5609 scarabmis

2182 5654 2386 5711 similes
2421 5652 2658 5717 fecisset,
2692 5651 2781 5720 qui
2813 5658 3134 5703 aversantur
3159 5663 3303 5703 sanie
3337 5645 3596 5701 doctrina:
3624 5644 3791 5697 odo—

2186 5759 2291 5807 res,
2325 5743 2481 5796 sicuti
2527 5741 2790 5795 columbis
2835 5756 2898 5795 ac
2930 5741 3231 5793 turturibus
3279 5738 3449 5793 bonos
3481 5735 3571 5805 qui
3617 5734 3794 5790 bono

2182 5837 2347 5892 odore
2371 5834 2602 5906 gaudent
2629 5843 2683 5888 et
2710 5832 2850 5890 \‘ircs
2876 5840 3121 5899 sumunt,
3143 5830 3215 5887 ita
3244 5828 3546 5900 subjungit:
3581 5825 3801 5894 Quor—
