4122 6426
493 471 695 525 videam
737 489 755 526 :
789 471 882 527 sed
952 472 1110 526 et'am
1181 484 1378 526 :etcrna
1436 472 1708 542 Sapientia
1764 471 2068 527 Pharismos

500 565 926 632 reprehendens,
960 561 1232 628 Quomodo
1267 580 1353 616 eos
1414 566 1631 632 potestis
1690 567 1824 616 bona
1896 563 2065 629 loqui,

495 675 612 710 cum
643 657 757 711 sitis
780 658 951 711 mali?
1000 657 1168 711 Ilcnto
1198 657 1262 711 de
1292 659 1424 711 bona
1470 657 1715 712 thesauro
1761 657 1934 712 cordis
1987 660 2070 713 sui

488 754 695 823 profert
729 753 886 817 bona,
917 761 965 806 et
1003 752 1176 806 malus
1217 753 1371 805 homo
1406 752 1469 805 de
1504 752 1646 805 malo
1669 753 1915 807 thesauro
1948 769 2070 820 pro-

496 845 598 913 fert
642 845 831 910 mala;
878 860 943 898 ex
979 844 1309 897 abundantia
1338 844 1477 897 enim
1512 845 1685 898 cordis
1718 860 1775 897 os
1815 844 2069 914 loquitur.

498 938 650 1003 Quod
686 938 756 990 ita
789 952 819 990 a
852 935 1074 990 Christo
1106 936 1311 990 dictum
1344 936 1631 1005 accipitur,
1661 947 1719 989 ut
1752 935 2072 1006 plerumque

498 1030 568 1080 ita
606 1030 926 1093 usuveniat;
962 1039 1015 1082 et
1049 1027 1380 1096 experientia
1418 1028 1628 1093 doceat,
1658 1042 1762 1082 non
1789 1041 1944 1097 posse
1963 1036 2071 1081 tam

496 1125 583 1177 diu
618 1124 852 1195 aliquem
882 1123 953 1177 ita
978 1127 1184 1177 vultum
1217 1131 1269 1175 et
1297 1122 1600 1176 orationem
1635 1121 1861 1192 lingere,
1886 1128 2072 1174 utnon

414 1276 421 1283 ,
495 1219 549 1271 in
587 1218 773 1286 aliquo
813 1218 1027 1271 obtecta
1095 1215 1300 1269 malitia
1355 1214 1814 1284 deprehendatur,
1864 1223 1924 1268 ut
1967 1228 2073 1267 non

495 1323 759 1364 venenum
801 1308 1018 1362 tandem
1056 1306 1108 1360 in
1160 1309 1270 1359 imo
1301 1306 1546 1360 residens
1594 1312 1829 1359 evomat.
1880 1302 2072 1372 Itaque

495 1416 620 1455 cum
653 1402 707 1454 in
745 1401 830 1456 his
877 1398 1224 1456 sermonibus
1258 1397 1606 1468 Theophanis
1636 1396 1885 1453 Ceramei
1938 1396 2075 1453 nihil

497 1494 651 1547 illum
678 1508 841 1565 agere
881 1488 1051 1558 aliud,
1083 1490 1217 1546 nihil
1249 1491 1472 1546 studere
1508 1492 1741 1557 videam,
1774 1505 1938 1560 quam
1976 1505 2074 1545 au-

498 1585 711 1639 ditores
757 1598 885 1637 suos
913 1582 981 1637 ad
1014 1583 1270 1636 virtutem
1320 1580 1619 1636 informare
1659 1589 1714 1635 et
1746 1581 2074 1645 incendere;

497 1691 622 1730 cum
678 1689 895 1728 omnem
938 1673 1357 1743 explicationem
1394 1671 1670 1741 Evangelii
1712 1671 1778 1725 ad
1819 1654 2077 1725 virtuiu-m

500 1767 947 1822 exercitationem
1003 1766 1402 1835 utilitatemque
1430 1764 1737 1819 auditorum
1796 1764 1865 1819 de
1910 1763 2073 1817 indu-

504 1865 641 1917 stria
671 1860 917 1918 conferat
938 1872 993 1917 et
1025 1860 1414 1924 accommodet,
1447 1857 1689 1925 nihilque
1713 1859 1784 1913 sit
1819 1855 2078 1911 doctrina:

503 1953 725 2009 moralis
752 1953 894 2022 quod
932 1967 1036 2007 non
1080 1965 1380 2007 consonum
1425 1949 1687 2003 doctrinm
1727 1946 2078 2013 moribusque

496 2054 816 2101 sanctorum
846 2044 1090 2110 Patrum,
1122 2042 1256 2096 nihil
1281 2042 1426 2111 quod
1455 2042 1748 2096 nonsolum
1770 2037 1895 2091 vitia
1928 2039 2078 2092 dam-

498 2147 591 2192 net
616 2137 986 2205 virtutemque
1036 2134 1410 2198 commendet,
1459 2134 1555 2187 sed
1601 2131 1767 2186 etiam
1802 2144 2075 2184 summum

498 2231 756 2302 perlecta:
780 2227 1001 2283 virtutis
1029 2227 1236 2297 apicem
1271 2233 1505 2296 Spectet,
1540 2227 1704 2294 idque
1730 2236 1926 2293 magno
1951 2232 2076 2271 cum

502 2319 662 2374 animi
689 2319 889 2383 studio,
922 2331 1081 2371 sensu
1115 2327 1279 2385 atque
1307 2317 1498 2370 ardore
1520 2317 1718 2384 saepius
1748 2326 1804 2368 et
1840 2308 2078 2379 graviter

499 2410 823 2465 inculcatum
876 2408 1328 2473 animadvertam,
1379 2408 1603 2463 credere
1654 2405 1786 2460 mihi
1838 2401 2077 2474 proiecto

495 2501 643 2561 licet,
680 2513 774 2555 eas
798 2500 849 2554 in
880 2515 937 2555 se
960 2501 1272 2556 exercuisse
1315 2500 1567 2562 virtutes,
1619 2504 1676 2552 et
1702 2493 1895 2551 fecisse
1928 2495 2078 2566 prius

497 2608 661 2661 quam
712 2592 1006 2660 docuisse;
1061 2602 1117 2648 et
1161 2607 1284 2647 cum
1319 2607 1510 2647 omnes
1553 2590 1787 2647 homiliae
1819 2590 2077 2660 pietatem

500 2684 965 2751 sanctitatemque
1015 2680 1388 2736 Christianam
1416 2690 1470 2736 et
1498 2679 1806 2748 religiosam
1845 2678 2076 2748 spirent,

496 2773 645 2842 pium
680 2772 861 2827 itidem
898 2787 961 2827 ac
991 2772 1300 2840 religiosum
1332 2786 1454 2826 eum
1503 2768 1671 2823 fuisse
1706 2770 1907 2821 virum.
1967 2766 2077 2821 Sed

498 2879 619 2916 eum
670 2863 738 2917 de
788 2863 934 2918 omni
987 2862 1246 2918 virtutum
1285 2874 1481 2932 genere
1534 2859 1588 2913 id
1648 2857 1762 2912 ﬁeri
1813 2857 2077 2924 judicium

498 2956 677 3023 liceat,
713 2965 860 3009 certe
891 2954 956 3009 de
981 2953 1303 3018 humilitate,
1330 2965 1449 3022 quae
1478 2951 1714 3004 maxime
1743 2957 1825 3003 est
1856 2964 2076 3018 χριστο-

501 3047 763 3117 μίμητος,
792 3056 850 3101 ut
876 3045 1118 3100 auctoris
1145 3044 1307 3099 etiam
1339 3043 1501 3097 verbo
1529 3053 1674 3104 utar,
1703 3042 1768 3094 de
1795 3048 2078 3105 contemp-

501 3140 643 3192 tione
672 3139 1006 3207 voluptatum
1043 3137 1309 3206 corporis,
1343 3136 1514 3204 deque
1545 3147 1753 3187 summa
1793 3134 2078 3200 perturba-

500 3234 701 3284 tiontun
734 3231 898 3285 animi
931 3229 1179 3295 victoria,
1211 3243 1369 3298 quam
1402 3224 1873 3281 mortiﬁcationem
1907 3224 2076 3278 sancti

499 3332 711 3386 vocant,
744 3333 798 3378 et
834 3321 1194 3392 Theophanes
1237 3321 1311 3375 uti
1356 3319 1624 3375 Climacus
1669 3317 1936 3371 ἀπάθειαν
1971 3330 2075 3369 non

502 3430 608 3467 uno
637 3415 753 3469 loco
776 3415 1031 3484 appellat,
1058 3413 1293 3467 maxima
1325 3422 1542 3467 exstant
1565 3410 1792 3477 judicia.
1827 3406 1985 3462 llum.
2015 3409 2078 3460 de

497 3503 725 3560 Zachtt'o
762 3505 1116 3576 (homiluxv)
1153 3506 1232 3560 sic
1276 3502 1622 3559 commendat.
1662 3500 2021 3556 humilitatem
2058 3517 2072 3554 :

497 3598 749 3665 Zacha’e,
798 3600 1056 3669 festinans
1102 3598 1371 3653 descende.
1420 3596 1720 3667 Anagogico
1775 3611 1929 3648 sensu
1982 3608 2074 3646 nos

497 3690 646 3739 docet
699 3686 944 3741 Christus
1000 3686 1203 3740 nullum
1257 3685 1407 3738 aliud
1455 3685 1622 3752 magis
1674 3684 1916 3736 idoneum
1967 3696 2077 3734 esse

497 3780 779 3847 pteraitendi
822 3779 1171 3849 principium,
1207 3794 1362 3847 quam
1405 3778 1728 3831 descensum.
1779 3775 1904 3830 Haec
1946 3788 2076 3827 vero

495 3881 579 3929 est
618 3874 653 3943 ἡ
692 3872 940 3942 μακαρία
970 3870 1320 3934 ταπείνωσις,
1365 3868 1519 3922 beata
1560 3867 1656 3921 illa
1687 3868 1982 3927 humi/itas,
2012 3881 2078 3918 ea:

446 4024 453 4029 ,
498 3971 714 4021 adverso
746 3966 946 4020 diaboli
975 3968 1233 4035 superbia:
1276 3964 1537 4031 apposita.
1595 3960 1681 4015 Vis
1720 3959 2075 4030 pwnitentiam

498 4060 763 4124 auspicari
793 4073 811 4110 :
841 4058 1239 4127 fundamentum
1267 4065 1316 4108 et
1354 4054 1719 4106 inconcussam
1762 4052 2076 4120 poenitentia:

497 4154 663 4205 basim
701 4168 831 4218 pone
862 4151 1236 4203 humilitatem.
1269 4146 1553 4212 Descende,
1584 4154 1640 4198 ut
1670 4145 1933 4200 attollaris
1973 4144 2076 4197 vir-

497 4255 666 4297 tutum
692 4244 793 4298 alis
821 4244 1046 4299 levatus.
1074 4241 1330 4295 Eatndem
1369 4238 1689 4294 humilitatis
1727 4238 2067 4292 commenda-

498 4333 700 4385 Iionem
732 4346 796 4385 ac
823 4331 1194 4385 celsitudinem
1237 4328 1401 4383 habes
1432 4328 1579 4382 hom.
1608 4328 1670 4381 de
1699 4325 1994 4382 Publicauo
2019 4335 2069 4380 et

466 4423 771 4476 'Pharisa’o
830 4422 1014 4492 (hom.
1070 4420 1214 4491 xvr).
1269 4421 1446 4489 Atque
1509 4419 1593 4473 his
1657 4417 1873 4486 quidem
1942 4416 2075 4472 locis

500 4515 734 4569 maxime
770 4516 910 4569 hanc
955 4514 1209 4567 virtutem
1255 4512 1479 4578 extollit,
1513 4511 1567 4564 in
1607 4510 1730 4564 aliis
1768 4523 1894 4564 vero
1923 4509 1989 4563 de
2015 4521 2075 4562 se

462 4610 467 4615 ’
497 4610 610 4673 ipse
651 4604 1045 4661 demississime
1092 4604 1350 4673 loquitur.
1382 4602 1537 4657 Hom.
1567 4606 1632 4656 de
1658 4599 2075 4671 Archisynagogi

494 4700 612 4768 [ilia
656 4710 706 4752 et
758 4697 1180 4751 Htentorrhoissa
1229 4695 1438 4763 (homil.
1491 4696 1568 4765 x),
1615 4708 1736 4748 eum
1789 4693 2073 4747 historiam

497 4791 783 4860 :tllegorico
830 4806 989 4846 sensu
1035 4789 1380 4858 explicasset,
1426 4788 1492 4842 ad
1542 4786 1890 4855 trupOIOgiartt
1939 4800 2073 4840 con-

460 4942 463 4943 ν
497 4893 713 4938 vertens
744 4882 1037 4935 orationem
1071 4900 1085 4934 :
1112 4879 1216 4936 Sed
1241 4880 1367 4950 quid
1412 4882 1561 4943 abeo,
1593 4878 1787 4947 inquit,
1807 4878 1877 4931 ad
1917 4893 2073 4932 voca-

497 4976 688 5032 tionem
733 4978 1059 5031 ethnicorum
1102 4987 1149 5029 et
1193 4976 1444 5045 reliquias
1484 4974 1724 5038 Israelis,
1755 4986 1806 5029 et
1855 4984 2075 5030 externa

499 5073 939 5139 circumspiciens,
974 5086 1054 5124 me
1085 5074 1257 5140 ipsum
1296 5088 1399 5124 non
1445 5072 1590 5125 video
1628 5070 1729 5123 hac
1772 5070 2077 5124 narratione

498 5162 856 5229 descriptum?
886 5164 1116 5233 Agedum
1150 5169 1201 5217 in
1233 5164 1455 5216 historia
1490 5172 1738 5231 tanquam
1779 5163 1833 5214 in
1867 5162 2075 5231 speculo

498 5259 722 5326 ﬁgamus
750 5254 917 5309 aciem
947 5255 1155 5322 mentis,
1178 5264 1225 5307 et
1276 5240 1628 5325 unusquisque
1655 5264 1889 5309 nostrum
1924 5255 2075 5308 mise-

500 5365 613 5401 rum
661 5348 853 5401 auimw
887 5362 996 5400 sua:
1036 5347 1386 5401 conditionem
1431 5348 1828 5410 animadvertat,
1871 5353 1975 5398 etc.
2009 5346 2075 5399 Et

505 5438 724 5492 humilia
771 5439 835 5489 de
878 5454 935 5489 eo
977 5439 1065 5506 qui
1109 5438 1294 5489 incidit
1341 5437 1397 5488 in
1439 5437 1666 5489 latrones
1718 5436 1925 5506 (ltomil.
1974 5439 2070 5491 sui:

506 5528 660 5585 Felice
691 5532 853 5600 igitur
885 5532 971 5584 ille
1003 5530 1188 5585 doctor
1215 5530 1304 5600 qui
1340 5531 1590 5585 doctrina:
1630 5532 1876 5586 denarios
1906 5532 2076 5583 adau-

504 5619 660 5685 gebit,
691 5620 942 5675 nimirum
971 5638 1086 5677 cum
1116 5622 1269 5677 reluti
1293 5623 1353 5677 de
1382 5638 1433 5676 re
1456 5638 1549 5676 sua
1577 5622 1860 5678 domestica
1887 5636 2073 5678 sanum

1464 357 1865 419 FBANCISCI
1904 359 2169 422 SliOllSl
2208 360 2643 425 PROOEMIUM
2683 367 2766 426 Il.

2176 477 2380 529 verbum
2412 489 2459 530 et
2498 481 2656 532 vitam
2687 481 2837 533 verbo
2876 488 3274 534 consentaneum
3305 477 3632 545 impenderit,
3666 483 3750 535 iu-

2174 568 2347 635 felices
2390 585 2511 622 vero
2558 587 2736 624 omnes
2781 588 2843 624 ac
2876 573 3223 636 miserabiles,
3260 573 3420 640 juxta
3467 582 3623 641 atque
3659 591 3752 645 ego

2174 676 2322 720 sum,
2374 662 2462 730 qui
2514 663 2741 718 inaniter
2786 666 2840 718 in
2890 681 3012 719 aere
3052 676 3430 735 perstrepentes
3478 667 3630 736 quasi
3678 683 3751 720 ais

2173 766 2367 806 sonans
2417 761 2509 806 aut
2560 756 2857 824 cymbalum
2907 759 3136 811 tinuiens
3191 757 3466 810 dimidium
3516 756 3752 825 efficiunt

2174 843 2338 908 operis
2385 844 2527 908 boni,
2568 857 2615 898 et
2657 846 2772 914 ejus
2812 848 2952 916 quod
2997 850 3334 917 praestantius
3380 857 3477 908 est,
3519 856 3753 917 expertes

2176 945 2406 991 manent.
2446 934 2653 991 Similia
2704 941 2866 994 hahet
2913 941 3059 994 hom.
3097 943 3160 996 de
3212 941 3274 997 S.
3321 941 3569 1010 Philippo
3616 941 3756 1011 (hu-

2175 1025 2288 1081 mil.
2339 1032 2542 1096 xux):
2588 1028 2847 1100 Equidem
2891 1049 2984 1102 ego
3011 1048 3248 1100 cuperem
3306 1032 3375 1086 ad
3432 1032 3752 1085 hortandum

2174 1117 2334 1170 vitam
2379 1128 2500 1171 ante
2544 1136 2698 1185 quam
2747 1121 2899 1173 verba
2952 1136 3274 1188 proponere;
3321 1123 3403 1176 hic
3438 1122 3578 1175 enim
3619 1126 3755 1174 esset

2176 1212 2350 1276 aptior
2388 1213 2609 1265 ducendi
2642 1215 2845 1276 modus,
2880 1216 2925 1268 si
2955 1218 3123 1269 verbis
3167 1218 3271 1269 vita
3297 1215 3630 1275 concineret;
3661 1213 3752 1266 sed

2174 1305 2419 1370 quoniam
2450 1305 2609 1358 vitam
2638 1305 2877 1359 omnibus
2907 1317 3237 1376 peccatorum
3270 1309 3491 1359 maculis
3517 1312 3753 1358 notatam

2174 1394 2435 1463 pra'fero,
2481 1412 2546 1450 ne
2590 1398 2768 1451 videar
2818 1407 2988 1452 tamen
3039 1397 3161 1452 huic
3208 1397 3501 1453 celebritati
3546 1395 3754 1449 inutilis

2175 1486 2453 1554 exstitisse,
2479 1504 2575 1557 age
2592 1490 2708 1557 jam
2735 1490 2981 1557 Apostolo
3005 1492 3340 1560 deprecatore
3368 1490 3617 1558 conﬁsus,
3644 1498 3750 1543 etc.

2181 1577 2253 1632 lix
2292 1579 2376 1633 his
2405 1592 2537 1635 sane
2568 1582 2768 1648 verbis,
2798 1582 2961 1636 etiam
3008 1598 3115 1637 non
3153 1583 3611 1637 animadvertente
3646 1596 3752 1646 uie,

2182 1671 2546 1740 unusquisque
2589 1672 2778 1737 lector,
2828 1675 2930 1729 nisi
2978 1675 3377 1731 simulationem
3422 1673 3754 1729 venditatio-

2176 1777 2406 1832 netnque
2440 1766 2675 1830 virtutis,
2707 1775 2768 1820 ut
2800 1768 2865 1821 de
2898 1767 3235 1836 philosophis
3272 1768 3464 1836 priscis
3498 1765 3753 1821 arbitrari

2175 1856 2324 1921 velit,
2373 1866 2577 1926 quanta
2626 1859 2854 1914 dicentis
2899 1861 2970 1915 sit
3013 1859 3207 1925 virtus,
3232 1871 3433 1928 quanta
3474 1858 3756 1914 humilitas

2177 1958 2465 2019 agnoscat;
2495 1958 2549 2003 et
2581 1949 2707 2005 illud
2745 1952 3039 2018 praesertim
3069 1967 3177 2022 quo
3207 1952 3276 2007 de
3304 1952 3533 2022 agimus,
3565 1950 3755 2006 docto-

2177 2057 2286 2097 rem
2314 2041 2511 2095 bonum
2535 2055 2657 2096 cum
2681 2057 2814 2098 sano
2832 2044 2994 2098 verbo
3016 2045 3180 2098 vitam
3205 2042 3532 2112 cunjungere
3557 2040 3752 2095 bonam

2173 2142 2457 2200 oportere;
2493 2133 2635 2203 quod
2667 2148 2789 2188 cum
2822 2134 2891 2188 ita
2921 2135 3111 2191 doceat
3140 2149 3204 2189 ac
3232 2132 3451 2195 sentiat.
3485 2132 3560 2186 ita
3588 2129 3755 2185 etiam

2176 2238 2236 2279 re
2277 2224 2394 2293 ipsa
2430 2238 2552 2278 eum
2581 2225 2901 2295 praestitisse
2930 2232 3350 2280 consentaneum
3380 2232 3463 2278 est
3487 2220 3756 2290 judicare.

2175 2312 2291 2367 Jam
2325 2315 2468 2368 hom.
2508 2316 2572 2369 de
2601 2313 2852 2370 Zacchceo
2887 2316 2960 2370 ita
3001 2315 3241 2384 loquitur
3272 2313 3446 2385 (hom.
3491 2314 3582 2381 xv)
3627 2331 3643 2367 :
3688 2308 3757 2365 Et

2176 2406 2418 2460 altiorem
2447 2423 2572 2461 sane
2598 2409 2946 2478 anagogicum
2981 2424 3187 2462 sensum
3223 2405 3547 2477 perscrutari
3576 2415 3761 2471 potue-

2178 2508 2301 2552 runt
2330 2500 2370 2552 ii
2402 2499 2493 2570 qui
2538 2501 2731 2554 mundo
2777 2511 2898 2554 sunt
2944 2501 3121 2566 corde,
3165 2500 3352 2569 quibus
3395 2499 3457 2551 ob
3506 2497 3759 2551 virtutum

2178 2592 2381 2659 capiam
2414 2608 2447 2645 a
2483 2591 2658 2646 divino
2694 2592 2899 2660 Spiritu
2944 2608 3087 2646 mens
3131 2591 3452 2644 illustratur.
3494 2587 3603 2642 Nos
3636 2605 3757 2643 vero

2176 2692 2505 2751 peccatorum
2559 2683 2670 2737 luto
2713 2685 3054 2749 inharentes,
3102 2698 3194 2752 per
3240 2682 3527 2736 mediocres
3574 2696 3758 2734 sensus

2178 2775 2552 2845 ingrediantur.
2582 2776 2758 2845 Atque
2790 2776 2906 2829 haec
2940 2774 3259 2828 humilitatis
3290 2775 3614 2828 documenta
3649 2771 3758 2825 sint

2179 2867 2327 2922 satis.
2357 2866 2432 2922 De
2458 2868 2770 2937 passionum
2799 2883 2927 2921 vero
2953 2865 3362 2921 mortiﬁcatione
3385 2865 3459 2919 uti
3488 2865 3757 2934 loquatur,

2183 2972 2285 3011 non
2312 2967 2394 3012 est
2429 2975 2566 3013 unus
2608 2959 2775 3033 locus.
2808 2956 2927 3011 Huc
2969 2957 3174 3022 adesto,
3226 2957 3402 3027 inquit
3429 2956 3576 3009 hom.
3607 2956 3669 3007 de
3697 2970 3759 3007 eo

2178 3051 2267 3119 qui
2307 3050 2527 3103 habebat
2588 3050 2841 3120 legionem
2901 3052 3196 3105 dtzmonum
3238 3047 3449 3119 (hontil.
3479 3046 3576 3117 Ix),
3602 3055 3760 3115 quot-

2177 3152 2300 3210 quot
2338 3152 2584 3211 tanquam
2617 3158 2649 3194 a
2679 3141 2999 3195 dtemonibus
3030 3141 3106 3194 sic
3136 3157 3169 3193 a
3211 3139 3546 3209 passionibus
3578 3148 3760 3206 tyran-

2181 3233 2297 3285 nica
2334 3234 2617 3299 premimur
2648 3232 2955 3294 dominatu;
2987 3240 3034 3284 et
3076 3231 3213 3283 hanc
3251 3229 3529 3282 historiam
3561 3228 3628 3280 ad
3663 3241 3758 3279 nos

2179 3325 2317 3391 ipsos
2344 3321 2791 3376 accommodemus
2821 3339 2839 3379 :
2869 3338 2979 3375 rere
3005 3321 3140 3374 enim
3170 3335 3200 3371 a
3232 3320 3432 3390 legione
3457 3317 3700 3370 dtcmonu
3721 3332 3755 3366 ιι

2177 3416 2492 3484 possidetur,
2523 3414 2612 3485 qui
2653 3423 2984 3482 peccatorum
3019 3412 3358 3466 multitudine
3399 3409 3675 3479 premitur,
3701 3415 3756 3462 et

2180 3518 2369 3563 canora
2409 3507 2651 3577 legantur
2679 3505 2734 3561 in
2762 3507 2957 3577 quibus
3003 3503 3426 3573 uniuscujusque
3466 3500 3753 3571 passionis,

2178 3599 2478 3670 prmscrtim
2506 3612 2634 3652 vero
2666 3597 2778 3661 irae,
2815 3597 3208 3651 deformitatem
3247 3595 3480 3649 maxime
3511 3590 3755 3660 depingit

2178 3704 2233 3746 et
2258 3692 2573 3746 detestatur.
2600 3689 2717 3742 Alia
2743 3689 2907 3743 etiam
2937 3688 3199 3741 virtutum
3229 3686 3454 3740 aliarum
3486 3683 3678 3738 indicia
3706 3682 3752 3736 si

2180 3800 2285 3838 non
2332 3798 2612 3851 expressa,
2656 3792 2803 3835 certe
2848 3780 3165 3834 adumbrata
3209 3776 3386 3847 quivis
3428 3775 3593 3830 etiam
3639 3775 3756 3828 sine

2178 3893 2295 3931 mea
2327 3876 2428 3929 hac
2468 3873 2873 3930 enumeratione
2909 3872 3323 3935 animadvertet,
3370 3883 3490 3940 qua)
3535 3867 3751 3938 quidem

2178 3969 2246 4023 iis
2284 3967 2563 4035 praeditum
2601 3964 2763 4034 hujus
2799 3972 3073 4018 auctorem
3110 3963 3287 4032 operis
3324 3961 3584 4016 indicant.
3618 3943 3751 4015 ιιιιῐιι

2156 4045 2307 4114 ’νει-ο
2335 4060 2505 4114 solum
2535 4060 2601 4114 ad
2632 4059 2747 4113 haec
2777 4067 2960 4112 nostra
2996 4056 3346 4126 conjectanea
3383 4053 3752 4124 consignanda

2179 4153 2334 4206 nobis
2373 4152 2540 4214 deest,
2588 4166 2735 4206 mors
2779 4152 2899 4204 vitae
2943 4150 3311 4217 doctrinaeque
3354 4156 3750 4211 consentanea,

2181 4245 2247 4299 de
2276 4258 2380 4313 qua
2413 4244 2668 4311 quoniam
2705 4241 2757 4296 in
2796 4240 3106 4310 perturbata
3142 4239 3229 4293 illa
3266 4238 3452 4292 incidit
3489 4246 3753 4303 tempora,

2180 4336 2312 4390 certi
2348 4335 2618 4404 quidpiam
2653 4349 2718 4389 ex
2752 4334 2993 4388 historiis
3026 4331 3110 4387 vel
3147 4329 3521 4385 traditionibus
3554 4328 3755 4382 habere

2176 4440 2283 4479 non
2316 4425 2610 4493 potuimus.
2642 4424 2707 4478 Et
2735 4425 2860 4493 quid
2892 4424 3084 4477 mirum
3122 4421 3227 4478 hoc
3258 4422 3447 4476 deesse
3482 4420 3533 4474 in
3568 4429 3755 4473 nostro

2175 4516 2527 4585 Theophane,
2572 4531 2692 4571 cum
2743 4516 2858 4584 ejus
2904 4516 3030 4571 vitae
3076 4523 3403 4583 postremam
3453 4520 3664 4582 partem
3698 4521 3756 4565 et

2176 4621 2404 4665 mortem
2453 4611 2741 4665 obscurum
2793 4606 3065 4677 exceperit
3114 4606 3392 4669 saeculum,
3443 4612 3501 4657 ut
3542 4603 3652 4672 jam
3695 4603 3749 4655 in

2176 4703 2439 4771 prooemio
2469 4701 2533 4756 ad
2564 4702 2792 4755 lectores
2817 4699 3094 4763 admonui,
3124 4714 3232 4766 quo
3261 4697 3459 4753 saeculo
3490 4708 3659 4764 usque
3682 4694 3751 4748 ad

2174 4791 2506 4848 Clementem
2542 4789 2584 4844 ll
2618 4800 2767 4859 pont.
2813 4790 2972 4843 etiam
3018 4796 3163 4858 gesta
3216 4785 3522 4857 pontiﬁcum
3568 4783 3620 4835 in
3649 4781 3754 4835 ob-

2178 4899 2337 4939 scuro
2362 4884 2677 4952 incertoque
2703 4891 2849 4946 sunt,
2876 4895 2996 4936 cum
3031 4891 3344 4948 perpetuum
3374 4891 3480 4931 non
3516 4874 3754 4929 habeant

2177 4977 2521 5045 scriptorem,
2553 4984 2606 5029 et
2638 4973 2892 5041 majorem
2925 4986 3145 5027 suorum
3177 4970 3498 5036 scriptorum
3540 4974 3750 5034 partem

2178 5065 2479 5130 atriiserint,
2505 5077 2745 5134 tempora
2770 5067 2903 5119 adeo
2926 5064 3156 5118 obscura
3181 5071 3232 5113 et
3258 5060 3463 5114 incerta
3494 5057 3752 5121 habeant,

2177 5171 2237 5215 ut
2270 5173 2442 5228 neque
2475 5174 2584 5227 quo
2622 5172 2886 5228 tempore,
2920 5171 3091 5225 neque
3123 5168 3232 5224 quo
3267 5152 3408 5216 loco,
3443 5164 3616 5220 neque
3644 5163 3753 5220 quo

2179 5254 2368 5308 ordine
2395 5254 2573 5319 aliqua
2605 5254 2970 5307 Romanorum
3002 5248 3313 5318 pontiﬁcum
3346 5247 3562 5300 nomina
3597 5257 3754 5313 repe-

2181 5347 2392 5401 riantur
2424 5346 2555 5401 satis
2599 5346 2802 5414 liqueat
2835 5363 2849 5399 :
2883 5342 3027 5413 quod
3074 5341 3317 5411 deplorat
3348 5336 3667 5395 Ciacconius
3697 5335 3751 5389 in

2187 5438 2323 5492 Vitis
2368 5440 2677 5508 pontiﬁcum
2738 5437 2989 5494 editionis
3044 5447 3331 5507 postrema:
3377 5433 3431 5488 in
3481 5432 3602 5487 Vita
3652 5429 3751 5484 Ni-

2176 5531 2311 5584 COLti
2343 5531 2381 5594 l,
2409 5532 2495 5598 qui
2523 5546 2588 5585 eo
2612 5540 2853 5602 tempore
2878 5527 3063 5584 Roma:
3093 5527 3233 5585 sedit
3257 5541 3366 5596 quo
3394 5523 3754 5595 Theophanes

2181 5633 2365 5676 noster
2403 5623 2633 5679 vivebat.
