4122 6454
448 352 552 417 119

446 482 554 522 non
583 481 709 522 raro
753 465 1052 537 litterales,
1098 471 1190 526 scd
1243 472 1562 540 plerumque
1607 471 1844 544 mystici,
1894 471 2019 524 alle-

446 559 654 627 go-rici,
707 560 1064 630 tropol‘ogici,
1116 563 1398 633 anagogici
1436 580 1466 618 a
1518 565 1697 620 verbis
1745 565 2022 636 Evangelii

447 660 752 712 eruuntur,
809 666 945 720 quos
993 654 1058 706 ad
1108 653 1477 708 informandos
1535 657 1871 724 potissimum
1925 657 2025 725 piis

454 743 697 799 moribus
723 752 778 796 et
803 742 1112 799 Christlana
1142 745 1472 812 perfectione
1508 747 1782 803 auditores
1813 763 2026 802 accom-

451 833 658 888 modat.
714 834 888 890 Erunt
937 835 1101 905 igitur
1139 837 1189 892 hi
1235 847 1289 893 et
1332 839 1506 894 sacris
1552 841 2025 895 concionatoribus

444 924 626 992 utiles,
660 941 797 995 quos
829 926 1057 983 afferant
1087 931 1153 983 ad
1188 929 1464 1000 populum,
1503 940 1555 984 et
1584 932 1805 1002 privatae
1830 933 2025 1002 cuique

444 1019 714 1086 spirituali
743 1021 936 1074 animae
967 1022 1183 1076 utilitati
1221 1025 1636 1079 accommodati.
1670 1024 1728 1079 Si
1763 1026 1852 1094 qui
1891 1039 2022 1080 vero

445 1108 559 1176 (qui
593 1111 810 1177 quidem
848 1114 1136 1168 admodum
1167 1115 1319 1184 pauci
1351 1121 1500 1186 sunt)
1533 1117 1836 1187 singulares
1865 1119 2022 1186 hujus

445 1204 690 1259 auctoris
725 1221 920 1261 sensus
947 1207 1248 1263 admirandi
1299 1211 1474 1278 potius
1507 1226 1666 1281 quam
1700 1212 2018 1281 recipiendi,

440 1299 576 1352 etin
634 1299 909 1370 publicum
965 1317 1068 1356 non
1122 1303 1392 1359 referendi
1447 1305 1750 1373 videantur,
1801 1324 1829 1360 a
1865 1308 2022 1362 nobis

443 1390 496 1443 in
553 1393 698 1447 notis
752 1393 1280 1460 animadvertuntur,
1334 1406 1391 1450 ut
1441 1413 1508 1452 ne
1560 1408 1761 1454 temere
1807 1408 1860 1454 et
1906 1399 2022 1454 sine

442 1481 654 1538 delectu
687 1484 753 1537 iis
786 1485 1055 1555 quispiam
1093 1497 1298 1541 utatur.
1335 1487 1701 1545 Concionandi
1736 1492 2020 1548 methodus

443 1573 562 1627 haec
593 1584 676 1628 est
704 1574 776 1628 illi
814 1573 1099 1632 fatttiliaris
1126 1580 1482 1647 :promnaium
1521 1581 1683 1636 breve
1715 1584 2016 1652 praemittit,

439 1668 667 1734 petitum
700 1669 785 1723 vel
821 1669 890 1724 ab
923 1669 1040 1738 ipso
1072 1685 1390 1742 argumento
1431 1683 1486 1731 et
1514 1677 1819 1747 evangelica
1848 1680 2019 1733 histo-

443 1759 561 1812 ria:
595 1759 675 1814 vel
711 1760 858 1830 quod
892 1777 1000 1817 non
1040 1779 1183 1825 raro,
1215 1781 1242 1818 a
1273 1765 1413 1832 loco,
1449 1776 1710 1837 tempore,
1743 1772 2025 1826 eventilius

441 1851 1034 1926 circumstantibusque
1084 1860 1284 1925 rebus;
1340 1870 1394 1915 et
1443 1876 1612 1930 usque
1659 1863 1792 1916 adeo
1839 1872 1920 1916 cst
1951 1863 2025 1918 illi

441 1943 740 2012 legitimum
793 1948 868 2001 uti
910 1951 1217 2018 prooemio,
1266 1961 1324 2006 ut
1374 1953 1426 2007 in
1474 1953 1693 2008 hemilia
1727 1955 1791 2009 de
1838 1955 2027 2010 Sama-

446 2037 631 2092 ritana
685 2037 898 2110 (homil.
954 2048 1226 2112 xxxviii),
1275 2061 1396 2099 cum
1462 2059 1907 2114 praeter-morem
1959 2050 2026 2104 ab

450 2129 569 2197 ipsa
601 2145 658 2184 re
687 2137 742 2185 ct
769 2131 997 2186 historia
1033 2133 1195 2188 vellet
1239 2135 1444 2202 ordiri,
1493 2149 1831 2207 prmoccnpet
1875 2139 2027 2192 audi-

449 2233 627 2274 torum
679 2223 1141 2290 exSpectationem
1195 2234 1249 2280 et
1311 2228 1760 2298 ἀπροοιμιάστως
1811 2240 2028 2285 moneat

443 2313 548 2367 sibi
587 2314 978 2384 incipiendum.
1021 2315 1225 2374 Deinde
1256 2319 1499 2376 recitatis
1542 2321 1803 2390 evangelii
1843 2337 1910 2377 eo
1941 2321 2029 2377 die

444 2407 682 2478 praelecti
737 2410 927 2479 primis
955 2412 1170 2476 verbis,
1204 2427 1365 2481 quam
1393 2427 1515 2467 cum
1559 2413 1721 2469 rebus
1751 2429 1780 2467 a
1810 2413 2028 2468 Christo

441 2509 570 2554 ante
613 2503 780 2569 gestis
807 2513 862 2556 et
913 2505 1184 2560 enarratis
1233 2507 1301 2561 ab
1331 2506 1677 2578 evangelistis
1720 2520 1784 2562 ea
1833 2522 2031 2563 conse-

441 2594 718 2648 cutionem
749 2593 1034 2662 habeant,
1065 2599 1252 2668 utique
1285 2599 1635 2666 cohaereant,
1670 2601 1826 2670 quasi
1854 2602 2028 2656 altero

443 2686 672 2741 exordio
693 2725 708 2752 ,
739 2687 820 2740 vel
852 2689 1030 2758 potius
1058 2690 1396 2761 expositione
1439 2693 1750 2749 summatim
1795 2708 1936 2764 saepe
1961 2695 2032 2750 ob

443 2778 630 2834 oculos
660 2782 854 2850 ponit;
890 2790 1005 2837 tum
1039 2784 1105 2837 ad
1143 2783 1259 2852 ipsa
1285 2784 1450 2840 verba
1498 2786 1830 2842 enucleanda
1875 2803 2030 2844 acce-

443 2871 559 2936 dit,
605 2873 839 2940 quibus,
877 2887 936 2929 ut
979 2876 1130 2942 dixi,
1185 2875 1408 2932 litterati
1459 2888 1513 2934 et
1561 2879 1819 2935 historico
1867 2895 2028 2936 sensu

453 2963 723 3033 explicato
752 2968 986 3022 libenter
1017 2970 1083 3025 ad
1119 2970 1376 3041 mysticos
1405 2981 1459 3026 et
1484 2971 1716 3027 morales
1744 2973 2022 3041 dilabitur,

445 3071 650 3126 eosque
678 3067 733 3112 et
780 3058 834 3112 in
866 3058 985 3127 ipso
1017 3059 1248 3115 decursu
1296 3061 1566 3116 sermonis
1599 3063 1937 3133 perspergit,
1971 3074 2027 3118 et

445 3149 753 3214 praesertim
793 3150 848 3205 in
892 3152 1200 3220 perorando
1251 3161 1418 3208 totam
1466 3151 1748 3208 historiam
1791 3169 2029 3228 evange-

444 3239 607 3294 licam
647 3256 744 3296 seu
793 3241 959 3297 vitam
997 3244 1144 3300 illius
1188 3246 1364 3302 sancti
1419 3246 1571 3314 cujus
1605 3245 1744 3303 festo
1772 3247 1857 3302 die
1886 3247 2030 3303 dicta

443 3333 694 3397 homilia.
736 3337 924 3405 paucis
954 3337 1080 3392 item
1112 3339 1462 3408 perstrictam
1497 3340 1564 3395 ad
1592 3341 1904 3412 allegoriam
1936 3356 2031 3398 seu

448 3427 808 3498 tropologiam
857 3430 1134 3485 subtiliter
1182 3447 1287 3486 non
1324 3431 1502 3488 minus
1530 3449 1690 3503 quam
1723 3433 1946 3500 utiliter,
1979 3443 2036 3490 et

451 3519 540 3588 pie
572 3519 734 3590 juxta
787 3531 952 3592 atque
1001 3523 1281 3592 ingeniose
1331 3527 1632 3582 transfert:
1667 3527 1719 3582 in
1751 3542 1859 3596 quo
1905 3527 2037 3583 nihil

452 3610 597 3668 aliud
626 3616 964 3683 propositum
995 3615 1196 3682 habet,
1227 3631 1390 3686 quam
1430 3618 1624 3686 juvare
1651 3629 1706 3674 et
1752 3620 2040 3676 instituere

454 3720 675 3759 suorum
731 3709 1042 3764 auditorum
1086 3711 1320 3767 animos.
1373 3711 1528 3780 Quod
1579 3715 1698 3785 ejus
1746 3717 2039 3773 consilium

452 3795 640 3853 minus
694 3801 1069 3857 consideranti
1118 3802 1314 3859 lectori
1368 3805 1551 3876 aliqua
1601 3806 1833 3864 fortasse
1885 3809 2044 3880 longe

447 3890 654 3956 petita,
703 3903 758 3946 et
810 3909 914 3948 non
951 3903 1062 3948 tam
1096 3907 1414 3952 emunctum
1451 3899 1715 3956 doctrina:
1757 3901 1843 3956 lac
1878 3917 2041 3971 quam

447 3983 674 4053 sanguis
711 3982 928 4040 clicitus
973 3986 1148 4042 videri
1197 3989 1421 4058 poterit.
1471 3989 1827 4062 Etymologize
1857 3994 2045 4048 itidem

447 4085 503 4130 et
530 4077 952 4146 supputationes
981 4095 1336 4136 numerorum
1367 4083 1596 4139 subtiles
1623 4085 1848 4139 nimium
1873 4125 1888 4152 ,
1922 4100 2052 4142 sen-

455 4183 627 4237 saqne
681 4170 852 4224 abiis
898 4171 948 4225 vi
1002 4182 1194 4227 exorta
1247 4173 1427 4242 potius
1481 4184 1536 4230 et
1584 4177 1833 4244 precario
1881 4181 2050 4247 petita

449 4273 614 4325 quam
667 4270 860 4328 sponte
912 4272 1038 4315 nata
1080 4265 1343 4319 censebit.
1399 4265 1506 4321 Sed
1561 4267 1826 4334 ejusmodi
1872 4270 2041 4326 multa

452 4361 673 4416 quoque
705 4347 758 4400 in
796 4348 918 4404 aliis
943 4347 1196 4406 Patribus
1245 4362 1358 4408 tum
1403 4353 1640 4422 Graecis,
1677 4367 1789 4414 tum
1832 4358 2042 4417 Latinis

453 4439 879 4509 deprehenderit
913 4445 1005 4511 qui
1035 4445 1264 4514 legerit;
1312 4462 1433 4518 qua:
1458 4464 1588 4505 sane
1619 4465 1726 4506 non
1769 4467 1891 4508 cum
1929 4465 2042 4508 sto-

456 4533 653 4588 macho
688 4533 1008 4604 rejicienda.
1039 4539 1137 4593 sed
1168 4553 1288 4594 cum
1337 4555 1402 4596 eo
1437 4542 1652 4611 pietatis
1685 4559 1848 4600 sensu
1901 4546 2041 4601 reci-

456 4625 650 4693 pienda
713 4643 840 4683 cum
886 4645 994 4698 quo
1043 4631 1224 4696 dicta,
1277 4641 1334 4688 et
1383 4634 1460 4688 uti
1517 4650 1546 4688 a
1609 4636 1694 4705 pia
1751 4647 1931 4693 mente
1978 4653 2043 4694 ac

367 4739 376 4745 -
457 4727 680 4786 pectore
745 4721 956 4776 caelesti
997 4724 1276 4794 sapientiae
1308 4725 1513 4782 imbuto
1543 4727 1783 4797 profecta
1809 4768 1825 4795 ,
1874 4744 2041 4787 vene-

462 4813 634 4865 randa
675 4822 819 4867 sunt.
865 4813 1054 4884 Neque
1094 4831 1224 4872 vero
1267 4818 1495 4888 sapienti
1548 4829 1612 4876 ac
1651 4820 1802 4890 justo
1860 4837 2042 4878 rerum

461 4903 804 4969 aestimatori,
844 4921 964 4974 quae
999 4909 1066 4960 ab
1101 4909 1338 4980 antiquis
1373 4909 1625 4966 Patrihus
1657 4912 1853 4968 tradita
1895 4923 2042 4979 sunt,

469 5009 595 5046 cum
636 4998 876 5051 nondum
911 4997 1218 5055 Christiana
1269 5003 1514 5058 doctrina
1562 5019 1627 5058 eo
1675 5004 2044 5075 amplitudinis

467 5086 850 5160 claritatisque
898 5104 1261 5160 processerat,
1288 5109 1351 5150 ea
1400 5111 1466 5151 ex
1511 5108 1694 5152 nostro
1735 5112 1850 5152 aevo
1878 5099 2048 5152 dime-

464 5181 644 5236 tienda
690 5200 704 5238 :
743 5199 850 5253 quo
879 5200 1048 5242 aureo
1074 5203 1204 5244 sane
1257 5191 1503 5246 videmus
1553 5191 1819 5260 explicata
1865 5195 2044 5248 omnia

461 5283 520 5327 ct
551 5273 823 5330 illustrata
845 5315 861 5342 ,
894 5293 1018 5332 cum
1051 5287 1105 5333 et
1159 5281 1214 5334 in
1253 5282 1610 5337 scholasticas
1650 5283 2048 5353 disputatiOnes

465 5368 698 5424 deducta
731 5409 747 5435 ,
799 5379 854 5425 et
895 5373 1203 5442 exagitata,
1241 5383 1295 5427 et
1347 5374 1398 5428 in
1451 5376 1625 5431 sacris
1667 5377 2045 5443 concionibus,

466 5473 694 5525 quarum
724 5460 1038 5516 Christiano
1071 5465 1264 5533 p0pulo
1300 5467 1471 5521 inulto
1512 5469 1684 5538 major
1719 5485 1862 5525 nunc
1889 5471 2046 5540 copia

469 5557 568 5610 est,
603 5553 933 5622 pervulgata‘
966 5563 1019 5608 et
1043 5555 1328 5612 decantata
1360 5557 1505 5619 sint.
1553 5568 1680 5616 tunc
1724 5571 1882 5617 crant
1936 5562 2047 5631 ple-

471 5650 648 5705 mque
673 5643 946 5713 infmajore
973 5648 1142 5715 pretio
1169 5658 1222 5702 et
1251 5651 1403 5720 quasi
1422 5652 1718 5722 peregrina:
1747 5655 2047 5720 sententize,

477 5741 594 5789 qua:
641 5745 783 5786 nunc
817 5737 958 5790 domi
992 5750 1294 5794 nascuntur
1316 5781 1330 5804 ,
1367 5753 1422 5796 ut
1465 5743 1786 5800 assiduitate
1819 5747 1933 5816 ipsa
1966 5749 2049 5802 di-

475 5818 626 5870 cendi
670 5836 772 5876 non
807 5827 938 5879 tanti
987 5843 1132 5885 sunt.
1169 5831 1271 5887 Sed
1305 5834 1377 5890 illi
1427 5837 1577 5892 rudia
1610 5837 1963 5898 fundamenta
1997 5852 2050 5899 et

1436 360 1837 422 FRANCISCI
1880 361 2145 421 SCORSI
2186 360 2621 422 PROCEMIUM
2662 359 2780 422 IlI.

3624 363 3726 426 120

2137 472 2326 525 rudera
2357 471 2472 542 ipsa
2497 470 2768 538 jcccrunt,
2804 486 2903 526 nos
2949 487 3113 542 super
3140 487 3204 528 ea
3233 472 3525 543 quadratos
3553 489 3721 544 expo-

2132 563 2372 633 litosque
2422 563 2668 633 lapides,
2725 565 3012 620 Corinthia
3069 565 3329 634 Ioniaque
3397 580 3718 623 ornamenta

2133 657 2532 726 coronidesque
2584 656 3068 712 exmdilicavimus.
3106 655 3162 712 ld
3210 657 3376 711 etiam
3431 671 3498 712 ex
3547 656 3719 712 forma

2131 758 2186 802 et
2212 747 2540 804 charactere
2567 749 2779 803 dicendi
2807 748 3044 818 judicari
3072 758 3270 818 potest,
3296 763 3459 818 quam
3491 750 3724 818 simplex

2129 841 2221 895 ille
2266 841 2560 912 nativoque
2597 841 2782 896 colore
2826 841 3079 910 cultuque
3131 841 3370 908 decens,
3402 857 3562 911 quam
3612 856 3722 896 non

2132 917 2342 988 fucatus
2410 943 2464 989 et
2517 933 2858 1004 phaleratus.
2910 933 3020 990 Sed
3074 935 3226 989 illum
3280 936 3334 988 in
3373 933 3724 1004 [Theophane

2131 1040 2336 1079 morem
2386 1028 2672 1096 antiquum
2719 1026 2847 1081 licet
2899 1027 3350 1082 animadvertere.
3403 1023 3585 1082 Genus
3632 1025 3717 1080 di-

2127 1116 2285 1171 cendi
2319 1115 2371 1170 in
2404 1116 2504 1170 hoc
2531 1125 2746 1172 oratore
2783 1117 3045 1186 liquidum
3077 1127 3159 1172 est
3193 1127 3248 1172 et
3271 1118 3478 1185 [sponte
3511 1116 3718 1182 fusum,

2136 1218 2192 1262 et
2223 1222 2345 1262 cum
2379 1206 2604 1263 lenitate
2629 1207 2860 1278 quadam
2894 1207 3148 1278 aequabili
3178 1207 3473 1278 proﬂuens,
3498 1209 3729 1263 omnino

2127 1299 2286 1370 quale
2348 1300 2800 1371 ἀπροοιμιάστως
2831 1302 3006 1356 decet.
3063 1298 3204 1356 Sunt
3251 1301 3398 1356 enim
3446 1303 3528 1356 hae
3569 1301 3728 1356 didao

2125 1398 2279 1452 cticte
2335 1411 2472 1466 quas
2501 1397 2568 1451 ad
2617 1397 2919 1451 docendum
2949 1405 3003 1451 et
3041 1396 3416 1451 instruendum
3463 1396 3726 1467 populum

2132 1485 2309 1540 bonus
2355 1500 2418 1540 ac
2479 1485 2599 1554 pius
2641 1486 2930 1556 episcOpus
2978 1486 3206 1554 habuit,
3254 1501 3362 1541 non
3410 1495 3590 1541 tamen
3625 1501 3729 1557 pe-

2125 1577 2342 1632 destres
2391 1585 2446 1632 et
2485 1575 2720 1632 indocta:
2743 1617 2758 1643 ,
2797 1592 2896 1633 nec
2927 1577 3240 1633 dissoluta:
3283 1591 3383 1633 nec
3413 1577 3559 1632 enim
3597 1593 3725 1646 gra-

2129 1671 2334 1733 vitate,
2401 1669 2768 1725 concinnitate
2818 1681 3201 1740 concentuque
3255 1682 3725 1736 numerorum,et

2131 1763 2362 1819 modicis
2425 1763 2684 1818 oratoriis
2733 1763 3009 1818 coloribus
3077 1773 3301 1827 carent,
3350 1765 3446 1819 scd
3502 1777 3622 1832 qua:
3669 1762 3734 1818 in

2133 1870 2368 1926 corpore
2406 1855 2547 1911 bene
2574 1871 2603 1911 a
2647 1865 2841 1910 natura
2886 1855 3188 1910 constituto
3224 1854 3410 1909 innata
3437 1892 3453 1918 ,
3500 1870 3608 1910 non
3642 1855 3730 1908 in-

2129 1952 2330 2016 ducta,
2389 1963 2559 2004 succo
2611 1948 2984 2019 sanguineque
3046 1948 3161 2018 ipso
3223 1947 3586 2011 exsistentia,
3620 1962 3734 2000 non

2133 2044 2404 2099 accercita
2434 2052 2528 2098 aut
2568 2042 2866 2098 adventitia
2895 2056 3020 2097 esse
3055 2041 3362 2096 videantur.
3395 2039 3509 2095 Nec
3538 2039 3734 2109 figuris

2132 2151 2225 2190 seu
2258 2136 2553 2191 luminibus
2574 2151 2754 2190 rerum
2783 2145 2952 2190 caret.
2979 2134 3153 2190 liabet
3183 2135 3473 2204 aliquando
3491 2132 3728 2204 σωροὺς,

2131 2227 2377 2283 cumulos
2407 2228 2698 2282 verborum
2745 2236 2799 2282 et
2839 2242 3046 2283 rerum.
3090 2225 3520 2297 Παρονομασίας
3557 2234 3730 2288 amat,

2130 2329 2184 2374 et
2225 2317 2498 2382 ἰσόκωλα,
2535 2327 2588 2373 et
2625 2317 3010 2389 ὁμοιοτέλευτα
3034 2358 3049 2384 ,
3089 2327 3144 2374 et
3183 2317 3570 2388 ὁμοιόπτωτα,
3603 2331 3734 2383 qua:

2133 2427 2163 2465 a
2202 2411 2412 2466 Latinis
2468 2410 2654 2479 figurae
2707 2413 3004 2478 dicuntur,
3044 2411 3454 2474 alliterationes,
3499 2409 3744 2462 membra-

2131 2501 2331 2571 paria,
2392 2499 2637 2554 similiter
2677 2500 2971 2554 desinentia
3036 2499 3384 2569 similiterque
3441 2497 3736 2560 cadentia;

2135 2592 2230 2647 sed
2275 2591 2422 2646 nulla
2473 2607 2532 2648 re
2577 2591 2752 2661 magis
2798 2591 3059 2648 delectari
3095 2591 3315 2645 videtur
3347 2605 3510 2659 quam
3540 2589 3738 2643 simili-

2136 2680 2320 2736 tudine
2343 2722 2358 2748 ,
2391 2680 2534 2750 quod
2575 2681 2886 2736 ornamenti
2920 2695 3093 2751 genus
3144 2681 3344 2750 ingenii
3391 2687 3511 2743 est,
3543 2687 3599 2733 et
3625 2677 3736 2731 uti-

2133 2771 2306 2827 litatis
2343 2771 2410 2826 ad
2460 2781 2678 2842 captum
2736 2773 2890 2829 rudis
2937 2773 3110 2843 plebis
3158 2773 3393 2828 eximite.
3426 2769 3737 2842 Pcrspergit

2134 2867 2299 2919 etiam
2328 2865 2495 2931 sales,
2537 2867 2632 2921 sed
2663 2881 2786 2920 cum
2814 2865 2926 2922 sale
2954 2881 3020 2921 ex
3057 2866 3303 2921 historiis
3337 2873 3622 2931 veterum,
3663 2877 3736 2920 ex

2136 2957 2336 3015 fabulis
2367 2968 2423 3014 et
2465 2961 2755 3015 sententiis
2801 2968 3088 3028 poetarum
3135 2974 3418 3016 sacrorum
3464 2969 3517 3014 et
3548 2955 3734 3027 profa-

2130 3066 2348 3117 norum,
2391 3064 2458 3105 ex
2506 3050 2790 3107 dialectico
2833 3053 2990 3119 item,
3017 3052 3445 3117 mathematice,
3495 3049 3737 3120 philoso-

2131 3144 2294 3214 phico
2331 3142 2746 3213 theologicoque
2793 3157 2934 3214 penu
2997 3158 3105 3198 non
3169 3159 3372 3214 paucas
3415 3142 3732 3207 doctrinas;

2138 3236 2212 3291 ita
2251 3245 2310 3290 ut
2335 3235 2422 3291 bis
2448 3237 2702 3291 omnibus
2738 3237 2948 3293 artibus
2975 3245 3029 3293 et
3067 3237 3332 3292 doctrinis
3356 3277 3372 3302 ,
3401 3247 3455 3291 et
3504 3237 3736 3291 lectione

2140 3331 2471 3398 scriptorum
2518 3339 2762 3384 veterum
2815 3329 3116 3385 instructus
3161 3331 3409 3399 apprime
3440 3329 3731 3384 videatur:

2138 3436 2202 3476 ea
2243 3434 2424 3478 tamen
2479 3437 2544 3478 ac
2576 3422 2874 3491 praesertim
2929 3422 3206 3477 doctrinas
3235 3430 3489 3477 externas
3511 3460 3527 3487 ,
3559 3430 3614 3476 et
3642 3436 3737 3476 co-

2152 3517 2296 3575 lores
2330 3520 2604 3575 oratorios
2633 3534 2731 3588 pro
2760 3534 2818 3574 rc
2845 3533 2910 3574 ac
2947 3530 3192 3586 tempore
3223 3516 3466 3582 adhibet,
3498 3530 3599 3572 nec
3617 3517 3738 3571 sine

2142 3615 2592 3684 praemunitione,
2675 3614 2836 3685 idque
2883 3630 2982 3686 pro
3026 3622 3298 3684 potestate
3349 3613 3530 3683 potius
3574 3628 3735 3681 quam

2143 3721 2244 3775 pro
2291 3707 2572 3778 voluptate
2631 3722 2693 3763 ac
2743 3708 3022 3774 vanitate;
3063 3721 3162 3762 nec
3216 3721 3278 3760 ea
3337 3715 3449 3760 toto
3501 3705 3738 3776 tliylaco,

2146 3807 2207 3854 ut
2267 3799 2509 3864 dicitur,
2564 3797 2876 3866 effundere,
2948 3799 3041 3853 sed
3107 3813 3270 3868 parca
3331 3813 3490 3852 manu
3548 3811 3740 3864 prose-

2142 3876 2362 3946 minare
2400 3892 2636 3946 videtur.
2682 3891 2799 3946 Non
2851 3903 3055 3947 temere
3090 3893 3256 3960 igitur
3302 3890 3615 3960 σοφώτατος
3640 3891 3740 3946 καὶ

2153 3981 2597 4053 ρητορικὼτατος
2627 3998 2659 4038 a
2701 3985 2835 4049 suis,
2867 3985 2956 4053 qui
2981 3998 3264 4039 sermones
3297 3981 3441 4051 ejus,
3468 3993 3527 4037 ut
3560 3991 3739 4054 poste-

2157 4073 2310 4128 ritati
2381 4074 2695 4141 traderent,
2749 4076 3191 4146 descripserunt,
3243 4090 3450 4144 suoque
3497 4076 3738 4131 auctoris

2157 4164 2379 4220 nomine
2445 4165 2877 4236 inscripserunt,
2942 4165 3244 4236 appellatus
3313 4174 3418 4221 est.
3474 4164 3737 4221 Claudam

2152 4255 2410 4312 brevibus
2445 4265 2617 4312 totam
2668 4257 2811 4312 hanc
2854 4255 3293 4312 dissertationem
3321 4297 3335 4323 ,
3381 4265 3436 4312 et
3471 4256 3739 4326 judicium

2153 4366 2334 4407 meum
2389 4352 2565 4407 tribus
2618 4351 2806 4406 verbis
2868 4351 3178 4422 explicabo.
3233 4348 3376 4405 Visae
3427 4360 3551 4405 sunt
3605 4349 3739 4405 mihi

2150 4444 2389 4499 homiliae
2454 4443 2616 4514 hujus
2665 4441 2918 4501 Ceramei
2983 4441 3432 4498 Tauromenitani
3496 4442 3738 4514 episcopi

2149 4537 2254 4607 piae
2306 4574 2324 4602 ,
2393 4537 2567 4591 doctae
2625 4546 2682 4590 et
2747 4534 3070 4606 elegantes,
3137 4546 3302 4606 atque
3365 4536 3502 4590 adeo
3565 4534 3742 4605 dignm

2148 4646 2270 4701 quae
2307 4631 2374 4686 ad
2423 4644 2719 4686 commune
2772 4631 3123 4686 commodum
3180 4640 3235 4687 et
3285 4629 3640 4700 proferantur
3687 4637 3745 4686 et

2145 4725 2518 4796 perlegantur.
3377 4733 3380 4736 ’

2151 4883 2180 4958 §
2214 4883 2281 4940 ll.
2315 4884 2478 4939 Ratio
2511 4903 2636 4941 mss.
2676 4888 2827 4941 codd.
2860 4904 2925 4941 ea:
2951 4889 3146 4956 quibus
3175 4899 3341 4943 eruta?
3373 4889 3604 4944 homilia:
3634 4904 3655 4944 :
3686 4895 3739 4942 et

2375 4957 2616 5012 nonnulli
2647 4974 2832 5012 earum
2860 4961 3157 5029 superiores
3188 4961 3521 5030 interpretes.

2223 5095 2292 5151 Ut
2318 5109 2427 5164 qua
2455 5095 2556 5150 fide
2578 5110 2642 5150 ex
2674 5110 2808 5151 mss.
2847 5095 2948 5151 has
2979 5095 3233 5151 bomilias
3255 5095 3488 5166 publica:
3512 5091 3740 5149 utilitati

2149 5186 2411 5258 legendas
2453 5187 2742 5254 ediderim,
2777 5197 3115 5258 compertum
3148 5189 3240 5253 sit,
3273 5197 3328 5244 et
3355 5203 3466 5258 quo
3493 5187 3743 5257 exemplo

2166 5281 2453 5336 doctorum
2504 5280 2785 5336 hominum
2819 5281 2870 5336 id
2906 5281 3246 5350 perfecerim,
3292 5279 3436 5351 quod
3485 5280 3558 5336 illi
3587 5280 3742 5336 ince-

2151 5383 2396 5446 ptarunt,
2444 5373 2724 5443 expediam
2757 5373 2992 5429 breviter
3015 5375 3118 5430 hoc
3163 5375 3430 5444 prooemio
3462 5389 3477 5428 :
3511 5384 3624 5429 tum
3671 5374 3742 5428 de

2153 5483 2309 5532 mss.,
2342 5477 2453 5522 tum
2485 5466 2553 5521 de
2579 5466 2644 5521 iis
2670 5467 2760 5537 qui
2791 5477 2919 5521 ante
2948 5481 3032 5520 me
3061 5467 3278 5537 aliquas
3309 5482 3376 5522 ex
3409 5467 3491 5522 his
3526 5481 3739 5521 sermo-

2154 5559 2312 5615 nibus
2335 5558 2522 5614 Latine
2545 5559 2801 5627 preloque
2824 5573 3110 5628 expressas
3129 5559 3476 5629 evulgarunt.
3499 5559 3739 5614 Primam

2158 5654 2284 5709 huic
2317 5651 2632 5722 Theophani
2682 5651 2853 5707 lucem
2886 5652 3086 5716 attulit,
3118 5662 3376 5722 quantum
3408 5667 3508 5721 ego
3542 5651 3743 5720 putatis

2157 5743 2406 5800 omnibus
2461 5757 2789 5812 cognoscere
2835 5743 3004 5812 potui,
3060 5743 3388 5800 Franciscus
3437 5741 3740 5797 Turrianus

2156 5856 2184 5897 e
2207 5841 2466 5898 societate
2491 5838 2638 5898 Jcsu.
2664 5839 2762 5896 llic
2785 5839 2840 5898 in
2887 5853 2986 5898 sua
3025 5837 3346 5911 h0plotbcca
3375 5853 3478 5895 ms.
3501 5837 3740 5895 codicem
