2061 3207
190 158 253 219 ἰρι

203 245 302 272 harum
317 243 492 272 homiliarum
512 244 684 280 Theophanis
701 246 822 273 Ccramei
843 248 947 280 habuit,
964 256 995 274 ex

202 298 258 325 qua
284 291 469 318 testimonium
497 292 608 326 protulit
634 298 729 319 contra
753 293 996 328 lllagdeburgenscs

202 336 411 365 Centuriatores
424 337 458 364 de
472 338 589 370 primatu
606 338 635 365 S.
652 338 722 365 Petri
742 339 912 373 Romanique
932 349 997 375 pon—

204 383 298 410 tilicis.
327 382 364 409 Ex
395 384 446 410 hac
473 384 567 410 eadem
603 384 761 418 hoplotheca
797 386 935 412 bomiliam
966 388 996 413 de

202 426 258 455 SS.
279 428 439 463 imaginibus
456 434 595 463 acceptam
615 435 680 458 tom.
704 429 739 456 IX
759 431 903 458 Annalium
926 432 996 458 insc-

202 473 261 499 ruit
272 473 420 500 cardinalis
437 474 577 507 Baronius,
596 475 629 502 ab
647 476 703 509 ipso
722 475 859 503 Turriano
873 477 994 504 Latinam

203 519 316 552 laetam,
330 526 356 547 et
371 528 385 547 a
399 520 500 549 Jacobo
522 521 669 549 Sirmundo
691 523 792 557 aliquot
814 524 880 550 locis
909 524 996 558 perle-

201 570 277 593 ctant
290 575 298 599 ;
313 567 390 600 cujus
405 567 498 594 itidem
509 569 688 595 testimonium
704 570 836 603 integrum
847 571 995 598 referemus

201 619 256 638 suo
272 612 342 641 loco.
366 612 452 645 Quam
472 613 593 640 eamdem
620 615 757 641 bomiliam
774 614 891 643 Jacobus
914 616 995 642 Gret-

199 664 281 684 serus
297 663 363 684 tom.
392 657 413 684 ll
429 658 465 684 De
480 666 556 685 crure
571 660 695 687 secunda;
707 660 843 692 editionis,
859 666 887 687 ut
902 667 994 688 aucta-

200 704 274 730 rium
289 704 393 730 addidit
409 710 470 737 post
485 704 623 731 homiliam
640 705 767 732 Germani
785 707 955 740 patriarcha),
968 713 994 734 ct

202 750 276 776 unde
299 757 358 777 eam
382 750 519 782 habuerit,
542 755 569 778 et
594 759 646 786 qua
670 753 832 780 auctoritate
857 759 994 787 permotus

201 795 331 828 ediderit,
350 795 392 822 liis
410 796 633 828 verbistcstatur
646 798 678 824 ad
695 806 749 824 rem
771 799 888 825 maxime
909 801 993 834 perti-

200 843 331 868 nentibus
346 850 352 868 :
367 841 441 869 Inter
455 843 522 869 alias
535 843 644 870 srhedas
660 845 796 871 (it/erarirc
810 847 994 879 suppellectilis

201 885 343 913 Francisci
366 886 502 920 Turriani,
526 897 590 921 quas
606 894 667 915 ante
689 890 788 924 aliquot
805 900 888 918 annos
906 893 939 918 ad
955 901 994 920 me

200 933 274 959 misit
287 931 319 959 Β.
337 932 369 959 Ρ.
384 933 514 959 Antonius
538 933 704 966 Posscvinus,
719 936 802 968 reperi
820 938 888 962 Imm:
909 938 992 963 homi-

199 979 265 1004 liam
279 987 295 1004 α
314 978 444 1004 Turriuno
461 987 572 1008 uersam.
588 985 612 1006 et
634 981 742 1014 propria
759 989 839 1007 manu
857 984 992 1017 scriptam,

198 1032 280 1058 quam
296 1024 395 1051 diutius
411 1024 492 1051 latere
518 1025 600 1058 nolui,
627 1031 680 1052 tum
703 1033 807 1061 propter
834 1027 993 1054 Turriannm

199 1070 479 1108 ciruﬁrdoctissimum
493 1076 547 1097 tum
557 1076 662 1106 propter
670 1079 849 1106 argumentum
858 1075 925 1108 quod
935 1082 992 1100 cum

197 1109 311 1142 [tonsilia
335 1114 460 1144 Germani
488 1126 596 1151 prorsus
620 1119 758 1145 concinens
790 1120 883 1145 merito
909 1120 993 1146 eidem

199 1163 361 1190 nnncctitur.
377 1163 439 1190 [late
454 1162 615 1196 Grctserus;
633 1172 666 1191 ex
687 1165 786 1199 quibus
809 1165 883 1191 vides
900 1167 993 1199 quanti

199 1209 261 1236 hac
285 1210 398 1244 antiqua
423 1210 473 1236 SS.
494 1209 604 1236 Patrum
624 1216 798 1237 monumenta
823 1219 837 1237 a
852 1212 992 1238 litteratis-

197 1255 279 1283 simis
297 1256 362 1283 viris
377 1256 555 1283 testimentur.
578 1256 651 1283 idem
677 1256 820 1283 Grctscrus
836 1262 901 1283 tom.
918 1258 938 1283 ll
955 1257 993 1284 De

198 1309 278 1328 cruce
302 1301 370 1328 duas
395 1301 521 1328 homilias
553 1301 727 1336 Theophanis
752 1301 873 1328 Coramei
899 1302 992 1330 Graece

197 1346 283 1373 simul
299 1350 325 1373 ct
341 1346 436 1374 Latine
449 1354 482 1373 ex
499 1355 546 1374 sua
565 1348 790 1381 interpretatione
806 1348 899 1375 edidit.
919 1348 993 1376 Unde

197 1399 248 1419 eas
272 1392 400 1419 habuerit
424 1400 476 1420 non
502 1397 627 1419 testatutn
655 1393 761 1427 reliquit
785 1394 812 1420 in
838 1395 919 1426 notis,
946 1395 992 1421 sed

197 1437 328 1473 equidem
346 1446 378 1465 ex
396 1439 487 1466 codice
502 1438 634 1474 Margunii
650 1446 758 1471 censeo,
773 1439 851 1474 cujus
866 1440 901 1466 ibi
919 1448 994 1467 nien-

198 1485 304 1511 tionem
326 1484 391 1512 facit
405 1493 438 1512 ex
456 1486 600 1513 occasione
616 1486 739 1513 locorum
763 1492 951 1521 corruptorum
966 1492 991 1514 et

197 1532 235 1558 ab
257 1538 293 1558 eo
314 1532 529 1558 emendatorum.
555 1532 614 1558 Jam
641 1540 704 1559 vero
721 1540 754 1559 ex
779 1533 851 1560 notis
872 1533 990 1566 ejusdem

197 1574 322 1603 Gretseri
341 1576 474 1611 intelliges
492 1577 539 1604 bas
558 1577 681 1603 ltomilias
700 1585 765 1604 mss.
783 1579 887 1605 servari
904 1577 992 1605 Vene—

198 1623 256 1650 tiis.
280 1622 326 1650 Sic
350 1623 421 1649 enini
452 1623 581 1657 ipsetDe
606 1622 759 1657 T/teop/tane
789 1624 913 1651 Cerameo
939 1626 993 1652 Ιιιιό

197 1668 324 1703 Epitomc
347 1668 514 1695 Bibliotheca:
539 1668 710 1696 Gesneriance
736 1677 745 1696 :
769 1671 924 1704 Θεοφάνους
946 1671 993 1697 soi

198 1714 356 1751 Κεραμέως
377 1715 481 1750 ὁμιλίαι
503 1715 542 1745 εἰς
568 1714 724 1748 Εὑαγγέλια
747 1716 800 1742 τῶν
825 1717 992 1751 Κυριακῶν,

198 1763 250 1788 καὶ
265 1762 306 1792 εἰς
329 1761 405 1792 τινὰς
431 1761 539 1796 ἑορτάς.
560 1760 756 1795 Manuscriptus
776 1762 841 1789 liber
868 1762 992 1790 Venetiis.

199 1808 275 1834 Idem
291 1807 405 1834 habetur
419 1807 445 1833 in
462 1806 627 1834 Bibli0tbeca
641 1807 690 1833 SS.
703 1807 811 1834 Patrum
828 1808 926 1836 saeculo
950 1816 991 1841 nt;

197 1853 248 1881 sed
270 1860 332 1880 cum
351 1853 420 1887 apud
440 1860 482 1880 me
507 1852 648 1888 Epitomcn
664 1853 859 1880 Gesnerianam
877 1862 928 1880 non
945 1855 993 1881 ha—

199 1902 305 1932 berem,
318 1900 440 1926 constulni
455 1907 514 1926 eam
529 1907 589 1934 quae
605 1900 719 1927 habetur
732 1900 758 1926 in
774 1900 897 1927 biblioth.
914 1901 990 1928 Dom.

197 1945 297 1973 Aloisii
316 1944 354 1971 La
372 1944 481 1977 Farina,
495 1944 604 1971 baronis
627 1945 834 1978 Aspri-lllontis,
850 1950 875 1972 et
894 1953 993 1980 genere

199 1995 228 2018 ut
243 1991 335 2017 studio
348 1990 508 2017 eruditionis
524 1990 631 2022 nobilis,
643 1991 675 2017 de
688 1991 764 2024 cujus
777 1991 861 2018 fratre
875 1991 906 2017 Ι).
922 1992 993 2017 illar-

199 2035 258 2062 tino
273 2043 355 2068 supra
374 2037 485 2063 utemini
500 2036 618 2064 Proteu).
634 2036 656 2063 Ι.
671 2036 768 2071 licpcri
795 2042 886 2064 autem
911 2038 936 2064 in
961 2045 992 2064 ca

197 2082 321 2115 epitome
347 2090 400 2109 non
421 2084 508 2110 solum
533 2083 625 2110 Graeca
653 2084 734 2111 verba
762 2091 822 2117 quae
848 2084 992 2111 Gretserus

199 2128 319 2155 ﬁdeliter
343 2129 443 2162 retulit,
459 2129 507 2156 sed
523 2134 548 2156 et
564 2129 644 2156 aliam
660 2134 761 2162 notam,
776 2137 809 2157 ex
823 2138 873 2164 qua
889 2130 992 2157 Gesne-

199 2183 248 2202 rus
272 2175 366 2203 eodem
391 2183 483 2203 errore
507 2183 561 2210 quo
585 2176 695 2208 czeteri,
726 2176 760 2203 de
786 2177 884 2211 quibus
910 2185 991 2211 supra

198 2221 507 2256 Protein.1l,tanquam
524 2222 644 2249 diversos
659 2222 735 2256 ponit
754 2222 946 2257 Theophanem
968 2227 996 2250 et

198 2267 377 2301 Gregorium,
397 2267 491 2294 ambos
515 2266 672 2299 Cerameos,
701 2268 795 2295 ambos
821 2268 994 2296 Tauromcnii

197 2312 436 2347 archiepiscopos;
452 2312 500 2340 sed
516 2313 587 2340 hunc
610 2320 702 2340 eorum
717 2314 761 2348 qui
787 2318 850 2340 ante
866 2322 909 2341 me
923 2315 992 2341 scri-

198 2366 292 2394 psere,
308 2366 427 2386 errorem
449 2358 505 2393 jam
529 2359 617 2386 detexi
633 2366 747 2394 promtu.
769 2359 814 2386 illo
826 2360 858 2393 li,
877 2360 890 2395 §
906 2369 933 2387 ιι.
950 2361 996 2388 Sic

199 2406 286 2440 igitur
302 2405 439 2433 Gesnerus
456 2415 463 2433 :
480 2406 600 2441 Gregorii
622 2406 852 2434 Tauromenitanw
868 2407 994 2435 Ecclesia

198 2451 390 2485 archiepiscopi
414 2450 572 2483 Siciliensis,
597 2451 716 2479 Ceramei
740 2452 814 2485 dicti,
836 2453 950 2480 homilia:
966 2455 993 2480 in

200 2496 359 2531 Evangelia,
375 2502 398 2524 ct
414 2498 475 2524 alite
489 2498 681 2533 quinquaginta
697 2504 794 2532 septem
810 2500 995 2533 manuscripr

199 2548 307 2569 casta-rt
333 2544 359 2570 in
379 2543 498 2571 biblioth.
517 2543 618 2571 Ituliw.
642 2543 696 2571 Has
719 2545 842 2572 homilias
866 2544 995 2580 Gregorio

200 2589 350 2623 inscriptas
365 2590 474 2618 easdem
490 2598 549 2618 esse
570 2595 651 2624 atque
673 2590 722 2617 itas
743 2598 810 2623 quas
833 2599 881 2618 nos
900 2592 994 2619 damus

200 2635 256 2662 sub
274 2636 383 2663 nomine
402 2636 588 2671 Theophanis,
611 2636 667 2671 jam
689 2641 828 2664 ostensum
850 2642 892 2664 est
912 2644 994 2671 supra

200 2682 340 2710 Prommio
364 2682 404 2716 ll,
430 2682 444 2719 §
473 2691 503 2710 ιι.
531 2683 618 2718 Atque
645 2682 742 2709 harum
769 2683 994 2710 bibliothecarum

201 2728 386 2762 cognitionem
410 2736 444 2755 ex
468 2728 605 2762 impressis
630 2730 763 2755 hactenus
786 2728 863 2755 libris
890 2729 994 2763 accepi.
1018 2754 1020 2756 τ

200 2775 263 2804 Jam
277 2784 340 2804 vero
353 2784 402 2804 cas
415 2776 499 2804 etiam
522 2775 657 2804 asservari
673 2775 698 2802 in
715 2775 801 2803 tribus
822 2775 915 2803 Galliae
930 2776 996 2803 insi-

202 2821 301 2856 gnibus
314 2820 499 2854 bibliothecis,
511 2821 619 2855 scripsit
633 2821 665 2848 ad
681 2828 722 2848 me
735 2820 769 2848 de
782 2821 833 2847 hac
846 2829 874 2847 re
886 2825 996 2855 rogatus

710 181 910 220 i‘RANCtSCt
931 189 1062 220 secum
1084 191 1300 224 vacantium
1321 193 1377 224 III.

1790 193 1840 227 I22

1049 248 1078 276 P.
1101 247 1218 278 lacubus
1241 251 1416 283 Sirtnuntlus,
1438 258 1494 279 soc.
1512 250 1588 284 Iesu,
1608 255 1636 280 et
1654 258 1688 280 ex
1711 253 1838 281 omnibus

1047 295 1181 324 indicnlos
1207 305 1287 324 manu
1305 305 1352 325 sua
1369 297 1485 332 scriptos
1505 298 1601 325 itidem
1619 299 1781 332 transmisit,
1805 308 1839 328 ex

1047 341 1146 376 quibus
1162 342 1337 376 intelligerem
1355 351 1479 378 quaenam
1505 343 1570 370 mihi
1595 343 1729 376 deessent,
1746 351 1778 371 ex
1795 345 1840 371 Bi-

1047 387 1181 415 bliotheca
1199 388 1293 423 Regia,
1306 396 1340 416 ex
1360 397 1390 416 ea
1411 397 1470 424 qua:
1491 388 1707 416 Folienlinorum
1730 389 1759 416 S.
1774 388 1840 416 Ber-

1047 435 1123 461 nardi
1140 435 1347 467 monachorum,
1361 440 1388 463 et
1403 443 1435 463 ex
1454 443 1485 463 ea
1500 444 1559 471 qua:
1574 441 1616 463 est
1631 436 1736 471 collegii
1751 436 1839 463 socie-

1048 480 1111 508 tatis
1135 480 1198 508 Jesu
1225 481 1406 513 Parisiensis,
1439 489 1498 516 quze
1522 482 1585 508 oliin
1618 481 1668 508 fuit
1692 481 1839 509 cardinalis

1047 525 1153 552 Joiosaa.
1183 526 1317 554 Praaterea
1347 527 1372 553 in
1400 526 1481 562 Regia
1512 527 1641 554 Bibliotb.
1671 526 1783 561 llispan.
1811 528 1837 553 in

1047 571 1214 597 monasterio
1238 569 1267 598 S.
1285 570 1424 598 Laurentii
1447 571 1520 605 quod
1539 570 1705 598 Escuriaicut
1732 576 1838 604 vocant,

1045 616 1198 651 Γρηγορίου
1215 616 1367 643 ἐπισκόπου
1384 617 1435 652 τῆς
1456 616 1582 647 Σικελίας
1597 616 1703 651 ὁμιλίαι
1720 617 1774 644 ἀπὸ
1790 617 1838 644 τοῦ

1046 662 1248 698 ἀρχιτελώνου,
1264 668 1291 690 et
1311 663 1336 689 in
1353 663 1407 690 alio
1424 662 1517 689 codice
1537 671 1544 689 :
1567 662 1689 697 Ὀμιλιαι
1707 662 1755 689 τοῦ
1776 663 1838 689 ὅλου

1045 708 1182 735 ἐνιαυτοῦ.
1200 708 1319 743 Gregorii
1340 709 1419 742 episc.
1442 707 1542 735 Sicilia:
1559 708 1675 735 Itomiliw
1690 716 1706 735 a
1721 708 1839 742 principe

1044 755 1245 790 publicanorum
1269 753 1410 785 inc/totum,
1431 754 1546 781 humilia:
1571 754 1650 780 totius
1667 754 1740 781 armi.
1764 753 1837 787 Quas

1046 809 1112 829 sane
1128 802 1236 828 easdem
1254 808 1315 828 esse
1332 806 1412 835 atqtte
1429 800 1739 835 hasquas'evuigamus
1757 799 1837 827 [idem

1046 846 1110 874 fecit
1125 847 1156 874 D.
1179 846 1317 874 Marianus
1332 845 1527 881 Vulguarnera,
1544 844 1764 877 Panormitanus,
1780 852 1837 872 non

1046 891 1132 927 magis
1145 899 1243 926 genere
1256 899 1335 926 quam
1349 890 1500 918 litterarum
1513 889 1671 917 Graecarum
1684 889 1838 916 eruditione

1045 938 1153 972 clarus;
1180 937 1223 964 cui
1249 936 1355 964 Madriti
1381 936 1407 963 in
1433 936 1508 970 regia
1531 935 1647 970 Philippi
1672 933 1707 961 Ν
1728 935 1836 970 degenti

1046 986 1183 1019 negotium
1200 984 1227 1011 in
1246 984 1297 1011 hac
1314 990 1342 1009 re
1358 982 1492 1009 litteraria
1508 981 1581 1013 dedi,
1596 986 1624 1007 ut
1639 981 1673 1008 de
1693 980 1736 1007 his
1751 980 1836 1008 homi-

1046 1030 1090 1057 liis
1107 1029 1195 1064 deque
1209 1034 1321 1056 auctore
1342 1030 1530 1063 cognosceret,
1546 1031 1574 1054 et
1586 1034 1619 1054 ex
1639 1026 1727 1054 indice
1743 1033 1837 1053 earum

1045 1083 1112 1111 quas
1128 1075 1200 1111 apud
1217 1082 1260 1102 me
1276 1074 1423 1106 habebam,
1438 1074 1471 1100 ad
1489 1073 1576 1108 ipsum
1595 1071 1755 1099 transmisso
1768 1077 1837 1098 con-

1046 1123 1129 1150 ferret
1147 1126 1318 1157 argumenta,
1338 1119 1541 1154 inscriptiones,
1558 1123 1584 1145 et
1603 1118 1689 1153 prima
1705 1117 1838 1151 cujusque

1045 1170 1144 1201 verba;
1166 1167 1265 1203 quibus
1284 1167 1391 1195 collatis
1411 1166 1519 1194 easdem
1539 1172 1600 1192 esse
1617 1163 1750 1197 comperit
1769 1170 1838 1197 quas

1044 1216 1113 1250 apud
1137 1222 1180 1241 me
1198 1220 1258 1241 esse
1278 1212 1457 1248 intelligebat.
1482 1212 1571 1246 Atque
1584 1210 1678 1237 eadem
1696 1209 1724 1236 in
1740 1208 1838 1237 biblio—

1046 1262 1126 1289 theca
1152 1261 1186 1288 ad
1210 1260 1332 1288 codicem
1360 1259 1518 1294 adjunctum
1546 1256 1650 1292 reperit
1674 1255 1837 1290 opusculum

1044 1307 1183 1343 singulare
1197 1306 1344 1342 quoddam,
1360 1305 1432 1339 quod
1449 1305 1476 1331 in
1492 1303 1554 1331 aliis
1572 1301 1743 1330 bibliothecis
1760 1308 1836 1335 repe-

1044 1354 1093 1382 riri
1107 1353 1225 1381 nondum
1242 1351 1347 1386 accepi,
1363 1349 1477 1383 Λεξικὺν
1490 1349 1545 1376 τῶν
1558 1347 1676 1383 ὁμιλιῶν
1690 1349 1748 1375 slve
1759 1347 1838 1375 Glos-

1044 1401 1147 1428 sarium
1173 1406 1271 1426 vocum
1297 1396 1475 1433 singularium
1494 1400 1522 1423 et
1543 1394 1691 1422 diﬂicilium
1716 1394 1837 1421 auctoris

1044 1454 1106 1474 cum
1128 1453 1222 1473 earum
1240 1443 1440 1478 explicatione;
1457 1442 1536 1476 cujus
1551 1447 1603 1475 ego
1623 1439 1702 1467 lexici
1724 1446 1839 1474 apogra-

1045 1491 1139 1525 phum,
1162 1496 1234 1521 cum,
1254 1487 1374 1514 adhibita
1392 1485 1537 1512 multorum
1562 1485 1713 1511 amicorum
1733 1488 1761 1510 et
1789 1483 1837 1510 lit-

1045 1538 1193 1562 teratorum
1216 1532 1358 1560 hominum
1385 1538 1453 1566 ope,
1468 1530 1576 1557 tandem
1603 1528 1740 1564 diligentia
1766 1528 1839 1556 Lau.

1043 1581 1125 1609 rentii
1147 1580 1258 1612 Cocchi,
1274 1579 1326 1606 viri
1343 1578 1441 1606 eruditi
1456 1582 1484 1605 et
1503 1577 1531 1604 in
1554 1579 1686 1611 apparatu
1710 1574 1838 1602 Historia

1045 1627 1074 1655 S.
1094 1625 1222 1653 Demetrii
1243 1625 1371 1659 martyris
1394 1622 1599 1655 studiosissimi,
1619 1626 1716 1649 nactus
1736 1628 1837 1652 essem,

1045 1673 1079 1701 ad
1096 1672 1200 1700 calcem
1219 1671 1301 1706 hujus
1316 1670 1406 1706 operis
1421 1669 1630 1705 imprimendum
1645 1668 1736 1695 curavi
1754 1667 1793 1704 (α)
1809 1669 1839 1693 ιιι

1044 1723 1167 1748 exstaret
1191 1719 1274 1746 etiam
1294 1718 1346 1746 hoc
1365 1717 1548 1745 testimonium
1564 1719 1592 1743 et
1604 1714 1747 1750 vestigium
1768 1713 1839 1741 anti-

1046 1766 1168 1801 quitatis.
1184 1765 1237 1793 Sed
1259 1765 1292 1792 de
1305 1771 1337 1792 eo
1351 1764 1426 1799 plura
1454 1763 1499 1790 illo
1523 1762 1551 1790 in
1572 1762 1644 1790 loco.
1660 1760 1689 1788 In
1710 1760 1839 1788 Vaticana

1044 1811 1212 1838 Bibliotheca
1243 1810 1296 1837 duo
1318 1812 1383 1836 sunt
1407 1808 1517 1836 codices
1538 1807 1636 1834 harum
1663 1805 1838 1833 homiliarum

1045 1856 1143 1891 quibus
1168 1855 1271 1882 indices
1288 1854 1322 1881 ad
1344 1861 1387 1881 me
1406 1859 1462 1882 tres
1476 1861 1530 1888 qlia
1547 1853 1651 1885 Graece,
1671 1859 1725 1888 qua
1742 1851 1839 1879 Latino

1045 1902 1206 1935 amicorum,
1223 1908 1254 1928 ac
1272 1900 1425 1936 praesertim
1442 1900 1516 1927 dom.
1532 1898 1704 1926 Constantini
1724 1898 1838 1926 Caetani

1045 1947 1162 1979 abbatis,
1175 1954 1257 1981 opera
1273 1945 1478 1981 diligentissime
1488 1944 1647 1980 perscripti,
1665 1948 1729 1971 sunt
1744 1943 1838 1977 missi;

1047 1991 1073 2018 in
1087 1991 1175 2018 altero
1186 1991 1279 2018 codice
1291 1991 1393 2018 eadem
1408 1989 1527 2017 homilis
1542 1989 1651 2017 nomine
1664 1988 1840 2022 Theophanis

1044 2037 1185 2068 Ueramel,
1208 2036 1234 2063 in
1258 2036 1343 2063 altero
1356 2035 1491 2071 _Gregorii
1520 2034 1709 2067 continentur;
1738 2034 1840 2061 inscri-

1044 2084 1151 2119 ptiones
1176 2089 1240 2110 sunt
1268 2082 1420 2117 huiusmodi
1439 2091 1447 2109 :
1469 2081 1496 2109 in
1521 2089 1576 2109 uno
1599 2080 1659 2109 cod.
1672 2080 1838 2115 Θεοφάνους,

1045 2129 1093 2157 τοῦ
1117 2130 1234 2165 ἐπίκλην
1256 2129 1431 2165 Κεραμέως,
1454 2128 1672 2165 ὰρχιεπισκὸπου
1696 2128 1840 2162 Ταυρομε-

1046 2177 1122 2208 vela;
1144 2176 1194 2211 τῆς
1213 2176 1350 2207 Σικελίας,
1375 2175 1481 2210 ὁμιλίαι
1503 2176 1531 2201 at
1555 2175 1688 2209 κυριακαὶ
1708 2173 1756 2200 τοῦ
1777 2173 1840 2200 ὅλου

1046 2223 1163 2259 χρόνου;
1186 2222 1214 2249 in
1229 2222 1338 2250 altero:
1356 2221 1410 2248 Τοῦ
1433 2221 1657 2256 μακαριωτάτου,
1680 2219 1840 2262 σοφωτᾴτου

1045 2278 1076 2297 τι
1096 2269 1146 2296 καὶ
1178 2268 1399 2304 ρητορικωτάτου
1419 2268 1516 2303 κυρίου
1537 2267 1691 2303 Γρηγορίου
1712 2267 1841 2301 ἁρχιεπι-

1046 2314 1149 2341 σκότιου
1176 2313 1380 2348 Ταυρομενείας
1400 2313 1451 2347 τῆς
1476 2311 1603 2344 Σικελίας
1617 2331 1625 2344 ,
1652 2310 1701 2338 τοῦ
1724 2311 1842 2346 ιπίκλην

1047 2359 1213 2395 Κεραμέως.
1231 2358 1299 2391 Quae
1315 2360 1369 2385 duo
1388 2358 1510 2390 nomina,
1533 2357 1681 2393 Gregorius
1702 2362 1729 2384 et
1748 2355 1841 2384 Theo-

1047 2407 1161 2442 phanes,
1178 2406 1259 2433 unius
1279 2412 1341 2433 esse
1356 2404 1476 2432 auctoris
1500 2409 1583 2439 patet.
1602 2404 1666 2431 lude
1687 2407 1842 2438 sequuntur

1047 2451 1166 2480 homiliaa
1191 2451 1297 2484 ordine,
1328 2450 1357 2477 in
1387 2449 1464 2484 cujus
1496 2448 1571 2476 calce
1605 2448 1762 2483 designatus
1790 2454 1841 2474 an-

1047 2506 1099 2526 nus
1126 2497 1215 2531 1448,
1249 2497 1322 2525 unde
1350 2496 1499 2531 antiquitas
1533 2494 1637 2522 codicis
1671 2493 1841 2528 intelligitur.

1047 2544 1189 2572 Postremo
1206 2543 1236 2570 P.
1261 2542 1393 2570 Octavius
1415 2541 1564 2574 Caetanus,
1590 2547 1648 2568 soc.
1668 2538 1743 2571 .lesu,
1762 2538 1842 2573 cujus

1047 2590 1138 2618 studio
1160 2597 1192 2617 ac
1210 2588 1295 2617 labori
1320 2589 1373 2616 hoc
1396 2592 1519 2616 nostrum
1542 2594 1610 2621 opus
1633 2590 1774 2621 acceptum
1798 2588 1841 2612 est

1047 2635 1233 2668 referendum,
1244 2642 1305 2662 cum
1315 2641 1376 2669 quae
1386 2633 1420 2660 ad
1433 2632 1601 2661 condendam
1612 2636 1641 2659 et
1652 2629 1839 2659 illustrandam

1047 2685 1206 2709 sanctorum
1223 2679 1379 2707 Siculorum
1397 2678 1537 2706 historiam
1551 2677 1673 2704 lacerent
1687 2673 1840 2710 diligentis-

1047 2728 1116 2755 sime
1139 2726 1308 2761 perquireret
1328 2729 1357 2752 et
1376 2728 1530 2760 appararet,
1547 2723 1644 2750 harum
1660 2721 1836 2749 homiliarum

1047 2772 1212 2807 exemplaria
1247 2771 1425 2800 describenda
1460 2770 1574 2798 curavit.
1608 2769 1642 2796 Et
1667 2767 1777 2802 quidem
1802 2773 1838 2794 ex

1048 2819 1152 2848 duobus
1168 2818 1317 2853 codicibus,
1335 2822 1365 2847 ut
1383 2817 1441 2854 ipse
1456 2817 1485 2846 in
1509 2815 1672 2845 adversariis
1688 2813 1839 2849 suis,'quas

234 2914 269 2945 ια)
285 2913 376 2940 Nullibi
390 2917 477 2939 tamen
488 2915 620 2944 comparet.
634 2911 668 2937 Cl.
685 2919 757 2944 supra
773 2912 819 2936 col.
835 2911 874 2936 tl.
887 2910 955 2935 Ευιτ.
968 2910 1043 2936 Pan.
