4122 6416
474 452 477 455 Α
518 363 618 427 123

518 473 657 545 apud
706 487 794 528 me
840 485 1125 531 conservo,
1165 476 1416 525 testatum
1468 467 1707 535 reliquit,
1746 465 1919 520 altero
1955 461 2109 515 Vati-

518 582 679 633 cano,
711 566 877 619 altero
913 562 1107 617 Meletii
1142 559 1495 614 Atheniensis
1536 556 1790 611 monachi
1829 572 1892 609 ev
1927 563 2111 608 monte

524 661 749 724 Sancto,
778 656 983 711 familia
1015 654 1073 708 S.
1103 653 1310 717 Basilii,
1342 651 1431 720 qui
1462 667 1525 705 ex
1556 650 1776 704 Oriente
1806 649 2110 702 Messanam

523 752 779 823 appulsus
832 750 1012 817 ibique
1063 744 1299 800 emnobii
1354 744 1413 799 S.
1465 742 1776 798 Catharinae
1827 740 2114 810 prafecws

525 848 723 900 librum
761 844 950 898 harum
984 839 1329 895 homiliarum
1366 852 1529 891 Inanu
1560 847 1846 891 exaratqu
1883 834 1955 887 illi
1992 849 2116 903 per-

525 939 757 1006 bcnigne
804 933 1263 997 communicavit;
1301 932 1354 983 in
1390 947 1455 984 eo
1488 946 1618 984 vero
1663 931 1844 999 plures
1878 927 2118 981 humilia:

530 1041 639 1082 tum
672 1025 1041 1097 Theophanis,
1074 1034 1188 1078 tum
1225 1022 1457 1092 Philippi
1487 1020 1778 1076 Cerauniae
1811 1019 2118 1075 nominibus

533 1119 805 1187 inscripta:
860 1118 1301 1177 continebantur,
1350 1115 1414 1169 de
1466 1128 1572 1183 qua
1629 1123 1809 1167 tamen
1860 1111 2121 1165 varietate

528 1212 809 1264 nominum
839 1209 1197 1275 disceptatum
1221 1224 1250 1261 a
1276 1208 1429 1261 nobis
1453 1220 1517 1260 ac
1537 1205 1822 1259 deﬁnitum
1847 1212 1930 1259 est
1952 1217 2120 1273 supra

528 1301 770 1356 Pronum.
797 1300 862 1363 ll,
890 1298 917 1371 §
945 1317 1013 1367 tt;
1044 1301 1335 1371 etquidem
1376 1300 1572 1356 librum
1603 1299 1751 1354 illum
1777 1295 2120 1351 Meletianum

530 1406 595 1444 ex
628 1388 965 1462 autographo
1001 1389 1166 1443 fuisse
1200 1390 1532 1457 exscriptum
1556 1428 1572 1452 ,
1603 1387 1746 1458 quod
1778 1386 1907 1440 olim
1940 1399 2122 1439 asser-

531 1482 762 1534 vabatur
805 1480 857 1531 in
892 1480 1225 1536 monasterio
1257 1478 1359 1533 SS.
1405 1479 1547 1532 Petri
1583 1488 1638 1532 et
1668 1476 1822 1532 Pauli
1856 1482 1923 1531 de
1956 1474 2123 1540 Itala;

533 1571 629 1625 sed
665 1582 844 1624 tamen
895 1570 945 1639 id
995 1569 1391 1640 autographum
1440 1570 1604 1624 hodie
1644 1584 1752 1622 non
1803 1579 2039 1624 cxstare.
2070 1565 2126 1620 ιιι

536 1663 927 1718 monasterium
975 1661 1375 1717 Basilianorutn
1421 1670 1506 1716 est
1547 1663 1689 1715 inter
1737 1658 2043 1715 Messanam
2074 1665 2163 1713 et.

536 1753 958 1810 Tauromenium
1010 1755 1175 1808 situm
1221 1772 1236 1809 :
1279 1756 1343 1808 ad
1392 1753 1538 1825 quod
1590 1764 1800 1809 certum
1853 1751 2128 1806 hominem

535 1848 685 1910 misi,
734 1849 823 1917 qui
873 1848 938 1902 de
975 1863 1040 1903 eo
1084 1847 1400 1918 diligentius
1453 1849 1706 1901 notitiam
1754 1846 1995 1915 aliquam
2029 1857 2129 1898 seu

540 1940 889 1995 traditionem
922 1942 1255 2009 exquireret,
1282 1956 1385 1995 nec
1416 1941 1713 2009 quidquam
1748 1954 1775 1991 a
1806 1936 1994 2007 paucis
2027 1934 2131 1989 illis

540 2031 825 2089 monachis
855 2032 945 2101 qui
984 2034 1057 2088 ibi
1095 2033 1279 2088 vivunt
1320 2033 1449 2088 sciri
1496 2032 1692 2101 potuit.
1731 2029 1996 2086 llomilias
2032 2042 2131 2081 au-

1483 349 1887 415 FRANCISCI
1930 342 2202 408 SCORSI
2242 342 2679 403 PROlEMlUM
2720 344 2838 404 Ill.

540 2135 648 2179 tem
679 2123 744 2178 de
795 2124 1213 2189 Resurrectione,
1250 2132 1304 2180 et
1335 2124 1469 2179 alias
1501 2124 1683 2194 plures
1712 2123 1777 2179 de
1821 2121 2024 2177 sanctis
2065 2134 2133 2174 ex
2175 2136 2192 2148 ο

544 2212 806 2269 Vaticano
840 2215 1028 2270 codice
1062 2214 1174 2286 jam
1216 2224 1344 2270 ante
1392 2214 1697 2285 descriptas
1750 2222 1804 2268 et
1846 2214 1898 2267 in
1942 2210 2133 2266 eodem

540 2307 711 2364 fuisse
745 2308 908 2372 libro,
944 2309 1038 2365 sed
1081 2325 1187 2362 non
1227 2308 1350 2363 inde
1396 2308 1777 2376 transcriptas,
1829 2321 1896 2360 ne
1941 2318 2135 2370 super-

542 2413 839 2455 vacaneum
886 2414 1045 2469 epus,
1092 2411 1146 2456 et
1200 2401 1445 2470 impensa
1502 2400 1671 2454 (let-et.
1712 2396 1917 2453 lloruut
1973 2396 2138 2466 igitur

543 2492 938 2562 exemplarium
967 2494 1196 2548 alterum
1225 2493 1314 2549 hic
1345 2492 1597 2547 Panormi
1629 2492 1880 2547 relictum
1907 2498 1962 2544 et
1993 2489 2138 2543 inter
2170 2495 2201 2569 ’,ξ
2238 2495 2307 2550 de
2364 2493 2587 2564 reliquis
2634 2510 2761 2551 vero
2811 2496 3075 2552 continuo
3129 2498 3344 2554 litteras
3395 2498 3466 2553 ad
3515 2500 3727 2554 amicos
3782 2508 3839 2555 et

496 2638 503 2643 .
544 2585 811 2654 reliquam
869 2584 1192 2640 litterariam
1249 2586 1675 2655 suppellectilem
1710 2586 1767 2638 in
1803 2595 1978 2638 morte
2030 2591 2138 2635 tra-
2186 2580 2197 2600 '

544 2677 715 2732 ditum
743 2677 845 2733 sibi
874 2676 933 2732 P.
960 2677 1217 2731 Alfousus
1243 2677 1519 2734 Caetanus
1542 2678 1660 2748 ejus
1691 2676 1858 2732 frater
1884 2683 2141 2746 Spectata:

557 2771 839 2839 religionis
886 2771 988 2834 vir,
1023 2782 1077 2826 et
1121 2772 1339 2839 pietatis
1370 2786 1435 2826 ac
1465 2772 1631 2827 studii
1663 2770 1715 2826 in
1746 2781 1966 2826 sanctos
1997 2768 2143 2824 viros

549 2865 751 2921 Siciliae
800 2864 995 2927 haeres,
1044 2865 1113 2918 ad
1162 2878 1249 2919 me
1297 2865 1492 2920 detulit

550 3154 765 3205 possem
818 3140 1156 3210 impendere,
1200 3140 1476 3211 negotium
1528 3140 1888 3209 susciperem.
1935 3137 2146 3193 Placuit

550 3232 896 3286 sobseesivas
954 3232 1143 3287 saltem
1204 3232 1369 3288 horas
1423 3247 1489 3289 ex
1541 3233 1860 3302 quotidiana
1916 3245 2146 3285 munere

553 3339 835 3393 pensaque
865 3324 1148 3380 suffurari.
1190 3326 1433 3381 Alterum
1465 3341 1594 3381 vero
1625 3325 1766 3380 idem
1796 3324 1860 3380 ﬂ.
1890 3323 1951 3378 Ρ.
1984 3323 2145 3376 Octa-

3704 341 3805 407 illi

2217 458 2487 523 scripturis
2514 460 2743 513 nondum
2768 458 3028 527 evulgatis
3053 458 3347 524 accepimus
3370 475 3401 512 a
3424 456 3492 513 Β.
3514 456 3583 511 P.
3603 457 3806 514 Jucobo

2196 547 2529 607 ,Sirnmndo.
2576 552 2682 604 viro
2729 552 3053 615 prrerttdito,
3086 551 3176 620 qui
3205 551 3330 618 quia
3378 550 3560 605 crebro
3590 568 3623 604 a
3658 551 3806 606 nobis

2215 655 2397 693 eorum
2441 642 2719 693 editionem
2768 642 3001 710 ﬂagitat,
3033 649 3087 692 ut
3130 642 3178 694 ei
3210 641 3414 708 aliqua-
3443 658 3511 695 ea:
3544 652 3693 708 parte
3721 658 3813 696 sa-

2219 732 2407 800 tis/iul,
2434 732 2565 785 relut
2593 735 2851 800 specimen
2877 734 3143 801 quoddam
3170 734 3518 787 indictionum
3542 735 3814 789 occasione

2217 824 2590 894 prwtttisimus.
2635 823 2759 878 Haec
2802 824 3120 894 Dionysius.
3172 824 3285 895 Ego
3331 826 3498 895 igitur
3539 841 3680 895 opus
3714 841 3813 897 ag—

2220 932 2469 987 gressus,
2497 933 2619 971 cutn
2650 918 2815 972 unico
2843 918 2938 972 illo
2965 932 3088 972 meo
3115 918 3416 987 exemplari
3455 933 3562 972 non
3596 933 3813 987 possem

2219 1025 2342 1067 esse
2372 1019 2686 1076 contentus,
2725 1026 2829 1067 nec
2872 1012 3008 1068 satis
3044 1010 3341 1067 lectoribus
3372 1026 3483 1067 uno
3525 1012 3619 1066 lllo
3660 1013 3820 1067 testi-

2225 1104 2410 1159 monio
2465 1104 2586 1159 fidei
2656 1120 2755 1160 nec
2810 1105 3152 1160 auctoritatis
3209 1105 3363 1175 operi
3416 1104 3597 1161 facere
3657 1120 3819 1173 pmse

2168 1254 2175 1263 ,
2224 1198 2504 1263 viderem,
2555 1196 2625 1252 ad
2670 1206 2878 1251 certam
2928 1196 3380 1268 exploratumque
3424 1196 3495 1253 de
3542 1196 3608 1251 iis
3652 1196 3820 1252 tidem

2225 1290 2532 1345 habendam
2568 1289 2813 1345 animum
2842 1288 3043 1359 adjeci.
3075 1289 3143 1345 Et
3174 1291 3412 1360 primum
3448 1291 3666 1348 easdem
3700 1292 3754 1347 ill
3795 1308 3824 1348 s

2226 1396 2350 1435 esse
2393 1379 2649 1434 homilias
2678 1394 2800 1448 qua:
2839 1378 3189 1449 Theophanis
3219 1381 3490 1444 Ceramei,
3524 1381 3826 1437 Taurome-

2228 1473 2399 1527 nitaui
2433 1473 2717 1539 antistitis,
2748 1487 2775 1525 ιι
2807 1471 3110 1541 majoribus
3151 1481 3337 1528 essent
3365 1472 3531 1528 dictae
3563 1484 3829 1542 recepta:-

2228 1582 2365 1634 que.
2418 1566 2660 1635 comperi
2706 1582 2775 1621 ex
2826 1566 2945 1636 ipsa
2992 1565 3387 1632 inscriptione,
3436 1566 3696 1621 nimirum
3742 1568 3829 1632 εἰς

2228 1658 2296 1713 τὰ
2329 1658 2628 1729 εὐαγγέλια
2662 1660 2941 1730 Κυριακὰ,
2980 1660 3076 1714 καὶ
3116 1660 3312 1731 ἑορτὰς
3349 1659 3446 1714 τοῦ
3484 1658 3609 1713 ὅλου
3644 1661 3832 1713 ἐνιαυ-

2229 1753 2342 1807 τοῦ.
2364 1752 2516 1820 Quod
2537 1768 2669 1811 sane
2687 1761 2904 1809 constat
2918 1769 2986 1809 ex
3001 1754 3253 1808 omnibus
3274 1754 3601 1809 testimoniis
3618 1769 3745 1825 quin
3761 1754 3832 1811 de

2232 1846 2337 1900 hoc
2364 1856 2587 1900 auctore
2616 1861 2903 1915 congeram
2941 1844 3104 1900 infra.
3143 1846 3347 1901 Deinde
3377 1860 3501 1900 cum
3543 1846 3833 1915 impressis

2234 1941 2377 2010 apud
2412 1940 2755 2004 Gretserum,
2795 1939 3115 2004 Baronium,
3149 1940 3471 2012 Dionysium
3509 1956 3659 1996 meas
3690 1956 3830 1996 mss.

2233 2032 2461 2098 contuli,
2505 2041 2562 2086 et
2603 2032 2823 2102 quidem
2857 2043 3119 2088 constare
3149 2048 3346 2089 sensus
3377 2043 3432 2087 et
3465 2034 3633 2090 verba
3678 2034 3835 2099 vidi;

2235 2126 2487 2196 quamvis
2524 2124 2731 2195 aliquot
2778 2124 3084 2195 fragmenta
3133 2127 3218 2180 vel
3263 2129 3318 2182 in
3360 2141 3484 2182 meo
3523 2126 3830 2197 exemplari

2172 2286 2175 2293 ,
2235 2216 2323 2271 vel
2375 2217 2430 2271 in
2481 2217 2767 2286 impressis
2817 2218 3111 2284 deessent,
3169 2220 3315 2289 quod
3366 2219 3690 2289 scriptorum
3744 2219 3837 2275 vel

2235 2308 2394 2379 culpa
2423 2308 2507 2365 vel
2535 2324 2723 2365 errore
2758 2308 2960 2364 factum
2994 2325 3118 2366 esse
3153 2311 3397 2381 potuisse
3430 2312 3835 2367 animadverte-

2183 2454 2191 2461 .
2238 2402 2399 2467 bam;
2434 2411 2491 2459 et
2523 2418 2592 2457 ex
2624 2402 2839 2458 duabus
2879 2418 3044 2457 unam
3088 2403 3360 2476 integram
3397 2419 3559 2473 posse
3595 2404 3845 2475 restitui,

2246 2967 2385 3021 quas
2425 2952 2560 3020 disi,
2593 2955 2687 3009 sed
2713 2964 2769 3010 et
2796 2970 2962 3011 unam
3010 2970 3176 3010 manu
3214 2971 3313 3011 sua
3352 2958 3739 3026 transcriptum
3777 2960 3847 3013 de

2209 3042 2349 3127 ~SS.
2399 3045 2653 3114 apostolis
2701 3044 2860 3101 Petro
2891 3057 2939 3100 et
2975 3044 3173 3111 Paulo,
3217 3056 3273 3101 et
3319 3046 3527 3116 aliquot
3573 3048 3842 3115 promnia

553 3417 698 3481 \itts,
729 3426 787 3471 ιιι
817 3417 909 3486 qui
943 3414 1178 3472 niaxime
1209 3428 1457 3485 cuperet,
1484 3414 1543 3473 et
1574 3433 1744 3473 unum
1781 3418 1886 3473 hoc
1918 3417 2149 3484 agitaret

552 3510 758 3573 animo,
809 3522 865 3562 ut
906 3510 990 3564 hie
1041 3510 1280 3566 humilia:
1334 3513 1551 3566 tandem
1594 3512 1771 3567 lucem
1820 3510 2145 3580 aspicerent,

554 3616 677 3665 utne
723 3604 825 3657 sibi
880 3602 1001 3659 luce
1038 3603 1374 3672 dignissimae
1428 3604 1777 3668 videbantur,
1838 3602 1984 3658 unde
2038 3617 2149 3658 non

2239 2584 2489 2640 eruditos
2525 2585 2649 2640 misi
2686 2585 2937 2653 Romam,
2970 2588 3024 2642 in
3057 2587 3283 2651 Gallias.
3318 2590 3372 2644 in
3410 2588 3746 2659 Hispaniain,
3781 2590 3838 2645 in

2240 2676 2632 2745 Germaniam,
2692 2688 2791 2745 ut,
2848 2678 3146 2749 exploratis
3197 2680 3577 2746 bibliothecis,
3631 2684 3700 2735 de
3750 2681 3844 2737 his

2180 2794 2195 2847 χ
2243 2769 2489 2825 bomiliis
2513 2784 2602 2825 me
2623 2770 2910 2825 certiorem
2939 2772 3207 2826 facerem.
3236 2770 3299 2824 Et
3326 2774 3545 2842 quidem
3572 2787 3636 2826 ex
3662 2773 3840 2827 Gallia

1541 2881 1557 2922 :
1606 2864 1843 2919 viderem
1888 2879 1955 2917 an
2004 2861 2195 2920 foret

500 3002 511 3007 -
548 2972 726 3023 operae
762 2957 999 3026 pretium
1026 2956 1319 3012 Latinitate
1352 2971 1416 3013 ac
1448 2957 1568 3012 luce
1596 2957 1832 3023 donare;
1865 2964 1921 3011 et
1953 2955 1999 3010 si
2025 2966 2145 3009 tan-

498 3098 501 3101 .
547 3061 660 3103 tum
682 3049 944 3110 laborem,
972 3058 1071 3105 ete
1098 3049 1312 3105 diurnis
1346 3049 1488 3105 meis
1504 3048 1956 3118 occupationibus
1979 3047 2144 3116 spatii

2245 2859 2306 2915 P.
2329 2861 2656 2918 Sirmundus
2675 2877 2784 2917 non
2808 2861 2970 2919 modo
2990 2863 3194 2919 indices
3211 2878 3277 2919 ex
3301 2866 3472 2920 tribus
3494 2865 3842 2920 bibliothecis

2249 3137 2462 3193 illarum
2496 3154 2617 3207 quae
2661 3139 2797 3194 mihi
2843 3147 2979 3195 tunc
3009 3142 3234 3196 deerant
3271 3139 3352 3195 vel
3401 3141 3609 3196 incerta
3643 3152 3847 3205 erant;

2179 3297 2208 3318 Ν
2250 3245 2315 3286 ac
2342 3242 2600 3301 praeterea
2631 3248 2755 3304 qua:
2778 3233 3097 3289 humanitas
3122 3235 3175 3288 in
3204 3243 3356 3289 tanto
3388 3236 3506 3290 viro
3523 3245 3579 3289 et
3602 3236 3847 3289 studium

2180 3340 2193 3395 ξ
2250 3323 2568 3391 perﬁciendi
2600 3324 2780 3393 operis
2817 3325 3016 3390 inerat,
3061 3325 3246 3380 studio
3273 3340 3337 3378 ac
3369 3324 3650 3396 diligentia
3682 3341 3851 3380 recu-

2250 3415 2464 3485 peravit
2493 3416 2773 3486 exemplar
2798 3416 2928 3470 illud
2955 3417 3100 3487 quod
3128 3416 3239 3486 jam
3271 3417 3532 3473 amissum
3559 3418 3854 3472 existima-

2251 3505 2431 3571 batur,
2461 3514 2516 3561 et
2543 3506 2609 3560 ad
2644 3521 2730 3561 me
2767 3506 3073 3562 transmisit
3097 3522 3163 3562 ex
3193 3506 3368 3562 Gallia
3411 3507 3704 3561 incolume.
3735 3504 3854 3561 lloc

2205 3646 2209 3650 .
2249 3598 2502 3667 quamvis
2531 3597 2734 3651 nullum
2765 3596 3048 3665 praeferret
3078 3599 3317 3653 auctoris
3344 3597 3586 3665 titulum,
3612 3598 3854 3654 fortasse

556 3711 780 3764 parram
809 3696 1109 3753 Siciiicnsis
1136 3699 1377 3753 Ecclesia
1406 3698 1749 3765 Splendorem
1779 3706 1927 3751 esset
1955 3710 2148 3764 accep-
2190 3680 2201 3743 ί

558 3800 716 3848 tura,
768 3787 917 3843 misit
963 3788 1015 3843 in
1065 3788 1268 3844 Galiias
1319 3790 1385 3845 ad
1439 3787 1699 3845 Jacobum
1757 3775 2190 3853 Sirmunduany'

555 3896 671 3936 soc.
696 3877 846 3946 Jesu,
868 3882 1027 3950 cujus
1047 3898 1212 3951 opera
1237 3882 1404 3936 multa
1427 3893 1589 3950 atque
1610 3882 1872 3950 praeclara
1897 3882 1950 3934 in
1976 3881 2147 3935 lucem
2186 3881 2197 3897 "

560 3967 788 4036 prolata,
824 3980 1060 4037 quantus
1095 3972 1175 4023 vir
1215 3973 1307 4033 sit,
1351 3973 1469 4025 sine
1513 3987 1628 4025 mea
1665 3971 1917 4024 oratione
1960 3985 2057 4037 per
2090 3983 2149 4022 se

502 4104 509 4107 .
562 4062 818 4130 quamvis
862 4064 1024 4117 tacita
1066 4062 1382 4130 praedicant,
1415 4078 1526 4131 quo
1570 4061 1753 4115 Romae
1788 4059 1848 4115 P.
1896 4060 2151 4117 Octavius

505 4206 517 4219 ,
564 4159 744 4210 fuerat
789 4138 1130 4209 familiariter
1178 4171 1329 4216 usus,
1379 4164 1439 4208 ut
1487 4155 1565 4209 vel
1606 4155 1722 4224 ipse
1767 4161 2025 4215 tri-iteret,
2069 4154 2152 4207 vel

506 4288 509 4293 .
562 4247 820 4303 vertenda
852 4247 1044 4303 Latine
1069 4256 1305 4303 curaret.
1334 4248 1382 4302 ls
1410 4248 1658 4315 lampada
1688 4246 1915 4301 tradidit
1941 4246 2001 4299 P.
2028 4244 2154 4298 Dio-

564 4342 723 4410 nysio
765 4339 1007 4403 Petavio,
1042 4340 1323 4395 societatis
1348 4347 1566 4403 nostras,
1587 4341 1679 4408 qui
1708 4355 1820 4394 rem
1845 4354 2152 4409 aggressus,

565 4434 821 4501 primam,
848 4433 928 4493 εἰς
954 4430 1052 4501 τὴν
1078 4430 1252 4501 ἀρχὴν
1273 4431 1372 4500 τῆς
1413 4430 1691 4494 Ἰνδίκτου,
1717 4430 1964 4486 Latinam
1994 4431 2150 4496 fci'il;

566 4536 749 4596 postea
777 4527 938 4580 ttedio
965 4526 1159 4589 victus,
1190 4534 1284 4579 aut
1312 4526 1516 4580 codicis
1545 4541 1705 4594 quem
1738 4524 1931 4579 habuit
1959 4527 2157 4581 obscu-

566 4614 747 4679 ritate,
778 4630 805 4666 a
835 4624 1016 4683 coepto
1061 4612 1290 4677 destitit,
1321 4620 1375 4668 et
1418 4613 1520 4668 sibi
1552 4626 1836 4668 externum
1878 4613 2156 4668 hominem

566 4707 881 4777 subrogavit
905 4707 1000 4777 qui
1029 4721 1134 4761 non
1166 4706 1324 4760 modo
1354 4720 1465 4760 rem
1492 4721 1600 4758 non
1629 4714 1715 4760 est
1736 4721 1916 4769 orsus,
1942 4708 2036 4759 sed
2064 4706 2154 4759 vix

567 4803 782 4856 tandem
833 4800 964 4856 illud
1002 4800 1279 4869 exemplar
1325 4800 1580 4857 restituit.
1616 4799 1723 4855 Sed
1768 4798 1830 4853 Ρ.
1869 4798 2157 4868 Dionysius

569 4906 637 4945 ne
673 4892 978 4945 lucubratio
1005 4906 1100 4944 sua
1147 4890 1235 4945 illa
1286 4893 1512 4959 periret,
1547 4890 1826 4945 houtilism
1860 4890 2005 4942 illum
2054 4893 2157 4945 sub

570 4983 793 5036 nomine
832 4981 1077 5051 Gregorii
1115 4982 1289 5036 edidit
1332 4981 1519 5037 Graece
1549 4991 1606 5035 et
1651 4980 1842 5037 Latine
1890 4996 1997 5035 una
2030 4994 2156 5035 eum

571 5074 798 5127 historia
846 5073 1136 5142 Nicephori
1179 5073 1504 5143 patriarchae
1534 5072 2156 5142 Constantinopolitani;

570 5182 694 5237 qua:
733 5167 951 5234 quidem
1000 5168 1071 5219 ita
1104 5183 1165 5223 se
1192 5167 1395 5223 habere
1438 5175 1550 5222 tum
1579 5168 1644 5223 ad
1673 5183 1761 5221 me
1798 5167 2017 5235 scripsit
2043 5166 2160 5235 epi-

575 5262 712 5315 stola
748 5275 844 5316 sua
883 5260 941 5315 Ρ.
979 5258 1325 5322 Sirmundus.
1362 5268 1478 5314 tum
1509 5260 1623 5330 ipse
1652 5261 1715 5317 Ρ.
1752 5259 2038 5331 Dionysius
2071 5262 2161 5316 lit-

512 5381 525 5391 -
576 5358 712 5414 teris
741 5366 794 5411 et
832 5356 1103 5411 memoria:
1144 5357 1381 5426 prodidit
1411 5358 1461 5409 in
1493 5372 1590 5411 suo
1626 5356 1716 5409 illo
1752 5357 1950 5421 libello,
1986 5358 2073 5411 ubi
2108 5360 2159 5412 in

522 5486 527 5491 ς
576 5453 719 5506 notis
740 5450 1138 5519 chronologicis
1160 5465 1282 5505 cum
1302 5450 1366 5504 de
1383 5450 1679 5505 indictione
1702 5452 1832 5521 agit.
1854 5450 1930 5504 sic
1951 5451 2161 5507 scribit;

576 5545 735 5609 Quod
772 5546 1053 5613 posterius,
1089 5552 1144 5595 ut
1175 5544 1311 5597 alios
1345 5544 1606 5610 omittam,
1650 5543 1934 5614 Grrgorius
1978 5547 2163 5615 Κερα-

518 5658 529 5676 ί
583 5637 743 5701 Min,
792 5635 1274 5690 Tauromenitanam
1320 5636 1767 5705 archiepiscopus,
1816 5636 2014 5689 iudicat
2067 5640 2165 5689 Ito-

583 5725 731 5775 mitia
766 5729 846 5787 ετς
894 5729 991 5795 τὴν
1049 5728 1224 5797 ἀρχὴν
1262 5727 1363 5793 τῆς
1410 5728 1691 5790 Ἰνδξκτου,
1735 5728 1854 5798 ἦτοι
1893 5727 1987 5779 τοῦ
2043 5727 2165 5779 νέου

591 5813 776 5879 ἔτους,
806 5832 963 5884 quam
1010 5837 1101 5873 nos
1156 5837 1258 5875 una
1307 5836 1423 5873 cum
1476 5822 1597 5874 aliis
1647 5821 1886 5888 pluribus
1936 5818 2169 5888 ejusdem

2251 3690 2382 3760 quia
2406 3690 2579 3761 prima
2604 3690 2813 3761 pagella
2836 3691 2893 3745 in
2918 3690 3119 3746 multas
3144 3705 3340 3745 manus
3361 3700 3414 3747 et
3437 3692 3554 3747 loca
3583 3694 3854 3750 translata

2254 3798 2320 3838 ac
2351 3784 2550 3838 detrita
2578 3782 2881 3847 interierat,
2912 3792 3095 3839 tamen
3126 3783 3331 3838 contuli
3358 3798 3487 3839 cum
3515 3798 3636 3839 meo
3659 3798 3855 3840 exem-

2255 3876 2415 3946 plari,
2447 3884 2505 3930 ut
2536 3890 2659 3929 cum
2704 3876 2926 3931 easdem
2971 3890 3095 3931 esse
3130 3875 3386 3931 homilias
3432 3877 3853 3946 comperissem,

2254 3969 2611 4022 confirmatus
2648 3968 2817 4035 magis
2848 3967 2900 4020 in
2945 3968 3049 4023 fide
3088 3968 3481 4036 exemplarium
3513 3984 3634 4024 sum
3667 3985 3683 4023 :
3718 3972 3856 4038 quin

2254 4071 2310 4115 et
2335 4062 2579 4116 lucratus
2603 4078 2667 4115 ex
2695 4075 2762 4115 eo
2795 4060 2995 4116 multas
3024 4061 3276 4117 homilias
3303 4076 3423 4132 quae
3455 4060 3507 4115 in
3543 4077 3662 4117 meo
3686 4062 3854 4117 dees-

2256 4165 2400 4221 sent,
2444 4163 2499 4208 et
2539 4154 2653 4208 loca
2703 4153 2936 4222 plurima
2985 4169 3108 4223 qua:
3157 4154 3209 4208 in
3264 4169 3387 4209 meo
3435 4154 3622 4210 itidem
3670 4167 3858 4211 essent

2257 4247 2551 4310 intercisa,
2608 4247 2949 4316 depravata,
3007 4247 3299 4302 obscurata
3362 4260 3521 4317 posse
3575 4248 3858 4316 suppleri,

2257 4340 2578 4404 emendari,
2636 4339 2900 4395 illusuari
2940 4338 3044 4392 vidi
3087 4349 3189 4394 :et
3240 4354 3362 4395 cum
3414 4339 3466 4393 in
3517 4339 3611 4395 illo
3659 4354 3861 4397 sensus

2257 4441 2443 4487 essent
2487 4430 2683 4501 integri
2726 4430 2899 4499 magis
2938 4438 2993 4484 et
3035 4431 3176 4499 pleni
3207 4444 3370 4499 quam
3403 4430 3458 4485 in
3488 4445 3629 4497 meo,
3664 4431 3717 4485 in
3753 4431 3859 4485 hoc

2258 4535 2443 4579 autem
2481 4523 2754 4592 scriptura
2795 4522 2908 4592 ipsa
2941 4523 3057 4576 sive
3085 4522 3480 4592 orthographia
3513 4523 3864 4580 emendatior

2258 4622 2315 4668 et
2346 4611 2549 4666 clarior
2575 4624 2736 4679 quam
2771 4609 2825 4663 in
2857 4609 2973 4675 illo,
3004 4624 3068 4664 ex
3104 4618 3341 4680 utroque
3376 4612 3521 4681 quod
3559 4619 3680 4665 erat
3713 4611 3864 4668 lace-

2259 4719 2377 4759 rum
2416 4696 2774 4770 mutilaatque
2802 4700 2964 4756 refeci
3012 4710 3178 4771 atque
3209 4703 3433 4769 sanavi,
3473 4704 3619 4773 quod
3664 4702 3863 4772 depra-

2248 4807 2443 4850 ‘vatum
2491 4795 2730 4860 correxi,
2785 4795 2929 4862 quod
2984 4796 3280 4849 obscurum
3335 4795 3641 4859 illustravi;
3691 4806 3863 4864 atque

2260 4889 2333 4943 ita
2405 4890 2646 4954 integras
2715 4885 3095 4956 perfectasque
3153 4887 3410 4942 homilias
3467 4888 3862 4943 describendas

2260 4979 2608 5049 edendasque
2635 4979 2846 5033 curavi.
2883 4978 3110 5033 Addidit
3145 4990 3404 5049 prieterea
3438 4977 3496 5033 Ρ.
3530 4978 3863 5037 Sirtnundus

2261 5074 2618 5140 exscripsisse
2642 5088 2700 5127 se
2722 5071 2909 5126 Roma:
2929 5087 2996 5126 ex
3021 5073 3247 5139 antiquo
3273 5072 3569 5140 exemplari
3601 5072 3858 5128 undecim

2264 5166 2517 5220 homilias
2544 5166 2625 5228 εἰς
2653 5166 2724 5218 τὰ
2751 5164 2978 5229 ἑωθινὰ,
3010 5179 3148 5232 quas
3179 5165 3401 5220 easdem
3446 5168 3609 5220 etiam
3653 5165 3859 5233 reperi,

2268 5260 2377 5313 Deo
2410 5263 2560 5327 operi
2613 5258 2917 5324 aspirantie,
2954 5257 3008 5310 in
3061 5258 3431 5311 monumentis
3466 5273 3494 5311 a
3533 5257 3592 5312 P.
3629 5258 3860 5313 Octavio
3913 5254 3920 5258 ’

2266 5353 2472 5408 relictis
2493 5359 2548 5407 et
2574 5353 2705 5405 mihi
2738 5347 3084 5406 traditis.'Ex
3114 5351 3312 5418 quibus
3340 5330 3555 5406 collatis
3582 5366 3702 5405 cum
3733 5351 3859 5408 aliis

2206 5490 2213 5499 .
2268 5444 2492 5499 totidem
2545 5443 2651 5498 mei
2698 5440 3031 5510 exemplaris
3082 5455 3185 5495 non
3234 5456 3423 5509 parmn
3473 5442 3606 5496 lueis
3636 5455 3700 5495 ac
3733 5441 3857 5496 fidei

2268 5535 2477 5605 accepi.
2534 5535 2705 5589 Roma
2766 5549 2875 5588 non
2932 5532 3107 5586 solum
3169 5532 3560 5587 conferendum
3625 5532 3859 5586 indicem

2269 5639 2714 5700 argumentorum
2745 5640 2801 5683 et
2845 5627 3239 5697 principiorum
3286 5632 3500 5689 curavi,
3530 5622 3623 5681 sed
3651 5623 3827 5680 exscri
3846 5653 3863 5666 -

2271 5725 2475 5777 bendas
2522 5722 2686 5777 etiam
2739 5719 3027 5788 plurimas,
3081 5730 3193 5771 tum
3243 5734 3383 5786 quas
3428 5733 3535 5773 non
3578 5719 3857 5780 haberem,

2280 5827 2394 5873 tum
2447 5830 2636 5872 earum
2698 5828 2837 5885 quas
2898 5812 3180 5870 haberem.
3235 5811 3300 5867 Et
3352 5810 3570 5882 quidem
3623 5811 3757 5867 duas
3803 5822 3863 5867 et
