4122 6416
390 384 496 448 1:25

388 503 580 569 viginti
618 501 861 569 integras
909 499 1126 569 accepi;
1179 499 1376 568 quibus
1421 499 1462 551 si
1512 497 1677 548 addas
1723 490 1975 545 undecim

386 605 473 662 εἰς
496 599 564 650 τὰ
596 597 795 649 metu
823 606 878 650 et
911 595 1049 650 alias
1077 609 1179 647 non
1211 607 1407 659 paucas
1438 592 1503 644 de
1529 588 1753 650 sanctis,
1784 586 1828 639 si
1865 599 1970 636 non

386 708 605 755 omnes,
647 701 797 744 certe
832 689 1122 742 maximam
1165 694 1368 754 partem
1402 682 1746 737 homiliarum
1769 695 1799 732 e
1830 675 1983 729 Vati-

390 804 527 841 cana
596 785 921 841 bibliotheca
988 783 1335 850 depromptas
1402 776 1576 845 possis
1636 785 1977 843 agnoscere;

388 884 598 953 quibus
632 896 752 934 cum
799 876 1130 933 conveniant
1169 888 1246 926 cm
1279 885 1397 939 qua}
1430 870 1480 922 in
1523 878 1754 934 utroque
1796 878 1983 917 exeru-

392 977 533 1043 plari
570 988 679 1028 tum
713 970 1128 1029 Pauormitauo,
1164 976 1273 1019 tum
1310 962 1590 1018 Gallicano
1621 959 1719 1027 (sic
1752 973 1812 1012 ea
1850 970 1981 1006 voro

391 1066 762 1137 disriuguendi
828 1065 1048 1135 gratia),
1111 1063 1177 1114 de
1235 1061 1449 1113 caeteris
1516 1056 1659 1109 idem
1714 1052 1978 1121 judicium

392 1165 639 1232 prudens
684 1162 866 1215 facere
915 1160 1124 1227 possis;
1166 1164 1220 1209 et
1259 1167 1451 1206 υιιιιιρε
1497 1150 1718 1221 perinde
1757 1148 1981 1208 habere,

394 1272 461 1309 ac
488 1256 533 1308 si
563 1269 753 1307 omrws
778 1252 997 1305 omuin
1025 1250 1234 1304 collata:
1264 1246 1510 1307 fuissem,
1539 1254 1590 1296 et
1615 1257 1680 1294 ex
1710 1239 1981 1293 Vaticana:

392 1349 747 1403 bibliothecae
787 1344 889 1397 tide
917 1358 944 1396 a
978 1358 1061 1395 me
1098 1342 1371 1393 traductas
1414 1336 1825 1406 publicatasque
1855 1346 1981 1383 ceu-

392 1455 543 1495 scre.
572 1437 706 1491 illud
734 1435 896 1489 etiam
930 1433 1228 1488 mouuerim
1257 1430 1323 1483 ad
1352 1425 1779 1483 continuandam
1815 1422 1980 1489 hujus

392 1535 581 1603 operis
632 1531 811 1591 ﬁdem,
871 1544 975 1581 una
1020 1536 1245 1595 excepta
1294 1523 1535 1585 homilia,
1589 1520 1653 1572 de
1686 1516 1981 1586 legisperi’o

395 1631 759 1696 interrogante
801 1624 1079 1677 Dominum
1114 1617 1326 1692 (bomil.
1374 1617 1473 1685 ιι),
1508 1614 1747 1683 reliquas
1789 1623 1980 1663 omnes

396 1737 462 1774 cx
498 1721 709 1773 duobus
748 1719 1033 1785 tribusque
1067 1711 1472 1781 exemplaribus
1509 1710 1649 1762 inter
1680 1722 1736 1759 se
1766 1704 1979 1757 collatis

395 1830 425 1866 a
460 1828 546 1866 me
580 1812 827 1881 proferri.
861 1810 1011 1877 Quod
1055 1810 1107 1862 in
1153 1806 1485 1874 singularum
1537 1804 1679 1856 notis
1727 1798 1981 1853 animad-

397 1916 610 1961 vertam
638 1924 653 1971 ;
690 1907 775 1960 ubi
810 1904 1018 1959 etiamsi
1053 1902 1179 1971 quid
1215 1900 1370 1953 lectio
1398 1897 1592 1958 variet,
1626 1896 1670 1949 si
1704 1895 1829 1963 quid
1861 1908 1976 1946 mea

395 2004 717 2072 COIIjCClUra
752 2008 1059 2056 correctum
1097 1998 1516 2060 restitutumque
1550 1992 1643 2055 sit,
1676 1990 1718 2043 si
1754 1988 1881 2057 quid
1914 2002 1979 2042 ex

396 2096 658 2149 uumibus
712 2092 1035 2147 lectionibus
1091 2091 1317 2145 rectius.
1361 2085 1610 2138 videatur
1657 2091 1709 2137 et
1761 2080 1978 2145 verius,

396 2191 545 2259 quod
590 2198 767 2242 tamen
805 2187 876 2240 sit
909 2182 1140 2251 alicuius
1181 2177 1459 2242 momenti,
1501 2172 1821 2231 admonebo.

833 2299 860 2372 ᾗ
899 2299 983 2354 Ill.
1021 2298 1164 2353 Ordo
1198 2294 1559 2350 homiliarum.

473 2422 594 2476 Non
624 2428 709 2474 est
739 2418 844 2472 alia
879 2416 1047 2471 series
1088 2414 1277 2468 harum
1318 2411 1687 2474 homiliarum,
1720 2421 1884 2477 quam
1917 2420 1981 2460 ea

397 2531 512 2583 qua
551 2523 683 2567 sunt
730 2509 1007 2580 evangelia
1049 2523 1146 2578 per
1184 2508 1300 2561 dies
1351 2504 1659 2560 Dominicos
1710 2501 1983 2567 [estusque

394 2614 720 2661 sanctorum
747 2618 839 2670 per
862 2616 1060 2655 annum
1085 2598 1398 2655 Graecorum
1437 2598 1542 2649 ritu
1583 2594 1808 2662 digesta.
1837 2591 1984 2648 Cou-

395 2705 514 2753 stat
543 2708 722 2752 autem
760 2711 866 2749 non
902 2694 1074 2748 solum
1109 2694 1173 2745 ὲκ
1206 2692 1299 2743 τοῦ
1329 2684 1850 2758 Εὑαγγελισταρίου,
1881 2686 1984 2739 hoc

397 2802 515 2855 est,
542 2792 683 2846 libro
714 2806 823 2860 quo
860 2788 1131 2853 :vangelia
1175 2784 1442 2852 descripta
1475 2790 1603 2837 sunt
1642 2782 1692 2835 in
1726 2779 1984 2844 Liturgiis

401 2885 713 2948 Iccitauda,
746 2898 843 2937 nec
880 2898 945 2936 ex
973 2879 1191 2933 Memris
1212 2877 1408 2939 solum,
1464 2875 1516 2929 in
1561 2874 1756 2943 quibus
1797 2885 1984 2941 preces

398 2986 457 3031 c:
489 2975 673 3047 hymni
699 2981 1007 3027 sanctorum
1031 2984 1128 3038 per
1153 2980 1365 3020 menses
1394 2962 1661 3032 dispositi,
1702 2961 1793 3015 sed
1820 2960 1983 3012 etiam

398 3085 469 3121 ex
524 3075 716 3121 nostro
748 3062 1079 3131 Theophane
1138 3060 1190 3113 in
1244 3057 1464 3112 homilia
1521 3055 1677 3122 cujus
1724 3053 1981 3107 initium:

410 3156 747 3225 Ἐπειὸήπερ
800 3152 975 3223 ἀρχὴν
1026 3151 1240 3221 εἰλήφει
1271 3152 1513 3219 σήμερον
1548 3145 1751 3216 (Ιιοηιίι.
1780 3143 1856 3207 ν),
1877 3156 1985 3211 quo

400 3250 598 3305 ordine
632 3246 915 3315 evangelia
948 3245 1238 3299 distributa
1274 3242 1404 3296 sint.
1431 3238 1693 3293 lnchoant
1722 3237 1864 3291 enim
1889 3250 1986 3288 an-

402 3360 537 3397 num
568 3341 1000 3397 ecclesiasticum
1034 3356 1059 3391 a
1092 3335 1432 3406 Septembri;
1470 3343 1525 3387 et
1558 3330 1835 3386 Dominica
1866 3337 1986 3397 post

400 3436 806 3490 Exaltationem
860 3443 1063 3487 sancta:
1094 3429 1272 3485 crucis
1319 3443 1384 3482 ex
1422 3428 1479 3482 S.
1513 3426 1652 3479 Luca
1687 3424 1864 3491 legere
1900 3423 1985 3475 in-

399 3530 638 3597 cipiunt,
679 3541 848 3593 usque
872 3526 938 3579 ad
967 3521 1483 3591 Quadragesimam:
1514 3533 1620 3587 quo
1653 3527 1892 3584 tempore
1914 3529 1979 3567 ex

400 3624 591 3678 Marco
614 3634 785 3690 usque
816 3618 880 3671 ad
909 3615 1148 3675 Pascha;
1176 3615 1302 3666 hinc
1324 3625 1494 3678 usque
1526 3610 1592 3663 ad
1624 3608 1982 3661 Pentecosten

404 3732 473 3767 ex
531 3713 780 3765 Joanne:
813 3709 1009 3761 exinde
1039 3721 1102 3760 ex
1137 3703 1192 3758 S.
1224 3702 1499 3765 Matthteo,
1532 3714 1638 3769 quo
1665 3698 1849 3751 o‘rbem
1887 3712 1986 3749 an-

403 3819 574 3859 nuum
627 3801 885 3856 claudunt
920 3800 970 3851 in
1021 3798 1283 3866 Augusto.
1331 3794 1483 3858 Quod
1516 3793 1683 3846 etiam
1720 3791 1772 3843 in
1804 3790 1987 3843 codice

408 3902 675 3954 \‘aticano
706 3907 828 3967 post
860 3896 1137 3949 homiliam
1180 3893 1250 3945 De
1279 3899 1464 3944 sancio
1496 3888 1707 3942 Joanne
1739 3886 1985 3955 Baptista

411 3993 627 4063 (liomil.
659 3990 771 4058 ut)
795 4003 912 4057 quae
935 3987 1142 4054 incipit,
1172 3984 1364 4044 Καλῶς
1401 3983 1715 4050 ἐφήρμοσεν
1748 3981 1781 4047 ἡ
1812 3978 1982 4043 τάξις,

411 4087 737 4139 adnotatum
772 4090 855 4135 est
892 4082 975 4134 bis
1002 4079 1202 4140 verbis,
1226 4076 1429 4128 ’ἰστέον
1467 4075 1548 4127 ὅτι
1578 4072 1682 4134 ἕως
1711 4065 1812 4123 ὧδε
1850 4070 1988 4137 πλη-

404 4176 677 4249 pnsum
704 4174 1020 4244 μηνολὸγιον
1049 4168 1263 4224 ἀπὸτοῦ
1284 4165 1663 4236 Σεπτεμϐρίου
1685 4164 1987 4235 ἀρχόμενον

400 4271 569 4323 οἱονεὶ
609 4270 704 4320 καὶ
750 4267 812 4319 τὸ
868 4265 1021 4326 τέλος
1064 4263 1157 4316 τοῦ
1210 4261 1523 4329 Αὐγούστου
1584 4257 1985 4326 τελειούμενον.

404 4362 721 4421 Sciendum,
752 4362 890 4426 quod
922 4359 1008 4409 llic
1032 4356 1221 4409 desinit
1260 4352 1610 4421 menologium
1638 4367 1669 4402 a
1698 4348 1988 4419 Septembri

401 4456 663 4521 incipiens
700 4462 748 4505 et
802 4453 857 4503 in
910 4451 1014 4517 ﬁne
1058 4448 1285 4517 Augusti
1323 4444 1656 4514 completum.
1688 4443 1867 4511 Atque
1902 4440 1989 4494 hic

401 4550 544 4601 ordo
579 4548 897 4612 plerumque
931 4550 1141 4596 constat
1171 4540 1223 4592 in
1249 4539 1500 4592 onmibus
1539 4534 1818 4589 codicibus
1853 4548 1984 4587 mss.

401 4643 498 4707 qui
547 4652 736 4691 omnes
771 4635 1033 4703 incipiunt
1079 4632 1145 4685 ab
1175 4629 1394 4684 homilia
1429 4630 1511 4691 si;
1561 4628 1659 4696 τὴν
1703 4626 1986 4690 Ἰνδικτον,

403 4734 528 4802 ἢτοι
564 4728 741 4798 ἀρχὴν
773 4726 867 4780 τοῦ
891 4729 1013 4780 νέου
1054 4724 1234 4788 ἔτους,
1274 4738 1392 4791 qua:
1422 4722 1601 4802 est-de
1635 4734 1823 4774 mense
1851 4719 1987 4785 Sep-

408 4823 632 4884 tembri,
680 4830 733 4874 et
773 4819 1046 4879 desinunt,
1106 4816 1247 4884 quod
1303 4816 1368 4867 ad
1417 4798 1696 4882 evangelia
1748 4811 1990 4882 κυριακά

406 4916 606 4967 attinet
629 4952 645 4976 ,
696 4913 749 4963 iu
785 4925 902 4964 eam
938 4922 1059 4974 qua:
1091 4904 1264 4960 estde
1290 4905 1449 4957 dit-ite
1486 4904 1845 4970 interrogante
1881 4897 1988 4950 Do—

404 5006 615 5057 minum
654 5001 863 5072 (bomil.
894 4998 1056 5066 XLV);
1087 4996 1233 5066 quod
1272 5010 1400 5050 vero
1440 4997 1505 5047 ad
1556 4995 1721 5057 festa,
1769 4993 1819 5046 iu
1868 5005 1985 5045 eam

404 5114 531 5168 que
567 5105 651 5151 est
678 5099 741 5149 de
770 5094 830 5149 S.
861 5093 1092 5147 Joannis
1122 5090 1377 5159 Baptista:
1401 5087 1752 5143 decollatione
1774 5086 1985 5156 (homit.

404 5192 548 5258 ut),
588 5190 639 5241 in
678 5187 831 5257 cujus
866 5186 1131 5254 protentio
1166 5185 1283 5252 ipse
1323 5182 1683 5249 Theophanes
1725 5179 1853 5234 illud
1888 5178 1988 5232 ad-

406 5282 598 5345 vertit,
635 5289 780 5334 recte
812 5280 867 5332 in
901 5280 1020 5347 ipso
1052 5276 1109 5331 S.
1139 5277 1481 5330 Prmenrsore
1517 5273 1653 5326 ﬁniri
1687 5286 1912 5335 annum,
1936 5276 1991 5322 et

401 5373 610 5429 eximie
654 5386 853 5425 novum
911 5368 1178 5433 inchoari,
1234 5368 1378 5435 quod
1425 5368 1539 5435 ipse
1584 5364 1748 5419 fuerit
1778 5365 1990 5417 medius

404 5469 553 5521 inter
605 5474 838 5518 veterem
888 5461 1060 5529 legem
1095 5471 1150 5515 et
1195 5474 1411 5513 novam.
1451 5458 1603 5512 Hunc
1632 5458 1877 5512 ordinem
1910 5458 1985 5509 ri-

406 5571 636 5627 tumque
660 5556 1069 5628 evangeliornm
1097 5556 1262 5609 etiam
1290 5556 1527 5609 retinuere
1560 5555 1611 5605 in
1649 5561 1833 5605 nostro
1854 5551 1991 5603 libro

401 5656 588 5709 visum
635 5668 877 5723 :equum.
934 5649 1192 5705 nimirum
1250 5657 1311 5701 ut
1358 5647 1667 5715 antiquitati
1717 5645 1893 5699 Patris
1939 5652 1993 5698 et

400 5744 649 5799 codicum
685 5741 1001 5797 auctoritati
1041 5751 1096 5792 et
1129 5737 1319 5790 Grteco
1345 5737 1511 5789 veteri
1549 5737 1675 5789 ritui
1710 5735 1861 5789 locus
1893 5738 1989 5787 da-

402 5847 558 5892 retur
579 5853 725 5893 suus.
750 5837 889 5892 Nam
915 5832 1129 5888 etiamsi
1165 5833 1229 5886 ad
1255 5830 1510 5885 Romana:
1533 5829 1793 5886 Ecclesiae
1821 5830 1980 5884 ritum

1380 377 1783 441 FRANCISCI
1824 374 2093 433 SCORSI
2134 376 2568 443 PROOEMIUM
2603 383 2715 445 liI.

3568 382 3670 447 126

2088 496 2519 568 positionemqne
2580 499 2986 570 evangeliorum
3035 500 3085 555 in
3146 515 3208 556 ea
3269 500 3523 555 usitatam
3570 518 3668 556 cas

2090 590 2346 643 ordinare
2382 592 2764 659 voluissemus,
2797 609 2893 649 nec
2915 609 3105 648 onmes
3134 608 3415 649 sermones
3441 594 3664 663 eXvare

2091 683 2399 737 Dominicos
2424 684 2698 753 festosque
2728 687 3027 754 potuissent
3058 687 3194 750 dies,
3220 696 3273 739 et
3298 685 3488 754 aliqua:
3510 692 3664 737 extra

2088 776 2395 829 Dominicas
2416 774 2690 844 festosque
2712 779 2894 847 vagari
2921 776 3255 832 debuissent.
3279 775 3350 830 Ut
3372 777 3513 831 enim
3539 791 3661 829 cum

2086 877 2273 921 nostro
2326 870 2432 920 ritu
2491 870 2819 922 conveniant
2874 868 3076 936 aliqua,
3138 868 3287 937 plura
3335 868 3665 933 discrepent,

2087 972 2267 1013 tamen
2300 975 2477 1028 neque
2518 960 2748 1014 multum
2779 961 3046 1013 interesse
3074 963 3140 1012 ad
3168 961 3456 1014 utilitatem
3494 959 3665 1011 lccto-

2085 1070 2203 1108 rum
2232 1054 2403 1107 visum
2458 1061 2543 1107 est
2593 1067 2760 1107 sucue
2812 1068 2876 1105 an
2920 1062 3105 1106 nostro
3144 1054 3544 1106 collocarentur
3570 1065 3668 1103 or-

2084 1146 2229 1211 dine,
2292 1160 2413 1200 cum
2482 1144 2620 1199 satis
2677 1145 2725 1198 ei
2783 1143 3093 1195 consultum
3142 1152 3282 1195 esset
3338 1143 3382 1195 si
3434 1142 3665 1194 indicem

2083 1239 2413 1308 peculiarem
2441 1238 2843 1306 evangeliorum
2873 1236 3133 1288 Romam?
3175 1234 3428 1287 Ecclesia:
3461 1232 3668 1285 descri-

2085 1329 2360 1389 heremus,
2413 1331 2466 1381 in
2518 1328 2715 1394 quibus
2761 1326 2919 1391 hujus
2964 1323 3140 1378 Patris
3186 1324 3457 1391 expOsitio
3498 1321 3668 1389 possit

2085 1420 2292 1474 haberi.
2352 1417 2731 1473 Verumtamen
2784 1418 2946 1471 etiam
2992 1415 3254 1483 Optimum
3301 1414 3447 1466 factu
3492 1413 3665 1467 visum

2081 1521 2184 1575 est,
2229 1521 2286 1564 ut
2317 1512 2569 1565 bomilias
2597 1511 2648 1563 in
2682 1508 2958 1579 evangelia
2992 1504 3342 1559 Dominicalia
3386 1504 3667 1573 disiunge-

2083 1621 2263 1659 remus
2305 1604 2375 1658 ab
2428 1605 2492 1658 iis
2534 1617 2653 1672 qua:
2692 1611 2820 1657 sunt
2901 1601 2951 1653 in
3004 1598 3143 1654 festa
3234 1608 3570 1657 sanctorum,
3612 1604 3670 1648 ut

2083 1706 2436 1764 utrarumque
2502 1694 2796 1748 ἀκολουθία
2852 1692 3189 1746 commodior
3248 1700 3302 1742 et
3362 1688 3663 1743 evidentior

2083 1795 2248 1842 esset.
2307 1786 2626 1854 Quanquam
2664 1784 2809 1838 enim
2852 1780 3088 1836 homilia:
3127 1781 3177 1833 in
3223 1780 3501 1849 evangelia
3533 1792 3663 1831 san-

2083 1890 2295 1936 ctorum
2337 1881 2447 1933 sint
2491 1876 2791 1943 iuterjecta:
2827 1873 3123 1927 Dominicis
3170 1871 3399 1937 diebus,
3450 1883 3668 1924 servato

2083 1976 2272 2030 eodem
2299 1972 2424 2027 anni
2459 1971 2715 2031 decursu,
2752 1977 2931 2022 tamen
2960 1967 3172 2020 variant
3199 1964 3427 2018 miriﬁce
3453 1963 3670 2017 codices

2086 2068 2139 2121 in
2174 2068 2259 2120 his
2286 2066 2426 2119 inter
2453 2077 2511 2117 se
2536 2059 2879 2125 ordinamlis,
2906 2066 2964 2111 ut
2998 2058 3050 2110 in
3086 2057 3206 2111 aliis
3245 2054 3346 2108 alia
3375 2051 3665 2123 prazcedat,

2086 2161 2194 2215 alia
2232 2159 2617 2226 subsequatur.
2650 2153 2834 2219 Quare
2863 2167 2983 2206 cum
3011 2164 3183 2219 neque
3212 2159 3395 2202 certus
3422 2161 3485 2199 ex
3518 2144 3670 2199 codi-

2085 2255 2240 2308 cibus
2275 2250 2437 2305 statui
2473 2247 2645 2318 possit
2678 2246 2834 2309 ordo,
2880 2258 2979 2298 nec
3022 2250 3172 2296 esset
3224 2238 3411 2307 religio
3452 2237 3668 2291 illorum

2083 2347 2334 2402 deserere
2364 2340 2710 2405 ἀκολουθίαν,
2746 2337 2905 2391 modo
2935 2333 3214 2388 commoda
3242 2331 3420 2399 aliqua
3448 2339 3503 2383 et
3527 2344 3664 2383 cou-

2081 2448 2347 2495 sentanea
2380 2434 2779 2495 institueretur,
2807 2430 2875 2481 ab
2907 2425 3094 2480 alteris
3123 2424 3326 2477 alteros
3355 2422 3670 2490 discerpere

2084 2530 2255 2585 satius
2302 2526 2589 2588 duximus,
2635 2531 2689 2576 et
2734 2520 2885 2588 quasi
2931 2516 3225 2570 secundum
3260 2522 3463 2566 tomum
3492 2521 3547 2566 et
3574 2526 3671 2565 no-

2085 2634 2209 2673 vum
2243 2616 2455 2671 initium
2490 2611 2670 2668 facere
2704 2612 2771 2663 ab
2813 2605 3033 2662 humilia
3080 2604 3145 2657 de
3182 2613 3369 2657 sancto
3406 2599 3669 2654 Demetrio

2085 2710 2298 2776 (homil.
2331 2708 2498 2777 λινε).
2529 2705 2852 2772 Quanquam
2882 2699 2971 2753 illa
3005 2713 3126 2766 qum
3154 2706 3237 2751 est
3278 2697 3332 2749 in
3370 2694 3498 2748 anni
3520 2694 3671 2757 prin-

2084 2805 2303 2875 cipium.
2358 2816 2480 2855 cum
2535 2800 2606 2853 sit
2652 2806 2815 2866 caput
2862 2810 2967 2849 non
3013 2793 3191 2849 solum
3240 2790 3525 2849 festorum,
3575 2785 3669 2838 sed

2085 2897 2248 2952 etiam
2282 2894 2712 2954 Dominicarum,
2735 2887 3095 2954 stabilemque
3127 2885 3308 2938 sedem
3334 2881 3387 2933 in
3410 2878 3668 2933 omnibus

2084 2988 2363 3044 codicibus
2396 2986 2612 3048 habeat,
2653 2983 2832 3052 primo
2881 2978 3065 3033 itidem
3114 2977 3234 3030 loco
3271 2972 3669 3042 posuimus..ut

2084 3084 2324 3138 omnium
2373 3081 2599 3134 chorum
2648 3079 2900 3139 duceret;
2946 3080 3208 3141 prmlerea
3257 3064 3535 3120 homiliam
3571 3076 3668 3115 seu

2084 3178 2263 3245 potius
2286 3173 2587 3228 orationem
2606 3171 2658 3223 in
2690 3166 3075 3223 Exaltationem
3097 3169 3292 3215 sancta:
3317 3155 3521 3210 Crucis.
3552 3165 3673 3220 qua;

2085 3282 2216 3321 sane
2242 3266 2306 3319 de
2328 3265 2469 3318 festo
2497 3271 2599 3326 est,
2618 3276 2739 3315 eum
2764 3266 2969 3312 certam
3003 3252 3184 3307 itidem
3207 3248 3448 3303 videatur
3475 3243 3673 3296 habere

2084 3358 2271 3414 sedem
2311 3357 2363 3411 in
2425 3352 2704 3409 codicibus
2738 3348 2991 3404 omnibus
3027 3354 3144 3413 post
3179 3338 3507 3395 Dominicam
3535 3347 3673 3402 prat-

2087 3453 2367 3505 cedentem
2423 3448 2524 3500 hoc
2581 3445 2798 3507 festum,
2860 3451 2915 3495 et
2968 3452 3077 3507 quo
3122 3433 3294 3488 amba:
3325 3428 3561 3485 homilia:
3604 3425 3673 3478 ad

2090 3544 2147 3596 S.
2186 3554 2405 3595 crucem
2438 3537 2770 3606 pertinentes
2812 3547 2872 3586 se
2918 3530 3149 3583 invicem
3183 3526 3671 3589 consequerentur,

2089 3650 2206 3688 eam
2260 3647 2379 3698 qute
2416 3632 2480 3684 de
2530 3629 2670 3682 festo
2716 3635 2800 3679 est
2830 3620 3191 3677 adnexuirnus
3231 3616 3277 3668 ei
3321 3627 3441 3681 quae
3472 3617 3558 3664 est
3606 3607 3674 3660 de

2092 3726 2408 3788 Dominica;
2468 3720 2707 3787 reliquas
2756 3728 2947 3767 ornnes
2989 3708 3367 3778 seposuimus,
3433 3709 3491 3755 ut
3537 3697 3671 3751 dixi.

2088 3815 2337 3871 Humilia:
2371 3814 2451 3873 εἰς
2472 3810 2539 3863 τὰ
2565 3806 2787 3868 ὲωϐινᾶ,
2822 3805 2923 3856 hoc
2948 3807 3058 3862 est,
3105 3799 3159 3850 in
3180 3793 3423 3849 undecim
3449 3787 3673 3843 matuti-

2088 3907 2233 3961 nalia
2266 3902 2562 3971 evangelia,
2613 3894 2860 3965 quamvis
2911 3892 3054 3945 inter
3100 3883 3462 3941 Dominicales
3488 3892 3674 3935 recen-

2087 3999 2193 4053 seri
2230 3996 2472 4066 possint,
2535 4001 2718 4044 tamen
2767 3996 3053 4056 postremae
3105 3978 3347 4035 omnium
3401 3974 3453 4028 in
3511 3973 3671 4028 codd.

2089 4090 2489 4143 describuntur.
2520 4084 2589 4137 lis
2624 4089 2847 4133 utuntur
2880 4073 3053 4129 Graeci
3084 4087 3190 4125 nou
3230 4070 3281 4122 in
3315 4065 3579 4134 Liturgia,
3611 4072 3673 4116 ut

2088 4181 2331 4245 ueteris,
2365 4179 2456 4231 sed
2497 4176 2549 4227 in
2594 4172 2783 4227 Otticio
2832 4166 3137 4227 matutino,
3193 4163 3296 4216 hoc
3348 4160 3571 4219 ordine,
3614 4164 3674 4209 ut

2089 4270 2330 4339 singulas
2357 4266 2584 4334 singulis
2630 4259 2930 4315 Dominicis
2972 4257 3235 4318 recitent,
3287 4251 3612 4319 incipientes
3642 4261 3673 4297 a

2090 4365 2269 4435 primo
2303 4375 2476 4428 usque
2529 4358 2597 4410 ad
2646 4354 2991 4407 umlecimum
3036 4365 3049 4400 :
3093 4345 3292 4416 quibus
3343 4340 3574 4410 expletis
3621 4338 3675 4395 in

2092 4461 2276 4513 orbem
2309 4456 2560 4520 redeunt,
2593 4462 2757 4514 atque
2804 4449 2874 4502 ita
2912 4457 3237 4513 unoquoque
3275 4437 3556 4493 Dominico
3590 4434 3677 4487 die

2096 4568 2257 4607 unum
2300 4566 2366 4603 ex
2418 4540 2499 4601 his
2553 4543 2849 4612 evangeliis
2885 4541 3088 4610 legunt,
3137 4545 3295 4605 prout
3340 4532 3551 4586 incidit.
3587 4527 3677 4597 Ea:

2096 4648 2261 4717 igitur
2296 4642 2531 4698 homilia:
2567 4653 2690 4693 cum
2741 4650 2906 4689 mium
2943 4631 3261 4688 contineant
3296 4632 3678 4693 argumentum

2096 4714 2538 4794 Itesurrectionis
2575 4729 2801 4791 Christi,
2854 4734 2975 4795 post
3014 4722 3291 4778 homiliam
3324 4717 3388 4771 de
3416 4714 3682 4769 Passieno

2095 4831 2367 4886 collocare
2410 4826 2581 4879 visum
2642 4831 2723 4875 est
2759 4828 2962 4872 rectum
2989 4854 3005 4881 ,
3061 4815 3163 4867 hac
3208 4811 3321 4879 ipsa
3362 4810 3427 4864 de
3474 4822 3677 4870 causa,

2096 4922 2220 4992 quia
2250 4920 2315 4973 de
2343 4913 2761 4972 Resurrectione
2791 4919 2954 4971 sunt;
2988 4919 3123 4974 quas
3155 4901 3352 4957 deinde
3393 4897 3679 4951 commode
3738 4894 3741 4897 ⁷

2096 4988 2511 5080 consequuntur
2543 5001 2777 5058 homilia:
2806 5001 2869 5052 de
2903 4996 3229 5050 Ascensione
3284 5001 3339 5047 et
3386 4993 3449 5044 de
3487 4988 3679 5044 Pente-
3742 5012 3743 5067 ξ

2095 5115 2258 5169 caste,
2291 5112 2601 5171 quanquam
2643 5095 2784 5147 inter
2812 5091 2912 5144 itas
2948 5098 3002 5143 et
3033 5102 3127 5143 eas
3173 5088 3237 5140 de
3280 5084 3684 5139 Resurrectione
3752 5082 3760 5092 '

2098 5195 2431 5248 intercurrat
2486 5184 2708 5241 homilia
2762 5182 2827 5234 de
2877 5178 3259 5241 Samaritana,
3316 5190 3437 5245 qua:
3483 5183 3564 5228 est
3609 5185 3679 5226 ex

2096 5281 2384 5353 Evangelio
2444 5279 2507 5333 S.
2548 5274 2796 5335 Joannis.
2849 5280 2905 5325 et
2963 5268 3240 5323 Dominica
3296 5276 3417 5335 post
3465 5264 3677 5318 Pascha

2098 5377 2315 5445 legitur.
2377 5371 2457 5423 Ad
2512 5369 2645 5431 luce,
2696 5362 2916 5418 homilia
2976 5363 3039 5414 de
3101 5359 3413 5413 Ascensione
3464 5354 3675 5407 Domini

2098 5466 2238 5520 idem
2293 5462 2457 5516 habet
2505 5454 2842 5525 evangelium
2893 5461 3055 5520 atque
3098 5463 3162 5503 ea
3208 5460 3327 5514 quze
3376 5445 3431 5496 in
3470 5452 3675 5495 sextum

2096 5551 2445 5613 matutinum,
2475 5561 2595 5614 qua:
2630 5557 2794 5597 causa
2829 5550 2911 5595 est
2951 5554 3049 5592 cur
3082 5553 3112 5590 a
3154 5548 3379 5588 nurnero
3420 5530 3674 5584 undecim

2097 5639 2578 5700 homiliarmnhacc
2598 5634 2758 5698 absit,
2787 5639 2998 5686 servata
3026 5638 3204 5682 tamen
3239 5627 3291 5679 in
3315 5619 3675 5692 sequentibus

2098 5734 2307 5790 muneri
2342 5732 2581 5791 ratione;
2619 5736 2672 5779 at
2703 5725 2827 5793 quia
2860 5722 2947 5776 illa
2981 5716 3304 5788 prommium
3329 5714 3575 5769 continuet
3604 5713 3671 5765 de

2101 5829 2240 5883 festo
2268 5825 2354 5881 die
2385 5819 2753 5883 Asecnsionis,
2787 5814 2976 5871 eodem
3013 5809 3201 5884 ordine
3237 5806 3549 5865 collocanda
3568 5804 3677 5860 fuit
