  <div class='ocr_page' id='page_1' title='image "/cluster/home/n/w/nwhite01/storage/ocr_20150623/132/coo.31924054870377/071.png"; bbox 0 0 4122 6416; ppageno 0'>
   <div class='ocr_carea' id='block_1_1' title="bbox 554 391 654 456">
    <p class='ocr_par' dir='ltr' id='par_1_1' title="bbox 554 391 654 456">
     <span class='ocr_line' id='line_1_1' title="bbox 554 391 654 456; baseline 0.04 -5"><span class='ocrx_word' id='word_1_1' title='bbox 554 391 654 456; x_wconf 74' lang='grc'><strong>127</strong></span> 
     </span>
    </p>
   </div>
   <div class='ocr_carea' id='block_1_2' title="bbox 554 495 2129 569">
    <p class='ocr_par' dir='ltr' id='par_1_2' title="bbox 554 495 2129 569">
     <span class='ocr_line' id='line_1_2' title="bbox 554 495 2129 569; baseline -0.004 -15"><span class='ocrx_word' id='word_1_2' title='bbox 554 519 662 569; x_wconf 87' lang='lat' dir='ltr'><strong>quo</strong></span> <span class='ocrx_word' id='word_1_3' title='bbox 689 499 948 555; x_wconf 88' lang='lat' dir='ltr'><strong>Asceuslo</strong></span> <span class='ocrx_word' id='word_1_4' title='bbox 975 497 1234 568; x_wconf 64' lang='lat' dir='ltr'><strong>praecedit</strong></span> <span class='ocrx_word' id='word_1_5' title='bbox 1263 495 1644 551; x_wconf 78' lang='lat' dir='ltr'><strong>Pentccosten.</strong></span> <span class='ocrx_word' id='word_1_6' title='bbox 1696 495 1828 549; x_wconf 90' lang='lat' dir='ltr'><strong>lllud</strong></span> <span class='ocrx_word' id='word_1_7' title='bbox 1858 507 2129 566; x_wconf 87' lang='lat' dir='ltr'><strong>postremo</strong></span> 
     </span>
    </p>
   </div>
   <div class='ocr_carea' id='block_1_3' title="bbox 555 586 2132 660">
    <p class='ocr_par' dir='ltr' id='par_1_3' title="bbox 555 586 2132 660">
     <span class='ocr_line' id='line_1_3' title="bbox 555 586 2132 660; baseline -0.003 -14"><span class='ocrx_word' id='word_1_8' title='bbox 555 596 608 647; x_wconf 90' lang='lat' dir='ltr'><strong>iu</strong></span> <span class='ocrx_word' id='word_1_9' title='bbox 638 595 739 648; x_wconf 90' lang='lat' dir='ltr'><strong>hoc</strong></span> <span class='ocrx_word' id='word_1_10' title='bbox 774 591 1109 660; x_wconf 80' lang='lat' dir='ltr'><strong>paragrapho</strong></span> <span class='ocrx_word' id='word_1_11' title='bbox 1153 587 1486 645; x_wconf 86' lang='lat' dir='ltr'><strong>admonitum</strong></span> <span class='ocrx_word' id='word_1_12' title='bbox 1526 586 1778 640; x_wconf 86' lang='lat' dir='ltr'><strong>lectorem</strong></span> <span class='ocrx_word' id='word_1_13' title='bbox 1811 589 1992 652; x_wconf 87' lang='lat' dir='ltr'><strong>velim,</strong></span> <span class='ocrx_word' id='word_1_14' title='bbox 2033 603 2132 641; x_wconf 81' lang='lat' dir='ltr'><strong>ne-</strong></span> 
     </span>
    </p>
   </div>
   <div class='ocr_carea' id='block_1_4' title="bbox 553 679 2130 752">
    <p class='ocr_par' dir='ltr' id='par_1_4' title="bbox 553 679 2130 752">
     <span class='ocr_line' id='line_1_4' title="bbox 553 679 2130 752; baseline -0.003 -14"><span class='ocrx_word' id='word_1_15' title='bbox 553 700 657 752; x_wconf 87' lang='lat' dir='ltr'><strong>que</strong></span> <span class='ocrx_word' id='word_1_16' title='bbox 683 699 872 738; x_wconf 87' lang='lat' dir='ltr'><strong>omnes</strong></span> <span class='ocrx_word' id='word_1_17' title='bbox 905 681 1152 736; x_wconf 81' lang='lat' dir='ltr'><strong>humilius</strong></span> <span class='ocrx_word' id='word_1_18' title='bbox 1177 695 1312 748; x_wconf 83' lang='lat' dir='ltr'><strong>quas</strong></span> <span class='ocrx_word' id='word_1_19' title='bbox 1351 679 1621 732; x_wconf 81' lang='lat' dir='ltr'><strong>edidimus</strong></span> <span class='ocrx_word' id='word_1_20' title='bbox 1665 679 1812 748; x_wconf 90' lang='lat' dir='ltr'><strong>(sunt</strong></span> <span class='ocrx_word' id='word_1_21' title='bbox 1841 691 2017 733; x_wconf 88' lang='lat' dir='ltr'><strong>autctn</strong></span> <span class='ocrx_word' id='word_1_22' title='bbox 2048 680 2130 733; x_wconf 67' lang='lat' dir='ltr'><strong>hae</strong></span> 
     </span>
    </p>
   </div>
   <div class='ocr_carea' id='block_1_5' title="bbox 552 770 2129 844">
    <p class='ocr_par' dir='ltr' id='par_1_5' title="bbox 552 770 2129 844">
     <span class='ocr_line' id='line_1_5' title="bbox 552 770 2129 844; baseline -0.003 -16"><span class='ocrx_word' id='word_1_23' title='bbox 552 793 686 844; x_wconf 89' lang='lat' dir='ltr'><strong>quas</strong></span> <span class='ocrx_word' id='word_1_24' title='bbox 717 791 814 843; x_wconf 91' lang='lat' dir='ltr'><strong>pro</strong></span> <span class='ocrx_word' id='word_1_25' title='bbox 853 775 1032 828; x_wconf 86' lang='lat' dir='ltr'><strong>studio</strong></span> <span class='ocrx_word' id='word_1_26' title='bbox 1073 771 1460 840; x_wconf 74' lang='lat' dir='ltr'><strong>diligentiaque</strong></span> <span class='ocrx_word' id='word_1_27' title='bbox 1497 781 1676 824; x_wconf 87' lang='lat' dir='ltr'><strong>nostra</strong></span> <span class='ocrx_word' id='word_1_28' title='bbox 1713 780 1766 824; x_wconf 91' lang='lat' dir='ltr'><strong>et</strong></span> <span class='ocrx_word' id='word_1_29' title='bbox 1817 770 2129 836; x_wconf 77' lang='lat' dir='ltr'><strong>adiumento</strong></span> 
     </span>
    </p>
   </div>
   <div class='ocr_carea' id='block_1_6' title="bbox 553 863 2125 931">
    <p class='ocr_par' dir='ltr' id='par_1_6' title="bbox 553 863 2125 931">
     <span class='ocr_line' id='line_1_6' title="bbox 553 863 2125 931; baseline -0.003 -10"><span class='ocrx_word' id='word_1_30' title='bbox 553 870 850 921; x_wconf 81' lang='lat' dir='ltr'><strong>amicorum</strong></span> <span class='ocrx_word' id='word_1_31' title='bbox 883 865 1057 918; x_wconf 88' lang='lat' dir='ltr'><strong>adlmc</strong></span> <span class='ocrx_word' id='word_1_32' title='bbox 1087 863 1354 925; x_wconf 87' lang='lat' dir='ltr'><strong>adhibito,</strong></span> <span class='ocrx_word' id='word_1_33' title='bbox 1387 863 1623 931; x_wconf 85' lang='lat' dir='ltr'><strong>reperire</strong></span> <span class='ocrx_word' id='word_1_34' title='bbox 1649 864 1918 930; x_wconf 89' lang='lat' dir='ltr'><strong>potuimus</strong></span> <span class='ocrx_word' id='word_1_35' title='bbox 1953 863 2006 916; x_wconf 91' lang='lat' dir='ltr'><strong>in</strong></span> <span class='ocrx_word' id='word_1_36' title='bbox 2045 863 2125 916; x_wconf 87' lang='lat' dir='ltr'><strong>bi-</strong></span> 
     </span>
    </p>
   </div>
   <div class='ocr_carea' id='block_1_7' title="bbox 555 954 2124 1024">
    <p class='ocr_par' dir='ltr' id='par_1_7' title="bbox 555 954 2124 1024">
     <span class='ocr_line' id='line_1_7' title="bbox 555 954 2124 1024; baseline -0.003 -13"><span class='ocrx_word' id='word_1_37' title='bbox 555 959 871 1018; x_wconf 81' lang='lat' dir='ltr'><strong>bliothecis,</strong></span> <span class='ocrx_word' id='word_1_38' title='bbox 926 955 1207 1024; x_wconf 80' lang='lat' dir='ltr'><strong>sexaginta</strong></span> <span class='ocrx_word' id='word_1_39' title='bbox 1259 955 1394 1024; x_wconf 79' lang='lat' dir='ltr'><strong>duae)</strong></span> <span class='ocrx_word' id='word_1_40' title='bbox 1447 955 1860 1009; x_wconf 81' lang='lat' dir='ltr'><strong>Deminicalium</strong></span> <span class='ocrx_word' id='word_1_41' title='bbox 1915 954 2124 1008; x_wconf 87' lang='lat' dir='ltr'><strong>dierum</strong></span> 
     </span>
    </p>
   </div>
   <div class='ocr_carea' id='block_1_8' title="bbox 553 1045 2122 1114">
    <p class='ocr_par' dir='ltr' id='par_1_8' title="bbox 553 1045 2122 1114">
     <span class='ocr_line' id='line_1_8' title="bbox 553 1045 2122 1114; baseline -0.004 -13"><span class='ocrx_word' id='word_1_42' title='bbox 553 1064 834 1102; x_wconf 71' lang='lat' dir='ltr'><strong>numerum</strong></span> <span class='ocrx_word' id='word_1_43' title='bbox 865 1057 916 1100; x_wconf 87' lang='lat' dir='ltr'><strong>et</strong></span> <span class='ocrx_word' id='word_1_44' title='bbox 937 1048 1113 1099; x_wconf 85' lang='lat' dir='ltr'><strong>locum</strong></span> <span class='ocrx_word' id='word_1_45' title='bbox 1138 1047 1376 1114; x_wconf 79' lang='lat' dir='ltr'><strong>explere,</strong></span> <span class='ocrx_word' id='word_1_46' title='bbox 1397 1045 1554 1098; x_wconf 79' lang='lat' dir='ltr'><strong>siculi</strong></span> <span class='ocrx_word' id='word_1_47' title='bbox 1590 1062 1762 1112; x_wconf 88' lang='lat' dir='ltr'><strong>neque</strong></span> <span class='ocrx_word' id='word_1_48' title='bbox 1783 1054 2122 1108; x_wconf 87' lang='lat' dir='ltr'><strong>sanctorum;</strong></span> 
     </span>
    </p>
   </div>
   <div class='ocr_carea' id='block_1_9' title="bbox 549 1135 2123 1204">
    <p class='ocr_par' dir='ltr' id='par_1_9' title="bbox 549 1135 2123 1204">
     <span class='ocr_line' id='line_1_9' title="bbox 549 1135 2123 1204; baseline -0.003 -11"><span class='ocrx_word' id='word_1_49' title='bbox 549 1142 642 1195; x_wconf 81' lang='lat' dir='ltr'><strong>sed</strong></span> <span class='ocrx_word' id='word_1_50' title='bbox 673 1140 870 1192; x_wconf 89' lang='lat' dir='ltr'><strong>multas</strong></span> <span class='ocrx_word' id='word_1_51' title='bbox 901 1139 1091 1191; x_wconf 79' lang='lat' dir='ltr'><strong>deesse</strong></span> <span class='ocrx_word' id='word_1_52' title='bbox 1134 1135 1478 1190; x_wconf 77' lang='lat' dir='ltr'><strong>manifestum</strong></span> <span class='ocrx_word' id='word_1_53' title='bbox 1523 1147 1622 1190; x_wconf 86' lang='lat' dir='ltr'><strong>est.</strong></span> <span class='ocrx_word' id='word_1_54' title='bbox 1684 1136 1746 1190; x_wconf 86' lang='lat' dir='ltr'><strong>Et</strong></span> <span class='ocrx_word' id='word_1_55' title='bbox 1780 1137 1994 1204; x_wconf 82' lang='lat' dir='ltr'><strong>quidem</strong></span> <span class='ocrx_word' id='word_1_56' title='bbox 2025 1138 2123 1188; x_wconf 86' lang='lat' dir='ltr'><strong>ho-</strong></span> 
     </span>
    </p>
   </div>
   <div class='ocr_carea' id='block_1_10' title="bbox 551 1230 2125 1297">
    <p class='ocr_par' dir='ltr' id='par_1_10' title="bbox 551 1230 2125 1297">
     <span class='ocr_line' id='line_1_10' title="bbox 551 1230 2125 1297; baseline -0.001 -12"><span class='ocrx_word' id='word_1_57' title='bbox 551 1233 712 1286; x_wconf 83' lang='lat' dir='ltr'><strong>miliae</strong></span> <span class='ocrx_word' id='word_1_58' title='bbox 756 1233 806 1285; x_wconf 92' lang='lat' dir='ltr'><strong>in</strong></span> <span class='ocrx_word' id='word_1_59' title='bbox 852 1232 909 1284; x_wconf 91' lang='lat' dir='ltr'><strong>S.</strong></span> <span class='ocrx_word' id='word_1_60' title='bbox 942 1231 1100 1285; x_wconf 87' lang='lat' dir='ltr'><strong>Lucae</strong></span> <span class='ocrx_word' id='word_1_61' title='bbox 1138 1230 1414 1297; x_wconf 80' lang='lat' dir='ltr'><strong>evangelia</strong></span> <span class='ocrx_word' id='word_1_62' title='bbox 1457 1231 1706 1282; x_wconf 89' lang='lat' dir='ltr'><strong>videnlur</strong></span> <span class='ocrx_word' id='word_1_63' title='bbox 1746 1246 1866 1284; x_wconf 84' lang='lat' dir='ltr'><strong>esse</strong></span> <span class='ocrx_word' id='word_1_64' title='bbox 1912 1230 2125 1284; x_wconf 82' lang='lat' dir='ltr'><strong>ca-teris</strong></span> 
     </span>
    </p>
   </div>
   <div class='ocr_carea' id='block_1_11' title="bbox 550 1321 2121 1392">
    <p class='ocr_par' dir='ltr' id='par_1_11' title="bbox 550 1321 2121 1392">
     <span class='ocr_line' id='line_1_11' title="bbox 550 1321 2121 1392; baseline 0 -18"><span class='ocrx_word' id='word_1_65' title='bbox 550 1324 754 1392; x_wconf 84' lang='lat' dir='ltr'><strong>plures,</strong></span> <span class='ocrx_word' id='word_1_66' title='bbox 787 1337 1092 1392; x_wconf 79' lang='lat' dir='ltr'><strong>quanquam</strong></span> <span class='ocrx_word' id='word_1_67' title='bbox 1128 1321 1348 1373; x_wconf 83' lang='lat' dir='ltr'><strong>humilia</strong></span> <span class='ocrx_word' id='word_1_68' title='bbox 1382 1323 1432 1373; x_wconf 91' lang='lat' dir='ltr'><strong>in</strong></span> <span class='ocrx_word' id='word_1_69' title='bbox 1465 1323 1753 1374; x_wconf 84' lang='lat' dir='ltr'><strong>secundam</strong></span> <span class='ocrx_word' id='word_1_70' title='bbox 1792 1321 2121 1374; x_wconf 84' lang='lat' dir='ltr'><strong>Dominicam</strong></span> 
     </span>
    </p>
   </div>
   <div class='ocr_carea' id='block_1_12' title="bbox 547 1410 2121 1482">
    <p class='ocr_par' dir='ltr' id='par_1_12' title="bbox 547 1410 2121 1482">
     <span class='ocr_line' id='line_1_12' title="bbox 547 1410 2121 1482; baseline 0 -17"><span class='ocrx_word' id='word_1_71' title='bbox 547 1430 669 1482; x_wconf 76' lang='lat' dir='ltr'><strong>qua:</strong></span> <span class='ocrx_word' id='word_1_72' title='bbox 713 1424 816 1475; x_wconf 89' lang='lat' dir='ltr'><strong>est,</strong></span> <span class='ocrx_word' id='word_1_73' title='bbox 866 1411 1057 1474; x_wconf 80' lang='grc' dir='ltr'>Καθὼς</span> <span class='ocrx_word' id='word_1_74' title='bbox 1090 1411 1272 1463; x_wconf 75' lang='grc' dir='ltr'><strong>Θέλετε</strong></span> <span class='ocrx_word' id='word_1_75' title='bbox 1311 1412 1397 1464; x_wconf 45' lang='lat' dir='ltr'><strong>ira</strong></span> <span class='ocrx_word' id='word_1_76' title='bbox 1427 1410 1652 1463; x_wconf 83' lang='grc' dir='ltr'><strong>ποιῶσιν</strong></span> <span class='ocrx_word' id='word_1_77' title='bbox 1685 1413 1836 1480; x_wconf 81' lang='grc' dir='ltr'><strong>ἡμῖν,</strong></span> <span class='ocrx_word' id='word_1_78' title='bbox 1875 1425 2003 1475; x_wconf 89' lang='lat' dir='ltr'><strong>elc.,</strong></span> <span class='ocrx_word' id='word_1_79' title='bbox 2055 1427 2121 1465; x_wconf 84' lang='lat' dir='ltr'><strong>ex</strong></span> 
     </span>
    </p>
   </div>
   <div class='ocr_carea' id='block_1_13' title="bbox 547 1503 2125 1574">
    <p class='ocr_par' dir='ltr' id='par_1_13' title="bbox 547 1503 2125 1574">
     <span class='ocr_line' id='line_1_13' title="bbox 547 1503 2125 1574; baseline -0.001 -15"><span class='ocrx_word' id='word_1_80' title='bbox 547 1523 667 1574; x_wconf 83' lang='lat' dir='ltr'><strong>cap.</strong></span> <span class='ocrx_word' id='word_1_81' title='bbox 702 1522 753 1559; x_wconf 73' lang='grc' dir='ltr'>γι</span> <span class='ocrx_word' id='word_1_82' title='bbox 792 1506 850 1558; x_wconf 85' lang='lat' dir='ltr'><strong>S.</strong></span> <span class='ocrx_word' id='word_1_83' title='bbox 885 1503 1044 1558; x_wconf 79' lang='lat' dir='ltr'><strong>Luca:</strong></span> <span class='ocrx_word' id='word_1_84' title='bbox 1076 1513 1134 1558; x_wconf 90' lang='lat' dir='ltr'><strong>ut</strong></span> <span class='ocrx_word' id='word_1_85' title='bbox 1169 1505 1386 1570; x_wconf 85' lang='lat' dir='ltr'><strong>ponitur</strong></span> <span class='ocrx_word' id='word_1_86' title='bbox 1435 1505 1486 1558; x_wconf 93' lang='lat' dir='ltr'><strong>in</strong></span> <span class='ocrx_word' id='word_1_87' title='bbox 1527 1505 1972 1572; x_wconf 75' lang='lat' dir='ltr'><strong>Evangelistario,</strong></span> <span class='ocrx_word' id='word_1_88' title='bbox 2007 1504 2125 1558; x_wconf 87' lang='lat' dir='ltr'><strong>sine</strong></span> 
     </span>
    </p>
   </div>
   <div class='ocr_carea' id='block_1_14' title="bbox 548 1598 2125 1666">
    <p class='ocr_par' dir='ltr' id='par_1_14' title="bbox 548 1598 2125 1666">
     <span class='ocr_line' id='line_1_14' title="bbox 548 1598 2125 1666; baseline 0 -14"><span class='ocrx_word' id='word_1_89' title='bbox 548 1601 707 1652; x_wconf 80' lang='lat' dir='ltr'><strong>tluhio</strong></span> <span class='ocrx_word' id='word_1_90' title='bbox 733 1600 900 1652; x_wconf 84' lang='lat' dir='ltr'><strong>deest.</strong></span> <span class='ocrx_word' id='word_1_91' title='bbox 947 1599 1008 1651; x_wconf 89' lang='lat' dir='ltr'><strong>Et</strong></span> <span class='ocrx_word' id='word_1_92' title='bbox 1039 1613 1107 1651; x_wconf 91' lang='lat' dir='ltr'><strong>ne</strong></span> <span class='ocrx_word' id='word_1_93' title='bbox 1143 1599 1207 1651; x_wconf 89' lang='lat' dir='ltr'><strong>de</strong></span> <span class='ocrx_word' id='word_1_94' title='bbox 1240 1598 1464 1666; x_wconf 77' lang='lat' dir='ltr'><strong>singulis</strong></span> <span class='ocrx_word' id='word_1_95' title='bbox 1491 1613 1714 1652; x_wconf 81' lang='lat' dir='ltr'><strong>examen</strong></span> <span class='ocrx_word' id='word_1_96' title='bbox 1744 1598 2007 1651; x_wconf 85' lang='lat' dir='ltr'><strong>habeatur</strong></span> <span class='ocrx_word' id='word_1_97' title='bbox 2031 1599 2125 1652; x_wconf 88' lang='lat' dir='ltr'><strong>ad-</strong></span> 
     </span>
    </p>
   </div>
   <div class='ocr_carea' id='block_1_15' title="bbox 547 1689 2123 1757">
    <p class='ocr_par' dir='ltr' id='par_1_15' title="bbox 547 1689 2123 1757">
     <span class='ocr_line' id='line_1_15' title="bbox 547 1689 2123 1757; baseline 0.003 -18"><span class='ocrx_word' id='word_1_98' title='bbox 547 1690 832 1753; x_wconf 87' lang='lat' dir='ltr'><strong>amnssim,</strong></span> <span class='ocrx_word' id='word_1_99' title='bbox 866 1689 1008 1756; x_wconf 89' lang='lat' dir='ltr'><strong>quod</strong></span> <span class='ocrx_word' id='word_1_100' title='bbox 1047 1689 1265 1757; x_wconf 88' lang='lat' dir='ltr'><strong>longum</strong></span> <span class='ocrx_word' id='word_1_101' title='bbox 1288 1697 1451 1750; x_wconf 83' lang='lat' dir='ltr'><strong>esset,</strong></span> <span class='ocrx_word' id='word_1_102' title='bbox 1485 1703 1658 1756; x_wconf 82' lang='lat' dir='ltr'><strong>neque</strong></span> <span class='ocrx_word' id='word_1_103' title='bbox 1691 1691 1822 1741; x_wconf 88' lang='lat' dir='ltr'><strong>tanti</strong></span> <span class='ocrx_word' id='word_1_104' title='bbox 1847 1701 2123 1752; x_wconf 87' lang='lat' dir='ltr'><strong>est,certe</strong></span> 
     </span>
    </p>
   </div>
   <div class='ocr_carea' id='block_1_16' title="bbox 548 1778 2122 1850">
    <p class='ocr_par' dir='ltr' id='par_1_16' title="bbox 548 1778 2122 1850">
     <span class='ocr_line' id='line_1_16' title="bbox 548 1778 2122 1850; baseline 0.002 -18"><span class='ocrx_word' id='word_1_105' title='bbox 548 1782 598 1832; x_wconf 91' lang='lat' dir='ltr'><strong>in</strong></span> <span class='ocrx_word' id='word_1_106' title='bbox 634 1781 872 1834; x_wconf 89' lang='lat' dir='ltr'><strong>homiliis</strong></span> <span class='ocrx_word' id='word_1_107' title='bbox 903 1796 969 1833; x_wconf 81' lang='lat' dir='ltr'><strong>ex</strong></span> <span class='ocrx_word' id='word_1_108' title='bbox 1017 1778 1076 1833; x_wconf 92' lang='lat' dir='ltr'><strong>S.</strong></span> <span class='ocrx_word' id='word_1_109' title='bbox 1118 1778 1348 1842; x_wconf 84' lang='lat' dir='ltr'><strong>Joanne,</strong></span> <span class='ocrx_word' id='word_1_110' title='bbox 1381 1795 1498 1847; x_wconf 77' lang='lat' dir='ltr'><strong>qute</strong></span> <span class='ocrx_word' id='word_1_111' title='bbox 1533 1791 1652 1848; x_wconf 87' lang='lat' dir='ltr'><strong>post</strong></span> <span class='ocrx_word' id='word_1_112' title='bbox 1686 1779 1888 1835; x_wconf 85' lang='lat' dir='ltr'><strong>Pascha</strong></span> <span class='ocrx_word' id='word_1_113' title='bbox 1932 1782 2122 1850; x_wconf 83' lang='lat' dir='ltr'><strong>legun-</strong></span> 
     </span>
    </p>
   </div>
   <div class='ocr_carea' id='block_1_17' title="bbox 548 1871 2123 1939">
    <p class='ocr_par' dir='ltr' id='par_1_17' title="bbox 548 1871 2123 1939">
     <span class='ocr_line' id='line_1_17' title="bbox 548 1871 2123 1939; baseline 0.001 -15"><span class='ocrx_word' id='word_1_114' title='bbox 548 1884 653 1932; x_wconf 89' lang='lat' dir='ltr'><strong>tur,</strong></span> <span class='ocrx_word' id='word_1_115' title='bbox 694 1872 868 1925; x_wconf 84' lang='lat' dir='ltr'><strong>Sultllll</strong></span> <span class='ocrx_word' id='word_1_116' title='bbox 906 1886 970 1924; x_wconf 89' lang='lat' dir='ltr'><strong>ea</strong></span> <span class='ocrx_word' id='word_1_117' title='bbox 1007 1879 1254 1939; x_wconf 83' lang='lat' dir='ltr'><strong>superest</strong></span> <span class='ocrx_word' id='word_1_118' title='bbox 1289 1887 1410 1938; x_wconf 70' lang='lat' dir='ltr'><strong>quae</strong></span> <span class='ocrx_word' id='word_1_119' title='bbox 1457 1882 1540 1925; x_wconf 88' lang='lat' dir='ltr'><strong>est</strong></span> <span class='ocrx_word' id='word_1_120' title='bbox 1579 1872 1642 1925; x_wconf 89' lang='lat' dir='ltr'><strong>de</strong></span> <span class='ocrx_word' id='word_1_121' title='bbox 1668 1871 2038 1938; x_wconf 81' lang='lat' dir='ltr'><strong>Samaritana,</strong></span> <span class='ocrx_word' id='word_1_122' title='bbox 2068 1881 2123 1926; x_wconf 91' lang='lat' dir='ltr'><strong>et</strong></span> 
     </span>
    </p>
   </div>
   <div class='ocr_carea' id='block_1_18' title="bbox 542 1961 2121 2034">
    <p class='ocr_par' dir='ltr' id='par_1_18' title="bbox 542 1961 2121 2034">
     <span class='ocr_line' id='line_1_18' title="bbox 542 1961 2121 2034; baseline 0.002 -19"><span class='ocrx_word' id='word_1_123' title='bbox 542 1979 606 2015; x_wconf 76' lang='lat' dir='ltr'><strong>ex</strong></span> <span class='ocrx_word' id='word_1_124' title='bbox 641 1963 876 2017; x_wconf 89' lang='lat' dir='ltr'><strong>homiliis</strong></span> <span class='ocrx_word' id='word_1_125' title='bbox 903 1963 956 2016; x_wconf 92' lang='lat' dir='ltr'><strong>in</strong></span> <span class='ocrx_word' id='word_1_126' title='bbox 990 1963 1270 2032; x_wconf 87' lang='lat' dir='ltr'><strong>evangelia</strong></span> <span class='ocrx_word' id='word_1_127' title='bbox 1306 1962 1364 2017; x_wconf 89' lang='lat' dir='ltr'><strong>S.</strong></span> <span class='ocrx_word' id='word_1_128' title='bbox 1394 1961 1654 2029; x_wconf 77' lang='lat' dir='ltr'><strong>Matthzei,</strong></span> <span class='ocrx_word' id='word_1_129' title='bbox 1683 1979 1804 2033; x_wconf 68' lang='lat' dir='ltr'><strong>quae</strong></span> <span class='ocrx_word' id='word_1_130' title='bbox 1835 1977 1952 2034; x_wconf 87' lang='lat' dir='ltr'><strong>post</strong></span> <span class='ocrx_word' id='word_1_131' title='bbox 1983 1965 2121 2020; x_wconf 86' lang='lat' dir='ltr'><strong>Pen-</strong></span> 
     </span>
    </p>
   </div>
   <div class='ocr_carea' id='block_1_19' title="bbox 544 2055 2118 2125">
    <p class='ocr_par' dir='ltr' id='par_1_19' title="bbox 544 2055 2118 2125">
     <span class='ocr_line' id='line_1_19' title="bbox 544 2055 2118 2125; baseline 0.003 -17"><span class='ocrx_word' id='word_1_132' title='bbox 544 2065 786 2111; x_wconf 88' lang='lat' dir='ltr'><strong>tecosten</strong></span> <span class='ocrx_word' id='word_1_133' title='bbox 837 2055 1020 2124; x_wconf 85' lang='lat' dir='ltr'><strong>plures</strong></span> <span class='ocrx_word' id='word_1_134' title='bbox 1071 2068 1231 2119; x_wconf 91' lang='lat' dir='ltr'><strong>sunt,</strong></span> <span class='ocrx_word' id='word_1_135' title='bbox 1291 2070 1476 2125; x_wconf 69' lang='lat' dir='ltr'><strong>pauca:</strong></span> <span class='ocrx_word' id='word_1_136' title='bbox 1545 2057 1832 2110; x_wconf 85' lang='lat' dir='ltr'><strong>admodum</strong></span> <span class='ocrx_word' id='word_1_137' title='bbox 1883 2067 2118 2113; x_wconf 81' lang='lat' dir='ltr'><strong>exstant.</strong></span> 
     </span>
    </p>
   </div>
   <div class='ocr_carea' id='block_1_20' title="bbox 545 2131 2122 2218">
    <p class='ocr_par' dir='ltr' id='par_1_20' title="bbox 545 2131 2122 2218">
     <span class='ocr_line' id='line_1_20' title="bbox 545 2131 2122 2218; baseline 0 -16"><span class='ocrx_word' id='word_1_138' title='bbox 545 2149 845 2203; x_wconf 77' lang='lat' dir='ltr'><strong>Factumne</strong></span> <span class='ocrx_word' id='word_1_139' title='bbox 881 2149 932 2202; x_wconf 91' lang='lat' dir='ltr'><strong>id</strong></span> <span class='ocrx_word' id='word_1_140' title='bbox 980 2150 1051 2202; x_wconf 84' lang='lat' dir='ltr'><strong>sit</strong></span> <span class='ocrx_word' id='word_1_141' title='bbox 1095 2152 1221 2218; x_wconf 88' lang='lat' dir='ltr'><strong>quia</strong></span> <span class='ocrx_word' id='word_1_142' title='bbox 1263 2131 1425 2203; x_wconf 62' lang='lat' dir='ltr'><strong>dictae</strong></span> <span class='ocrx_word' id='word_1_143' title='bbox 1456 2163 1560 2202; x_wconf 91' lang='lat' dir='ltr'><strong>non</strong></span> <span class='ocrx_word' id='word_1_144' title='bbox 1605 2158 1730 2202; x_wconf 84' lang='lat' dir='ltr'><strong>sunt</strong></span> <span class='ocrx_word' id='word_1_145' title='bbox 1779 2149 1864 2203; x_wconf 82' lang='lat' dir='ltr'><strong>vel</strong></span> <span class='ocrx_word' id='word_1_146' title='bbox 1905 2158 2122 2217; x_wconf 87' lang='lat' dir='ltr'><strong>propter</strong></span> 
     </span>
    </p>
   </div>
   <div class='ocr_carea' id='block_1_21' title="bbox 548 2241 2119 2310">
    <p class='ocr_par' dir='ltr' id='par_1_21' title="bbox 548 2241 2119 2310">
     <span class='ocr_line' id='line_1_21' title="bbox 548 2241 2119 2310; baseline 0.002 -18"><span class='ocrx_word' id='word_1_147' title='bbox 548 2241 754 2294; x_wconf 88' lang='lat' dir='ltr'><strong>a-statis</strong></span> <span class='ocrx_word' id='word_1_148' title='bbox 786 2241 1013 2305; x_wconf 81' lang='lat' dir='ltr'><strong>calores,</strong></span> <span class='ocrx_word' id='word_1_149' title='bbox 1048 2241 1130 2294; x_wconf 89' lang='lat' dir='ltr'><strong>vel</strong></span> <span class='ocrx_word' id='word_1_150' title='bbox 1162 2249 1381 2310; x_wconf 88' lang='lat' dir='ltr'><strong>propter</strong></span> <span class='ocrx_word' id='word_1_151' title='bbox 1413 2241 1713 2294; x_wconf 82' lang='lat' dir='ltr'><strong>absentiam</strong></span> <span class='ocrx_word' id='word_1_152' title='bbox 1748 2241 2019 2310; x_wconf 84' lang='lat' dir='ltr'><strong>episcopi;</strong></span> <span class='ocrx_word' id='word_1_153' title='bbox 2051 2257 2119 2295; x_wconf 90' lang='lat' dir='ltr'><strong>an</strong></span> 
     </span>
    </p>
   </div>
   <div class='ocr_carea' id='block_1_22' title="bbox 542 2330 2120 2401">
    <p class='ocr_par' dir='ltr' id='par_1_22' title="bbox 542 2330 2120 2401">
     <span class='ocr_line' id='line_1_22' title="bbox 542 2330 2120 2401; baseline 0.002 -20"><span class='ocrx_word' id='word_1_154' title='bbox 542 2331 669 2397; x_wconf 87' lang='lat' dir='ltr'><strong>quia</strong></span> <span class='ocrx_word' id='word_1_155' title='bbox 725 2330 885 2383; x_wconf 76' lang='lat' dir='ltr'><strong>dicta:</strong></span> <span class='ocrx_word' id='word_1_156' title='bbox 930 2331 1192 2397; x_wconf 83' lang='lat' dir='ltr'><strong>quidem,</strong></span> <span class='ocrx_word' id='word_1_157' title='bbox 1265 2347 1369 2384; x_wconf 93' lang='lat' dir='ltr'><strong>non</strong></span> <span class='ocrx_word' id='word_1_158' title='bbox 1450 2339 1627 2384; x_wconf 87' lang='lat' dir='ltr'><strong>tamen</strong></span> <span class='ocrx_word' id='word_1_159' title='bbox 1685 2331 1999 2401; x_wconf 56' lang='lat' dir='ltr'><strong>exscriptus,</strong></span> <span class='ocrx_word' id='word_1_160' title='bbox 2035 2333 2120 2386; x_wconf 86' lang='lat' dir='ltr'><strong>vel</strong></span> 
     </span>
    </p>
   </div>
   <div class='ocr_carea' id='block_1_23' title="bbox 541 2420 2119 2491">
    <p class='ocr_par' dir='ltr' id='par_1_23' title="bbox 541 2420 2119 2491">
     <span class='ocr_line' id='line_1_23' title="bbox 541 2420 2119 2491; baseline 0.003 -17"><span class='ocrx_word' id='word_1_161' title='bbox 541 2420 828 2490; x_wconf 69' lang='lat' dir='ltr'><strong>exsrriptse</strong></span> <span class='ocrx_word' id='word_1_162' title='bbox 875 2420 1155 2490; x_wconf 79' lang='lat' dir='ltr'><strong>profecto,</strong></span> <span class='ocrx_word' id='word_1_163' title='bbox 1221 2423 1315 2476; x_wconf 87' lang='lat' dir='ltr'><strong>sed</strong></span> <span class='ocrx_word' id='word_1_164' title='bbox 1367 2421 1708 2491; x_wconf 91' lang='lat' dir='ltr'><strong>interierint,</strong></span> <span class='ocrx_word' id='word_1_165' title='bbox 1763 2423 1849 2478; x_wconf 89' lang='lat' dir='ltr'><strong>vel</strong></span> <span class='ocrx_word' id='word_1_166' title='bbox 1916 2424 2119 2478; x_wconf 87' lang='lat' dir='ltr'><strong>lateant</strong></span> 
     </span>
    </p>
   </div>
   <div class='ocr_carea' id='block_1_24' title="bbox 541 2513 2119 2585">
    <p class='ocr_par' dir='ltr' id='par_1_24' title="bbox 541 2513 2119 2585">
     <span class='ocr_line' id='line_1_24' title="bbox 541 2513 2119 2585; baseline 0.004 -22"><span class='ocrx_word' id='word_1_167' title='bbox 541 2514 718 2564; x_wconf 75' lang='lat' dir='ltr'><strong>adhuc</strong></span> <span class='ocrx_word' id='word_1_168' title='bbox 751 2513 802 2564; x_wconf 90' lang='lat' dir='ltr'><strong>in</strong></span> <span class='ocrx_word' id='word_1_169' title='bbox 837 2513 1012 2580; x_wconf 88' lang='lat' dir='ltr'><strong>aliqua</strong></span> <span class='ocrx_word' id='word_1_170' title='bbox 1049 2513 1372 2568; x_wconf 85' lang='lat' dir='ltr'><strong>bibliotheca</strong></span> <span class='ocrx_word' id='word_1_171' title='bbox 1409 2529 1585 2584; x_wconf 79' lang='lat' dir='ltr'><strong>neque</strong></span> <span class='ocrx_word' id='word_1_172' title='bbox 1621 2516 1687 2569; x_wconf 90' lang='lat' dir='ltr'><strong>ad</strong></span> <span class='ocrx_word' id='word_1_173' title='bbox 1718 2526 1960 2570; x_wconf 89' lang='lat' dir='ltr'><strong>nostram</strong></span> <span class='ocrx_word' id='word_1_174' title='bbox 1993 2531 2119 2585; x_wconf 89' lang='lat' dir='ltr'><strong>per-</strong></span> 
     </span>
    </p>
   </div>
   <div class='ocr_carea' id='block_1_25' title="bbox 541 2603 2115 2677">
    <p class='ocr_par' dir='ltr' id='par_1_25' title="bbox 541 2603 2115 2677">
     <span class='ocr_line' id='line_1_25' title="bbox 541 2603 2115 2677; baseline 0.004 -23"><span class='ocrx_word' id='word_1_175' title='bbox 541 2603 790 2655; x_wconf 80' lang='lat' dir='ltr'><strong>venerint</strong></span> <span class='ocrx_word' id='word_1_176' title='bbox 822 2603 1093 2664; x_wconf 79' lang='lat' dir='ltr'><strong>ltulilinm,</strong></span> <span class='ocrx_word' id='word_1_177' title='bbox 1134 2617 1237 2657; x_wconf 87' lang='lat' dir='ltr'><strong>non</strong></span> <span class='ocrx_word' id='word_1_178' title='bbox 1286 2605 1456 2659; x_wconf 91' lang='lat' dir='ltr'><strong>habeo</strong></span> <span class='ocrx_word' id='word_1_179' title='bbox 1506 2617 1714 2660; x_wconf 88' lang='lat' dir='ltr'><strong>certum</strong></span> <span class='ocrx_word' id='word_1_180' title='bbox 1744 2608 1885 2677; x_wconf 90' lang='lat' dir='ltr'><strong>quod</strong></span> <span class='ocrx_word' id='word_1_181' title='bbox 1917 2609 2115 2662; x_wconf 87' lang='lat' dir='ltr'><strong>dicam.</strong></span> 
     </span>
    </p>
   </div>
   <div class='ocr_carea' id='block_1_26' title="bbox 545 2694 2118 2767">
    <p class='ocr_par' dir='ltr' id='par_1_26' title="bbox 545 2694 2118 2767">
     <span class='ocr_line' id='line_1_26' title="bbox 545 2694 2118 2767; baseline 0.007 -21"><span class='ocrx_word' id='word_1_182' title='bbox 545 2694 809 2747; x_wconf 83' lang='lat' dir='ltr'><strong>llmnilias</strong></span> <span class='ocrx_word' id='word_1_183' title='bbox 849 2699 900 2748; x_wconf 93' lang='lat' dir='ltr'><strong>in</strong></span> <span class='ocrx_word' id='word_1_184' title='bbox 940 2696 1024 2747; x_wconf 74' lang='grc' dir='ltr'>ιΙΙ.ι</span> <span class='ocrx_word' id='word_1_185' title='bbox 1064 2698 1245 2759; x_wconf 82' lang='lat' dir='ltr'><strong>verba,</strong></span> <span class='ocrx_word' id='word_1_186' title='bbox 1282 2696 1516 2752; x_wconf 78' lang='lat' dir='ltr'><strong>Lucerna</strong></span> <span class='ocrx_word' id='word_1_187' title='bbox 1549 2702 1782 2767; x_wconf 87' lang='lat' dir='ltr'><strong>corporis</strong></span> <span class='ocrx_word' id='word_1_188' title='bbox 1810 2711 1888 2755; x_wconf 87' lang='lat' dir='ltr'><strong>est</strong></span> <span class='ocrx_word' id='word_1_189' title='bbox 1935 2704 2118 2758; x_wconf 79' lang='lat' dir='ltr'><strong>Oculus</strong></span> 
     </span>
    </p>
   </div>
   <div class='ocr_carea' id='block_1_27' title="bbox 541 2787 2116 2863">
    <p class='ocr_par' dir='ltr' id='par_1_27' title="bbox 541 2787 2116 2863">
     <span class='ocr_line' id='line_1_27' title="bbox 541 2787 2116 2863; baseline 0.005 -24"><span class='ocrx_word' id='word_1_190' title='bbox 541 2797 595 2840; x_wconf 88' lang='lat' dir='ltr'><strong>et</strong></span> <span class='ocrx_word' id='word_1_191' title='bbox 623 2787 677 2838; x_wconf 93' lang='lat' dir='ltr'><strong>in</strong></span> <span class='ocrx_word' id='word_1_192' title='bbox 715 2787 918 2852; x_wconf 83' lang='lat' dir='ltr'><strong>reliqua</strong></span> <span class='ocrx_word' id='word_1_193' title='bbox 963 2788 1194 2855; x_wconf 72' lang='lat' dir='ltr'><strong>ejusdem</strong></span> <span class='ocrx_word' id='word_1_194' title='bbox 1227 2789 1502 2858; x_wconf 82' lang='lat' dir='ltr'><strong>euangelii,</strong></span> <span class='ocrx_word' id='word_1_195' title='bbox 1552 2792 1604 2844; x_wconf 93' lang='lat' dir='ltr'><strong>in</strong></span> <span class='ocrx_word' id='word_1_196' title='bbox 1642 2791 1949 2847; x_wconf 89' lang='lat' dir='ltr'><strong>Dominicas</strong></span> <span class='ocrx_word' id='word_1_197' title='bbox 1995 2803 2116 2863; x_wconf 88' lang='lat' dir='ltr'><strong>post</strong></span> 
     </span>
    </p>
   </div>
   <div class='ocr_carea' id='block_1_28' title="bbox 543 2876 2116 2955">
    <p class='ocr_par' dir='ltr' id='par_1_28' title="bbox 543 2876 2116 2955">
     <span class='ocr_line' id='line_1_28' title="bbox 543 2876 2116 2955; baseline 0.004 -25"><span class='ocrx_word' id='word_1_198' title='bbox 543 2876 898 2931; x_wconf 81' lang='lat' dir='ltr'><strong>Pcmecosten</strong></span> <span class='ocrx_word' id='word_1_199' title='bbox 935 2878 1210 2947; x_wconf 80' lang='lat' dir='ltr'><strong>conjicere</strong></span> <span class='ocrx_word' id='word_1_200' title='bbox 1239 2879 1412 2934; x_wconf 90' lang='lat' dir='ltr'><strong>visum</strong></span> <span class='ocrx_word' id='word_1_201' title='bbox 1446 2888 1527 2934; x_wconf 89' lang='lat' dir='ltr'><strong>est</strong></span> <span class='ocrx_word' id='word_1_202' title='bbox 1565 2895 1686 2955; x_wconf 61' lang='lat' dir='ltr'><strong>cuin</strong></span> <span class='ocrx_word' id='word_1_203' title='bbox 1727 2881 1834 2936; x_wconf 87' lang='lat' dir='ltr'><strong>sint</strong></span> <span class='ocrx_word' id='word_1_204' title='bbox 1862 2897 1924 2937; x_wconf 81' lang='lat' dir='ltr'><strong>cx</strong></span> <span class='ocrx_word' id='word_1_205' title='bbox 1953 2898 2116 2937; x_wconf 88' lang='lat' dir='ltr'><strong>evan-</strong></span> 
     </span>
    </p>
   </div>
   <div class='ocr_carea' id='block_1_29' title="bbox 541 2968 2118 3040">
    <p class='ocr_par' dir='ltr' id='par_1_29' title="bbox 541 2968 2118 3040">
     <span class='ocr_line' id='line_1_29' title="bbox 541 2968 2118 3040; baseline 0.006 -23"><span class='ocrx_word' id='word_1_206' title='bbox 541 2970 682 3037; x_wconf 81' lang='lat' dir='ltr'><strong>gelio</strong></span> <span class='ocrx_word' id='word_1_207' title='bbox 723 2968 784 3022; x_wconf 92' lang='lat' dir='ltr'><strong>S.</strong></span> <span class='ocrx_word' id='word_1_208' title='bbox 819 2968 1074 3034; x_wconf 60' lang='lat' dir='ltr'><strong>Matthaai,</strong></span> <span class='ocrx_word' id='word_1_209' title='bbox 1116 2971 1216 3025; x_wconf 84' lang='lat' dir='ltr'><strong>etsi</strong></span> <span class='ocrx_word' id='word_1_210' title='bbox 1254 2971 1306 3024; x_wconf 93' lang='lat' dir='ltr'><strong>in</strong></span> <span class='ocrx_word' id='word_1_211' title='bbox 1349 2970 1528 3026; x_wconf 86' lang='lat' dir='ltr'><strong>multis</strong></span> <span class='ocrx_word' id='word_1_212' title='bbox 1568 2970 1728 3026; x_wconf 89' lang='lat' dir='ltr'><strong>codd.</strong></span> <span class='ocrx_word' id='word_1_213' title='bbox 1779 2974 2118 3040; x_wconf 83' lang='lat' dir='ltr'><strong>reperiantur</strong></span> 
     </span>
    </p>
   </div>
   <div class='ocr_carea' id='block_1_30' title="bbox 543 3059 2115 3130">
    <p class='ocr_par' dir='ltr' id='par_1_30' title="bbox 543 3059 2115 3130">
     <span class='ocr_line' id='line_1_30' title="bbox 543 3059 2115 3130; baseline 0.004 -18"><span class='ocrx_word' id='word_1_214' title='bbox 543 3059 684 3112; x_wconf 90' lang='lat' dir='ltr'><strong>inter</strong></span> <span class='ocrx_word' id='word_1_215' title='bbox 713 3075 808 3113; x_wconf 87' lang='lat' dir='ltr'><strong>eas</strong></span> <span class='ocrx_word' id='word_1_216' title='bbox 839 3076 959 3129; x_wconf 83' lang='lat' dir='ltr'><strong>qua:</strong></span> <span class='ocrx_word' id='word_1_217' title='bbox 986 3072 1112 3115; x_wconf 91' lang='lat' dir='ltr'><strong>sunt</strong></span> <span class='ocrx_word' id='word_1_218' title='bbox 1143 3062 1194 3115; x_wconf 93' lang='lat' dir='ltr'><strong>in</strong></span> <span class='ocrx_word' id='word_1_219' title='bbox 1225 3060 1288 3116; x_wconf 92' lang='lat' dir='ltr'><strong>D.</strong></span> <span class='ocrx_word' id='word_1_220' title='bbox 1318 3060 1542 3116; x_wconf 87' lang='lat' dir='ltr'><strong>Lucam.</strong></span> <span class='ocrx_word' id='word_1_221' title='bbox 1577 3062 1706 3128; x_wconf 87' lang='lat' dir='ltr'><strong>Sed,</strong></span> <span class='ocrx_word' id='word_1_222' title='bbox 1743 3071 1800 3117; x_wconf 88' lang='lat' dir='ltr'><strong>ttt</strong></span> <span class='ocrx_word' id='word_1_223' title='bbox 1825 3063 1958 3130; x_wconf 78' lang='lat' dir='ltr'><strong>dixi,</strong></span> <span class='ocrx_word' id='word_1_224' title='bbox 1994 3079 2115 3118; x_wconf 89' lang='lat' dir='ltr'><strong>cum</strong></span> 
     </span>
    </p>
   </div>
   <div class='ocr_carea' id='block_1_31' title="bbox 544 3151 2116 3224">
    <p class='ocr_par' dir='ltr' id='par_1_31' title="bbox 544 3151 2116 3224">
     <span class='ocr_line' id='line_1_31' title="bbox 544 3151 2116 3224; baseline 0.004 -21"><span class='ocrx_word' id='word_1_225' title='bbox 544 3161 758 3204; x_wconf 89' lang='lat' dir='ltr'><strong>constet</strong></span> <span class='ocrx_word' id='word_1_226' title='bbox 782 3153 917 3205; x_wconf 90' lang='lat' dir='ltr'><strong>ordo</strong></span> <span class='ocrx_word' id='word_1_227' title='bbox 963 3151 1090 3204; x_wconf 91' lang='lat' dir='ltr'><strong>anni</strong></span> <span class='ocrx_word' id='word_1_228' title='bbox 1138 3166 1246 3219; x_wconf 90' lang='lat' dir='ltr'><strong>quo</strong></span> <span class='ocrx_word' id='word_1_229' title='bbox 1291 3153 1652 3221; x_wconf 90' lang='lat' dir='ltr'><strong>disponuntur</strong></span> <span class='ocrx_word' id='word_1_230' title='bbox 1677 3155 1977 3224; x_wconf 86' lang='lat' dir='ltr'><strong>evangelia,</strong></span> <span class='ocrx_word' id='word_1_231' title='bbox 2011 3172 2116 3210; x_wconf 90' lang='lat' dir='ltr'><strong>non</strong></span> 
     </span>
    </p>
   </div>
   <div class='ocr_carea' id='block_1_32' title="bbox 543 3241 2120 3317">
    <p class='ocr_par' dir='ltr' id='par_1_32' title="bbox 543 3241 2120 3317">
     <span class='ocr_line' id='line_1_32' title="bbox 543 3241 2120 3317; baseline 0.006 -24"><span class='ocrx_word' id='word_1_232' title='bbox 543 3251 726 3295; x_wconf 84' lang='lat' dir='ltr'><strong>tamen</strong></span> <span class='ocrx_word' id='word_1_233' title='bbox 756 3241 1088 3312; x_wconf 81' lang='lat' dir='ltr'><strong>singulorum</strong></span> <span class='ocrx_word' id='word_1_234' title='bbox 1118 3242 1360 3307; x_wconf 77' lang='grc' dir='ltr'><strong>Εὐταξεα</strong></span> <span class='ocrx_word' id='word_1_235' title='bbox 1388 3245 1440 3298; x_wconf 95' lang='lat' dir='ltr'><strong>in</strong></span> <span class='ocrx_word' id='word_1_236' title='bbox 1477 3245 1636 3300; x_wconf 90' lang='lat' dir='ltr'><strong>codd.</strong></span> <span class='ocrx_word' id='word_1_237' title='bbox 1662 3256 1884 3315; x_wconf 75' lang='lat' dir='ltr'><strong>apparet</strong></span> <span class='ocrx_word' id='word_1_238' title='bbox 1911 3265 1925 3300; x_wconf 89' lang='lat'><strong>:</strong></span> <span class='ocrx_word' id='word_1_239' title='bbox 1955 3262 2120 3317; x_wconf 89' lang='lat' dir='ltr'><strong>quare</strong></span> 
     </span>
    </p>
   </div>
   <div class='ocr_carea' id='block_1_33' title="bbox 542 3333 2117 3405">
    <p class='ocr_par' dir='ltr' id='par_1_33' title="bbox 542 3333 2117 3405">
     <span class='ocr_line' id='line_1_33' title="bbox 542 3333 2117 3405; baseline 0.004 -19"><span class='ocrx_word' id='word_1_240' title='bbox 542 3341 690 3386; x_wconf 79' lang='lat' dir='ltr'><strong>recta</strong></span> <span class='ocrx_word' id='word_1_241' title='bbox 728 3333 938 3387; x_wconf 83' lang='lat' dir='ltr'><strong>ratione</strong></span> <span class='ocrx_word' id='word_1_242' title='bbox 968 3334 1302 3403; x_wconf 87' lang='lat' dir='ltr'><strong>arbitrioque</strong></span> <span class='ocrx_word' id='word_1_243' title='bbox 1332 3345 1518 3390; x_wconf 89' lang='lat' dir='ltr'><strong>nostro</strong></span> <span class='ocrx_word' id='word_1_244' title='bbox 1549 3337 1628 3390; x_wconf 93' lang='lat' dir='ltr'><strong>usi</strong></span> <span class='ocrx_word' id='word_1_245' title='bbox 1661 3352 1881 3405; x_wconf 86' lang='lat' dir='ltr'><strong>sumus;</strong></span> <span class='ocrx_word' id='word_1_246' title='bbox 1920 3340 2021 3394; x_wconf 86' lang='lat' dir='ltr'><strong>nisi</strong></span> <span class='ocrx_word' id='word_1_247' title='bbox 2047 3341 2117 3404; x_wconf 91' lang='lat' dir='ltr'><strong>si,</strong></span> 
     </span>
    </p>
   </div>
   <div class='ocr_carea' id='block_1_34' title="bbox 541 3424 2120 3494">
    <p class='ocr_par' dir='ltr' id='par_1_34' title="bbox 541 3424 2120 3494">
     <span class='ocr_line' id='line_1_34' title="bbox 541 3424 2120 3494; baseline 0.008 -21"><span class='ocrx_word' id='word_1_248' title='bbox 541 3424 684 3492; x_wconf 87' lang='lat' dir='ltr'><strong>quod</strong></span> <span class='ocrx_word' id='word_1_249' title='bbox 713 3435 889 3478; x_wconf 90' lang='lat' dir='ltr'><strong>tamen</strong></span> <span class='ocrx_word' id='word_1_250' title='bbox 917 3439 1004 3478; x_wconf 89' lang='lat' dir='ltr'><strong>me</strong></span> <span class='ocrx_word' id='word_1_251' title='bbox 1038 3425 1188 3492; x_wconf 87' lang='lat' dir='ltr'><strong>latet,</strong></span> <span class='ocrx_word' id='word_1_252' title='bbox 1235 3427 1378 3494; x_wconf 88' lang='lat' dir='ltr'><strong>quod</strong></span> <span class='ocrx_word' id='word_1_253' title='bbox 1409 3427 1460 3481; x_wconf 92' lang='lat' dir='ltr'><strong>in</strong></span> <span class='ocrx_word' id='word_1_254' title='bbox 1506 3429 1818 3484; x_wconf 61' lang='lat' dir='ltr'><strong>Graecorum</strong></span> <span class='ocrx_word' id='word_1_255' title='bbox 1850 3430 1954 3485; x_wconf 91' lang='lat' dir='ltr'><strong>ritu</strong></span> <span class='ocrx_word' id='word_1_256' title='bbox 1987 3446 2120 3486; x_wconf 87' lang='lat' dir='ltr'><strong>usu-</strong></span> 
     </span>
    </p>
   </div>
   <div class='ocr_carea' id='block_1_35' title="bbox 539 3514 2120 3588">
    <p class='ocr_par' dir='ltr' id='par_1_35' title="bbox 539 3514 2120 3588">
     <span class='ocr_line' id='line_1_35' title="bbox 539 3514 2120 3588; baseline 0.008 -24"><span class='ocrx_word' id='word_1_257' title='bbox 539 3528 648 3582; x_wconf 76' lang='lat' dir='ltr'><strong>que</strong></span> <span class='ocrx_word' id='word_1_258' title='bbox 695 3515 763 3567; x_wconf 91' lang='lat' dir='ltr'><strong>sit</strong></span> <span class='ocrx_word' id='word_1_259' title='bbox 819 3514 1051 3583; x_wconf 89' lang='lat' dir='ltr'><strong>positum</strong></span> <span class='ocrx_word' id='word_1_260' title='bbox 1105 3516 1538 3588; x_wconf 78' lang='grc' dir='ltr'><strong>μυστικώτερον.</strong></span> <span class='ocrx_word' id='word_1_261' title='bbox 1563 3518 1714 3584; x_wconf 88' lang='lat' dir='ltr'><strong>Quod</strong></span> <span class='ocrx_word' id='word_1_262' title='bbox 1762 3529 1941 3576; x_wconf 87' lang='lat' dir='ltr'><strong>tamen</strong></span> <span class='ocrx_word' id='word_1_263' title='bbox 1989 3523 2120 3577; x_wconf 91' lang='lat' dir='ltr'><strong>mihi</strong></span> 
     </span>
    </p>
   </div>
   <div class='ocr_carea' id='block_1_36' title="bbox 543 3602 2122 3672">
    <p class='ocr_par' dir='ltr' id='par_1_36' title="bbox 543 3602 2122 3672">
     <span class='ocr_line' id='line_1_36' title="bbox 543 3602 2122 3672; baseline 0.008 -17"><span class='ocrx_word' id='word_1_264' title='bbox 543 3602 790 3672; x_wconf 78' lang='lat' dir='ltr'><strong>religioni</strong></span> <span class='ocrx_word' id='word_1_265' title='bbox 823 3621 928 3658; x_wconf 90' lang='lat' dir='ltr'><strong>non</strong></span> <span class='ocrx_word' id='word_1_266' title='bbox 960 3605 1120 3669; x_wconf 88' lang='lat' dir='ltr'><strong>duco,</strong></span> <span class='ocrx_word' id='word_1_267' title='bbox 1150 3620 1297 3670; x_wconf 89' lang='lat' dir='ltr'><strong>cum,</strong></span> <span class='ocrx_word' id='word_1_268' title='bbox 1330 3616 1387 3661; x_wconf 94' lang='lat' dir='ltr'><strong>ut</strong></span> <span class='ocrx_word' id='word_1_269' title='bbox 1419 3609 1554 3672; x_wconf 86' lang='lat' dir='ltr'><strong>dixi,</strong></span> <span class='ocrx_word' id='word_1_270' title='bbox 1599 3612 1734 3666; x_wconf 90' lang='lat' dir='ltr'><strong>ordo</strong></span> <span class='ocrx_word' id='word_1_271' title='bbox 1770 3612 1857 3668; x_wconf 89' lang='lat' dir='ltr'><strong>hic</strong></span> <span class='ocrx_word' id='word_1_272' title='bbox 1909 3629 2013 3668; x_wconf 89' lang='lat' dir='ltr'><strong>non</strong></span> <span class='ocrx_word' id='word_1_273' title='bbox 2049 3616 2122 3669; x_wconf 88' lang='lat' dir='ltr'><strong>sit</strong></span> 
     </span>
    </p>
   </div>
   <div class='ocr_carea' id='block_1_37' title="bbox 543 3695 2122 3766">
    <p class='ocr_par' dir='ltr' id='par_1_37' title="bbox 543 3695 2122 3766">
     <span class='ocr_line' id='line_1_37' title="bbox 543 3695 2122 3766; baseline 0.009 -19"><span class='ocrx_word' id='word_1_274' title='bbox 543 3710 608 3748; x_wconf 78' lang='lat' dir='ltr'><strong>ex</strong></span> <span class='ocrx_word' id='word_1_275' title='bbox 646 3695 804 3751; x_wconf 75' lang='lat' dir='ltr'><strong>rebus</strong></span> <span class='ocrx_word' id='word_1_276' title='bbox 838 3699 1015 3766; x_wconf 83' lang='lat' dir='ltr'><strong>magni</strong></span> <span class='ocrx_word' id='word_1_277' title='bbox 1049 3700 1326 3756; x_wconf 85' lang='lat' dir='ltr'><strong>momenti.</strong></span> <span class='ocrx_word' id='word_1_278' title='bbox 1364 3699 1609 3755; x_wconf 90' lang='lat' dir='ltr'><strong>doctrina</strong></span> <span class='ocrx_word' id='word_1_279' title='bbox 1657 3703 1830 3758; x_wconf 90' lang='lat' dir='ltr'><strong>solum</strong></span> <span class='ocrx_word' id='word_1_280' title='bbox 1877 3715 1931 3760; x_wconf 90' lang='lat' dir='ltr'><strong>et</strong></span> <span class='ocrx_word' id='word_1_281' title='bbox 1958 3721 2122 3761; x_wconf 73' lang='lat' dir='ltr'><strong>evan-</strong></span> 
     </span>
    </p>
   </div>
   <div class='ocr_carea' id='block_1_38' title="bbox 543 3773 2118 3862">
    <p class='ocr_par' dir='ltr' id='par_1_38' title="bbox 543 3773 2118 3862">
     <span class='ocr_line' id='line_1_38' title="bbox 543 3773 2118 3862; baseline 0.012 -31"><span class='ocrx_word' id='word_1_282' title='bbox 543 3782 804 3850; x_wconf 71' lang='lat' dir='ltr'><strong>geliorum</strong></span> <span class='ocrx_word' id='word_1_283' title='bbox 864 3785 1155 3854; x_wconf 83' lang='lat' dir='ltr'><strong>explicatio</strong></span> <span class='ocrx_word' id='word_1_284' title='bbox 1213 3773 1330 3842; x_wconf 82' lang='lat' dir='ltr'><strong>usui</strong></span> <span class='ocrx_word' id='word_1_285' title='bbox 1387 3790 1459 3843; x_wconf 91' lang='lat' dir='ltr'><strong>sit</strong></span> <span class='ocrx_word' id='word_1_286' title='bbox 1509 3800 1563 3845; x_wconf 88' lang='lat' dir='ltr'><strong>et</strong></span> <span class='ocrx_word' id='word_1_287' title='bbox 1615 3795 1792 3862; x_wconf 80' lang='lat' dir='ltr'><strong>magni</strong></span> <span class='ocrx_word' id='word_1_288' title='bbox 1851 3793 2118 3850; x_wconf 80' lang='lat' dir='ltr'><strong>facienda.</strong></span> 
     </span>
    </p>
   </div>
   <div class='ocr_carea' id='block_1_39' title="bbox 541 3873 2122 3956">
    <p class='ocr_par' dir='ltr' id='par_1_39' title="bbox 541 3873 2122 3956">
     <span class='ocr_line' id='line_1_39' title="bbox 541 3873 2122 3956; baseline 0.009 -30"><span class='ocrx_word' id='word_1_289' title='bbox 541 3873 826 3929; x_wconf 88' lang='lat' dir='ltr'><strong>llomiliam</strong></span> <span class='ocrx_word' id='word_1_290' title='bbox 878 3877 960 3940; x_wconf 80' lang='grc' dir='ltr'><strong>εἰς</strong></span> <span class='ocrx_word' id='word_1_291' title='bbox 1010 3877 1101 3930; x_wconf 82' lang='grc' dir='ltr'><strong>τὸν</strong></span> <span class='ocrx_word' id='word_1_292' title='bbox 1157 3883 1462 3949; x_wconf 81' lang='grc' dir='ltr'><strong>γενόμενον</strong></span> <span class='ocrx_word' id='word_1_293' title='bbox 1508 3884 1723 3953; x_wconf 82' lang='grc' dir='ltr'>αὐχμὸν</span> <span class='ocrx_word' id='word_1_294' title='bbox 1767 3901 1890 3940; x_wconf 91' lang='lat' dir='ltr'><strong>cum</strong></span> <span class='ocrx_word' id='word_1_295' title='bbox 1947 3901 2122 3956; x_wconf 85' lang='lat' dir='ltr'><strong>neque</strong></span> 
     </span>
    </p>
   </div>
   <div class='ocr_carea' id='block_1_40' title="bbox 543 3969 2122 4047">
    <p class='ocr_par' dir='ltr' id='par_1_40' title="bbox 543 3969 2122 4047">
     <span class='ocr_line' id='line_1_40' title="bbox 543 3969 2122 4047; baseline 0.009 -27"><span class='ocrx_word' id='word_1_296' title='bbox 543 3969 710 4034; x_wconf 81' lang='lat' dir='ltr'><strong>diem,</strong></span> <span class='ocrx_word' id='word_1_297' title='bbox 747 3985 926 4038; x_wconf 80' lang='lat' dir='ltr'><strong>neque</strong></span> <span class='ocrx_word' id='word_1_298' title='bbox 954 3981 1165 4039; x_wconf 87' lang='lat' dir='ltr'><strong>tempus</strong></span> <span class='ocrx_word' id='word_1_299' title='bbox 1187 3977 1314 4028; x_wconf 89' lang='lat' dir='ltr'><strong>anni</strong></span> <span class='ocrx_word' id='word_1_300' title='bbox 1343 3985 1549 4029; x_wconf 90' lang='lat' dir='ltr'><strong>certum</strong></span> <span class='ocrx_word' id='word_1_301' title='bbox 1582 3978 1800 4039; x_wconf 80' lang='lat' dir='ltr'><strong>habeat,</strong></span> <span class='ocrx_word' id='word_1_302' title='bbox 1833 3978 1884 4032; x_wconf 91' lang='lat' dir='ltr'><strong>in</strong></span> <span class='ocrx_word' id='word_1_303' title='bbox 1911 3989 2122 4047; x_wconf 84' lang='lat' dir='ltr'><strong>postre-</strong></span> 
     </span>
    </p>
   </div>
   <div class='ocr_carea' id='block_1_41' title="bbox 548 4060 2118 4134">
    <p class='ocr_par' dir='ltr' id='par_1_41' title="bbox 548 4060 2118 4134">
     <span class='ocr_line' id='line_1_41' title="bbox 548 4060 2118 4134; baseline 0.009 -25"><span class='ocrx_word' id='word_1_304' title='bbox 548 4074 694 4111; x_wconf 88' lang='lat' dir='ltr'><strong>mum</strong></span> <span class='ocrx_word' id='word_1_305' title='bbox 743 4060 1050 4125; x_wconf 76' lang='lat' dir='ltr'><strong>redegimns</strong></span> <span class='ocrx_word' id='word_1_306' title='bbox 1105 4063 1302 4128; x_wconf 85' lang='lat' dir='ltr'><strong>locum,</strong></span> <span class='ocrx_word' id='word_1_307' title='bbox 1344 4073 1398 4118; x_wconf 90' lang='lat' dir='ltr'><strong>et</strong></span> <span class='ocrx_word' id='word_1_308' title='bbox 1442 4068 1621 4134; x_wconf 86' lang='lat' dir='ltr'><strong>potius</strong></span> <span class='ocrx_word' id='word_1_309' title='bbox 1668 4078 1822 4121; x_wconf 78' lang='lat' dir='ltr'><strong>extra</strong></span> <span class='ocrx_word' id='word_1_310' title='bbox 1873 4071 2118 4124; x_wconf 90' lang='lat' dir='ltr'><strong>ordinem</strong></span> 
     </span>
    </p>
   </div>
   <div class='ocr_carea' id='block_1_42' title="bbox 541 4150 2123 4228">
    <p class='ocr_par' dir='ltr' id='par_1_42' title="bbox 541 4150 2123 4228">
     <span class='ocr_line' id='line_1_42' title="bbox 541 4150 2123 4228; baseline 0.01 -30"><span class='ocrx_word' id='word_1_311' title='bbox 541 4163 704 4215; x_wconf 85' lang='lat' dir='ltr'><strong>quam</strong></span> <span class='ocrx_word' id='word_1_312' title='bbox 749 4150 800 4201; x_wconf 90' lang='lat' dir='ltr'><strong>in</strong></span> <span class='ocrx_word' id='word_1_313' title='bbox 831 4151 1022 4205; x_wconf 89' lang='lat' dir='ltr'><strong>ordine</strong></span> <span class='ocrx_word' id='word_1_314' title='bbox 1073 4155 1435 4220; x_wconf 68' lang='lat' dir='ltr'><strong>reposuimus.</strong></span> <span class='ocrx_word' id='word_1_315' title='bbox 1469 4157 1644 4225; x_wconf 78' lang='lat' dir='ltr'><strong>Atque</strong></span> <span class='ocrx_word' id='word_1_316' title='bbox 1691 4159 1804 4213; x_wconf 73' lang='lat' dir='ltr'><strong>haec</strong></span> <span class='ocrx_word' id='word_1_317' title='bbox 1849 4170 2123 4228; x_wconf 88' lang='lat' dir='ltr'><strong>utcunque</strong></span> 
     </span>
    </p>
   </div>
   <div class='ocr_carea' id='block_1_43' title="bbox 545 4239 2120 4318">
    <p class='ocr_par' dir='ltr' id='par_1_43' title="bbox 545 4239 2120 4318">
     <span class='ocr_line' id='line_1_43' title="bbox 545 4239 2120 4318; baseline 0.008 -27"><span class='ocrx_word' id='word_1_318' title='bbox 545 4240 612 4291; x_wconf 84' lang='lat' dir='ltr'><strong>de</strong></span> <span class='ocrx_word' id='word_1_319' title='bbox 646 4239 787 4294; x_wconf 82' lang='lat' dir='ltr'><strong>serie</strong></span> <span class='ocrx_word' id='word_1_320' title='bbox 817 4241 1164 4296; x_wconf 89' lang='lat' dir='ltr'><strong>homiliarum</strong></span> <span class='ocrx_word' id='word_1_321' title='bbox 1201 4245 1455 4311; x_wconf 68' lang='lat' dir='ltr'><strong>pra-dicta</strong></span> <span class='ocrx_word' id='word_1_322' title='bbox 1495 4247 1625 4311; x_wconf 90' lang='lat' dir='ltr'><strong>sint,</strong></span> <span class='ocrx_word' id='word_1_323' title='bbox 1677 4262 1836 4316; x_wconf 86' lang='lat' dir='ltr'><strong>quam</strong></span> <span class='ocrx_word' id='word_1_324' title='bbox 1869 4259 2028 4318; x_wconf 91' lang='lat' dir='ltr'><strong>prout</strong></span> <span class='ocrx_word' id='word_1_325' title='bbox 2066 4251 2120 4304; x_wconf 90' lang='lat' dir='ltr'><strong>in</strong></span> 
     </span>
    </p>
   </div>
   <div class='ocr_carea' id='block_1_44' title="bbox 547 4331 2081 4408">
    <p class='ocr_par' dir='ltr' id='par_1_44' title="bbox 547 4331 2081 4408">
     <span class='ocr_line' id='line_1_44' title="bbox 547 4331 2081 4408; baseline 0.011 -26"><span class='ocrx_word' id='word_1_326' title='bbox 547 4340 734 4384; x_wconf 90' lang='lat' dir='ltr'><strong>nostro</strong></span> <span class='ocrx_word' id='word_1_327' title='bbox 759 4331 862 4387; x_wconf 86' lang='lat' dir='ltr'><strong>hoc</strong></span> <span class='ocrx_word' id='word_1_328' title='bbox 888 4332 1027 4388; x_wconf 91' lang='lat' dir='ltr'><strong>libro</strong></span> <span class='ocrx_word' id='word_1_329' title='bbox 1056 4348 1115 4389; x_wconf 89' lang='lat' dir='ltr'><strong>se</strong></span> <span class='ocrx_word' id='word_1_330' title='bbox 1152 4335 1369 4402; x_wconf 88' lang='lat' dir='ltr'><strong>habeat,</strong></span> <span class='ocrx_word' id='word_1_331' title='bbox 1397 4338 1748 4408; x_wconf 88' lang='lat' dir='ltr'><strong>subjiciemus</strong></span> <span class='ocrx_word' id='word_1_332' title='bbox 1772 4343 1843 4397; x_wconf 92' lang='lat' dir='ltr'><strong>ob</strong></span> <span class='ocrx_word' id='word_1_333' title='bbox 1873 4341 2081 4399; x_wconf 89' lang='lat' dir='ltr'><strong>oculos.</strong></span> 
     </span>
    </p>
   </div>
   <div class='ocr_carea' id='block_1_45' title="bbox 929 4467 1740 4543">
    <p class='ocr_par' dir='ltr' id='par_1_45' title="bbox 929 4467 1740 4543">
     <span class='ocr_line' id='line_1_45' title="bbox 929 4467 1740 4543; baseline 0.014 -21"><span class='ocrx_word' id='word_1_334' title='bbox 929 4467 956 4538; x_wconf 84' lang='lat'><strong>§</strong></span> <span class='ocrx_word' id='word_1_335' title='bbox 996 4469 1087 4524; x_wconf 73' lang='grc' dir='ltr'><strong>ιν.</strong></span> <span class='ocrx_word' id='word_1_336' title='bbox 1127 4470 1286 4526; x_wconf 80' lang='lat' dir='ltr'><strong>Ratio</strong></span> <span class='ocrx_word' id='word_1_337' title='bbox 1327 4473 1740 4543; x_wconf 76' lang='lat' dir='ltr'><strong>interpretandi.</strong></span> 
     </span>
    </p>
   </div>
   <div class='ocr_carea' id='block_1_46' title="bbox 616 4599 2120 4680">
    <p class='ocr_par' dir='ltr' id='par_1_46' title="bbox 616 4599 2120 4680">
     <span class='ocr_line' id='line_1_46' title="bbox 616 4599 2120 4680; baseline 0.013 -29"><span class='ocrx_word' id='word_1_338' title='bbox 616 4599 788 4668; x_wconf 87' lang='lat' dir='ltr'><strong>Quam</strong></span> <span class='ocrx_word' id='word_1_339' title='bbox 822 4601 1040 4658; x_wconf 79' lang='lat' dir='ltr'><strong>difﬁcile</strong></span> <span class='ocrx_word' id='word_1_340' title='bbox 1070 4615 1126 4660; x_wconf 91' lang='lat' dir='ltr'><strong>et</strong></span> <span class='ocrx_word' id='word_1_341' title='bbox 1163 4621 1449 4676; x_wconf 90' lang='lat' dir='ltr'><strong>operosum</strong></span> <span class='ocrx_word' id='word_1_342' title='bbox 1487 4611 1758 4680; x_wconf 81' lang='lat' dir='ltr'><strong>negotium</strong></span> <span class='ocrx_word' id='word_1_343' title='bbox 1791 4613 1865 4668; x_wconf 85' lang='lat' dir='ltr'><strong>sit</strong></span> <span class='ocrx_word' id='word_1_344' title='bbox 1902 4629 1969 4670; x_wconf 80' lang='lat' dir='ltr'><strong>ex</strong></span> <span class='ocrx_word' id='word_1_345' title='bbox 2016 4631 2120 4671; x_wconf 91' lang='lat' dir='ltr'><strong>uua</strong></span> 
     </span>
    </p>
   </div>
   <div class='ocr_carea' id='block_1_47' title="bbox 543 4690 2122 4771">
    <p class='ocr_par' dir='ltr' id='par_1_47' title="bbox 543 4690 2122 4771">
     <span class='ocr_line' id='line_1_47' title="bbox 543 4690 2122 4771; baseline 0.009 -26"><span class='ocrx_word' id='word_1_346' title='bbox 543 4690 726 4761; x_wconf 85' lang='lat' dir='ltr'><strong>lingua</strong></span> <span class='ocrx_word' id='word_1_347' title='bbox 758 4695 810 4747; x_wconf 89' lang='lat' dir='ltr'><strong>in</strong></span> <span class='ocrx_word' id='word_1_348' title='bbox 845 4695 1004 4749; x_wconf 82' lang='lat' dir='ltr'><strong>aliaat</strong></span> <span class='ocrx_word' id='word_1_349' title='bbox 1043 4708 1286 4752; x_wconf 80' lang='lat' dir='ltr'><strong>veterum</strong></span> <span class='ocrx_word' id='word_1_350' title='bbox 1339 4702 1539 4768; x_wconf 88' lang='lat' dir='ltr'><strong>scripta</strong></span> <span class='ocrx_word' id='word_1_351' title='bbox 1581 4704 1882 4771; x_wconf 89' lang='lat' dir='ltr'><strong>traducere,</strong></span> <span class='ocrx_word' id='word_1_352' title='bbox 1923 4706 1970 4762; x_wconf 88' lang='lat' dir='ltr'><strong>is</strong></span> <span class='ocrx_word' id='word_1_353' title='bbox 2003 4722 2122 4760; x_wconf 77' lang='lat' dir='ltr'><strong>om-</strong></span> 
     </span>
    </p>
   </div>
   <div class='ocr_carea' id='block_1_48' title="bbox 546 4784 2122 4865">
    <p class='ocr_par' dir='ltr' id='par_1_48' title="bbox 546 4784 2122 4865">
     <span class='ocr_line' id='line_1_48' title="bbox 546 4784 2122 4865; baseline 0.011 -30"><span class='ocrx_word' id='word_1_354' title='bbox 546 4784 696 4836; x_wconf 87' lang='lat' dir='ltr'><strong>nium</strong></span> <span class='ocrx_word' id='word_1_355' title='bbox 733 4785 937 4853; x_wconf 68' lang='lat' dir='ltr'><strong>optime</strong></span> <span class='ocrx_word' id='word_1_356' title='bbox 970 4788 1119 4842; x_wconf 90' lang='lat' dir='ltr'><strong>novit</strong></span> <span class='ocrx_word' id='word_1_357' title='bbox 1145 4790 1233 4858; x_wconf 90' lang='lat' dir='ltr'><strong>qui</strong></span> <span class='ocrx_word' id='word_1_358' title='bbox 1269 4791 1573 4857; x_wconf 75' lang='lat' dir='ltr'><strong>huiusmodi</strong></span> <span class='ocrx_word' id='word_1_359' title='bbox 1609 4798 1884 4865; x_wconf 85' lang='lat' dir='ltr'><strong>negotium</strong></span> <span class='ocrx_word' id='word_1_360' title='bbox 1924 4807 2122 4854; x_wconf 88' lang='lat' dir='ltr'><strong>tractat</strong></span> 
     </span>
    </p>
   </div>
   <div class='ocr_carea' id='block_1_49' title="bbox 543 4875 2122 4952">
    <p class='ocr_par' dir='ltr' id='par_1_49' title="bbox 543 4875 2122 4952">
     <span class='ocr_line' id='line_1_49' title="bbox 543 4875 2122 4952; baseline 0.011 -24"><span class='ocrx_word' id='word_1_361' title='bbox 543 4875 733 4930; x_wconf 86' lang='lat' dir='ltr'><strong>ethoc</strong></span> <span class='ocrx_word' id='word_1_362' title='bbox 762 4892 950 4930; x_wconf 81' lang='lat' dir='ltr'><strong>saxum</strong></span> <span class='ocrx_word' id='word_1_363' title='bbox 993 4891 1189 4934; x_wconf 86' lang='lat' dir='ltr'><strong>versat.</strong></span> <span class='ocrx_word' id='word_1_364' title='bbox 1226 4881 1300 4936; x_wconf 83' lang='lat' dir='ltr'><strong>Ex</strong></span> <span class='ocrx_word' id='word_1_365' title='bbox 1343 4884 1540 4952; x_wconf 87' lang='lat' dir='ltr'><strong>quibus</strong></span> <span class='ocrx_word' id='word_1_366' title='bbox 1586 4886 1834 4941; x_wconf 89' lang='lat' dir='ltr'><strong>omnibus</strong></span> <span class='ocrx_word' id='word_1_367' title='bbox 1882 4887 2122 4945; x_wconf 87' lang='lat' dir='ltr'><strong>luculen-</strong></span> 
     </span>
    </p>
   </div>
   <div class='ocr_carea' id='block_1_50' title="bbox 542 4966 2120 5049">
    <p class='ocr_par' dir='ltr' id='par_1_50' title="bbox 542 4966 2120 5049">
     <span class='ocr_line' id='line_1_50' title="bbox 542 4966 2120 5049; baseline 0.01 -30"><span class='ocrx_word' id='word_1_368' title='bbox 542 4966 789 5022; x_wconf 85' lang='lat' dir='ltr'><strong>tissimus</strong></span> <span class='ocrx_word' id='word_1_369' title='bbox 829 4969 981 5023; x_wconf 86' lang='lat' dir='ltr'><strong>testis</strong></span> <span class='ocrx_word' id='word_1_370' title='bbox 1013 4971 1105 5033; x_wconf 87' lang='lat' dir='ltr'><strong>sit,</strong></span> <span class='ocrx_word' id='word_1_371' title='bbox 1151 4982 1334 5040; x_wconf 79' lang='lat' dir='ltr'><strong>utpote</strong></span> <span class='ocrx_word' id='word_1_372' title='bbox 1376 4975 1768 5034; x_wconf 89' lang='lat' dir='ltr'><strong>scientissimus</strong></span> <span class='ocrx_word' id='word_1_373' title='bbox 1817 4979 2120 5049; x_wconf 80' lang='lat' dir='ltr'><strong>linguarum</strong></span> 
     </span>
    </p>
   </div>
   <div class='ocr_carea' id='block_1_51' title="bbox 542 5060 2123 5135">
    <p class='ocr_par' dir='ltr' id='par_1_51' title="bbox 542 5060 2123 5135">
     <span class='ocr_line' id='line_1_51' title="bbox 542 5060 2123 5135; baseline 0.01 -24"><span class='ocrx_word' id='word_1_374' title='bbox 542 5060 819 5128; x_wconf 88' lang='lat' dir='ltr'><strong>omnium,</strong></span> <span class='ocrx_word' id='word_1_375' title='bbox 849 5060 1224 5133; x_wconf 80' lang='lat' dir='ltr'><strong>Hieronymus,</strong></span> <span class='ocrx_word' id='word_1_376' title='bbox 1261 5067 1354 5135; x_wconf 91' lang='lat' dir='ltr'><strong>qui</strong></span> <span class='ocrx_word' id='word_1_377' title='bbox 1383 5076 1437 5120; x_wconf 90' lang='lat' dir='ltr'><strong>et</strong></span> <span class='ocrx_word' id='word_1_378' title='bbox 1465 5083 1530 5122; x_wconf 79' lang='lat' dir='ltr'><strong>ex</strong></span> <span class='ocrx_word' id='word_1_379' title='bbox 1559 5066 1786 5124; x_wconf 66' lang='lat' dir='ltr'><strong>Hebraeo</strong></span> <span class='ocrx_word' id='word_1_380' title='bbox 1808 5086 1960 5126; x_wconf 86' lang='lat' dir='ltr'><strong>sacra</strong></span> <span class='ocrx_word' id='word_1_381' title='bbox 2007 5087 2123 5126; x_wconf 87' lang='lat' dir='ltr'><strong>mo-</strong></span> 
     </span>
    </p>
   </div>
   <div class='ocr_carea' id='block_1_52' title="bbox 545 5156 2118 5219">
    <p class='ocr_par' dir='ltr' id='par_1_52' title="bbox 545 5156 2118 5219">
     <span class='ocr_line' id='line_1_52' title="bbox 545 5156 2118 5219; baseline 0.008 -14"><span class='ocrx_word' id='word_1_382' title='bbox 545 5164 836 5218; x_wconf 87' lang='lat' dir='ltr'><strong>numenta,</strong></span> <span class='ocrx_word' id='word_1_383' title='bbox 889 5162 942 5208; x_wconf 91' lang='lat' dir='ltr'><strong>et</strong></span> <span class='ocrx_word' id='word_1_384' title='bbox 990 5170 1057 5209; x_wconf 78' lang='lat' dir='ltr'><strong>ex</strong></span> <span class='ocrx_word' id='word_1_385' title='bbox 1110 5156 1298 5212; x_wconf 64' lang='lat' dir='ltr'><strong>Graeco</strong></span> <span class='ocrx_word' id='word_1_386' title='bbox 1353 5159 1582 5213; x_wconf 87' lang='lat' dir='ltr'><strong>aliorum</strong></span> <span class='ocrx_word' id='word_1_387' title='bbox 1638 5162 1801 5216; x_wconf 80' lang='lat' dir='ltr'><strong>untlta</strong></span> <span class='ocrx_word' id='word_1_388' title='bbox 1860 5163 2118 5219; x_wconf 78' lang='lat' dir='ltr'><strong>tratluxit.</strong></span> 
     </span>
    </p>
   </div>
   <div class='ocr_carea' id='block_1_53' title="bbox 549 5242 2118 5314">
    <p class='ocr_par' dir='ltr' id='par_1_53' title="bbox 549 5242 2118 5314">
     <span class='ocr_line' id='line_1_53' title="bbox 549 5242 2118 5314; baseline 0.008 -19"><span class='ocrx_word' id='word_1_389' title='bbox 549 5242 765 5312; x_wconf 79' lang='lat' dir='ltr'><strong>Di/ﬁcile</strong></span> <span class='ocrx_word' id='word_1_390' title='bbox 813 5254 928 5309; x_wconf 87' lang='lat' dir='ltr'><strong>est,</strong></span> <span class='ocrx_word' id='word_1_391' title='bbox 983 5245 1156 5314; x_wconf 90' lang='lat' dir='ltr'><strong>inquit</strong></span> <span class='ocrx_word' id='word_1_392' title='bbox 1193 5248 1282 5301; x_wconf 89' lang='lat' dir='ltr'><strong>ille</strong></span> <span class='ocrx_word' id='word_1_393' title='bbox 1315 5249 1367 5302; x_wconf 93' lang='lat' dir='ltr'><strong>in</strong></span> <span class='ocrx_word' id='word_1_394' title='bbox 1433 5247 1756 5306; x_wconf 69' lang='lat' dir='ltr'><strong>Praefatione</strong></span> <span class='ocrx_word' id='word_1_395' title='bbox 1800 5253 1865 5306; x_wconf 90' lang='lat' dir='ltr'><strong>ad</strong></span> <span class='ocrx_word' id='word_1_396' title='bbox 1899 5252 2118 5308; x_wconf 85' lang='lat' dir='ltr'><strong>Eusebii</strong></span> 
     </span>
    </p>
   </div>
   <div class='ocr_carea' id='block_1_54' title="bbox 545 5334 2123 5411">
    <p class='ocr_par' dir='ltr' id='par_1_54' title="bbox 545 5334 2123 5411">
     <span class='ocr_line' id='line_1_54' title="bbox 545 5334 2123 5411; baseline 0.006 -23"><span class='ocrx_word' id='word_1_397' title='bbox 545 5334 879 5400; x_wconf 86' lang='lat' dir='ltr'><strong>Cbronicon,</strong></span> <span class='ocrx_word' id='word_1_398' title='bbox 910 5339 1112 5392; x_wconf 80' lang='lat' dir='ltr'><strong>alienas</strong></span> <span class='ocrx_word' id='word_1_399' title='bbox 1143 5340 1349 5394; x_wconf 80' lang='lat' dir='ltr'><strong>litteras</strong></span> <span class='ocrx_word' id='word_1_400' title='bbox 1378 5342 1753 5411; x_wconf 77' lang='lat' dir='ltr'><strong>insequentem,</strong></span> <span class='ocrx_word' id='word_1_401' title='bbox 1799 5361 1901 5398; x_wconf 88' lang='lat' dir='ltr'><strong>non</strong></span> <span class='ocrx_word' id='word_1_402' title='bbox 1926 5344 2123 5398; x_wconf 80' lang='lat' dir='ltr'><strong>alicubi</strong></span> 
     </span>
    </p>
   </div>
   <div class='ocr_carea' id='block_1_55' title="bbox 547 5432 2123 5507">
    <p class='ocr_par' dir='ltr' id='par_1_55' title="bbox 547 5432 2123 5507">
     <span class='ocr_line' id='line_1_55' title="bbox 547 5432 2123 5507; baseline 0.007 -25"><span class='ocrx_word' id='word_1_403' title='bbox 547 5432 816 5494; x_wconf 78' lang='lat' dir='ltr'><strong>excidere;</strong></span> <span class='ocrx_word' id='word_1_404' title='bbox 848 5443 894 5483; x_wconf 89' lang='lat' dir='ltr'><strong>et</strong></span> <span class='ocrx_word' id='word_1_405' title='bbox 913 5435 1166 5498; x_wconf 87' lang='lat' dir='ltr'><strong>arduum,</strong></span> <span class='ocrx_word' id='word_1_406' title='bbox 1187 5446 1240 5487; x_wconf 88' lang='lat' dir='ltr'><strong>ut</strong></span> <span class='ocrx_word' id='word_1_407' title='bbox 1265 5452 1380 5501; x_wconf 65' lang='grc' dir='ltr'><strong><em>(μίαν</em></strong></span> <span class='ocrx_word' id='word_1_408' title='bbox 1406 5437 1462 5490; x_wconf 85' lang='lat' dir='ltr'><strong>in</strong></span> <span class='ocrx_word' id='word_1_409' title='bbox 1488 5438 1595 5491; x_wconf 87' lang='lat' dir='ltr'><strong>alia</strong></span> <span class='ocrx_word' id='word_1_410' title='bbox 1623 5439 1805 5507; x_wconf 86' lang='lat' dir='ltr'><strong>lingua</strong></span> <span class='ocrx_word' id='word_1_411' title='bbox 1831 5439 1956 5493; x_wconf 85' lang='lat' dir='ltr'><strong>bene</strong></span> <span class='ocrx_word' id='word_1_412' title='bbox 1977 5439 2123 5493; x_wconf 89' lang='lat' dir='ltr'><strong>dicta</strong></span> 
     </span>
    </p>
   </div>
   <div class='ocr_carea' id='block_1_56' title="bbox 546 5525 2120 5586">
    <p class='ocr_par' dir='ltr' id='par_1_56' title="bbox 546 5525 2120 5586">
     <span class='ocr_line' id='line_1_56' title="bbox 546 5525 2120 5586; baseline 0.006 -12"><span class='ocrx_word' id='word_1_413' title='bbox 546 5535 691 5586; x_wconf 86' lang='lat' dir='ltr'><strong>sunt,</strong></span> <span class='ocrx_word' id='word_1_414' title='bbox 733 5525 974 5577; x_wconf 82' lang='lat' dir='ltr'><strong>eumdem</strong></span> <span class='ocrx_word' id='word_1_415' title='bbox 1023 5525 1260 5578; x_wconf 85' lang='lat' dir='ltr'><strong>decorem</strong></span> <span class='ocrx_word' id='word_1_416' title='bbox 1305 5529 1358 5580; x_wconf 86' lang='lat' dir='ltr'><strong>in</strong></span> <span class='ocrx_word' id='word_1_417' title='bbox 1403 5529 1753 5583; x_wconf 61' lang='lat' dir='ltr'><strong>translatione</strong></span> <span class='ocrx_word' id='word_1_418' title='bbox 1796 5539 2120 5584; x_wconf 77' lang='lat' dir='ltr'><strong>conservent.</strong></span> 
     </span>
    </p>
   </div>
   <div class='ocr_carea' id='block_1_57' title="bbox 554 5608 2124 5689">
    <p class='ocr_par' dir='ltr' id='par_1_57' title="bbox 554 5608 2124 5689">
     <span class='ocr_line' id='line_1_57' title="bbox 554 5608 2124 5689; baseline 0.01 -28"><span class='ocrx_word' id='word_1_419' title='bbox 554 5608 594 5661; x_wconf 89' lang='lat' dir='ltr'><strong>S</strong></span> <span class='ocrx_word' id='word_1_420' title='bbox 615 5613 920 5678; x_wconf 80' lang='lat' dir='ltr'><strong>gnificatum</strong></span> <span class='ocrx_word' id='word_1_421' title='bbox 951 5625 1026 5669; x_wconf 88' lang='lat' dir='ltr'><strong>est</strong></span> <span class='ocrx_word' id='word_1_422' title='bbox 1061 5617 1262 5684; x_wconf 75' lang='lat' dir='ltr'><strong>aliquid</strong></span> <span class='ocrx_word' id='word_1_423' title='bbox 1295 5620 1449 5671; x_wconf 80' lang='lat' dir='ltr'><strong>unius</strong></span> <span class='ocrx_word' id='word_1_424' title='bbox 1481 5621 1621 5673; x_wconf 83' lang='lat' dir='ltr'><strong>verbi</strong></span> <span class='ocrx_word' id='word_1_425' title='bbox 1650 5624 1993 5689; x_wconf 81' lang='lat' dir='ltr'><strong>proprietate,</strong></span> <span class='ocrx_word' id='word_1_426' title='bbox 2020 5639 2124 5676; x_wconf 90' lang='lat' dir='ltr'><strong>non</strong></span> 
     </span>
    </p>
   </div>
   <div class='ocr_carea' id='block_1_58' title="bbox 551 5698 2126 5782">
    <p class='ocr_par' dir='ltr' id='par_1_58' title="bbox 551 5698 2126 5782">
     <span class='ocr_line' id='line_1_58' title="bbox 551 5698 2126 5782; baseline 0.013 -34"><span class='ocrx_word' id='word_1_427' title='bbox 551 5698 716 5752; x_wconf 81' lang='lat' dir='ltr'><strong>habeo</strong></span> <span class='ocrx_word' id='word_1_428' title='bbox 755 5719 920 5756; x_wconf 88' lang='lat' dir='ltr'><strong>meum</strong></span> <span class='ocrx_word' id='word_1_429' title='bbox 953 5710 1092 5774; x_wconf 88' lang='lat' dir='ltr'><strong>quod</strong></span> <span class='ocrx_word' id='word_1_430' title='bbox 1123 5709 1175 5760; x_wconf 92' lang='lat' dir='ltr'><strong>id</strong></span> <span class='ocrx_word' id='word_1_431' title='bbox 1207 5709 1429 5776; x_wconf 75' lang='lat' dir='ltr'><strong>e/ferat;</strong></span> <span class='ocrx_word' id='word_1_432' title='bbox 1494 5720 1542 5764; x_wconf 90' lang='lat' dir='ltr'><strong>et</strong></span> <span class='ocrx_word' id='word_1_433' title='bbox 1574 5715 1694 5764; x_wconf 84' lang='lat' dir='ltr'><strong>dant</strong></span> <span class='ocrx_word' id='word_1_434' title='bbox 1719 5730 1896 5781; x_wconf 84' lang='lat' dir='ltr'><strong>quer</strong></span> <span class='ocrx_word' id='word_1_435' title='bbox 1917 5716 2126 5782; x_wconf 66' lang='lat' dir='ltr'><strong>explere</strong></span> 
     </span>
    </p>
   </div>
   <div class='ocr_carea' id='block_1_59' title="bbox 556 5794 2124 5874">
    <p class='ocr_par' dir='ltr' id='par_1_59' title="bbox 556 5794 2124 5874">
     <span class='ocr_line' id='line_1_59' title="bbox 556 5794 2124 5874; baseline 0.003 -18"><span class='ocrx_word' id='word_1_436' title='bbox 556 5794 888 5857; x_wconf 50' lang='lat' dir='ltr'><strong>“malum”.</strong></span> <span class='ocrx_word' id='word_1_437' title='bbox 919 5795 1073 5866; x_wconf 82' lang='lat' dir='ltr'><strong>longo</strong></span> <span class='ocrx_word' id='word_1_438' title='bbox 1105 5800 1306 5856; x_wconf 81' lang='lat' dir='ltr'><strong>ambitu</strong></span> <span class='ocrx_word' id='word_1_439' title='bbox 1339 5805 1424 5857; x_wconf 70' lang='lat' dir='ltr'><strong>eis:</strong></span> <span class='ocrx_word' id='word_1_440' title='bbox 1461 5803 1626 5859; x_wconf 77' lang='lat' dir='ltr'><strong>breris</strong></span> <span class='ocrx_word' id='word_1_441' title='bbox 1669 5807 1762 5860; x_wconf 73' lang='lat' dir='ltr'><strong>cite</strong></span> <span class='ocrx_word' id='word_1_442' title='bbox 1802 5808 1970 5874; x_wconf 76' lang='lat' dir='ltr'><strong>spatia</strong></span> <span class='ocrx_word' id='word_1_443' title='bbox 2002 5824 2124 5862; x_wconf 83' lang='lat' dir='ltr'><strong>con-</strong></span> 
     </span>
    </p>
   </div>
   <div class='ocr_carea' id='block_1_60' title="bbox 1519 381 2837 444">
    <p class='ocr_par' dir='ltr' id='par_1_60' title="bbox 1519 381 2837 444">
     <span class='ocr_line' id='line_1_60' title="bbox 1519 381 2837 444; baseline -0.001 0"><span class='ocrx_word' id='word_1_444' title='bbox 1519 381 1917 444; x_wconf 75' lang='lat' dir='ltr'><strong>FRANClSCI</strong></span> <span class='ocrx_word' id='word_1_445' title='bbox 1957 381 2220 442; x_wconf 75' lang='lat' dir='ltr'><strong>SCORSI</strong></span> <span class='ocrx_word' id='word_1_446' title='bbox 2256 381 2686 441; x_wconf 51' lang='lat' dir='ltr'><strong>PliOt’EMlUM</strong></span> <span class='ocrx_word' id='word_1_447' title='bbox 2725 381 2837 444; x_wconf 82' lang='grc' dir='ltr'>ΙΙΙ.</span> 
     </span>
    </p>
   </div>
   <div class='ocr_carea' id='block_1_61' title="bbox 3712 379 3810 442">
    <p class='ocr_par' dir='ltr' id='par_1_61' title="bbox 3712 379 3810 442">
     <span class='ocr_line' id='line_1_61' title="bbox 3712 379 3810 442; baseline 0 -1"><span class='ocrx_word' id='word_1_448' title='bbox 3712 379 3810 442; x_wconf 72' lang='grc'><strong>128</strong></span> 
     </span>
    </p>
   </div>
   <div class='ocr_carea' id='block_1_62' title="bbox 2235 492 3810 562">
    <p class='ocr_par' dir='ltr' id='par_1_62' title="bbox 2235 492 3810 562">
     <span class='ocr_line' id='line_1_62' title="bbox 2235 492 3810 562; baseline 0.002 -18"><span class='ocrx_word' id='word_1_449' title='bbox 2235 508 2405 544; x_wconf 88' lang='lat' dir='ltr'><strong>sumo.</strong></span> <span class='ocrx_word' id='word_1_450' title='bbox 2435 496 2700 546; x_wconf 76' lang='lat' dir='ltr'><strong>Accedunt</strong></span> <span class='ocrx_word' id='word_1_451' title='bbox 2741 493 3142 562; x_wconf 80' lang='lat' dir='ltr'><strong>Ityperbntorum</strong></span> <span class='ocrx_word' id='word_1_452' title='bbox 3179 493 3482 562; x_wconf 74' lang='lat' dir='ltr'><strong>anfractus,</strong></span> <span class='ocrx_word' id='word_1_453' title='bbox 3537 492 3810 547; x_wconf 81' lang='lat' dir='ltr'><strong>dissimili-</strong></span> 
     </span>
    </p>
   </div>
   <div class='ocr_carea' id='block_1_63' title="bbox 2232 583 3810 654">
    <p class='ocr_par' dir='ltr' id='par_1_63' title="bbox 2232 583 3810 654">
     <span class='ocr_line' id='line_1_63' title="bbox 2232 583 3810 654; baseline 0.004 -20"><span class='ocrx_word' id='word_1_454' title='bbox 2232 583 2441 636; x_wconf 82' lang='lat' dir='ltr'><strong>tudines</strong></span> <span class='ocrx_word' id='word_1_455' title='bbox 2461 600 2700 645; x_wconf 80' lang='lat' dir='ltr'><strong>casuum,</strong></span> <span class='ocrx_word' id='word_1_456' title='bbox 2721 588 2996 638; x_wconf 74' lang='lat' dir='ltr'><strong>varietates</strong></span> <span class='ocrx_word' id='word_1_457' title='bbox 3014 586 3305 654; x_wconf 77' lang='lat' dir='ltr'><strong>figurarum</strong></span> <span class='ocrx_word' id='word_1_458' title='bbox 3325 601 3342 648; x_wconf 93' lang='lat'><strong>;</strong></span> <span class='ocrx_word' id='word_1_459' title='bbox 3362 586 3528 651; x_wconf 87' lang='lat' dir='ltr'><strong>ipsum</strong></span> <span class='ocrx_word' id='word_1_460' title='bbox 3548 599 3810 654; x_wconf 87' lang='lat' dir='ltr'><strong>postremo</strong></span> 
     </span>
    </p>
   </div>
   <div class='ocr_carea' id='block_1_64' title="bbox 2231 676 3807 746">
    <p class='ocr_par' dir='ltr' id='par_1_64' title="bbox 2231 676 3807 746">
     <span class='ocr_line' id='line_1_64' title="bbox 2231 676 3807 746; baseline 0.005 -21"><span class='ocrx_word' id='word_1_461' title='bbox 2231 690 2406 735; x_wconf 88' lang='lat' dir='ltr'><strong>suunt,</strong></span> <span class='ocrx_word' id='word_1_462' title='bbox 2451 684 2522 740; x_wconf 89' lang='lat' dir='ltr'><strong>et,</strong></span> <span class='ocrx_word' id='word_1_463' title='bbox 2570 685 2627 726; x_wconf 86' lang='lat' dir='ltr'><strong>ut</strong></span> <span class='ocrx_word' id='word_1_464' title='bbox 2675 676 2749 726; x_wconf 89' lang='lat' dir='ltr'><strong>ita</strong></span> <span class='ocrx_word' id='word_1_465' title='bbox 2784 677 2978 742; x_wconf 85' lang='lat' dir='ltr'><strong>dicant,</strong></span> <span class='ocrx_word' id='word_1_466' title='bbox 3023 676 3360 729; x_wconf 79' lang='lat' dir='ltr'><strong>vernaculum</strong></span> <span class='ocrx_word' id='word_1_467' title='bbox 3392 677 3587 746; x_wconf 78' lang='lat' dir='ltr'><strong>lingua:</strong></span> <span class='ocrx_word' id='word_1_468' title='bbox 3624 694 3807 744; x_wconf 83' lang='lat' dir='ltr'><strong>genus.</strong></span> 
     </span>
    </p>
   </div>
   <div class='ocr_carea' id='block_1_65' title="bbox 2233 765 3806 835">
    <p class='ocr_par' dir='ltr' id='par_1_65' title="bbox 2233 765 3806 835">
     <span class='ocr_line' id='line_1_65' title="bbox 2233 765 3806 835; baseline 0.001 -16"><span class='ocrx_word' id='word_1_469' title='bbox 2233 765 2294 819; x_wconf 85' lang='lat' dir='ltr'><strong>Si</strong></span> <span class='ocrx_word' id='word_1_470' title='bbox 2321 768 2390 819; x_wconf 88' lang='lat' dir='ltr'><strong>ad</strong></span> <span class='ocrx_word' id='word_1_471' title='bbox 2439 768 2645 820; x_wconf 79' lang='lat' dir='ltr'><strong>verbum</strong></span> <span class='ocrx_word' id='word_1_472' title='bbox 2692 768 3027 835; x_wconf 83' lang='lat' dir='ltr'><strong>interpretor,</strong></span> <span class='ocrx_word' id='word_1_473' title='bbox 3085 769 3308 821; x_wconf 80' lang='lat' dir='ltr'><strong>absurde</strong></span> <span class='ocrx_word' id='word_1_474' title='bbox 3354 779 3601 830; x_wconf 86' lang='lat' dir='ltr'><strong>resonat;</strong></span> <span class='ocrx_word' id='word_1_475' title='bbox 3645 769 3691 820; x_wconf 87' lang='lat' dir='ltr'><strong>si</strong></span> <span class='ocrx_word' id='word_1_476' title='bbox 3741 769 3806 820; x_wconf 89' lang='lat' dir='ltr'><strong>ob</strong></span> 
     </span>
    </p>
   </div>
   <div class='ocr_carea' id='block_1_66' title="bbox 2231 857 3808 925">
    <p class='ocr_par' dir='ltr' id='par_1_66' title="bbox 2231 857 3808 925">
     <span class='ocr_line' id='line_1_66' title="bbox 2231 857 3808 925; baseline 0.002 -17"><span class='ocrx_word' id='word_1_477' title='bbox 2231 857 2589 909; x_wconf 81' lang='lat' dir='ltr'><strong>necessitatem</strong></span> <span class='ocrx_word' id='word_1_478' title='bbox 2622 857 2822 925; x_wconf 79' lang='lat' dir='ltr'><strong>aliquid</strong></span> <span class='ocrx_word' id='word_1_479' title='bbox 2860 859 2911 910; x_wconf 90' lang='lat' dir='ltr'><strong>in</strong></span> <span class='ocrx_word' id='word_1_480' title='bbox 2943 858 3126 911; x_wconf 82' lang='lat' dir='ltr'><strong>ordine</strong></span> <span class='ocrx_word' id='word_1_481' title='bbox 3153 859 3226 912; x_wconf 79' lang='lat' dir='ltr'><strong>rel</strong></span> <span class='ocrx_word' id='word_1_482' title='bbox 3268 858 3320 911; x_wconf 87' lang='lat' dir='ltr'><strong>in</strong></span> <span class='ocrx_word' id='word_1_483' title='bbox 3367 874 3606 912; x_wconf 83' lang='lat' dir='ltr'><strong>sermone</strong></span> <span class='ocrx_word' id='word_1_484' title='bbox 3633 873 3808 911; x_wconf 85' lang='lat' dir='ltr'><strong>muta-</strong></span> 
     </span>
    </p>
   </div>
   <div class='ocr_carea' id='block_1_67' title="bbox 2229 948 3807 1018">
    <p class='ocr_par' dir='ltr' id='par_1_67' title="bbox 2229 948 3807 1018">
     <span class='ocr_line' id='line_1_67' title="bbox 2229 948 3807 1018; baseline 0.002 -18"><span class='ocrx_word' id='word_1_485' title='bbox 2229 963 2370 1009; x_wconf 70' lang='lat' dir='ltr'><strong>t&#39;ero,</strong></span> <span class='ocrx_word' id='word_1_486' title='bbox 2413 948 2478 1000; x_wconf 89' lang='lat' dir='ltr'><strong>ab</strong></span> <span class='ocrx_word' id='word_1_487' title='bbox 2528 949 2824 1018; x_wconf 84' lang='lat' dir='ltr'><strong>interpretis</strong></span> <span class='ocrx_word' id='word_1_488' title='bbox 2875 950 3088 1002; x_wconf 79' lang='lat' dir='ltr'><strong>videbor</strong></span> <span class='ocrx_word' id='word_1_489' title='bbox 3133 950 3297 1018; x_wconf 73' lang='lat' dir='ltr'><strong>oﬁirio</strong></span> <span class='ocrx_word' id='word_1_490' title='bbox 3345 951 3634 1003; x_wconf 79' lang='lat' dir='ltr'><strong>recessisse.</strong></span> <span class='ocrx_word' id='word_1_491' title='bbox 3684 949 3807 1004; x_wconf 68' lang='lat' dir='ltr'><strong>llaec</strong></span> 
     </span>
    </p>
   </div>
   <div class='ocr_carea' id='block_1_68' title="bbox 2229 1039 3807 1112">
    <p class='ocr_par' dir='ltr' id='par_1_68' title="bbox 2229 1039 3807 1112">
     <span class='ocr_line' id='line_1_68' title="bbox 2229 1039 3807 1112; baseline 0.003 -20"><span class='ocrx_word' id='word_1_492' title='bbox 2229 1039 2288 1093; x_wconf 87' lang='lat' dir='ltr'><strong>S.</strong></span> <span class='ocrx_word' id='word_1_493' title='bbox 2330 1039 2715 1112; x_wconf 85' lang='lat' dir='ltr'><strong>Hieronymus,</strong></span> <span class='ocrx_word' id='word_1_494' title='bbox 2747 1045 2944 1111; x_wconf 88' lang='lat' dir='ltr'><strong>quibus</strong></span> <span class='ocrx_word' id='word_1_495' title='bbox 2974 1043 3107 1096; x_wconf 91' lang='lat' dir='ltr'><strong>nihil</strong></span> <span class='ocrx_word' id='word_1_496' title='bbox 3139 1051 3314 1111; x_wconf 86' lang='lat' dir='ltr'><strong>potest</strong></span> <span class='ocrx_word' id='word_1_497' title='bbox 3343 1043 3552 1109; x_wconf 88' lang='lat' dir='ltr'><strong>planius</strong></span> <span class='ocrx_word' id='word_1_498' title='bbox 3582 1043 3660 1096; x_wconf 88' lang='lat' dir='ltr'><strong>vel</strong></span> <span class='ocrx_word' id='word_1_499' title='bbox 3693 1042 3807 1108; x_wconf 86' lang='lat' dir='ltr'><strong>ple-</strong></span> 
     </span>
    </p>
   </div>
   <div class='ocr_carea' id='block_1_69' title="bbox 2229 1131 3820 1202">
    <p class='ocr_par' dir='ltr' id='par_1_69' title="bbox 2229 1131 3820 1202">
     <span class='ocr_line' id='line_1_69' title="bbox 2229 1131 3820 1202; baseline 0.004 -20"><span class='ocrx_word' id='word_1_500' title='bbox 2229 1131 2350 1185; x_wconf 87' lang='lat' dir='ltr'><strong>nius</strong></span> <span class='ocrx_word' id='word_1_501' title='bbox 2378 1132 2443 1186; x_wconf 88' lang='lat' dir='ltr'><strong>de</strong></span> <span class='ocrx_word' id='word_1_502' title='bbox 2473 1133 2862 1201; x_wconf 82' lang='lat' dir='ltr'><strong>interpretandi</strong></span> <span class='ocrx_word' id='word_1_503' title='bbox 2901 1133 3300 1187; x_wconf 78' lang='lat' dir='ltr'><strong>diﬂicnltatibus</strong></span> <span class='ocrx_word' id='word_1_504' title='bbox 3324 1135 3468 1198; x_wconf 88' lang='lat' dir='ltr'><strong>dici;</strong></span> <span class='ocrx_word' id='word_1_505' title='bbox 3516 1133 3646 1202; x_wconf 91' lang='lat' dir='ltr'><strong>quin</strong></span> <span class='ocrx_word' id='word_1_506' title='bbox 3686 1135 3820 1201; x_wconf 49' lang='lat' dir='ltr'><strong>ipse,</strong></span> 
     </span>
    </p>
   </div>
   <div class='ocr_carea' id='block_1_70' title="bbox 2229 1221 3803 1293">
    <p class='ocr_par' dir='ltr' id='par_1_70' title="bbox 2229 1221 3803 1293">
     <span class='ocr_line' id='line_1_70' title="bbox 2229 1221 3803 1293; baseline 0.002 -17"><span class='ocrx_word' id='word_1_507' title='bbox 2229 1221 2438 1278; x_wconf 88' lang='lat' dir='ltr'><strong>Tullius</strong></span> <span class='ocrx_word' id='word_1_508' title='bbox 2461 1225 2740 1293; x_wconf 87' lang='lat' dir='ltr'><strong>eloquendi</strong></span> <span class='ocrx_word' id='word_1_509' title='bbox 2769 1227 3182 1287; x_wconf 85' lang='lat' dir='ltr'><strong>disertissimus,</strong></span> <span class='ocrx_word' id='word_1_510' title='bbox 3207 1227 3292 1280; x_wconf 91' lang='lat' dir='ltr'><strong>cui</strong></span> <span class='ocrx_word' id='word_1_511' title='bbox 3313 1229 3504 1278; x_wconf 89' lang='lat' dir='ltr'><strong>mirum</strong></span> <span class='ocrx_word' id='word_1_512' title='bbox 3529 1235 3612 1280; x_wconf 90' lang='lat' dir='ltr'><strong>est</strong></span> <span class='ocrx_word' id='word_1_513' title='bbox 3637 1229 3803 1280; x_wconf 84' lang='lat' dir='ltr'><strong>verba</strong></span> 
     </span>
    </p>
   </div>
   <div class='ocr_carea' id='block_1_71' title="bbox 2227 1316 3804 1387">
    <p class='ocr_par' dir='ltr' id='par_1_71' title="bbox 2227 1316 3804 1387">
     <span class='ocr_line' id='line_1_71' title="bbox 2227 1316 3804 1387; baseline 0.004 -21"><span class='ocrx_word' id='word_1_514' title='bbox 2227 1316 2415 1369; x_wconf 84' lang='lat' dir='ltr'><strong>deesse</strong></span> <span class='ocrx_word' id='word_1_515' title='bbox 2463 1317 2702 1386; x_wconf 88' lang='lat' dir='ltr'><strong>potuisse</strong></span> <span class='ocrx_word' id='word_1_516' title='bbox 2734 1333 2749 1371; x_wconf 87' lang='lat'><strong>:</strong></span> <span class='ocrx_word' id='word_1_517' title='bbox 2781 1333 2902 1372; x_wconf 90' lang='lat' dir='ltr'><strong>cum</strong></span> <span class='ocrx_word' id='word_1_518' title='bbox 2937 1318 3051 1387; x_wconf 89' lang='lat' dir='ltr'><strong>ipse</strong></span> <span class='ocrx_word' id='word_1_519' title='bbox 3079 1319 3121 1370; x_wconf 90' lang='lat' dir='ltr'><strong>si</strong></span> <span class='ocrx_word' id='word_1_520' title='bbox 3158 1319 3281 1386; x_wconf 89' lang='lat' dir='ltr'><strong>quis</strong></span> <span class='ocrx_word' id='word_1_521' title='bbox 3320 1318 3458 1372; x_wconf 90' lang='lat' dir='ltr'><strong>alius</strong></span> <span class='ocrx_word' id='word_1_522' title='bbox 3492 1333 3804 1372; x_wconf 86' lang='lat' dir='ltr'><strong>sermonem</strong></span> 
     </span>
    </p>
   </div>
   <div class='ocr_carea' id='block_1_72' title="bbox 2226 1410 3802 1480">
    <p class='ocr_par' dir='ltr' id='par_1_72' title="bbox 2226 1410 3802 1480">
     <span class='ocr_line' id='line_1_72' title="bbox 2226 1410 3802 1480; baseline 0.003 -21"><span class='ocrx_word' id='word_1_523' title='bbox 2226 1410 2458 1477; x_wconf 89' lang='lat' dir='ltr'><strong>patrium</strong></span> <span class='ocrx_word' id='word_1_524' title='bbox 2491 1411 2766 1476; x_wconf 80' lang='lat' dir='ltr'><strong>ditaverit,</strong></span> <span class='ocrx_word' id='word_1_525' title='bbox 2812 1426 2990 1464; x_wconf 90' lang='lat' dir='ltr'><strong>nonne</strong></span> <span class='ocrx_word' id='word_1_526' title='bbox 3020 1412 3176 1480; x_wconf 88' lang='lat' dir='ltr'><strong>inops</strong></span> <span class='ocrx_word' id='word_1_527' title='bbox 3209 1426 3330 1464; x_wconf 82' lang='lat' dir='ltr'><strong>esse</strong></span> <span class='ocrx_word' id='word_1_528' title='bbox 3364 1412 3466 1464; x_wconf 87' lang='lat' dir='ltr'><strong>sibi</strong></span> <span class='ocrx_word' id='word_1_529' title='bbox 3499 1411 3710 1464; x_wconf 89' lang='lat' dir='ltr'><strong>videtur</strong></span> <span class='ocrx_word' id='word_1_530' title='bbox 3747 1412 3802 1463; x_wconf 93' lang='lat' dir='ltr'><strong>in</strong></span> 
     </span>
    </p>
   </div>
   <div class='ocr_carea' id='block_1_73' title="bbox 2224 1501 3802 1572">
    <p class='ocr_par' dir='ltr' id='par_1_73' title="bbox 2224 1501 3802 1572">
     <span class='ocr_line' id='line_1_73' title="bbox 2224 1501 3802 1572; baseline 0.001 -19"><span class='ocrx_word' id='word_1_531' title='bbox 2224 1501 2577 1567; x_wconf 80' lang='lat' dir='ltr'><strong>exprimenda</strong></span> <span class='ocrx_word' id='word_1_532' title='bbox 2615 1502 2663 1555; x_wconf 88' lang='lat' dir='ltr'><strong>vi</strong></span> <span class='ocrx_word' id='word_1_533' title='bbox 2697 1511 2750 1555; x_wconf 90' lang='lat' dir='ltr'><strong>et</strong></span> <span class='ocrx_word' id='word_1_534' title='bbox 2794 1505 3013 1572; x_wconf 88' lang='lat' dir='ltr'><strong>euergia</strong></span> <span class='ocrx_word' id='word_1_535' title='bbox 3056 1502 3366 1556; x_wconf 63' lang='lat' dir='ltr'><strong>Graecarum</strong></span> <span class='ocrx_word' id='word_1_536' title='bbox 3398 1503 3628 1556; x_wconf 76' lang='lat' dir='ltr'><strong>vouun?</strong></span> <span class='ocrx_word' id='word_1_537' title='bbox 3668 1503 3802 1555; x_wconf 82' lang='lat' dir='ltr'><strong>Nam</strong></span> 
     </span>
    </p>
   </div>
   <div class='ocr_carea' id='block_1_74' title="bbox 2226 1592 3808 1665">
    <p class='ocr_par' dir='ltr' id='par_1_74' title="bbox 2226 1592 3808 1665">
     <span class='ocr_line' id='line_1_74' title="bbox 2226 1592 3808 1665; baseline 0.003 -21"><span class='ocrx_word' id='word_1_538' title='bbox 2226 1606 2346 1659; x_wconf 75' lang='lat' dir='ltr'><strong>qua:</strong></span> <span class='ocrx_word' id='word_1_539' title='bbox 2383 1592 2550 1646; x_wconf 87' lang='lat' dir='ltr'><strong>Stoici</strong></span> <span class='ocrx_word' id='word_1_540' title='bbox 2584 1594 2914 1663; x_wconf 84' lang='grc' dir='ltr'><strong>προηγμένα</strong></span> <span class='ocrx_word' id='word_1_541' title='bbox 2945 1604 2998 1648; x_wconf 89' lang='lat' dir='ltr'><strong>et</strong></span> <span class='ocrx_word' id='word_1_542' title='bbox 3041 1594 3507 1665; x_wconf 79' lang='grc' dir='ltr'><strong>ἀποπροηγμένα,</strong></span> <span class='ocrx_word' id='word_1_543' title='bbox 3573 1596 3683 1649; x_wconf 65' lang='lat' dir='ltr'><strong>haec</strong></span> <span class='ocrx_word' id='word_1_544' title='bbox 3715 1594 3808 1648; x_wconf 83' lang='lat' dir='ltr'><strong>ille</strong></span> 
     </span>
    </p>
   </div>
   <div class='ocr_carea' id='block_1_75' title="bbox 2225 1683 3809 1755">
    <p class='ocr_par' dir='ltr' id='par_1_75' title="bbox 2225 1683 3809 1755">
     <span class='ocr_line' id='line_1_75' title="bbox 2225 1683 3809 1755; baseline 0.003 -21"><span class='ocrx_word' id='word_1_545' title='bbox 2225 1683 2512 1749; x_wconf 86' lang='lat' dir='ltr'><strong>aliquando</strong></span> <span class='ocrx_word' id='word_1_546' title='bbox 2528 1694 2815 1753; x_wconf 77' lang='lat' dir='ltr'><strong>prtegmata</strong></span> <span class='ocrx_word' id='word_1_547' title='bbox 2836 1693 2890 1738; x_wconf 88' lang='lat' dir='ltr'><strong>et</strong></span> <span class='ocrx_word' id='word_1_548' title='bbox 2908 1697 3324 1755; x_wconf 79' lang='lat' dir='ltr'><strong>apoprwgmata,</strong></span> <span class='ocrx_word' id='word_1_549' title='bbox 3348 1687 3640 1754; x_wconf 84' lang='lat' dir='ltr'><strong>aliquando</strong></span> <span class='ocrx_word' id='word_1_550' title='bbox 3665 1701 3809 1753; x_wconf 78' lang='lat' dir='ltr'><strong>pra:-</strong></span> 
     </span>
    </p>
   </div>
   <div class='ocr_carea' id='block_1_76' title="bbox 2223 1774 3809 1846">
    <p class='ocr_par' dir='ltr' id='par_1_76' title="bbox 2223 1774 3809 1846">
     <span class='ocr_line' id='line_1_76' title="bbox 2223 1774 3809 1846; baseline 0.005 -24"><span class='ocrx_word' id='word_1_551' title='bbox 2223 1774 2396 1838; x_wconf 87' lang='lat' dir='ltr'><strong>posita</strong></span> <span class='ocrx_word' id='word_1_552' title='bbox 2419 1774 2500 1826; x_wconf 85' lang='lat' dir='ltr'><strong>vel</strong></span> <span class='ocrx_word' id='word_1_553' title='bbox 2523 1778 2793 1844; x_wconf 84' lang='lat' dir='ltr'><strong>prcccipua</strong></span> <span class='ocrx_word' id='word_1_554' title='bbox 2816 1786 2870 1829; x_wconf 89' lang='lat' dir='ltr'><strong>et</strong></span> <span class='ocrx_word' id='word_1_555' title='bbox 2907 1777 3118 1845; x_wconf 85' lang='lat' dir='ltr'><strong>rejecta,</strong></span> <span class='ocrx_word' id='word_1_556' title='bbox 3153 1793 3538 1846; x_wconf 87' lang='lat' dir='ltr'><strong>nonnunquam</strong></span> <span class='ocrx_word' id='word_1_557' title='bbox 3562 1790 3809 1846; x_wconf 84' lang='lat' dir='ltr'><strong>promota</strong></span> 
     </span>
    </p>
   </div>
   <div class='ocr_carea' id='block_1_77' title="bbox 2223 1867 3807 1939">
    <p class='ocr_par' dir='ltr' id='par_1_77' title="bbox 2223 1867 3807 1939">
     <span class='ocr_line' id='line_1_77' title="bbox 2223 1867 3807 1939; baseline 0.004 -22"><span class='ocrx_word' id='word_1_558' title='bbox 2223 1873 2275 1918; x_wconf 90' lang='lat' dir='ltr'><strong>et</strong></span> <span class='ocrx_word' id='word_1_559' title='bbox 2307 1875 2504 1919; x_wconf 90' lang='lat' dir='ltr'><strong>remota</strong></span> <span class='ocrx_word' id='word_1_560' title='bbox 2535 1867 2718 1932; x_wconf 85' lang='lat' dir='ltr'><strong>vertit;</strong></span> <span class='ocrx_word' id='word_1_561' title='bbox 2754 1868 2811 1922; x_wconf 84' lang='lat' dir='ltr'><strong>ut</strong></span> <span class='ocrx_word' id='word_1_562' title='bbox 2839 1869 2994 1923; x_wconf 90' lang='lat' dir='ltr'><strong>initio</strong></span> <span class='ocrx_word' id='word_1_563' title='bbox 3023 1869 3116 1923; x_wconf 89' lang='lat' dir='ltr'><strong>lib.</strong></span> <span class='ocrx_word' id='word_1_564' title='bbox 3150 1886 3206 1924; x_wconf 90' lang='grc' dir='ltr'><strong>ιιι</strong></span> <span class='ocrx_word' id='word_1_565' title='bbox 3238 1869 3312 1923; x_wconf 89' lang='lat' dir='ltr'><strong>De</strong></span> <span class='ocrx_word' id='word_1_566' title='bbox 3339 1871 3532 1939; x_wconf 82' lang='lat' dir='ltr'><strong>finibus</strong></span> <span class='ocrx_word' id='word_1_567' title='bbox 3565 1872 3666 1926; x_wconf 91' lang='lat' dir='ltr'><strong>sub</strong></span> <span class='ocrx_word' id='word_1_568' title='bbox 3695 1874 3807 1925; x_wconf 75' lang='lat' dir='ltr'><strong>Ca-</strong></span> 
     </span>
    </p>
   </div>
   <div class='ocr_carea' id='block_1_78' title="bbox 2230 1955 3805 2030">
    <p class='ocr_par' dir='ltr' id='par_1_78' title="bbox 2230 1955 3805 2030">
     <span class='ocr_line' id='line_1_78' title="bbox 2230 1955 3805 2030; baseline 0.003 -22"><span class='ocrx_word' id='word_1_569' title='bbox 2230 1955 2373 2008; x_wconf 88' lang='lat' dir='ltr'><strong>tonis</strong></span> <span class='ocrx_word' id='word_1_570' title='bbox 2398 1971 2624 2022; x_wconf 87' lang='lat' dir='ltr'><strong>persona</strong></span> <span class='ocrx_word' id='word_1_571' title='bbox 2648 1974 2662 2010; x_wconf 90' lang='lat'><strong>:</strong></span> <span class='ocrx_word' id='word_1_572' title='bbox 2689 1957 2946 2026; x_wconf 80' lang='lat' dir='ltr'><strong>Equidem</strong></span> <span class='ocrx_word' id='word_1_573' title='bbox 2965 1959 3106 2013; x_wconf 85' lang='lat' dir='ltr'><strong>soleo</strong></span> <span class='ocrx_word' id='word_1_574' title='bbox 3127 1962 3304 2021; x_wconf 86' lang='lat' dir='ltr'><strong>etiam,</strong></span> <span class='ocrx_word' id='word_1_575' title='bbox 3321 1960 3458 2030; x_wconf 89' lang='lat' dir='ltr'><strong>quod</strong></span> <span class='ocrx_word' id='word_1_576' title='bbox 3485 1978 3586 2014; x_wconf 88' lang='lat' dir='ltr'><strong>uno</strong></span> <span class='ocrx_word' id='word_1_577' title='bbox 3606 1960 3805 2028; x_wconf 64' lang='grc' dir='ltr'><strong>(ἔπιθι-ἰ,</strong></span> 
     </span>
    </p>
   </div>
   <div class='ocr_carea' id='block_1_79' title="bbox 2223 2046 3808 2132">
    <p class='ocr_par' dir='ltr' id='par_1_79' title="bbox 2223 2046 3808 2132">
     <span class='ocr_line' id='line_1_79' title="bbox 2223 2046 3808 2132; baseline 0.005 -34"><span class='ocrx_word' id='word_1_578' title='bbox 2223 2047 2269 2098; x_wconf 89' lang='lat' dir='ltr'><strong>si</strong></span> <span class='ocrx_word' id='word_1_579' title='bbox 2300 2046 2458 2099; x_wconf 85' lang='lat' dir='ltr'><strong>aliter</strong></span> <span class='ocrx_word' id='word_1_580' title='bbox 2486 2064 2586 2100; x_wconf 88' lang='lat' dir='ltr'><strong>non</strong></span> <span class='ocrx_word' id='word_1_581' title='bbox 2614 2052 3015 2132; x_wconf 38' lang='lat' dir='ltr'><strong>possumnidem</strong></span> <span class='ocrx_word' id='word_1_582' title='bbox 3045 2051 3284 2119; x_wconf 82' lang='lat' dir='ltr'><strong>pluribus</strong></span> <span class='ocrx_word' id='word_1_583' title='bbox 3318 2053 3487 2106; x_wconf 81' lang='lat' dir='ltr'><strong>verbis</strong></span> <span class='ocrx_word' id='word_1_584' title='bbox 3512 2069 3808 2121; x_wconf 74' lang='lat' dir='ltr'><strong>exponere;</strong></span> 
     </span>
    </p>
   </div>
   <div class='ocr_carea' id='block_1_80' title="bbox 2223 2139 3810 2210">
    <p class='ocr_par' dir='ltr' id='par_1_80' title="bbox 2223 2139 3810 2210">
     <span class='ocr_line' id='line_1_80' title="bbox 2223 2139 3810 2210; baseline 0.006 -21"><span class='ocrx_word' id='word_1_585' title='bbox 2223 2145 2269 2189; x_wconf 89' lang='lat' dir='ltr'><strong>et</strong></span> <span class='ocrx_word' id='word_1_586' title='bbox 2302 2147 2474 2190; x_wconf 84' lang='lat' dir='ltr'><strong>tamen</strong></span> <span class='ocrx_word' id='word_1_587' title='bbox 2496 2151 2621 2205; x_wconf 85' lang='lat' dir='ltr'><strong>puto</strong></span> <span class='ocrx_word' id='word_1_588' title='bbox 2645 2139 3027 2194; x_wconf 88' lang='lat' dir='ltr'><strong>concedinobis</strong></span> <span class='ocrx_word' id='word_1_589' title='bbox 3057 2153 3318 2210; x_wconf 87' lang='lat' dir='ltr'><strong>oportere,</strong></span> <span class='ocrx_word' id='word_1_590' title='bbox 3349 2154 3401 2195; x_wconf 93' lang='lat' dir='ltr'><strong>ut</strong></span> <span class='ocrx_word' id='word_1_591' title='bbox 3437 2141 3619 2198; x_wconf 67' lang='lat' dir='ltr'><strong>Graeco</strong></span> <span class='ocrx_word' id='word_1_592' title='bbox 3651 2145 3810 2199; x_wconf 84' lang='lat' dir='ltr'><strong>verbo</strong></span> 
     </span>
    </p>
   </div>
   <div class='ocr_carea' id='block_1_81' title="bbox 2225 2231 3808 2301">
    <p class='ocr_par' dir='ltr' id='par_1_81' title="bbox 2225 2231 3808 2301">
     <span class='ocr_line' id='line_1_81' title="bbox 2225 2231 3808 2301; baseline 0.006 -21"><span class='ocrx_word' id='word_1_593' title='bbox 2225 2237 2458 2291; x_wconf 88' lang='lat' dir='ltr'><strong>utamur,</strong></span> <span class='ocrx_word' id='word_1_594' title='bbox 2503 2231 2549 2283; x_wconf 88' lang='lat' dir='ltr'><strong>si</strong></span> <span class='ocrx_word' id='word_1_595' title='bbox 2576 2232 2784 2300; x_wconf 84' lang='lat' dir='ltr'><strong>quando</strong></span> <span class='ocrx_word' id='word_1_596' title='bbox 2813 2234 2985 2287; x_wconf 89' lang='lat' dir='ltr'><strong>minus</strong></span> <span class='ocrx_word' id='word_1_597' title='bbox 3013 2245 3255 2289; x_wconf 84' lang='lat' dir='ltr'><strong>occurrat</strong></span> <span class='ocrx_word' id='word_1_598' title='bbox 3295 2234 3564 2301; x_wconf 87' lang='lat' dir='ltr'><strong>Latinum,</strong></span> <span class='ocrx_word' id='word_1_599' title='bbox 3610 2254 3673 2290; x_wconf 90' lang='lat' dir='ltr'><strong>ne</strong></span> <span class='ocrx_word' id='word_1_600' title='bbox 3706 2238 3808 2290; x_wconf 80' lang='lat' dir='ltr'><strong>hoc</strong></span> 
     </span>
    </p>
   </div>
   <div class='ocr_carea' id='block_1_82' title="bbox 2221 2319 3810 2396">
    <p class='ocr_par' dir='ltr' id='par_1_82' title="bbox 2221 2319 3810 2396">
     <span class='ocr_line' id='line_1_82' title="bbox 2221 2319 3810 2396; baseline 0.006 -24"><span class='ocrx_word' id='word_1_601' title='bbox 2221 2319 2477 2388; x_wconf 82' lang='lat' dir='ltr'><strong>ephippiis</strong></span> <span class='ocrx_word' id='word_1_602' title='bbox 2508 2332 2557 2374; x_wconf 89' lang='lat' dir='ltr'><strong>et</strong></span> <span class='ocrx_word' id='word_1_603' title='bbox 2588 2323 2951 2390; x_wconf 81' lang='lat' dir='ltr'><strong>acratophoris</strong></span> <span class='ocrx_word' id='word_1_604' title='bbox 2990 2326 3167 2393; x_wconf 89' lang='lat' dir='ltr'><strong>potius</strong></span> <span class='ocrx_word' id='word_1_605' title='bbox 3212 2343 3370 2396; x_wconf 85' lang='lat' dir='ltr'><strong>quam</strong></span> <span class='ocrx_word' id='word_1_606' title='bbox 3410 2329 3720 2396; x_wconf 68' lang='lat' dir='ltr'><strong>prargmenis</strong></span> <span class='ocrx_word' id='word_1_607' title='bbox 3751 2339 3810 2382; x_wconf 84' lang='lat' dir='ltr'><strong>et</strong></span> 
     </span>
    </p>
   </div>
   <div class='ocr_carea' id='block_1_83' title="bbox 2220 2414 3798 2488">
    <p class='ocr_par' dir='ltr' id='par_1_83' title="bbox 2220 2414 3798 2488">
     <span class='ocr_line' id='line_1_83' title="bbox 2220 2414 3798 2488; baseline 0.003 -23"><span class='ocrx_word' id='word_1_608' title='bbox 2220 2414 2630 2482; x_wconf 82' lang='lat' dir='ltr'><strong>apopra&#39;gmenis</strong></span> <span class='ocrx_word' id='word_1_609' title='bbox 2676 2416 3011 2481; x_wconf 83' lang='lat' dir='ltr'><strong>concedatur,</strong></span> <span class='ocrx_word' id='word_1_610' title='bbox 3069 2433 3368 2487; x_wconf 88' lang='lat' dir='ltr'><strong>quanquam</strong></span> <span class='ocrx_word' id='word_1_611' title='bbox 3420 2418 3528 2471; x_wconf 67' lang='lat' dir='ltr'><strong>haec</strong></span> <span class='ocrx_word' id='word_1_612' title='bbox 3579 2420 3798 2488; x_wconf 80' lang='lat' dir='ltr'><strong>quidem</strong></span> 
     </span>
    </p>
   </div>
   <div class='ocr_carea' id='block_1_84' title="bbox 2220 2505 3809 2577">
    <p class='ocr_par' dir='ltr' id='par_1_84' title="bbox 2220 2505 3809 2577">
     <span class='ocr_line' id='line_1_84' title="bbox 2220 2505 3809 2577; baseline 0.004 -21"><span class='ocrx_word' id='word_1_613' title='bbox 2220 2505 2507 2574; x_wconf 66' lang='lat' dir='ltr'><strong>prmposita</strong></span> <span class='ocrx_word' id='word_1_614' title='bbox 2547 2514 2684 2559; x_wconf 83' lang='lat' dir='ltr'><strong>recte</strong></span> <span class='ocrx_word' id='word_1_615' title='bbox 2711 2515 2763 2558; x_wconf 86' lang='lat' dir='ltr'><strong>et</strong></span> <span class='ocrx_word' id='word_1_616' title='bbox 2806 2506 3004 2574; x_wconf 72' lang='lat' dir='ltr'><strong>reiecta</strong></span> <span class='ocrx_word' id='word_1_617' title='bbox 3048 2506 3224 2560; x_wconf 81' lang='lat' dir='ltr'><strong>dicere</strong></span> <span class='ocrx_word' id='word_1_618' title='bbox 3267 2507 3464 2562; x_wconf 87' lang='lat' dir='ltr'><strong>licebit.</strong></span> <span class='ocrx_word' id='word_1_619' title='bbox 3525 2508 3590 2561; x_wconf 78' lang='lat' dir='ltr'><strong>Et</strong></span> <span class='ocrx_word' id='word_1_620' title='bbox 3639 2509 3809 2577; x_wconf 86' lang='lat' dir='ltr'><strong>paulo</strong></span> 
     </span>
    </p>
   </div>
   <div class='ocr_carea' id='block_1_85' title="bbox 2219 2596 3805 2668">
    <p class='ocr_par' dir='ltr' id='par_1_85' title="bbox 2219 2596 3805 2668">
     <span class='ocr_line' id='line_1_85' title="bbox 2219 2596 3805 2668; baseline 0.001 -18"><span class='ocrx_word' id='word_1_621' title='bbox 2219 2604 2341 2665; x_wconf 86' lang='lat' dir='ltr'><strong>post</strong></span> <span class='ocrx_word' id='word_1_622' title='bbox 2392 2597 2444 2650; x_wconf 88' lang='lat' dir='ltr'><strong>in</strong></span> <span class='ocrx_word' id='word_1_623' title='bbox 2495 2597 2682 2650; x_wconf 85' lang='lat' dir='ltr'><strong>eodem</strong></span> <span class='ocrx_word' id='word_1_624' title='bbox 2721 2597 2858 2650; x_wconf 86' lang='lat' dir='ltr'><strong>libro</strong></span> <span class='ocrx_word' id='word_1_625' title='bbox 2894 2597 2960 2651; x_wconf 87' lang='lat' dir='ltr'><strong>de</strong></span> <span class='ocrx_word' id='word_1_626' title='bbox 3013 2596 3204 2651; x_wconf 76' lang='lat' dir='ltr'><strong>iisdem</strong></span> <span class='ocrx_word' id='word_1_627' title='bbox 3257 2599 3500 2668; x_wconf 73' lang='lat' dir='ltr'><strong>loqui-ns,</strong></span> <span class='ocrx_word' id='word_1_628' title='bbox 3553 2598 3656 2652; x_wconf 77' lang='lat' dir='ltr'><strong>Sed</strong></span> <span class='ocrx_word' id='word_1_629' title='bbox 3705 2616 3805 2665; x_wconf 83' lang='lat' dir='ltr'><strong>ea,</strong></span> 
     </span>
    </p>
   </div>
   <div class='ocr_carea' id='block_1_86' title="bbox 2220 2692 3806 2766">
    <p class='ocr_par' dir='ltr' id='par_1_86' title="bbox 2220 2692 3806 2766">
     <span class='ocr_line' id='line_1_86' title="bbox 2220 2692 3806 2766; baseline 0.003 -22"><span class='ocrx_word' id='word_1_630' title='bbox 2220 2692 2417 2761; x_wconf 87' lang='lat' dir='ltr'><strong>inquit,</strong></span> <span class='ocrx_word' id='word_1_631' title='bbox 2459 2709 2576 2760; x_wconf 69' lang='lat' dir='ltr'><strong>quae</strong></span> <span class='ocrx_word' id='word_1_632' title='bbox 2622 2695 2909 2746; x_wconf 83' lang='lat' dir='ltr'><strong>secundum</strong></span> <span class='ocrx_word' id='word_1_633' title='bbox 2961 2694 3132 2746; x_wconf 89' lang='lat' dir='ltr'><strong>locum</strong></span> <span class='ocrx_word' id='word_1_634' title='bbox 3166 2695 3400 2748; x_wconf 85' lang='lat' dir='ltr'><strong>obtinent</strong></span> <span class='ocrx_word' id='word_1_635' title='bbox 3451 2696 3806 2766; x_wconf 72' lang='grc' dir='ltr'><strong>προηγμένα,</strong></span> 
     </span>
    </p>
   </div>
   <div class='ocr_carea' id='block_1_87' title="bbox 2219 2785 3807 2856">
    <p class='ocr_par' dir='ltr' id='par_1_87' title="bbox 2219 2785 3807 2856">
     <span class='ocr_line' id='line_1_87' title="bbox 2219 2785 3807 2856; baseline 0.003 -19"><span class='ocrx_word' id='word_1_636' title='bbox 2219 2785 2275 2837; x_wconf 91' lang='lat' dir='ltr'><strong>id</strong></span> <span class='ocrx_word' id='word_1_637' title='bbox 2303 2794 2376 2837; x_wconf 83' lang='lat' dir='ltr'><strong>est</strong></span> <span class='ocrx_word' id='word_1_638' title='bbox 2410 2785 2670 2852; x_wconf 89' lang='lat' dir='ltr'><strong>producta</strong></span> <span class='ocrx_word' id='word_1_639' title='bbox 2703 2785 3065 2848; x_wconf 84' lang='lat' dir='ltr'><strong>nominantur,</strong></span> <span class='ocrx_word' id='word_1_640' title='bbox 3097 2802 3212 2854; x_wconf 73' lang='lat' dir='ltr'><strong>qua:</strong></span> <span class='ocrx_word' id='word_1_641' title='bbox 3240 2787 3316 2840; x_wconf 85' lang='lat' dir='ltr'><strong>vel</strong></span> <span class='ocrx_word' id='word_1_642' title='bbox 3352 2789 3426 2840; x_wconf 89' lang='lat' dir='ltr'><strong>ita</strong></span> <span class='ocrx_word' id='word_1_643' title='bbox 3459 2788 3807 2856; x_wconf 87' lang='lat' dir='ltr'><strong>appellemus,</strong></span> 
     </span>
    </p>
   </div>
   <div class='ocr_carea' id='block_1_88' title="bbox 2221 2877 3812 2947">
    <p class='ocr_par' dir='ltr' id='par_1_88' title="bbox 2221 2877 3812 2947">
     <span class='ocr_line' id='line_1_88' title="bbox 2221 2877 3812 2947; baseline 0.003 -18"><span class='ocrx_word' id='word_1_644' title='bbox 2221 2877 2276 2929; x_wconf 88' lang='lat' dir='ltr'><strong>id</strong></span> <span class='ocrx_word' id='word_1_645' title='bbox 2300 2877 2401 2930; x_wconf 88' lang='lat' dir='ltr'><strong>erit</strong></span> <span class='ocrx_word' id='word_1_646' title='bbox 2432 2877 2641 2930; x_wconf 83' lang='lat' dir='ltr'><strong>verbum</strong></span> <span class='ocrx_word' id='word_1_647' title='bbox 2668 2893 2696 2930; x_wconf 89' lang='lat' dir='ltr'><strong>e</strong></span> <span class='ocrx_word' id='word_1_648' title='bbox 2733 2877 2908 2944; x_wconf 87' lang='lat' dir='ltr'><strong>verbo,</strong></span> <span class='ocrx_word' id='word_1_649' title='bbox 2963 2877 3040 2931; x_wconf 76' lang='lat' dir='ltr'><strong>vel</strong></span> <span class='ocrx_word' id='word_1_650' title='bbox 3071 2888 3317 2947; x_wconf 88' lang='lat' dir='ltr'><strong>promota</strong></span> <span class='ocrx_word' id='word_1_651' title='bbox 3358 2889 3406 2932; x_wconf 87' lang='lat' dir='ltr'><strong>et</strong></span> <span class='ocrx_word' id='word_1_652' title='bbox 3441 2890 3667 2944; x_wconf 85' lang='lat' dir='ltr'><strong>remota,</strong></span> <span class='ocrx_word' id='word_1_653' title='bbox 3720 2881 3812 2934; x_wconf 79' lang='lat' dir='ltr'><strong>uel</strong></span> 
     </span>
    </p>
   </div>
   <div class='ocr_carea' id='block_1_89' title="bbox 2221 2965 3810 3038">
    <p class='ocr_par' dir='ltr' id='par_1_89' title="bbox 2221 2965 3810 3038">
     <span class='ocr_line' id='line_1_89' title="bbox 2221 2965 3810 3038; baseline 0.004 -20"><span class='ocrx_word' id='word_1_654' title='bbox 2221 2975 2278 3018; x_wconf 92' lang='lat' dir='ltr'><strong>ut</strong></span> <span class='ocrx_word' id='word_1_655' title='bbox 2309 2965 2510 3018; x_wconf 87' lang='lat' dir='ltr'><strong>dudum</strong></span> <span class='ocrx_word' id='word_1_656' title='bbox 2545 2967 2811 3030; x_wconf 73' lang='lat' dir='ltr'><strong>diximus,</strong></span> <span class='ocrx_word' id='word_1_657' title='bbox 2854 2967 3165 3035; x_wconf 67' lang='lat' dir='ltr'><strong>praepOsita,</strong></span> <span class='ocrx_word' id='word_1_658' title='bbox 3211 2967 3290 3022; x_wconf 84' lang='lat' dir='ltr'><strong>vel</strong></span> <span class='ocrx_word' id='word_1_659' title='bbox 3317 2969 3585 3038; x_wconf 67' lang='lat' dir='ltr'><strong>praecipua</strong></span> <span class='ocrx_word' id='word_1_660' title='bbox 3615 2979 3662 3023; x_wconf 89' lang='lat' dir='ltr'><strong>et</strong></span> <span class='ocrx_word' id='word_1_661' title='bbox 3704 2970 3810 3024; x_wconf 84' lang='lat' dir='ltr'><strong>illa</strong></span> 
     </span>
    </p>
   </div>
   <div class='ocr_carea' id='block_1_90' title="bbox 2223 3056 3806 3127">
    <p class='ocr_par' dir='ltr' id='par_1_90' title="bbox 2223 3056 3806 3127">
     <span class='ocr_line' id='line_1_90' title="bbox 2223 3056 3806 3127; baseline 0.001 -16"><span class='ocrx_word' id='word_1_662' title='bbox 2223 3058 2445 3127; x_wconf 72' lang='lat' dir='ltr'><strong>reiecta.</strong></span> <span class='ocrx_word' id='word_1_663' title='bbox 2507 3056 2633 3112; x_wconf 68' lang='lat' dir='ltr'><strong>&quot;rec</strong></span> <span class='ocrx_word' id='word_1_664' title='bbox 2701 3057 2930 3113; x_wconf 87' lang='lat' dir='ltr'><strong>Tullius.</strong></span> <span class='ocrx_word' id='word_1_665' title='bbox 2999 3059 3128 3124; x_wconf 68' lang='lat' dir='ltr'><strong>Quae</strong></span> <span class='ocrx_word' id='word_1_666' title='bbox 3180 3059 3410 3113; x_wconf 89' lang='lat' dir='ltr'><strong>duormn</strong></span> <span class='ocrx_word' id='word_1_667' title='bbox 3465 3074 3806 3113; x_wconf 85' lang='lat' dir='ltr'><strong>sununorum</strong></span> 
     </span>
    </p>
   </div>
   <div class='ocr_carea' id='block_1_91' title="bbox 2223 3151 3809 3220">
    <p class='ocr_par' dir='ltr' id='par_1_91' title="bbox 2223 3151 3809 3220">
     <span class='ocr_line' id='line_1_91' title="bbox 2223 3151 3809 3220; baseline 0.003 -16"><span class='ocrx_word' id='word_1_668' title='bbox 2223 3151 2461 3204; x_wconf 87' lang='lat' dir='ltr'><strong>virormn</strong></span> <span class='ocrx_word' id='word_1_669' title='bbox 2493 3153 2801 3206; x_wconf 84' lang='lat' dir='ltr'><strong>testimonia</strong></span> <span class='ocrx_word' id='word_1_670' title='bbox 2838 3165 2903 3205; x_wconf 91' lang='lat' dir='ltr'><strong>eo</strong></span> <span class='ocrx_word' id='word_1_671' title='bbox 2945 3153 3244 3220; x_wconf 89' lang='lat' dir='ltr'><strong>producere</strong></span> <span class='ocrx_word' id='word_1_672' title='bbox 3285 3151 3451 3218; x_wconf 85' lang='lat' dir='ltr'><strong>volui,</strong></span> <span class='ocrx_word' id='word_1_673' title='bbox 3498 3153 3626 3206; x_wconf 80' lang='lat' dir='ltr'><strong>utsi</strong></span> <span class='ocrx_word' id='word_1_674' title='bbox 3659 3151 3809 3208; x_wconf 87' lang='lat' dir='ltr'><strong>idem</strong></span> 
     </span>
    </p>
   </div>
   <div class='ocr_carea' id='block_1_92' title="bbox 2223 3241 3813 3315">
    <p class='ocr_par' dir='ltr' id='par_1_92' title="bbox 2223 3241 3813 3315">
     <span class='ocr_line' id='line_1_92' title="bbox 2223 3241 3813 3315; baseline 0.006 -22"><span class='ocrx_word' id='word_1_675' title='bbox 2223 3241 2356 3294; x_wconf 88' lang='lat' dir='ltr'><strong>mihi</strong></span> <span class='ocrx_word' id='word_1_676' title='bbox 2412 3242 2466 3296; x_wconf 93' lang='lat' dir='ltr'><strong>in</strong></span> <span class='ocrx_word' id='word_1_677' title='bbox 2522 3243 2625 3298; x_wconf 84' lang='lat' dir='ltr'><strong>hac</strong></span> <span class='ocrx_word' id='word_1_678' title='bbox 2674 3244 3118 3311; x_wconf 86' lang='lat' dir='ltr'><strong>interpretatione</strong></span> <span class='ocrx_word' id='word_1_679' title='bbox 3177 3245 3454 3298; x_wconf 88' lang='lat' dir='ltr'><strong>condenda</strong></span> <span class='ocrx_word' id='word_1_680' title='bbox 3509 3245 3813 3315; x_wconf 81' lang='lat' dir='ltr'><strong>contigisse</strong></span> 
     </span>
    </p>
   </div>
   <div class='ocr_carea' id='block_1_93' title="bbox 2223 3333 3807 3405">
    <p class='ocr_par' dir='ltr' id='par_1_93' title="bbox 2223 3333 3807 3405">
     <span class='ocr_line' id='line_1_93' title="bbox 2223 3333 3807 3405; baseline 0.004 -18"><span class='ocrx_word' id='word_1_681' title='bbox 2223 3333 2420 3401; x_wconf 78' lang='lat' dir='ltr'><strong>fatear,</strong></span> <span class='ocrx_word' id='word_1_682' title='bbox 2471 3335 2591 3390; x_wconf 89' lang='lat' dir='ltr'><strong>sine</strong></span> <span class='ocrx_word' id='word_1_683' title='bbox 2633 3337 2834 3400; x_wconf 87' lang='lat' dir='ltr'><strong>pudore</strong></span> <span class='ocrx_word' id='word_1_684' title='bbox 2881 3336 3126 3390; x_wconf 88' lang='lat' dir='ltr'><strong>conllteri</strong></span> <span class='ocrx_word' id='word_1_685' title='bbox 3172 3352 3408 3405; x_wconf 88' lang='lat' dir='ltr'><strong>possem.</strong></span> <span class='ocrx_word' id='word_1_686' title='bbox 3455 3337 3634 3403; x_wconf 87' lang='lat' dir='ltr'><strong>Quare</strong></span> <span class='ocrx_word' id='word_1_687' title='bbox 3673 3353 3807 3393; x_wconf 86' lang='lat' dir='ltr'><strong>cum</strong></span> 
     </span>
    </p>
   </div>
   <div class='ocr_carea' id='block_1_94' title="bbox 2223 3427 3810 3498">
    <p class='ocr_par' dir='ltr' id='par_1_94' title="bbox 2223 3427 3810 3498">
     <span class='ocr_line' id='line_1_94' title="bbox 2223 3427 3810 3498; baseline 0.002 -18"><span class='ocrx_word' id='word_1_688' title='bbox 2223 3439 2398 3481; x_wconf 85' lang='lat' dir='ltr'><strong>essent</strong></span> <span class='ocrx_word' id='word_1_689' title='bbox 2433 3427 2575 3480; x_wconf 90' lang='lat' dir='ltr'><strong>inter</strong></span> <span class='ocrx_word' id='word_1_690' title='bbox 2611 3427 2729 3482; x_wconf 89' lang='lat' dir='ltr'><strong>illos</strong></span> <span class='ocrx_word' id='word_1_691' title='bbox 2763 3428 2893 3483; x_wconf 90' lang='lat' dir='ltr'><strong>duos</strong></span> <span class='ocrx_word' id='word_1_692' title='bbox 2932 3429 3124 3482; x_wconf 91' lang='lat' dir='ltr'><strong>modos</strong></span> <span class='ocrx_word' id='word_1_693' title='bbox 3173 3443 3266 3482; x_wconf 88' lang='lat' dir='ltr'><strong>seu</strong></span> <span class='ocrx_word' id='word_1_694' title='bbox 3299 3429 3476 3498; x_wconf 90' lang='lat' dir='ltr'><strong>potius</strong></span> <span class='ocrx_word' id='word_1_695' title='bbox 3530 3428 3664 3483; x_wconf 85' lang='lat' dir='ltr'><strong>lines</strong></span> <span class='ocrx_word' id='word_1_696' title='bbox 3704 3443 3810 3483; x_wconf 73' lang='lat' dir='ltr'><strong>ex-</strong></span> 
     </span>
    </p>
   </div>
   <div class='ocr_carea' id='block_1_95' title="bbox 2225 3519 3808 3591">
    <p class='ocr_par' dir='ltr' id='par_1_95' title="bbox 2225 3519 3808 3591">
     <span class='ocr_line' id='line_1_95' title="bbox 2225 3519 3808 3591; baseline 0.001 -17"><span class='ocrx_word' id='word_1_697' title='bbox 2225 3527 2428 3574; x_wconf 88' lang='lat' dir='ltr'><strong>tremos</strong></span> <span class='ocrx_word' id='word_1_698' title='bbox 2465 3519 2809 3580; x_wconf 86' lang='lat' dir='ltr'><strong>interclusus.</strong></span> <span class='ocrx_word' id='word_1_699' title='bbox 2849 3521 2902 3575; x_wconf 93' lang='lat' dir='ltr'><strong>iu</strong></span> <span class='ocrx_word' id='word_1_700' title='bbox 2951 3536 3177 3591; x_wconf 85' lang='lat' dir='ltr'><strong>quorum</strong></span> <span class='ocrx_word' id='word_1_701' title='bbox 3205 3521 3524 3577; x_wconf 89' lang='lat' dir='ltr'><strong>alterutrum</strong></span> <span class='ocrx_word' id='word_1_702' title='bbox 3558 3524 3601 3578; x_wconf 89' lang='lat' dir='ltr'><strong>si</strong></span> <span class='ocrx_word' id='word_1_703' title='bbox 3631 3521 3808 3576; x_wconf 82' lang='lat' dir='ltr'><strong>decli-</strong></span> 
     </span>
    </p>
   </div>
   <div class='ocr_carea' id='block_1_96' title="bbox 2224 3612 3814 3684">
    <p class='ocr_par' dir='ltr' id='par_1_96' title="bbox 2224 3612 3814 3684">
     <span class='ocr_line' id='line_1_96' title="bbox 2224 3612 3814 3684; baseline 0.001 -18"><span class='ocrx_word' id='word_1_704' title='bbox 2224 3627 2432 3678; x_wconf 90' lang='lat' dir='ltr'><strong>narem,</strong></span> <span class='ocrx_word' id='word_1_705' title='bbox 2463 3613 2516 3666; x_wconf 92' lang='lat' dir='ltr'><strong>in</strong></span> <span class='ocrx_word' id='word_1_706' title='bbox 2551 3612 2738 3665; x_wconf 90' lang='lat' dir='ltr'><strong>vitium</strong></span> <span class='ocrx_word' id='word_1_707' title='bbox 2768 3613 3121 3684; x_wconf 85' lang='lat' dir='ltr'><strong>impingerem</strong></span> <span class='ocrx_word' id='word_1_708' title='bbox 3148 3629 3166 3668; x_wconf 88' lang='lat'><strong>:</strong></span> <span class='ocrx_word' id='word_1_709' title='bbox 3197 3614 3453 3668; x_wconf 90' lang='lat' dir='ltr'><strong>nimirum</strong></span> <span class='ocrx_word' id='word_1_710' title='bbox 3485 3624 3543 3669; x_wconf 92' lang='lat' dir='ltr'><strong>ut</strong></span> <span class='ocrx_word' id='word_1_711' title='bbox 3572 3613 3651 3668; x_wconf 89' lang='lat' dir='ltr'><strong>vel</strong></span> <span class='ocrx_word' id='word_1_712' title='bbox 3680 3628 3814 3667; x_wconf 82' lang='lat' dir='ltr'><strong>ver-</strong></span> 
     </span>
    </p>
   </div>
   <div class='ocr_carea' id='block_1_97' title="bbox 2223 3702 3812 3769">
    <p class='ocr_par' dir='ltr' id='par_1_97' title="bbox 2223 3702 3812 3769">
     <span class='ocr_line' id='line_1_97' title="bbox 2223 3702 3812 3769; baseline 0.003 -11"><span class='ocrx_word' id='word_1_713' title='bbox 2223 3703 2350 3758; x_wconf 89' lang='lat' dir='ltr'><strong>bum</strong></span> <span class='ocrx_word' id='word_1_714' title='bbox 2405 3718 2469 3757; x_wconf 79' lang='lat' dir='ltr'><strong>ex</strong></span> <span class='ocrx_word' id='word_1_715' title='bbox 2511 3703 2675 3758; x_wconf 80' lang='lat' dir='ltr'><strong>verbo</strong></span> <span class='ocrx_word' id='word_1_716' title='bbox 2732 3704 3012 3758; x_wconf 89' lang='lat' dir='ltr'><strong>redderem</strong></span> <span class='ocrx_word' id='word_1_717' title='bbox 3049 3702 3260 3769; x_wconf 70' lang='lat' dir='ltr'><strong>Graeca,</strong></span> <span class='ocrx_word' id='word_1_718' title='bbox 3312 3703 3488 3760; x_wconf 91' lang='lat' dir='ltr'><strong>Latini</strong></span> <span class='ocrx_word' id='word_1_719' title='bbox 3536 3706 3812 3762; x_wconf 80' lang='lat' dir='ltr'><strong>sermonis</strong></span> 
     </span>
    </p>
   </div>
   <div class='ocr_carea' id='block_1_98' title="bbox 2225 3793 3804 3864">
    <p class='ocr_par' dir='ltr' id='par_1_98' title="bbox 2225 3793 3804 3864">
     <span class='ocr_line' id='line_1_98' title="bbox 2225 3793 3804 3864; baseline 0.001 -18"><span class='ocrx_word' id='word_1_720' title='bbox 2225 3793 2422 3847; x_wconf 82' lang='lat' dir='ltr'><strong>decore</strong></span> <span class='ocrx_word' id='word_1_721' title='bbox 2458 3793 2801 3861; x_wconf 86' lang='lat' dir='ltr'><strong>posthabito;</strong></span> <span class='ocrx_word' id='word_1_722' title='bbox 2869 3794 2951 3848; x_wconf 87' lang='lat' dir='ltr'><strong>vel</strong></span> <span class='ocrx_word' id='word_1_723' title='bbox 2996 3810 3215 3850; x_wconf 89' lang='lat' dir='ltr'><strong>sensum</strong></span> <span class='ocrx_word' id='word_1_724' title='bbox 3261 3795 3433 3850; x_wconf 88' lang='lat' dir='ltr'><strong>solum</strong></span> <span class='ocrx_word' id='word_1_725' title='bbox 3477 3806 3804 3864; x_wconf 88' lang='lat' dir='ltr'><strong>spectarem,</strong></span> 
     </span>
    </p>
   </div>
   <div class='ocr_carea' id='block_1_99' title="bbox 2224 3883 3808 3957">
    <p class='ocr_par' dir='ltr' id='par_1_99' title="bbox 2224 3883 3808 3957">
     <span class='ocr_line' id='line_1_99' title="bbox 2224 3883 3808 3957; baseline 0.005 -21"><span class='ocrx_word' id='word_1_726' title='bbox 2224 3883 2366 3937; x_wconf 83' lang='lat' dir='ltr'><strong>nulla</strong></span> <span class='ocrx_word' id='word_1_727' title='bbox 2402 3883 2716 3937; x_wconf 70' lang='lat' dir='ltr'><strong>Graecarum</strong></span> <span class='ocrx_word' id='word_1_728' title='bbox 2772 3899 2966 3940; x_wconf 83' lang='lat' dir='ltr'><strong>vocum</strong></span> <span class='ocrx_word' id='word_1_729' title='bbox 3026 3885 3204 3941; x_wconf 88' lang='lat' dir='ltr'><strong>hahita</strong></span> <span class='ocrx_word' id='word_1_730' title='bbox 3262 3887 3508 3951; x_wconf 88' lang='lat' dir='ltr'><strong>ratione,</strong></span> <span class='ocrx_word' id='word_1_731' title='bbox 3569 3903 3808 3957; x_wconf 89' lang='lat' dir='ltr'><strong>quorum</strong></span> 
     </span>
    </p>
   </div>
   <div class='ocr_carea' id='block_1_100' title="bbox 2223 3975 3808 4047">
    <p class='ocr_par' dir='ltr' id='par_1_100' title="bbox 2223 3975 3808 4047">
     <span class='ocr_line' id='line_1_100' title="bbox 2223 3975 3808 4047; baseline 0.002 -19"><span class='ocrx_word' id='word_1_732' title='bbox 2223 3975 2544 4030; x_wconf 88' lang='lat' dir='ltr'><strong>alterutrum</strong></span> <span class='ocrx_word' id='word_1_733' title='bbox 2585 3975 2803 4032; x_wconf 84' lang='lat' dir='ltr'><strong>facilius</strong></span> <span class='ocrx_word' id='word_1_734' title='bbox 2839 3988 2892 4032; x_wconf 89' lang='lat' dir='ltr'><strong>et</strong></span> <span class='ocrx_word' id='word_1_735' title='bbox 2925 3978 3217 4047; x_wconf 88' lang='lat' dir='ltr'><strong>proclivius</strong></span> <span class='ocrx_word' id='word_1_736' title='bbox 3256 3978 3496 4034; x_wconf 81' lang='lat' dir='ltr'><strong>futurum</strong></span> <span class='ocrx_word' id='word_1_737' title='bbox 3530 3990 3670 4046; x_wconf 78' lang='lat' dir='ltr'><strong>erat,</strong></span> <span class='ocrx_word' id='word_1_738' title='bbox 3709 3994 3808 4036; x_wconf 89' lang='lat' dir='ltr'><strong>se-</strong></span> 
     </span>
    </p>
   </div>
   <div class='ocr_carea' id='block_1_101' title="bbox 2223 4069 3808 4140">
    <p class='ocr_par' dir='ltr' id='par_1_101' title="bbox 2223 4069 3808 4140">
     <span class='ocr_line' id='line_1_101' title="bbox 2223 4069 3808 4140; baseline 0.004 -17"><span class='ocrx_word' id='word_1_739' title='bbox 2223 4077 2381 4124; x_wconf 87' lang='lat' dir='ltr'><strong>cutus</strong></span> <span class='ocrx_word' id='word_1_740' title='bbox 2426 4083 2546 4125; x_wconf 86' lang='lat' dir='ltr'><strong>sum</strong></span> <span class='ocrx_word' id='word_1_741' title='bbox 2597 4069 2704 4125; x_wconf 89' lang='lat' dir='ltr'><strong>tale</strong></span> <span class='ocrx_word' id='word_1_742' title='bbox 2755 4079 3265 4140; x_wconf 88' lang='lat' dir='ltr'><strong>temperamentum,</strong></span> <span class='ocrx_word' id='word_1_743' title='bbox 3302 4082 3364 4126; x_wconf 89' lang='lat' dir='ltr'><strong>ut</strong></span> <span class='ocrx_word' id='word_1_744' title='bbox 3408 4087 3508 4128; x_wconf 74' lang='lat' dir='ltr'><strong>nec</strong></span> <span class='ocrx_word' id='word_1_745' title='bbox 3553 4073 3694 4128; x_wconf 80' lang='lat' dir='ltr'><strong>facta</strong></span> <span class='ocrx_word' id='word_1_746' title='bbox 3731 4075 3808 4130; x_wconf 87' lang='lat' dir='ltr'><strong>ad</strong></span> 
     </span>
    </p>
   </div>
   <div class='ocr_carea' id='block_1_102' title="bbox 2225 4159 3808 4231">
    <p class='ocr_par' dir='ltr' id='par_1_102' title="bbox 2225 4159 3808 4231">
     <span class='ocr_line' id='line_1_102' title="bbox 2225 4159 3808 4231; baseline 0.006 -20"><span class='ocrx_word' id='word_1_747' title='bbox 2225 4159 2449 4214; x_wconf 86' lang='lat' dir='ltr'><strong>verbum</strong></span> <span class='ocrx_word' id='word_1_748' title='bbox 2501 4163 2757 4217; x_wconf 89' lang='lat' dir='ltr'><strong>evaderet</strong></span> <span class='ocrx_word' id='word_1_749' title='bbox 2804 4163 2984 4231; x_wconf 89' lang='lat' dir='ltr'><strong>inepta</strong></span> <span class='ocrx_word' id='word_1_750' title='bbox 3039 4164 3358 4229; x_wconf 87' lang='lat' dir='ltr'><strong>translatio;</strong></span> <span class='ocrx_word' id='word_1_751' title='bbox 3393 4175 3447 4219; x_wconf 89' lang='lat' dir='ltr'><strong>et</strong></span> <span class='ocrx_word' id='word_1_752' title='bbox 3494 4177 3671 4221; x_wconf 86' lang='lat' dir='ltr'><strong>tamen</strong></span> <span class='ocrx_word' id='word_1_753' title='bbox 3726 4165 3808 4220; x_wconf 74' lang='lat' dir='ltr'><strong>ita</strong></span> 
     </span>
    </p>
   </div>
   <div class='ocr_carea' id='block_1_103' title="bbox 2224 4249 3806 4325">
    <p class='ocr_par' dir='ltr' id='par_1_103' title="bbox 2224 4249 3806 4325">
     <span class='ocr_line' id='line_1_103' title="bbox 2224 4249 3806 4325; baseline 0.001 -19"><span class='ocrx_word' id='word_1_754' title='bbox 2224 4264 2422 4306; x_wconf 86' lang='lat' dir='ltr'><strong>sensus</strong></span> <span class='ocrx_word' id='word_1_755' title='bbox 2454 4249 2642 4305; x_wconf 90' lang='lat' dir='ltr'><strong>Latina</strong></span> <span class='ocrx_word' id='word_1_756' title='bbox 2677 4253 2858 4320; x_wconf 90' lang='lat' dir='ltr'><strong>phrasi</strong></span> <span class='ocrx_word' id='word_1_757' title='bbox 2887 4268 2979 4307; x_wconf 89' lang='lat' dir='ltr'><strong>seu</strong></span> <span class='ocrx_word' id='word_1_758' title='bbox 3028 4254 3212 4321; x_wconf 88' lang='lat' dir='ltr'><strong>potius</strong></span> <span class='ocrx_word' id='word_1_759' title='bbox 3259 4257 3630 4325; x_wconf 82' lang='lat' dir='ltr'><strong>complexione</strong></span> <span class='ocrx_word' id='word_1_760' title='bbox 3665 4272 3806 4311; x_wconf 83' lang='lat' dir='ltr'><strong>con-</strong></span> 
     </span>
    </p>
   </div>
   <div class='ocr_carea' id='block_1_104' title="bbox 2225 4346 3806 4418">
    <p class='ocr_par' dir='ltr' id='par_1_104' title="bbox 2225 4346 3806 4418">
     <span class='ocr_line' id='line_1_104' title="bbox 2225 4346 3806 4418; baseline 0.004 -21"><span class='ocrx_word' id='word_1_761' title='bbox 2225 4355 2519 4408; x_wconf 89' lang='lat' dir='ltr'><strong>verterem,</strong></span> <span class='ocrx_word' id='word_1_762' title='bbox 2553 4355 2608 4397; x_wconf 92' lang='lat' dir='ltr'><strong>ut</strong></span> <span class='ocrx_word' id='word_1_763' title='bbox 2637 4347 2817 4400; x_wconf 89' lang='lat' dir='ltr'><strong>verbis</strong></span> <span class='ocrx_word' id='word_1_764' title='bbox 2848 4346 3012 4399; x_wconf 90' lang='lat' dir='ltr'><strong>etiam</strong></span> <span class='ocrx_word' id='word_1_765' title='bbox 3044 4346 3271 4414; x_wconf 82' lang='lat' dir='ltr'><strong>singulis</strong></span> <span class='ocrx_word' id='word_1_766' title='bbox 3306 4348 3484 4416; x_wconf 87' lang='lat' dir='ltr'><strong>quoad</strong></span> <span class='ocrx_word' id='word_1_767' title='bbox 3541 4347 3659 4418; x_wconf 87' lang='lat' dir='ltr'><strong>ejus</strong></span> <span class='ocrx_word' id='word_1_768' title='bbox 3684 4349 3806 4404; x_wconf 88' lang='lat' dir='ltr'><strong>lieri</strong></span> 
     </span>
    </p>
   </div>
   <div class='ocr_carea' id='block_1_105' title="bbox 2225 4437 3805 4508">
    <p class='ocr_par' dir='ltr' id='par_1_105' title="bbox 2225 4437 3805 4508">
     <span class='ocr_line' id='line_1_105' title="bbox 2225 4437 3805 4508; baseline 0.004 -19"><span class='ocrx_word' id='word_1_769' title='bbox 2225 4446 2429 4504; x_wconf 86' lang='lat' dir='ltr'><strong>posset,</strong></span> <span class='ocrx_word' id='word_1_770' title='bbox 2458 4437 2623 4490; x_wconf 88' lang='lat' dir='ltr'><strong>verba</strong></span> <span class='ocrx_word' id='word_1_771' title='bbox 2660 4437 3070 4505; x_wconf 86' lang='lat' dir='ltr'><strong>responderent.</strong></span> <span class='ocrx_word' id='word_1_772' title='bbox 3109 4437 3167 4492; x_wconf 88' lang='lat' dir='ltr'><strong>In</strong></span> <span class='ocrx_word' id='word_1_773' title='bbox 3202 4453 3310 4507; x_wconf 93' lang='lat' dir='ltr'><strong>quo</strong></span> <span class='ocrx_word' id='word_1_774' title='bbox 3334 4440 3582 4508; x_wconf 88' lang='lat' dir='ltr'><strong>equidem</strong></span> <span class='ocrx_word' id='word_1_775' title='bbox 3611 4439 3805 4495; x_wconf 86' lang='lat' dir='ltr'><strong>elabo-</strong></span> 
     </span>
    </p>
   </div>
   <div class='ocr_carea' id='block_1_106' title="bbox 2225 4528 3806 4598">
    <p class='ocr_par' dir='ltr' id='par_1_106' title="bbox 2225 4528 3806 4598">
     <span class='ocr_line' id='line_1_106' title="bbox 2225 4528 3806 4598; baseline 0.004 -20"><span class='ocrx_word' id='word_1_776' title='bbox 2225 4541 2376 4580; x_wconf 87' lang='lat' dir='ltr'><strong>rasse</strong></span> <span class='ocrx_word' id='word_1_777' title='bbox 2413 4528 2541 4580; x_wconf 88' lang='lat' dir='ltr'><strong>mihi</strong></span> <span class='ocrx_word' id='word_1_778' title='bbox 2575 4529 2795 4593; x_wconf 85' lang='lat' dir='ltr'><strong>videor;</strong></span> <span class='ocrx_word' id='word_1_779' title='bbox 2839 4538 3020 4581; x_wconf 90' lang='lat' dir='ltr'><strong>utrum</strong></span> <span class='ocrx_word' id='word_1_780' title='bbox 3052 4528 3154 4581; x_wconf 90' lang='lat' dir='ltr'><strong>sim</strong></span> <span class='ocrx_word' id='word_1_781' title='bbox 3204 4542 3488 4583; x_wconf 89' lang='lat' dir='ltr'><strong>assecutus</strong></span> <span class='ocrx_word' id='word_1_782' title='bbox 3533 4529 3621 4584; x_wconf 90' lang='lat' dir='ltr'><strong>alii</strong></span> <span class='ocrx_word' id='word_1_783' title='bbox 3647 4530 3806 4598; x_wconf 85' lang='lat' dir='ltr'><strong>judi-</strong></span> 
     </span>
    </p>
   </div>
   <div class='ocr_carea' id='block_1_107' title="bbox 2227 4617 3808 4686">
    <p class='ocr_par' dir='ltr' id='par_1_107' title="bbox 2227 4617 3808 4686">
     <span class='ocr_line' id='line_1_107' title="bbox 2227 4617 3808 4686; baseline 0.001 -14"><span class='ocrx_word' id='word_1_784' title='bbox 2227 4628 2374 4672; x_wconf 91' lang='lat' dir='ltr'><strong>cent.</strong></span> <span class='ocrx_word' id='word_1_785' title='bbox 2410 4618 2542 4671; x_wconf 89' lang='lat' dir='ltr'><strong>lllud</strong></span> <span class='ocrx_word' id='word_1_786' title='bbox 2578 4617 2825 4686; x_wconf 80' lang='lat' dir='ltr'><strong>proiecto</strong></span> <span class='ocrx_word' id='word_1_787' title='bbox 2855 4633 3039 4673; x_wconf 87' lang='lat' dir='ltr'><strong>verum</strong></span> <span class='ocrx_word' id='word_1_788' title='bbox 3081 4619 3309 4674; x_wconf 76' lang='lat' dir='ltr'><strong>dixerim</strong></span> <span class='ocrx_word' id='word_1_789' title='bbox 3348 4621 3633 4675; x_wconf 89' lang='lat' dir='ltr'><strong>nonnullas</strong></span> <span class='ocrx_word' id='word_1_790' title='bbox 3672 4636 3808 4676; x_wconf 84' lang='lat' dir='ltr'><strong>sen-</strong></span> 
     </span>
    </p>
   </div>
   <div class='ocr_carea' id='block_1_108' title="bbox 2229 4711 3806 4776">
    <p class='ocr_par' dir='ltr' id='par_1_108' title="bbox 2229 4711 3806 4776">
     <span class='ocr_line' id='line_1_108' title="bbox 2229 4711 3806 4776; baseline 0.001 -12"><span class='ocrx_word' id='word_1_791' title='bbox 2229 4711 2447 4774; x_wconf 86' lang='lat' dir='ltr'><strong>tentias,</strong></span> <span class='ocrx_word' id='word_1_792' title='bbox 2470 4713 2516 4764; x_wconf 89' lang='lat' dir='ltr'><strong>si</strong></span> <span class='ocrx_word' id='word_1_793' title='bbox 2550 4726 2668 4764; x_wconf 91' lang='lat' dir='ltr'><strong>meo</strong></span> <span class='ocrx_word' id='word_1_794' title='bbox 2692 4711 2873 4776; x_wconf 90' lang='lat' dir='ltr'><strong>modo,</strong></span> <span class='ocrx_word' id='word_1_795' title='bbox 2891 4722 2946 4764; x_wconf 90' lang='lat' dir='ltr'><strong>et</strong></span> <span class='ocrx_word' id='word_1_796' title='bbox 2976 4727 3145 4776; x_wconf 89' lang='lat' dir='ltr'><strong>more,</strong></span> <span class='ocrx_word' id='word_1_797' title='bbox 3165 4720 3220 4766; x_wconf 90' lang='lat' dir='ltr'><strong>et</strong></span> <span class='ocrx_word' id='word_1_798' title='bbox 3245 4727 3309 4766; x_wconf 89' lang='lat' dir='ltr'><strong>eo</strong></span> <span class='ocrx_word' id='word_1_799' title='bbox 3329 4714 3597 4767; x_wconf 87' lang='lat' dir='ltr'><strong>sermonis</strong></span> <span class='ocrx_word' id='word_1_800' title='bbox 3626 4711 3806 4767; x_wconf 86' lang='lat' dir='ltr'><strong>Latini</strong></span> 
     </span>
    </p>
   </div>
   <div class='ocr_carea' id='block_1_109' title="bbox 2227 4801 3810 4873">
    <p class='ocr_par' dir='ltr' id='par_1_109' title="bbox 2227 4801 3810 4873">
     <span class='ocr_line' id='line_1_109' title="bbox 2227 4801 3810 4873; baseline 0.001 -17"><span class='ocrx_word' id='word_1_801' title='bbox 2227 4801 2388 4872; x_wconf 87' lang='lat' dir='ltr'><strong>stylo,</strong></span> <span class='ocrx_word' id='word_1_802' title='bbox 2427 4803 2510 4855; x_wconf 90' lang='lat' dir='ltr'><strong>cui</strong></span> <span class='ocrx_word' id='word_1_803' title='bbox 2543 4817 2660 4854; x_wconf 88' lang='lat' dir='ltr'><strong>sum</strong></span> <span class='ocrx_word' id='word_1_804' title='bbox 2694 4813 2970 4864; x_wconf 86' lang='lat' dir='ltr'><strong>assuetus,</strong></span> <span class='ocrx_word' id='word_1_805' title='bbox 2996 4803 3273 4872; x_wconf 78' lang='lat' dir='ltr'><strong>explicare</strong></span> <span class='ocrx_word' id='word_1_806' title='bbox 3301 4803 3565 4869; x_wconf 86' lang='lat' dir='ltr'><strong>licuisset,</strong></span> <span class='ocrx_word' id='word_1_807' title='bbox 3587 4804 3810 4873; x_wconf 76' lang='lat' dir='ltr'><strong>elegan-</strong></span> 
     </span>
    </p>
   </div>
   <div class='ocr_carea' id='block_1_110' title="bbox 2227 4892 3808 4964">
    <p class='ocr_par' dir='ltr' id='par_1_110' title="bbox 2227 4892 3808 4964">
     <span class='ocr_line' id='line_1_110' title="bbox 2227 4892 3808 4964; baseline 0.001 -17"><span class='ocrx_word' id='word_1_808' title='bbox 2227 4894 2336 4948; x_wconf 90' lang='lat' dir='ltr'><strong>tius</strong></span> <span class='ocrx_word' id='word_1_809' title='bbox 2376 4903 2432 4947; x_wconf 89' lang='lat' dir='ltr'><strong>et</strong></span> <span class='ocrx_word' id='word_1_810' title='bbox 2482 4893 2800 4948; x_wconf 88' lang='lat' dir='ltr'><strong>conciuuius</strong></span> <span class='ocrx_word' id='word_1_811' title='bbox 2853 4907 2947 4948; x_wconf 86' lang='lat' dir='ltr'><strong>eas</strong></span> <span class='ocrx_word' id='word_1_812' title='bbox 2985 4892 3161 4948; x_wconf 73' lang='lat' dir='ltr'><strong>efferri</strong></span> <span class='ocrx_word' id='word_1_813' title='bbox 3205 4895 3483 4963; x_wconf 88' lang='lat' dir='ltr'><strong>potuisse;</strong></span> <span class='ocrx_word' id='word_1_814' title='bbox 3530 4897 3625 4950; x_wconf 87' lang='lat' dir='ltr'><strong>sed</strong></span> <span class='ocrx_word' id='word_1_815' title='bbox 3674 4895 3808 4964; x_wconf 87' lang='lat' dir='ltr'><strong>quia</strong></span> 
     </span>
    </p>
   </div>
   <div class='ocr_carea' id='block_1_111' title="bbox 2227 4981 3805 5053">
    <p class='ocr_par' dir='ltr' id='par_1_111' title="bbox 2227 4981 3805 5053">
     <span class='ocr_line' id='line_1_111' title="bbox 2227 4981 3805 5053; baseline -0.001 -16"><span class='ocrx_word' id='word_1_816' title='bbox 2227 4982 2543 5051; x_wconf 86' lang='lat' dir='ltr'><strong>interpretis</strong></span> <span class='ocrx_word' id='word_1_817' title='bbox 2573 4981 2750 5036; x_wconf 85' lang='lat' dir='ltr'><strong>ollicio</strong></span> <span class='ocrx_word' id='word_1_818' title='bbox 2801 4981 3016 5053; x_wconf 78' lang='lat' dir='ltr'><strong>ﬁdeque</strong></span> <span class='ocrx_word' id='word_1_819' title='bbox 3055 4983 3329 5052; x_wconf 80' lang='lat' dir='ltr'><strong>obligatus</strong></span> <span class='ocrx_word' id='word_1_820' title='bbox 3375 4984 3507 5038; x_wconf 89' lang='lat' dir='ltr'><strong>mihi</strong></span> <span class='ocrx_word' id='word_1_821' title='bbox 3555 4985 3805 5049; x_wconf 87' lang='lat' dir='ltr'><strong>videbar,</strong></span> 
     </span>
    </p>
   </div>
   <div class='ocr_carea' id='block_1_112' title="bbox 2226 5071 3808 5138">
    <p class='ocr_par' dir='ltr' id='par_1_112' title="bbox 2226 5071 3808 5138">
     <span class='ocr_line' id='line_1_112' title="bbox 2226 5071 3808 5138; baseline -0.001 -9"><span class='ocrx_word' id='word_1_822' title='bbox 2226 5089 2322 5129; x_wconf 90' lang='lat' dir='ltr'><strong>eas</strong></span> <span class='ocrx_word' id='word_1_823' title='bbox 2356 5089 2462 5128; x_wconf 92' lang='lat' dir='ltr'><strong>non</strong></span> <span class='ocrx_word' id='word_1_824' title='bbox 2514 5083 2574 5127; x_wconf 90' lang='lat' dir='ltr'><strong>ut</strong></span> <span class='ocrx_word' id='word_1_825' title='bbox 2619 5073 2930 5138; x_wconf 88' lang='lat' dir='ltr'><strong>voluissem,</strong></span> <span class='ocrx_word' id='word_1_826' title='bbox 2980 5075 3072 5128; x_wconf 88' lang='lat' dir='ltr'><strong>sed</strong></span> <span class='ocrx_word' id='word_1_827' title='bbox 3121 5083 3181 5128; x_wconf 91' lang='lat' dir='ltr'><strong>ut</strong></span> <span class='ocrx_word' id='word_1_828' title='bbox 3225 5074 3533 5128; x_wconf 88' lang='lat' dir='ltr'><strong>debuissem</strong></span> <span class='ocrx_word' id='word_1_829' title='bbox 3579 5071 3808 5128; x_wconf 83' lang='lat' dir='ltr'><strong>Latinas</strong></span> 
     </span>
    </p>
   </div>
   <div class='ocr_carea' id='block_1_113' title="bbox 2227 5164 3808 5231">
    <p class='ocr_par' dir='ltr' id='par_1_113' title="bbox 2227 5164 3808 5231">
     <span class='ocr_line' id='line_1_113' title="bbox 2227 5164 3808 5231; baseline -0.001 -11"><span class='ocrx_word' id='word_1_830' title='bbox 2227 5165 2443 5220; x_wconf 76' lang='lat' dir='ltr'><strong>fecisse.</strong></span> <span class='ocrx_word' id='word_1_831' title='bbox 2480 5164 2622 5231; x_wconf 85' lang='lat' dir='ltr'><strong>Quin</strong></span> <span class='ocrx_word' id='word_1_832' title='bbox 2661 5167 2830 5220; x_wconf 87' lang='lat' dir='ltr'><strong>etiam</strong></span> <span class='ocrx_word' id='word_1_833' title='bbox 2865 5165 2993 5220; x_wconf 92' lang='lat' dir='ltr'><strong>illud</strong></span> <span class='ocrx_word' id='word_1_834' title='bbox 3025 5179 3250 5220; x_wconf 86' lang='lat' dir='ltr'><strong>servare</strong></span> <span class='ocrx_word' id='word_1_835' title='bbox 3281 5165 3448 5231; x_wconf 89' lang='lat' dir='ltr'><strong>volui,</strong></span> <span class='ocrx_word' id='word_1_836' title='bbox 3488 5175 3546 5219; x_wconf 91' lang='lat' dir='ltr'><strong>ut</strong></span> <span class='ocrx_word' id='word_1_837' title='bbox 3581 5166 3696 5219; x_wconf 73' lang='lat' dir='ltr'><strong>hzec</strong></span> <span class='ocrx_word' id='word_1_838' title='bbox 3723 5167 3808 5219; x_wconf 91' lang='lat' dir='ltr'><strong>iu-</strong></span> 
     </span>
    </p>
   </div>
   <div class='ocr_carea' id='block_1_114' title="bbox 2233 5257 3805 5327">
    <p class='ocr_par' dir='ltr' id='par_1_114' title="bbox 2233 5257 3805 5327">
     <span class='ocr_line' id='line_1_114' title="bbox 2233 5257 3805 5327; baseline 0.001 -17"><span class='ocrx_word' id='word_1_839' title='bbox 2233 5259 2597 5325; x_wconf 84' lang='lat' dir='ltr'><strong>terpretatio,</strong></span> <span class='ocrx_word' id='word_1_840' title='bbox 2653 5259 3091 5327; x_wconf 88' lang='lat' dir='ltr'><strong>quandoquidem</strong></span> <span class='ocrx_word' id='word_1_841' title='bbox 3152 5273 3214 5311; x_wconf 89' lang='lat' dir='ltr'><strong>ea</strong></span> <span class='ocrx_word' id='word_1_842' title='bbox 3278 5272 3476 5313; x_wconf 90' lang='lat' dir='ltr'><strong>usuros</strong></span> <span class='ocrx_word' id='word_1_843' title='bbox 3523 5257 3805 5312; x_wconf 84' lang='lat' dir='ltr'><strong>crederem</strong></span> 
     </span>
    </p>
   </div>
   <div class='ocr_carea' id='block_1_115' title="bbox 2230 5347 3807 5420">
    <p class='ocr_par' dir='ltr' id='par_1_115' title="bbox 2230 5347 3807 5420">
     <span class='ocr_line' id='line_1_115' title="bbox 2230 5347 3807 5420; baseline -0.001 -17"><span class='ocrx_word' id='word_1_844' title='bbox 2230 5351 2396 5403; x_wconf 88' lang='lat' dir='ltr'><strong>etiam</strong></span> <span class='ocrx_word' id='word_1_845' title='bbox 2436 5364 2534 5417; x_wconf 91' lang='lat' dir='ltr'><strong>pro</strong></span> <span class='ocrx_word' id='word_1_846' title='bbox 2591 5358 2845 5420; x_wconf 75' lang='lat' dir='ltr'><strong>suggestu</strong></span> <span class='ocrx_word' id='word_1_847' title='bbox 2887 5363 3076 5404; x_wconf 85' lang='lat' dir='ltr'><strong>sacros</strong></span> <span class='ocrx_word' id='word_1_848' title='bbox 3129 5358 3413 5413; x_wconf 81' lang='lat' dir='ltr'><strong>oratores,</strong></span> <span class='ocrx_word' id='word_1_849' title='bbox 3466 5362 3572 5402; x_wconf 90' lang='lat' dir='ltr'><strong>non</strong></span> <span class='ocrx_word' id='word_1_850' title='bbox 3629 5347 3703 5401; x_wconf 83' lang='lat' dir='ltr'><strong>ita</strong></span> <span class='ocrx_word' id='word_1_851' title='bbox 3747 5347 3807 5402; x_wconf 87' lang='lat' dir='ltr'><strong>in</strong></span> 
     </span>
    </p>
   </div>
   <div class='ocr_carea' id='block_1_116' title="bbox 2231 5440 3834 5510">
    <p class='ocr_par' dir='ltr' id='par_1_116' title="bbox 2231 5440 3834 5510">
     <span class='ocr_line' id='line_1_116' title="bbox 2231 5440 3834 5510; baseline 0 -16"><span class='ocrx_word' id='word_1_852' title='bbox 2231 5441 2508 5494; x_wconf 87' lang='lat' dir='ltr'><strong>Ciceronis</strong></span> <span class='ocrx_word' id='word_1_853' title='bbox 2543 5450 2724 5510; x_wconf 88' lang='lat' dir='ltr'><strong>partes</strong></span> <span class='ocrx_word' id='word_1_854' title='bbox 2782 5442 3060 5507; x_wconf 88' lang='lat' dir='ltr'><strong>transiret,</strong></span> <span class='ocrx_word' id='word_1_855' title='bbox 3097 5451 3212 5495; x_wconf 92' lang='lat' dir='ltr'><strong>uta</strong></span> <span class='ocrx_word' id='word_1_856' title='bbox 3247 5441 3510 5509; x_wconf 81' lang='lat' dir='ltr'><strong>religione</strong></span> <span class='ocrx_word' id='word_1_857' title='bbox 3552 5440 3834 5494; x_wconf 72' lang='lat' dir='ltr'><strong>discede-~</strong></span> 
     </span>
    </p>
   </div>
   <div class='ocr_carea' id='block_1_117' title="bbox 2234 5531 3806 5604">
    <p class='ocr_par' dir='ltr' id='par_1_117' title="bbox 2234 5531 3806 5604">
     <span class='ocr_line' id='line_1_117' title="bbox 2234 5531 3806 5604; baseline 0.001 -21"><span class='ocrx_word' id='word_1_858' title='bbox 2234 5541 2343 5592; x_wconf 87' lang='lat' dir='ltr'><strong>ret;</strong></span> <span class='ocrx_word' id='word_1_859' title='bbox 2378 5542 2432 5586; x_wconf 91' lang='lat' dir='ltr'><strong>et</strong></span> <span class='ocrx_word' id='word_1_860' title='bbox 2455 5533 2579 5586; x_wconf 90' lang='lat' dir='ltr'><strong>dum</strong></span> <span class='ocrx_word' id='word_1_861' title='bbox 2614 5533 2774 5586; x_wconf 86' lang='lat' dir='ltr'><strong>nimis</strong></span> <span class='ocrx_word' id='word_1_862' title='bbox 2802 5535 2972 5588; x_wconf 91' lang='lat' dir='ltr'><strong>videri</strong></span> <span class='ocrx_word' id='word_1_863' title='bbox 2999 5534 3157 5604; x_wconf 90' lang='lat' dir='ltr'><strong>cupio</strong></span> <span class='ocrx_word' id='word_1_864' title='bbox 3177 5533 3591 5596; x_wconf 87' lang='lat' dir='ltr'><strong>Ciceronianus,</strong></span> <span class='ocrx_word' id='word_1_865' title='bbox 3625 5531 3806 5585; x_wconf 76' lang='lat' dir='ltr'><strong>mimis</strong></span> 
     </span>
    </p>
   </div>
   <div class='ocr_carea' id='block_1_118' title="bbox 2231 5623 3804 5696">
    <p class='ocr_par' dir='ltr' id='par_1_118' title="bbox 2231 5623 3804 5696">
     <span class='ocr_line' id='line_1_118' title="bbox 2231 5623 3804 5696; baseline -0.001 -18"><span class='ocrx_word' id='word_1_866' title='bbox 2231 5625 2576 5680; x_wconf 79' lang='lat' dir='ltr'><strong>Christianus</strong></span> <span class='ocrx_word' id='word_1_867' title='bbox 2595 5626 2830 5681; x_wconf 90' lang='lat' dir='ltr'><strong>viderer.</strong></span> <span class='ocrx_word' id='word_1_868' title='bbox 2853 5626 2907 5682; x_wconf 84' lang='lat' dir='ltr'><strong>Si</strong></span> <span class='ocrx_word' id='word_1_869' title='bbox 2935 5627 3101 5681; x_wconf 89' lang='lat' dir='ltr'><strong>dictio</strong></span> <span class='ocrx_word' id='word_1_870' title='bbox 3127 5626 3344 5696; x_wconf 89' lang='lat' dir='ltr'><strong>aliquod</strong></span> <span class='ocrx_word' id='word_1_871' title='bbox 3369 5623 3804 5680; x_wconf 71' lang='lat' dir='ltr'><strong>ecclesiasucum</strong></span> 
     </span>
    </p>
   </div>
   <div class='ocr_carea' id='block_1_119' title="bbox 2232 5716 3808 5787">
    <p class='ocr_par' dir='ltr' id='par_1_119' title="bbox 2232 5716 3808 5787">
     <span class='ocr_line' id='line_1_119' title="bbox 2232 5716 3808 5787; baseline -0.002 -18"><span class='ocrx_word' id='word_1_872' title='bbox 2232 5725 2467 5784; x_wconf 87' lang='lat' dir='ltr'><strong>saperet,</strong></span> <span class='ocrx_word' id='word_1_873' title='bbox 2500 5717 2550 5770; x_wconf 90' lang='lat' dir='ltr'><strong>id</strong></span> <span class='ocrx_word' id='word_1_874' title='bbox 2584 5719 2710 5770; x_wconf 90' lang='lat' dir='ltr'><strong>mihi</strong></span> <span class='ocrx_word' id='word_1_875' title='bbox 2746 5718 2888 5772; x_wconf 83' lang='lat' dir='ltr'><strong>laudi</strong></span> <span class='ocrx_word' id='word_1_876' title='bbox 2926 5719 3106 5787; x_wconf 89' lang='lat' dir='ltr'><strong>potius</strong></span> <span class='ocrx_word' id='word_1_877' title='bbox 3145 5734 3306 5787; x_wconf 89' lang='lat' dir='ltr'><strong>quam</strong></span> <span class='ocrx_word' id='word_1_878' title='bbox 3352 5719 3482 5773; x_wconf 89' lang='lat' dir='ltr'><strong>vitio</strong></span> <span class='ocrx_word' id='word_1_879' title='bbox 3529 5716 3808 5772; x_wconf 81' lang='lat' dir='ltr'><strong>aseriben-</strong></span> 
     </span>
    </p>
   </div>
   <div class='ocr_carea' id='block_1_120' title="bbox 2235 5805 3806 5880">
    <p class='ocr_par' dir='ltr' id='par_1_120' title="bbox 2235 5805 3806 5880">
     <span class='ocr_line' id='line_1_120' title="bbox 2235 5805 3806 5880; baseline -0.002 -16"><span class='ocrx_word' id='word_1_880' title='bbox 2235 5809 2364 5864; x_wconf 88' lang='lat' dir='ltr'><strong>dum</strong></span> <span class='ocrx_word' id='word_1_881' title='bbox 2399 5808 2551 5868; x_wconf 79' lang='lat' dir='ltr'><strong>duxi,</strong></span> <span class='ocrx_word' id='word_1_882' title='bbox 2582 5809 2768 5880; x_wconf 84' lang='lat' dir='ltr'><strong>Itaque</strong></span> <span class='ocrx_word' id='word_1_883' title='bbox 2795 5825 2916 5866; x_wconf 90' lang='lat' dir='ltr'><strong>cum</strong></span> <span class='ocrx_word' id='word_1_884' title='bbox 2949 5810 3135 5867; x_wconf 89' lang='lat' dir='ltr'><strong>multis</strong></span> <span class='ocrx_word' id='word_1_885' title='bbox 3160 5809 3259 5865; x_wconf 88' lang='lat' dir='ltr'><strong>SS.</strong></span> <span class='ocrx_word' id='word_1_886' title='bbox 3292 5809 3544 5866; x_wconf 72' lang='lat' dir='ltr'><strong>Patribus</strong></span> <span class='ocrx_word' id='word_1_887' title='bbox 3571 5805 3806 5870; x_wconf 82' lang='lat' dir='ltr'><strong>Latinis,</strong></span> 
     </span>
    </p>
   </div>
  </div>
