4122 6428
335 373 440 436 133

325 486 486 557 pensi
541 482 871 553 imaginem,
926 483 1010 538 vel
1065 482 1261 538 Christi
1334 492 1594 545 eatenus,
1653 495 1919 552 quatenus

330 578 452 644 ipse
482 585 700 644 peccata
727 582 916 626 nostra
971 573 1116 634 tulit.
1163 587 1333 640 caque
1374 575 1518 644 ligno
1548 574 1738 638 aliisin,
1763 584 1924 641 atque

328 669 494 734 adeo,
525 677 579 720 ut
632 665 924 735 Apostolus
965 665 1060 728 ait,
1092 665 1231 720 Deus
1257 667 1407 720 illum
1445 668 1536 735 qui
1570 667 1770 720 nullutn
1803 683 1927 733 prc-

330 769 518 812 ratum
579 767 828 821 noverat,
881 769 1165 826 peceatum
1222 773 1320 828 pro
1369 761 1526 814 nobis
1575 760 1724 813 fecit.
1777 759 1927 813 lianc

329 851 600 903 rationem
623 848 824 902 indicat
841 848 1202 918 Theophanes
1229 850 1521 904 Cerameus
1551 850 1928 918 archiepisco-

338 956 452 1008 pus
499 939 882 994 Tauromeniae
918 940 971 994 in
1002 939 1207 1004 Sicilia,
1240 941 1322 994 his
1362 940 1538 994 verbis
1571 958 1585 994 :
1617 959 1636 991 ι
1673 940 1790 993 Non
1819 953 1930 993 tur-

336 1029 499 1082 betur
559 1032 852 1098 quispiam,
905 1049 925 1084 ι
987 1043 1094 1086 etc.
1149 1046 1270 1100 quae
1310 1031 1786 1087 habeshom.5in
1830 1033 1929 1085 hoc

333 1128 529 1174 nostro
555 1135 740 1190 opere.

847 1212 997 1268 Idem
1037 1215 1212 1268 eodem
1245 1215 1432 1282 capite.

414 1308 685 1362 (Ia-terum
713 1321 836 1360 cum
869 1323 967 1361 nos
1001 1309 1052 1360 in
1107 1308 1259 1376 hujus
1291 1308 1414 1361 vita:
1458 1324 1583 1361 ere::
1607 1323 1639 1359 ο
1663 1307 1930 1362 morsibus

335 1409 660 1466 serpentum
685 1399 919 1466 expositi
948 1401 1136 1463 simus,
1169 1407 1402 1469 oportet,
1438 1411 1494 1452 ut
1544 1400 1676 1453 sicut
1719 1398 1934 1452 Israeli-

337 1502 408 1545 tae
441 1493 491 1542 in
555 1503 796 1545 erectum
855 1503 1184 1560 serpentem,
1237 1492 1427 1546 salutis
1455 1493 1645 1560 gratia,
1678 1508 1930 1560 respexeo

341 1595 492 1650 runt,
523 1585 594 1637 ita
619 1595 674 1637 et
696 1600 791 1636 nos
809 1584 920 1653 jam
950 1585 1305 1653 respiciamus
1326 1587 1376 1639 in
1401 1587 1675 1641 Christum
1698 1601 1728 1640 e
1755 1586 1930 1640 crucis

339 1680 537 1730 arbore
569 1675 886 1742 pendentem
911 1692 923 1727 :
948 1694 967 1727 ι
988 1674 1224 1729 Necdum
1246 1676 1466 1730 omnino
1495 1676 1767 1730 desierunt
1791 1689 1932 1730 mor-

341 1783 460 1828 sus,
493 1768 668 1836 inquit
697 1766 1076 1835 Theophanes.
1109 1765 1271 1821 Insita
1303 1768 1448 1821 enim
1490 1769 1640 1821 carui
1673 1769 1931 1820 adversus

340 1859 597 1930 Spiritum
652 1860 1093 1926 concupiscentia
1119 1860 1352 1914 nondum
1393 1859 1630 1929 perfecte
1673 1860 1928 1930 conquie—

338 1954 442 2012 vit,
468 1969 487 2000 ι
507 1960 563 2004 et
582 1961 773 2005 caetera
800 1966 919 2020 qua:
947 1950 1113 2004 habes
1147 1951 1334 2005 eadem
1370 1952 1612 2006 humilia.

341 2041 496 2096 Idem
545 2043 598 2095 in
646 2052 974 2111 syntugmate
1002 2045 1064 2093 de
1091 2042 1405 2111 imaginibus
1462 2058 1562 2094 non
1589 2041 1928 2108 manu/actis,

413 2117 580 2180 deque
611 2115 729 2166 aliis
776 2130 805 2164 a
835 2123 1016 2164 sancto
1071 2112 1210 2163 Luca
1241 2113 1415 2174 pictis.
1464 2113 1646 2164 addito
1670 2113 1739 2164 ad
1771 2112 1932 2164 Codi-

417 2201 545 2236 num
572 2183 947 2250 Cumpalatam
979 2199 1097 2248 cap.
1131 2183 1163 2236 5
1201 2183 1264 2234 de
1319 2183 1621 2234 auctoribus
1655 2184 1744 2248 qui
1795 2185 1932 2235 ima-

411 2254 556 2322 ginis
585 2253 860 2305 Edessenw
888 2269 991 2304 non
1024 2253 1363 2318 ntauufuctta,
1413 2255 1501 2306 seti
1527 2269 1556 2304 a
1591 2251 1802 2306 Christo
1827 2253 1933 2306 Do-

415 2326 562 2376 mino
586 2324 746 2376 linteo
777 2325 1042 2391 impressa:
1061 2324 1436 2377 meminerunt.

414 2433 559 2471 ntt.
615 2415 974 2483 Theophanes
1019 2415 1314 2471 Ceramcus
1358 2415 1505 2470 hom.
1550 2418 1601 2469 in
1641 2414 1932 2469 restitutio-

338 2523 465 2563 nem
500 2507 799 2576 imaginum
830 2522 843 2558 :
893 2524 910 2556 t
949 2506 1061 2574 Ipse
1107 2505 1360 2558 Dominus
1390 2516 1573 2560 uoster
1620 2506 1672 2558 in
1708 2507 1933 2558 sindone
1969 2511 1972 2514 ’

338 2600 580 2670 speciem
639 2601 753 2653 sive
779 2599 1008 2652 formam
1035 2613 1187 2651 suam
1217 2600 1482 2668 expressit
1511 2599 1628 2652 sine
1661 2613 1820 2651 manu
1846 2637 1859 2660 ,
1883 2606 1937 2650 et

337 2693 594 2761 Abagaro
647 2693 921 2760 toparchre
967 2691 1145 2755 misit;
1220 2707 1490 2762 nunquam
1531 2706 1659 2747 vero
1718 2692 1818 2744 hoc
1861 2689 1937 2743 fc-

337 2786 533 2848 cisset,
559 2784 661 2837 nisi
681 2783 944 2854 imagines
969 2784 1071 2837 coli
1096 2782 1366 2838 voluisSt-t.
1414 2804 1433 2835 ι

334 2877 493 2933 Idem
545 2895 664 2945 cap.
704 2876 771 2930 18
823 2880 886 2930 de
917 2877 1233 2948 imaginibus
1277 2877 1339 2931 Ι).
1397 2876 1620 2948 Virginis
1669 2894 1702 2931 α
1751 2889 1934 2934 sancto

948 2946 1092 2999 Luca
1144 2948 1322 3016 pictis.

409 3041 550 3095 Vide
581 3041 964 3110 Theophanem
1007 3040 1354 3104 Ceramenm,
1416 3039 1635 3093 humilia
1672 3041 1736 3094 de
1781 3040 1936 3095 resti-

337 3135 552 3189 tutione
584 3132 910 3202 lmaginum,
949 3131 1190 3199 ejusdem
1223 3133 1506 3186 sententia:
1533 3147 1674 3196 esse,
1709 3133 1833 3186 dum
1864 3134 1934 3188 ita

334 3222 532 3276 scribit
560 3236 574 3271 :
610 3238 628 3271 t
665 3220 776 3273 Imo
803 3228 856 3271 et
878 3217 1053 3272 Lucas
1077 3219 1312 3272 disertus
1336 3219 1423 3272 ille
1449 3220 1778 3289 eVangelista
1802 3219 1938 3274 ima-

338 3315 522 3386 ginem
584 3313 822 3380 Deiparaz
871 3325 994 3366 sera
1047 3321 1100 3363 et
1155 3309 1431 3366 coloribt's
1477 3309 1720 3379 depinxit
1764 3311 1935 3368 sacris

339 3403 586 3457 brachiis
617 3411 894 3456 tenentem
923 3401 1230 3454 Dominum.
1275 3419 1294 3452 ι

335 3492 406 3548 I‘.
433 3494 668 3547 Iacobus
691 3493 843 3546 Pmto
872 3509 978 3545 soc.
1009 3492 1136 3547 Iesu
1167 3496 1218 3546 in
1243 3492 1376 3546 libro
1405 3509 1558 3561 quem
1606 3511 1625 3544 ι
1669 3492 1935 3548 Christum

406 3566 729 3632 cruciﬁxum
766 3583 784 3614 ι
839 3565 1078 3616 inscribit
1111 3567 1193 3615 tit.
1228 3580 1266 3625 t,
1313 3565 1425 3616 loco
1462 3564 1512 3627 1,
1545 3565 1630 3616 ubi
1661 3564 1936 3618 Christum

405 3636 724 3700 crucifixum
773 3651 804 3686 ιι
840 3634 1010 3701 capite
1049 3637 1116 3688 ad
1149 3634 1342 3686 calcem
1369 3635 1425 3687 in
1448 3632 1730 3701 Scriptura
1759 3636 1936 3703 signa-

408 3718 519 3757 tam
541 3706 784 3759 ostendit.

411 3795 562 3850 idem
619 3795 803 3848 videre
832 3803 918 3848 est
959 3793 1100 3862 apud
1137 3792 1359 3846 Patrum
1381 3792 1518 3849 alios
1555 3794 1756 3863 passim
1787 3793 1936 3848 Grai-

338 3901 434 3941 cos
482 3895 650 3953 atque
725 3883 1183 3939 Latinos:unum
1243 3885 1536 3953 producam
1597 3899 1664 3938 ex
1732 3883 1936 3940 Grantis

339 3978 730 4046 Theophanem
758 3977 1104 4041 Cerameum,
1149 3977 1528 4030 Tauromcuiae
1564 3977 1933 4047 archiepisco-

340 4087 495 4141 ρειιιι.
556 4069 651 4124 Hic
702 4071 789 4123 ubi
826 4070 1056 4139 plurima
1105 4069 1278 4123 nostri
1313 4068 1552 4138 mysterii
1593 4077 1931 4138 argumenta,

339 4164 444 4217 hoc
499 4171 586 4217 est
625 4178 790 4217 sacra:
844 4161 1138 4230 Scriptura:
1177 4161 1424 4228 exempla
1491 4162 1783 4230 congessit,
1827 4161 1932 4214 iota

340 4259 594 4326 insuper,
618 4265 673 4309 et
698 4256 880 4324 apices
907 4255 1071 4308 etiam
1117 4255 1436 4324 mysterium
1466 4253 1606 4306 idem
1633 4252 1774 4322 quod
1806 4267 1937 4306 sane

289 4353 302 4366 ‘
339 4353 517 4416 magis
539 4358 642 4410 est,
672 4347 888 4414 signare
915 4345 1275 4398 demonstrat.
1304 4361 1323 4394 ί
1356 4344 1489 4398 Cum
1524 4345 1706 4412 igitur,
1740 4345 1934 4412 inquit,

337 4440 524 4496 crucis
580 4437 918 4507 my.~terium,
981 4446 1035 4490 et
1088 4435 1140 4488 itt
1170 4435 1285 4503 lege
1336 4445 1391 4489 et
1441 4434 1494 4487 in
1527 4433 1802 4503 prophetis
1822 4435 1937 4489 elu-

339 4539 552 4592 cesrat,
588 4544 606 4576 ι
642 4538 750 4578 etc.
791 4543 911 4594 quo:
953 4525 1122 4578 habes
1152 4525 1300 4578 hum.
1339 4525 1392 4578 4.

340 4617 406 4671 P.
432 4616 695 4670 Antonius
725 4614 1041 4668 Posseviuus
1082 4631 1193 4669 σοι).
1231 4615 1359 4696 Iesu
1388 4624 1514 4667 tont.
1554 4612 1656 4668 III
1694 4616 1935 4684 Appara-

997 4697 1081 4737 tus
1128 4701 1291 4741 8061⁸1.

414 4772 779 4840 Theophanes
830 4771 1132 4826 Cerameus
1179 4772 1365 4826 Graece
1419 4773 1637 4841 scripsit
1676 4771 1940 4828 llomilias

337 4870 395 4922 in
472 4865 760 4936 Evangelia
819 4866 928 4918 τῶν
957 4866 1262 4936 κυριακῶν.
1299 4867 1403 4920 hoc
1443 4875 1524 4919 est
1563 4865 1938 4930 Dominic-alia,

339 4972 395 5015 ct
421 4961 476 5014 in
517 4959 656 5014 alios
685 4959 850 5014 festos
887 4959 1004 5013 dies

859 5052 1007 5105 Idem
1030 5054 1082 5104 in
1115 5053 1420 5120 appendice.

417 5146 613 5200 Exstat
636 5159 767 5199 vero
786 5145 1026 5214 ejusdem
1059 5147 1115 5198 in
1151 5147 1512 5199 sanctissima:
1553 5145 1792 5210 Deipara:
1829 5146 1943 5198 Au-

341 5240 742 5295 nuntiationcm
779 5240 1008 5310 hymnus
1046 5240 1099 5292 in
1149 5249 1294 5293 tonio
1352 5238 1462 5293 V'lil
1517 5238 1769 5292 Biblioth.
1827 5236 1964 5291 I’P.‘

338 5335 475 5384 edit.
504 5331 592 5386 2³.

339 5423 678 5478 Bibliotheca
718 5422 942 5476 Patrum
981 5439 1172 5490 magna
1249 5423 1365 5490 plus
1430 5431 1637 5474 centum
1690 5419 1940 5476 Patribus

417 5495 779 5616 etlapuscults
827 5496 1185 5558 aucta,euita
1232 5495 1485 5556 Cotouitc,
1524 5506 1651 5546 tum.
1697 5490 1802 5558 ΙΧ,
1836 5510 1940 5547 su:-

417 5581 482 5616 cu
509 5583 538 5616 ο
564 5579 639 5616 ut.

416 5579 538 5619 cuto
564 5579 639 5617 ιι.

415 5655 778 5727 Theophanes
839 5653 1160 5721 Cerameus,
1211 5652 1590 5707 'l‘auromenize
1652 5653 1706 5706 in
1756 5651 1940 5707 Sicilia

334 5764 653 5820 episcopus,
712 5747 937 5817 scripsit
990 5743 1250 5800 llomilias
1286 5747 1336 5798 in
1367 5744 1658 5814 Evangelia
1697 5743 1940 5798 Domini-

336 5841 501 5909 calia,
565 5853 622 5899 et
677 5842 887 5911 aliquot
943 5836 1079 5891 festa
1131 5836 1295 5892 t0tius
1334 5836 1481 5904 anni,
1514 5850 1633 5905 qua:
1657 5845 1939 5890 servantur

1436 367 1908 431 TESTIMONIA
1941 367 2038 429 DE
2065 358 2489 428 ΤΙΙΕΟΡΗΛΝ
2502 369 2564 430 Ε.

3496 372 3597 433 liii.

2029 495 2134 533 ms.
2187 480 2464 539 Venetiis:
2527 491 2582 534 et
2631 482 2732 536 al’a
2787 483 3014 537 necdum
3062 483 3227 539 edita.
3263 484 3488 539 Exstant.
3541 503 3603 538 ιιι

2027 569 2196 638 ipsius
2256 570 2475 638 scriptis
2537 569 2746 634 saltem,
2842 587 2960 640 qute
3035 574 3236 628 habere
3297 575 3608 644 potuimus,

2030 658 2219 714 Oratio
2267 661 2319 713 in
2387 660 2718 714 Dominiram
2769 676 2896 716 ante
2968 665 3362 720 Exaltationem
3410 678 3611 722 sancta:

2026 751 2255 813 Crucis;
2307 761 2363 806 et
2412 751 2580 804 altera
2631 753 2681 804 in
2745 753 3082 808 Exaltatione
3114 766 3317 809 sanctae
3365 755 3608 810 Crucisa

2028 841 2228 900 Iacobo
2282 843 2542 899 Gretsero
2605 860 2720 900 soc.
2761 845 2885 899 Jesu
2921 848 3100 901 editae.
3132 847 3264 901 item
3298 849 3534 920 hymnus
3558 851 3612 904 in

2029 936 2454 990 Annuntiatione
2500 936 2762 1006 Deiparm.
2811 955 2967 1006 quem
3026 939 3151 995 huic
3191 940 3614 1009 TlteOphaniat-

2033 1031 2218 1086 tiihttit
2243 1029 2477 1085 Jodocns
2511 1031 2704 1085 Cocriu
2746 1069 2758 1081 .

2032 1123 2097 1179 P.
2159 1123 2409 1196 Octavius
2438 1122 2703 1196 Caetanits
2748 1141 2870 1196 soc.
2939 1124 3064 1178 Jesu
3099 1127 3148 1178 in
3181 1126 3407 1196 Isagoga
3441 1129 3508 1179 ad
3529 1131 3611 1181 hi-

2102 1197 2323 1248 storiam
2376 1193 2438 1246 de
2471 1192 2572 1249 SS.
2628 1193 2844 1254 Sicilire.
2900 1212 3016 1262 qua!
3070 1192 3297 1249 nondum
3343 1192 3612 1262 vesteu'im,

2107 1276 2277 1317 tamen
2307 1281 2336 1315 ιι
2361 1280 2442 1316 me
2471 1265 2736 1332 pra'lecta.
2764 1264 3124 1331 Theophanem
3155 1267 3458 1321 Cerameum
3481 1270 3616 1320 inter

2103 1333 2307 1388 Siculos
2368 1332 2594 1398 Patres,
2637 1347 2682 1388 et
2736 1336 2984 1388 Ecclesia!
3039 1349 3488 1404 propugnatOres,
3565 1349 3614 1390 et

2105 1407 2380 1473 scriptores
2425 1417 2607 1457 contra
2652 1406 2928 1458 hmreticos
2997 1419 3290 1459 enumerat.
3354 1406 3497 1459 Idem
3558 1410 3611 1460 iu

2102 1476 2645 1529 animaduersionibus
2711 1478 2780 1528 ad
2854 1473 3154 1529 Orationem
3201 1479 3265 1529 de
3324 1475 3618 1530 Ιιιάὶτιὶ›ι.ε

2105 1545 2281 1597 itidem
2313 1561 2408 1597 ms.

2103 1635 2450 1700 Theophanis
2503 1637 2746 1705 episc0pi
2794 1637 3139 1691 Tauromenii
3196 1637 3431 1692 homilia:
3479 1652 3619 1693 n0u-

2033 1727 2156 1781 dmn
2192 1726 2350 1781 editm
2379 1726 2430 1780 in
2467 1726 2662 1791 lucem,
2687 1727 2781 1781 sed
2832 1729 2952 1783 luce
2988 1729 3163 1798 dignae
3195 1746 3210 1794 ;
3255 1745 3445 1800 magna
3474 1747 3615 1784 enim

2034 1833 2156 1870 cum
2189 1817 2476 1886 sapientia,
2511 1827 2619 1869 ttttn
2660 1819 2966 1888 eloquentia
3000 1823 3332 1890 compositae.

2034 1907 2184 1962 Idem
2215 1910 2267 1962 in
2320 1909 2863 2032 auimadversiIo’nibus
2909 1912 2990 1992 ,αα
3036 1911 3324 1966 Homiliam
3347 1913 3411 1966 de
3439 1923 3620 1967 sancto

2713 1993 2974 2032 ancntlto.

2713 1993 2974 2037 aucrtttto.

2106 2069 2261 2124 Enim
2316 2087 2446 2125 vero
2503 2086 2655 2140 teque
2712 2074 2948 2139 graviter
2998 2089 3060 2128 ac
3123 2075 3209 2140 pie
3263 2072 3622 2142 Theophanes

2034 2161 2374 2230 evangelium
2417 2161 2519 2216 hac
2555 2161 2803 2215 oratione
2864 2162 3271 2231 interpretatur,
3315 2165 3455 2232 quod
3484 2165 3622 2218 feSIo

2036 2254 2120 2307 die
2162 2253 2219 2307 S.
2259 2252 2528 2306 Pancratii
2584 2253 2893 2321 praelectum
2952 2264 3091 2315 erat.
3123 2256 3316 2308 Sermo
3346 2254 3492 2308 utilis
3544 2269 3627 2309 est

2035 2347 2100 2399 ad
2159 2344 2531 2400 informandus
2599 2361 2798 2410 mores,
2847 2346 3190 2416 maximeque
3235 2347 3301 2401 iis
3349 2331 3650 2410 conducit,-

2034 2439 2123 2506 qui
2181 2437 2234 2489 in
2285 2437 2464 2489 divina
2529 2435 2868 2506 philosophia
2916 2452 2975 2491 se
3011 2447 3290 2491 exercent.
3327 2437 3622 2493 Christiani

2036 2526 2453 2580 eoacionawres
2501 2525 2625 2578 hinc
2673 2524 2925 2579 hauriant
2979 2529 3330 2582 concionandi
3382 2530 3623 2595 modum,

1996 2619 2412 2686 rationemque
2473 2617 2749 2689 Evangelii
2816 2620 3122 2689 eXplicaltdi
3163 2637 3260 2690 pro
3317 2623 3510 2678 rostris
3558 2626 3627 2678 ad

2038 2711 2322 2783 populum.

2287 2800 2436 2858 Idem
2477 2804 2530 2856 in
2569 2802 2686 2857 idea
2717 2804 2886 2872 operis
2935 2804 3070 2874 typis
3107 2804 3380 2873 impressu.

2111 2894 2458 2965 Theophanis
2491 2896 2882 2963 archiepiscopi
2921 2897 3410 2950 Tanromeniorum
3442 2897 3626 2953 Oratio

2037 2983 2092 3040 in
2156 2985 2280 3038 novi
2333 2984 2461 3038 anni
2494 2985 2869 3053 lndictionetn,
2909 2987 3166 3054 praiclara
3219 3003 3341 3040 cum
3369 2989 3625 3043 Comme-

2042 3079 2346 3131 moratione
2379 3076 2440 3130 ι).
2471 3077 2706 3148 Virginis
2747 3077 3247 3149 Tauromenitana},
3281 3093 3332 3135 et
3359 3081 3459 3136 SS.
3499 3081 3624 3136 MM.

2036 3166 2308 3234 Callistes,
2337 3167 2516 3224 Evodii
2541 3182 2594 3224 et
2618 3170 2992 3240 Hermogenis.

2037 3258 2106 3314 F.
2142 3261 2446 3315 Dominicus
2473 3263 2705 3317 Crarina
2743 3265 2944 3317 ordinis
2987 3263 3407 3319 Prtrdicatorum
3445 3270 3626 3322 catho-

2107 3333 2332 3385 licarum
2375 3332 2835 3399 Pt'a'scriptionum
2869 3339 3116 3388 ittlversus
3165 3338 3332 3389 nostri
3382 3341 3628 3400 temporis

2107 3403 2378 3456 htcrcticos
2407 3416 2529 3454 tom.
2560 3402 2678 3466 Ill,
2707 3421 2761 3472 p.
2788 3421 2839 3468 p.
2884 3407 3377 3474 quiestprincipali,
3412 3409 3624 3472 Quanm

2109 3474 2172 3525 sit
2231 3475 2372 3533 apud
2425 3481 2632 3526 eosdem
2689 3475 2974 3527 catholicos
3033 3474 3257 3528 Patrum
3304 3483 3620 3538 auctoritas,

2125 3545 2179 3594 in
2226 3560 2274 3613 sl
2301 3545 2456 3594 eciati
2491 3556 2716 3596 recenset
2754 3561 2930 3598 omnes
2971 3544 3162 3598 Patres
3190 3563 3282 3613 per
3317 3549 3513 3601 sa’culu
3544 3552 3629 3600 di-

2113 3611 2387 3674 stributos,
2417 3622 2464 3664 et
2494 3629 2629 3666 nouo
2660 3617 2853 3666 sa’culo
2885 3616 2958 3668 sic
2987 3617 3060 3666 uit
3097 3630 3115 3668 :

2115 3720 2134 3752 ι
2176 3700 2368 3756 Patres
2401 3704 2527 3755 noni
2559 3705 2765 3770 saeculi,
2794 3720 2858 3758 ex
2892 3720 3026 3759 auro
3070 3707 3486 3775 apostolicorum
3528 3709 3628 3764 Pa-

2041 3802 2180 3848 trum
2207 3803 2358 3847 scuta
2391 3810 2552 3848 aurea
2584 3795 2937 3858 faltricantes,
2962 3806 3015 3850 et
3042 3798 3096 3852 in
3122 3800 3383 3866 templum
3415 3799 3628 3857 Domini

2037 3886 2358 3962 inferentes,
2401 3897 2456 3938 ut
2508 3888 2560 3939 in
2617 3901 2680 3940 eo
2718 3888 2861 3941 mille
2914 3888 3086 3959 ('lypei
3136 3891 3422 3957 pendeant,
3454 3896 3630 3948 omnis

2038 3989 2310 4031 armatura
2374 3979 2611 4032 fortium.
2675 3997 2692 4029 ι
2770 3979 2973 4033 Deinde
3027 3982 3078 4035 itt
3141 3982 3334 4036 horum
3375 3982 3630 4056 Calalogo

2047 4081 2402 4123 connumerat
2430 4069 2816 4139 Theophanem
2851 4070 3198 4138 Cerameum.

2042 4183 2106 4238 P.
2139 4181 2474 4237 Sebastianus
2510 4183 2793 4237 Corderius
2849 4187 2898 4239 iu
2933 4184 3129 4240 Catena
3182 4185 3286 4242 SS.
3323 4187 3628 4245 Cra’carum

2115 4254 2340 4331 Patrum
2372 4258 2424 4306 in
2461 4254 2659 4307 Lucam
2698 4270 2865 4324 nuper
2904 4257 3044 4310 edita
3093 4259 3146 4309 in
3181 4257 3436 4330 Catalogo
3493 4265 3632 4331 ipso-

2111 4339 2229 4375 rum
2276 4323 2524 4379 Patrum.

2118 4438 2484 4508 Theophanes
2515 4439 2834 4504 Ceraunios,
2888 4453 3019 4508 etc.,
3046 4453 3100 4496 ut
3132 4445 3181 4497 itt
3214 4445 3524 4502 testimonio
3562 4462 3627 4502 ex

2045 4529 2373 4585 Bibliotheca
2409 4529 2621 4599 Magna.
3323 4529 3328 4534 ’
3629 4527 3636 4534 ’

2053 4615 2348 4669 Vincentius
2371 4614 2693 4669 Hice/turdus
2717 4615 2778 4670 C.
2811 4615 2870 4669 Β.
2896 4618 2951 4670 in
2966 4615 3255 4673 Comment.
3293 4620 3362 4672 ad
3391 4629 3530 4676 oru't.
3565 4620 3634 4676 18

2312 4685 2371 4740 S.
2427 4684 2606 4740 Procli
2645 4687 2955 4756 archiepisc.
2985 4686 3389 4758 Constantinup.

2115 4775 2339 4831 Videtur
2361 4791 2538 4832 autem
2573 4778 2752 4833 dicere
2801 4779 3002 4833 Christi
3057 4780 3340 4850 imagini-tn
3384 4797 3412 4834 a
3445 4793 3635 4837 sancto

2044 4869 2186 4923 Luca
2235 4871 2503 4938 depictam
2556 4871 2786 4925 fortasse
2846 4873 2898 4924 in
2959 4871 3098 4926 ulnis
3152 4873 3510 4926 sanctissinne
3537 4875 3628 4928 Dei

2045 4959 2357 5024 Genitricis,
2429 4969 2484 5014 ut
2550 4961 2862 5030 depinxisse
2915 4973 3130 5017 constat
3172 4978 3234 5018 ex
3302 4963 3635 5035 TheOphane

2044 5053 2326 5118 Cerameo,
2359 5054 2519 5108 Hom.
2545 5054 2611 5108 de
2635 5053 2926 5124 lmaginum
2966 5057 3345 5113 restitutione:
3384 5077 3404 5110 ι
3460 5059 3633 5113 Lut-as

2045 5144 2280 5199 disertus
2327 5145 2656 5214 evangelista
2733 5146 3022 5215 imaginem
3097 5146 3360 5218 Deiparte,
3407 5163 3530 5202 cera
3576 5157 3630 5203 et

2045 5237 2322 5290 Cuioribus
2351 5237 2592 5304 ἀειιὶιιχὶι
2633 5239 2805 5292 sacris
2853 5238 3094 5294 brachiis
3143 5248 3414 5294 tenentem
3448 5240 3612 5294 D0ttti~

2048 5346 2197 5383 nunt.
2239 5347 2258 5380 3

2049 5422 2179 5473 Dant
2228 5420 2459 5474 Bocchus
2495 5421 2634 5474 Pirri
2661 5421 2873 5477 Siculus
2909 5423 3155 5489 Netinus,
3187 5425 3346 5477 abbas
3379 5421 3437 5478 S.
3475 5421 3634 5486 Elim,

2118 5493 2396 5562 uoluminis
2456 5492 2506 5556 Ι,
2562 5509 2614 5561 p.
2681 5509 2739 5557 ιι,
2794 5497 2888 5549 tib.
2942 5511 3000 5562 tt,
3059 5495 3246 5548 notitia
3293 5499 3338 5559 l,
3383 5493 3631 5545 Ecclesia:

2123 5560 2607 5617 Tauromenitana.

2116 5650 2470 5722 Theophanes
2523 5667 2887 5726 cognomento
2943 5658 3258 5722 Cerameus,
3307 5653 3633 5724 quem'T..u-

2051 5749 2311 5804 romenia:
2374 5749 2840 5820 archiepiscopum
2921 5750 3141 5805 inscribi
3187 5751 3420 5818 reperio.
3481 5747 3638 5800 Hunc

2051 5845 2174 5903 post
2230 5852 2433 5893 annum
2483 5838 2590 5895 84?.
2623 5841 2819 5896 vixisse
2855 5839 3135 5909 Oper-luit;
3175 5855 3298 5893 nam
3343 5839 3560 5909 scripsit
3591 5841 3636 5891 is
