4122 6434
425 369 522 431 151

411 475 674 548 temporis
709 474 842 532 orbe
869 474 1140 542 confecto,
1186 473 1662 531 Resurrectionem
1712 475 1828 531 fore
1877 491 1999 546 spe-

415 583 622 636 ramus,
657 570 711 623 in
741 583 846 638 qua
871 568 1151 624 hominum
1179 583 1346 638 genus
1384 569 1554 624 instar
1605 566 1884 638 cujusdam
1917 579 2000 624 ta-

413 661 692 718 bernaculi
722 675 819 731 per
867 659 1327 716 immortalitatem
1356 661 1699 717 excitandum
1752 669 1875 717 est:
1911 662 2001 717 ubi

416 755 627 810 scilicet
685 754 1009 810 immortalis
1089 755 1304 810 animus
1367 754 1605 824 corpori,
1668 753 1812 824 quod
1886 753 2000 823 jam

417 845 740 908 dimuxerat,
797 844 993 899 iterum
1045 845 1428 915 conjungetur,
1484 847 1550 899 ad
1581 859 1705 902 eum
1757 846 1999 911 modum,

417 952 548 1007 quo,
581 937 674 1006 qui
707 936 841 992 festa
875 936 1246 1005 celebrabant,
1279 953 1341 994 ea
1369 938 1599 1006 virgulta
1619 953 1738 1007 qua:
1761 937 2000 1006 abjicere

1629 365 2123 428 THEOPHANIS
2159 363 2506 427 CERAMEI

3591 353 3694 416 152

2099 477 2367 532 ἀθανάτου
2391 474 2574 546 ψυχῆς
2607 471 2901 540 ἐνωθείσης
2925 470 3003 540 τῷ
3025 469 3418 542 διαρῤεὕσαντι
3447 467 3687 538 σώματι,

2099 568 2175 630 ὠς
2210 567 2279 620 τὰ
2313 563 2752 636 φυλλορῥοοῦντα
2785 565 2894 614 τῶν
2927 578 3113 627 φυτων
3171 558 3312 627 μετὰ
3345 557 3455 609 τῶν
3498 558 3689 611 ἀειθα-

2101 656 2234 722 λῶν,
2266 657 2316 709 οἱ
2350 653 2706 726 ἑορτάζοντες
2749 652 3078 722 ἀνεμίγνυον
3099 665 3113 681 ·
3167 644 3323 718 οἶμαι
3375 647 3484 717 γὰρ
3515 647 3691 714 ἔγωγε

2101 749 2238 819 πρὸς
2265 748 2424 802 τοῦτο
2452 745 2677 817 βλέπειν
2712 746 2805 798 καὶ⁵
2852 743 2948 796 τοῦ
3009 742 3295 806 σαλπίζειν
3330 742 3361 811 ἡ
3419 741 3694 799 κέλευσις.

2107 860 2126 893 ι
2171 842 2260 894 Ἐν
2283 840 2392 911 γὰρ
2427 841 2493 909 τῇ
2535 839 2740 909 ἐσχάτη
2771 836 2957 908 ἡμέρᾳ
2994 834 3270 900 σαλπίσει,
3315 833 3474 904 φησὶ,
3501 833 3596 886 καὶ
3643 832 3696 884 οἱ

2101 936 2290 1005 νεκροὶ
2314 935 2740 1004 ἀναστήσονται.
2784 950 2803 984 ›

415 1030 590 1084 solent
621 1029 766 1095 folia,
805 1043 927 1085 cum
970 1046 1187 1102 semper
1234 1030 1614 1086 frondentibus
1666 1030 2116 1086 commiscebant.
2183 1028 2362 1096 Atque
2422 1042 2522 1099 ego
2593 1024 2844 1096 equidem
2898 1023 3085 1079 eodem
3149 1029 3400 1093 spectare
3461 1019 3698 1073 arbitror

415 1127 668 1180 tubarum
731 1125 972 1180 sonitum
1013 1127 1416 1198 praescriptum,
1484 1123 1751 1193 siquidem
1847 1123 2165 1191 novissimo,
2211 1122 2410 1192 inquit,
2481 1121 2570 1176 die.

415 1227 664 1286 surgent.
718 1235 738 1270 ι

487 1306 557 1360 At
610 1305 757 1360 enim
807 1303 1076 1360 dubitabit
1107 1303 1335 1360 fortasse
1379 1303 1676 1376 quispiam,
1711 1305 1839 1374 quid
1870 1319 1998 1360 cau-

415 1411 490 1452 sa:
545 1396 765 1452 tandem
823 1398 914 1464 sit,
954 1411 1055 1452 cur
1105 1397 1308 1453 mensis
1361 1397 1463 1454 iste
1515 1397 1778 1461 delectus,
1813 1406 1874 1451 ut
1923 1406 2001 1452 tot

415 1491 684 1561 imagines
753 1489 971 1548 ferret?
1029 1491 1302 1547 Nimirum
1361 1491 1505 1560 quod
1564 1489 1630 1544 ad
1696 1490 2002 1546 futurorum

419 1579 876 1651 signiﬁcationem
927 1589 1073 1642 esset
1125 1580 1486 1651 aptissimus:
1527 1594 1633 1635 non
1668 1581 1830 1634 modo
1876 1581 2000 1650 quia

423 1674 692 1742 septimus
752 1686 892 1729 esta
956 1673 1149 1740 Nisan,
1211 1683 1272 1730 ut
1333 1689 1494 1745 supra
1559 1675 1817 1730 indicavit
1876 1689 2003 1729 ora-

422 1766 498 1821 tio
547 1777 760 1834 nostra,
804 1767 898 1823 sed
943 1775 1203 1838 praeterea
1257 1767 1401 1840 quod
1451 1783 1573 1839 qua:
1621 1766 1806 1840 fruges
1833 1783 2003 1823 verno

423 1867 671 1929 tempore
737 1860 1157 1930 germinarunt,
1231 1858 1441 1916 mensis
1512 1861 1612 1915 iste
1679 1861 1999 1931 corrumpit.

424 1951 544 2007 Scis
614 1960 792 2006 autem
861 1951 1088 2008 omnino
1155 1951 1318 2007 vitam
1385 1953 1532 2008 illam
1595 1967 1758 2022 quam
1816 1966 2006 2023 exspe-

429 2053 664 2108 ctamus,
739 2041 902 2097 ﬁnem
974 2042 1040 2098 iis
1105 2042 1406 2114 imponere,
1473 2057 1593 2112 quae
1657 2057 1723 2096 ex
1792 2051 2006 2098 creata-

423 2150 544 2188 rum
607 2151 790 2191 rerum
860 2135 1178 2190 conditione
1239 2151 1335 2204 per
1391 2145 1544 2191 ortus
1633 2143 1689 2189 et
1755 2133 2008 2188 interitus

426 2229 865 2284 vicissitudinem
925 2228 1344 2299 progignuntur.
1416 2227 1640 2283 Accedit
1701 2227 1868 2282 etiam
1938 2227 2004 2281 il-

425 2323 543 2385 lud,
597 2322 741 2392 quod
796 2321 876 2378 sol
935 2321 1141 2376 zodiaci
1197 2318 1306 2391 (18
1361 2319 1630 2390 spha'ram
1681 2333 2006 2390 percurrens

424 2407 797 2460 duodecimam
851 2408 1179 2476 portionem,
1227 2423 1387 2477 quam
1461 2408 1651 2465 libram
1715 2412 2011 2483 appellant,

425 2499 532 2553 boc
583 2512 768 2554 mense
823 2497 1094 2568 pervadit.
1153 2498 1270 2567 Quo
1325 2499 1562 2556 fortasse
1607 2501 1774 2558 divini
1819 2504 2009 2575 judicii

424 2591 658 2657 aequitas
694 2589 783 2644 illa
816 2590 1086 2660 signatur,
1119 2605 1224 2660 qua
1257 2607 1353 2646 sua
1397 2593 1594 2660 cuique
1623 2596 1817 2651 merita
1858 2595 2012 2664 justo

428 2683 670 2750 pondere
701 2682 1098 2752 rependentur.
1131 2679 1600 2749 Quemadmodum
1650 2701 1778 2742 vero
1811 2689 2015 2744 mensis

430 2781 534 2832 iste
573 2777 824 2846 princeps
849 2775 1065 2844 quidem
1102 2776 1243 2845 apud
1277 2792 1375 2834 nos
1418 2789 1520 2843 est,
1563 2781 1852 2850 septimum
1883 2796 2014 2837 vero

427 2869 569 2938 apud
618 2867 877 2924 Hebraeos
931 2867 1142 2924 obtinet
1192 2869 1396 2938 locum,
1433 2881 1596 2942 atque
1651 2874 1701 2927 in
1763 2874 2012 2929 eumdem

425 2962 532 3018 ista
564 2963 914 3028 conveniunt,
947 2962 1026 3018 sic
1073 2971 1129 3018 et
1175 2965 1576 3034 corruptionem
1635 2965 1926 3031 fructibus,
1958 2976 2013 3022 et

427 3054 570 3110 idem
602 3055 886 3111 vindemia:
921 3055 1135 3110 initium
1182 3055 1359 3112 alfert.
1391 3056 1546 3124 Quod
1577 3073 1710 3114 sane
1762 3058 1828 3113 ad
1863 3058 2014 3114 hunc

2632 1138 2646 1175 :
2707 1137 2727 1174 ι
2765 1117 2916 1175 Tuba
2949 1127 3128 1184 canet,
3196 1125 3252 1174 et
3313 1113 3548 1171 mortui“
3607 1127 3696 1166 re-

2186 1308 2323 1379 Φαίη
2348 1306 2395 1362 δ’
2437 1305 2504 1360 ἄν
2558 1324 2642 1370 τις
2671 1306 2804 1369 ῐσως
2849 1302 3146 1373 ὲπαπορῶν
3169 1317 3185 1332 ·
3248 1299 3346 1354 καὶ
3375 1299 3500 1353 ὅτου
3533 1297 3701 1368 χάριν

2115 1395 2271 1466 οὗτος
2307 1403 2334 1454 6
2371 1400 2477 1472 μὴν
2524 1399 2830 1471 προεκρίθη
2882 1396 3153 1459 τοσαύτας
3201 1395 3391 1465 φέρειν
3436 1393 3700 1456 είκὸναςς

2111 1492 2196 1546 ὅτι
2223 1508 2305 1544 τοι
2339 1491 2432 1546 καὶ
2469 1491 2614 1561 μάλα
2637 1488 3093 1560 πρεπωδέστατος
3115 1479 3272 1549 οὗτος
3296 1484 3433 1556 πρὸς
3462 1486 3520 1538 τὸ
3553 1483 3702 1536 εἰκό-

2109 1598 2279 1651 νισμα
2309 1597 2322 1611 ’
2352 1580 2412 1633 οὐ
2449 1579 2610 1651 μόνον
2643 1579 2727 1633 ὅτι
2762 1576 2990 1645 ἕϐδομός
3019 1576 3168 1628 ἐστιν
3194 1573 3302 1628 ἀπὸ
3331 1573 3427 1627 τοῦ
3457 1573 3697 1635 Νισσᾶν,

2106 1673 2183 1738 ὡς
2212 1675 2242 1728 6
2286 1672 2448 1740 λόγος
2479 1671 2786 1738 ἀπέδειξεν,
2839 1669 2954 1723 ἀλλ’
2988 1669 3070 1722 ὅτι
3103 1668 3196 1722 καὶ
3229 1667 3417 1738 φθίσις
3449 1667 3565 1720 ἐστὶ
3591 1667 3705 1718 τῶν

2110 1767 2254 1821 κατὰ
2281 1767 2342 1819 τὸ
2372 1765 2472 1835 ἔαρ
2521 1761 2947 1834 βλαστησάντων
2978 1759 3229 1827 καρπῶν,
3279 1758 3439 1821 Νοεῖς
3468 1757 3526 1812 δὲ
3564 1757 3704 1815 πάν-

2110 1879 2238 1923 τως,
2268 1861 2350 1913 δτι
2381 1859 2474 1912 καὶ
2505 1858 2537 1928 ἢ
2570 1854 2999 1927 προσδοκωμένη
3033 1853 3150 1921 ζωὴ
3179 1853 3331 1922 λῆξίς
3355 1854 3474 1906 ἐστι
3496 1851 3607 1905 τῶν
3639 1851 3704 1905 ἐν

2111 1952 2345 2021 γενέσει,
2374 1950 2468 2004 καὶ
2502 1947 2679 2020 φθορᾷ
2705 1946 3134 2017 βλαστησάντων
3165 1945 3308 1997 κατὰ
3335 1942 3436 2013 τὴν
3467 1943 3705 2003 κτίσεως

2109 2044 2354 2112 γένεσιν.
2414 2041 2560 2112 Πρὸς
2611 2039 2825 2100 τούτοις
2859 2037 2939 2100 δὲ,
2997 2037 3080 2090 ὃτι
3130 2037 3224 2089 καὶ
3287 2034 3386 2105 τὴν
3424 2032 3708 2101 ζωδιακὴν

2115 2136 2355 2205 σφαῖραν
2401 2131 2710 2186 διιππεύων
2769 2131 2797 2183 6
2846 2131 3002 2200 ἥλιος
3037 2125 3179 2182 κατὰ
3207 2126 3301 2178 τὸν
3335 2125 3479 2195 μῆνα
3511 2122 3708 2176 τοῦτον

2111 2229 2190 2289 είς
2209 2227 2270 2279 τὸ
2290 2224 2591 2278 δωδέκατον
2614 2221 2805 2294 μόριον
2834 2220 3068 2288 γίνεται,
3096 2217 3126 2270 ὃ
3157 2215 3322 2284 ζυγὸν
3350 2214 3704 2286 ὀνομάζουσι’

2115 2317 2474 2391 σημαίνοντος
2533 2315 2679 2386 τάχα
2725 2314 2822 2368 τοῦ
2885 2313 3237 2382 πράγματος,
3288 2311 3354 2362 τὺ
3400 2307 3545 2361 κατὰ
3604 2305 3710 2376 τὴν

2118 2411 2412 2484 ίσόρῤοπον
2452 2408 2672 2478 ἐκείνην
2715 2407 2810 2462 τοῦ
2862 2406 3000 2460 Θεοῦ
3035 2405 3245 2475 κρίσιν,
3276 2404 3377 2472 τῆς
3403 2399 3725 2455 ἀνταποδὸ-,

2115 2522 2254 2567 σεως
2309 2504 2541 2558 δίκαιον.
2595 2503 2810 2572 Ὠσπερ
2844 2501 2903 2554 δὲ
2953 2503 2982 2555 6
3013 2500 3178 2563 αὐτὸς
3224 2492 3378 2561 οὗτος
3418 2496 3545 2566 μὴν,
3579 2493 3709 2547 καθ’

2123 2597 2410 2669 Ἐϐραίους
2453 2596 2552 2668 μέν
2583 2597 2730 2649 ἐστιν
2770 2593 3022 2664 ἕϐδομοςο
3053 2590 3268 2662 πρῶτος
3305 2589 3363 2643 δὲ
3403 2587 3527 2642 καθ’
3556 2587 3710 2656 ἡμᾶς

2113 2694 2142 2748 6
2173 2693 2337 2756 αὐτὸς
2367 2691 2442 2745 ὢν
2477 2690 2767 2761 ἀμφότερα
2791 2705 2805 2720 ·
2839 2685 2984 2741 οὕτω
3014 2687 3077 2758 δὴ
3111 2685 3203 2739 καὶ
3243 2683 3428 2752 φθίσις
3453 2681 3570 2734 ἐστὶ
3595 2678 3709 2732 τῶν

2114 2783 2369 2852 καρπῶν,
2424 2784 2519 2836 καὶ
2575 2782 2718 2852 ἀρχὴ
2749 2780 2844 2835 τοῦ
2879 2779 3166 2851 τριγητοῦ.
3219 2776 3394 2830 Τοῦτο
3438 2773 3710 2828 νοοὺντων

2115 2873 2296 2943 ἡμῶν,
2317 2871 2391 2932 ὡς
2422 2872 2520 2924 καὶ
2547 2873 2574 2924 6
2605 2871 2836 2940 ἕϐδομος
2867 2863 3026 2933 οὗτος
3074 2866 3211 2922 αίὼν
3236 2866 3392 2928 τέλος
3431 2867 3530 2934 μέν
3560 2866 3708 2930 ἐστι,

2118 2966 2213 3018 καὶ
2237 2966 2575 3028 κατάστασις
2613 2964 2886 3032 γενέσεως
2923 2963 3018 3016 καὶ
3069 2961 3310 3032 φθορᾶς·
3346 2958 3491 3029 ἀρχὴ
3524 2957 3582 3011 δὲ
3609 2955 3706 3009 τοῦ

2115 3057 2310 3128 νοητοῦ
2353 3054 2650 3127 τρυγητοῦ.
2704 3056 3024 3125 Διαδέχεται
3069 3053 3126 3107 δὲ
3178 3053 3324 3123 ἡμᾶς
3369 3053 3402 3120 ἠ
3440 3049 3710 3118 μέλλουσα

428 3164 530 3204 nos
560 3148 945 3204 transierimus
973 3148 1333 3216 intellectum,
1379 3150 1744 3219 septenarium
1808 3153 2014 3207 scilicet

2121 3151 2306 3220 ἐκείνη
2358 3150 2553 3221 ληνός·
2591 3148 2687 3202 καὶ
2715 3147 2906 3218 ὥσπερ
2940 3145 3197 3205 ἐνταῦθα.
3236 3146 3282 3196 εί
3309 3143 3410 3213 μὲν
3454 3141 3707 3209 εὐγενὴς,

429 3242 533 3298 hoc
592 3240 848 3297 saeculum
895 3241 1322 3312 generationem,
1372 3243 1883 3314 corruptionemque
1935 3244 2012 3301 si-

504 3355 570 3410 ⁶Ι
602 3356 733 3412 Cor.
778 3371 872 3422 ιγ,
924 3356 1014 3412 5‘2.

2121 3245 2221 3298 καὶ
2253 3243 2454 3311 ὡραῖος
2511 3244 2539 3297 ὁ
2587 3241 2782 3314 βῦτρυς
2815 3239 3006 3312 ὲντεθῇ
3058 3240 3180 3302 ταῖς
3209 3237 3411 3310 ληνοῖς,
3445 3236 3577 3308 ἡδὺς
3612 3233 3710 3288 καὶ

1672 3450 2004 3514 Francisci
2035 3452 2244 3516 Scorsi
2290 3457 2480 3514 notes.

435 3608 654 3648 σταται.
690 3589 1030 3656 εεῃιεησνὶὑε
1077 3606 1194 3645 vero
1243 3607 1489 3647 numerus
1535 3592 1691 3646 etiam
1739 3591 2016 3648 Salomoni

431 3663 621 3728 infera:
671 3669 880 3732 natura:
924 3661 1019 3723 (ita
1072 3663 1232 3715 vertit
1277 3662 1394 3725 ejus
1435 3663 1697 3717 orationis
1749 3665 2018 3732 interpres

431 3732 761 3786 FranciSCns
782 3729 976 3804 iZinus.
1010 3745 1107 3804 ego
1135 3733 1196 3784 τὸ
1231 3732 1444 3800 λήξεως
1482 3734 1708 3800 regionis
1742 3729 2016 3804 verterint)

431 3819 621 3865 (cutim,
651 3803 789 3870 quod
815 3818 908 3868 per
929 3801 1247 3866 septimanos
1274 3805 1327 3857 in
1354 3805 1686 3860 semetipsum
1716 3801 2018 3869 revolvitur,

431 3883 482 3926 et
513 3874 567 3925 in
600 3875 778 3926 orbem
810 3872 970 3942 redit,
995 3874 1295 3942 siqniﬁcaﬁre
1335 3883 1518 3940 potest.
1554 3874 1790 3930 Sanctus
1817 3875 2021 3942 Grego-

432 3944 549 3996 rius
585 3943 763 4012 Magn.
812 3941 962 3996 hom.
995 3943 1063 3995 55
1112 3945 1167 3996 in
1219 3941 1445 4010 Evanq:
1482 3944 1621 4008 Quia
1650 3945 1784 3997 enim
1828 3941 2022 4008 septem

429 4013 617 4066 diebus
643 4028 793 4084 omne
818 4020 1020 4084 tempus
1045 4013 1524 4084 comprehenditur,
1558 4026 1696 4068 recte
1725 4016 2021 4084 septenario

433 4098 660 4136 numero
703 4082 1016 4135 universitas
1074 4083 1402 4150 designatur.
1453 4081 1634 4138 Tertia
1687 4081 1845 4143 ratio.
1899 4084 2020 4142 quia

435 4163 642 4219 septem
676 4161 1030 4205 numerantur
1058 4163 1244 4206 aetates
1274 4153 1487 4216 mundi;
1523 4154 1664 4208 unde
1693 4163 1881 4208 octava
1916 4153 2023 4208 Re-

437 4222 803 4277 surrectionis
833 4221 950 4275 dies
987 4233 1224 4276 αιιρτιιιιε
1255 4223 1468 4276 dicitur.
1497 4222 1567 4277 Ita
1622 4234 1872 4278 numerat
1918 4224 2026 4276 Da-

435 4307 632 4362 "1250.,
681 4292 772 4345 lib.
818 4308 853 4346 ll
902 4291 974 4344 De
1026 4292 1128 4362 ﬁde
1172 4292 1334 4354 orth.,
1381 4295 1532 4360 capi
1574 4312 1586 4346 :
1621 4295 1885 4359 Λέγονται
1920 4292 2019 4362 μὲν

434 4358 531 4444 οᾷν
559 4363 700 4443 ἑπτὰ
730 4362 927 4444 dirimet;
956 4360 1049 4414 τοῦ
1079 4362 1285 4444 κόσμου
1318 4358 1533 4444 τοιξτουο
1571 4358 1740 4444 ᾗγουν
1780 4363 1889 4444 ἀπὸ
1919 4358 2017 4444 τῇς

437 4431 670 4502 οὐρανοῦ
701 4433 795 4485 καὶ
838 4432 1046 4499 κόσμου
1078 4432 1310 4494 κτίσεως
1346 4435 1508 4503 μέχρι
1549 4431 1650 4500 τῆς
1691 4434 1876 4502 κοινῆς
1910 4433 2018 4486 τῶν

437 4503 745 4570 ἀνθρώπων
794 4503 1105 4565 συντελείας
1139 4519 1196 4554 τε
1242 4504 1336 4554 καὶ
1377 4504 1750 4564 ἀναστάσεως.
1795 4505 1848 4556 ld
1889 4512 2015 4556 est:

437 4546 706 4627 Dicuntur
749 4575 907 4626 etiam
951 4546 1141 4638 septe‘m
1173 4573 1370 4626 stecitta
1404 4575 1588 4627 mundi
1619 4546 1776 4642 huius
1821 4589 1853 4626 α
1884 4574 2018 4637 caeli,
2056 4546 2100 4604 υ

438 4656 487 4698 et
523 4655 678 4698 terrae
702 4643 935 4696 videlicet
963 4643 1228 4696 creatione
1258 4661 1420 4712 usque
1473 4645 1543 4697 ad
1577 4660 1901 4697 communem
1937 4644 2027 4695 ho-

440 4716 638 4768 minum
665 4713 1171 4766 consummationem
1203 4726 1248 4767 et
1292 4715 1755 4767 resuscitationem.
1784 4712 1847 4765 Et
1871 4713 2027 4780 paulo

441 4795 582 4849 post.
616 4783 842 4850 Ὄγδοος
866 4782 921 4835 δὲ
948 4781 1082 4836 αἰὼν
1111 4783 1139 4835 6
1173 4784 1407 4850 μέλλων,
1436 4783 1687 4837 Octavum
1721 4795 1894 4835 autent
1923 4798 2025 4836 sa:-

441 4855 616 4908 culum
650 4853 887 4922 futurum
922 4864 1017 4907 est.
1054 4851 1125 4907 Ita
1167 4854 1392 4907 Damasc
1440 4864 1492 4905 at
1530 4870 1659 4908 vero
1687 4854 1753 4907 ab
1783 4853 1902 4907 aliis
1929 4867 2024 4906 sex

443 4933 802 4977 numerantur
833 4933 1042 4984 aetates,
1083 4939 1109 4975 a
1143 4923 1285 4978 Beda
1318 4923 1369 4975 in
1403 4922 1597 4977 Chron.
1632 4924 1695 4977 de
1735 4939 1827 4977 sex
1856 4934 2023 4986 tetat.,

441 4995 511 5046 al)
540 4994 722 5047 Adone
755 4991 1044 5046 Viennensi
1080 4995 1204 5048 item
1242 4994 1294 5047 in
1324 4992 1519 5048 Chron.
1569 4993 1704 5047 Sunt
1749 5005 1926 5046 autent
1961 4993 2027 5048 ab

441 5063 653 5117 Adamn
678 5079 848 5129 usque
871 5065 935 5115 ad
970 5062 1228 5118 Noemum
1251 5080 1266 5128 ;
1293 5081 1318 5114 a
1347 5063 1546 5117 Noemo
1567 5079 1738 5132 usque
1763 5065 1827 5117 ad
1857 5065 2028 5117 Abra-

444 5135 696 5197 hamum;
727 5134 795 5187 ab
825 5135 924 5187 hoc
957 5149 1123 5201 usque
1169 5135 1234 5186 ad
1282 5133 1574 5199 Davidem;
1605 5135 1730 5188 hinc
1769 5149 1939 5202 usque
1962 5133 2027 5186 ad

445 5205 980 5274 trmism‘grationent
1038 5205 1216 5273 populi
1278 5204 1330 5258 in
1387 5203 1751 5272 Babylonem;
1807 5205 1874 5258 ab
1929 5206 2029 5258 hac

445 5290 621 5342 usque
647 5273 712 5326 ad
737 5273 948 5344 Christi
973 5276 1262 5344 adventum
1287 5291 1300 5339 ;
1331 5290 1398 5329 ex
1423 5290 1529 5344 quo
1552 5275 1660 5343 jam
1687 5284 1836 5328 sexta
1870 5289 2027 5344 perac

444 5357 589 5416 gitur
611 5344 894 5416 astas.Sed
926 5343 1099 5398 facilis
1124 5353 1207 5398 est
1235 5345 1422 5416 borum
1444 5343 1671 5398 'l’atrum
1693 5345 2026 5408 conciliatio,

445 5413 490 5470 si
529 5417 594 5468 ab
623 5415 931 5469 Abrahamo
955 5431 1126 5482 usque
1164 5417 1227 5467 ad
1263 5413 1461 5468 Mosem
1498 5431 1759 5469 annorum
1795 5415 2026 5482 spatium

445 5487 788 5555 interjectum
822 5485 1033 5538 tertiam
1066 5485 1361 5539 constituas
1386 5495 1618 5550 (etatem,
1653 5501 1717 5541 ex
1746 5500 1848 5553 qua
1879 5486 2030 5538 dein-

447 5571 576 5622 ceps
620 5567 768 5610 sexta
803 5571 970 5622 ttsque
999 5555 1064 5607 ad
1095 5555 1393 5617 Christum,
1427 5566 1480 5610 et
1529 5556 1596 5610 ab
1633 5556 1751 5621 ipso
1798 5557 2026 5623 septima

451 5627 841 5678 recensebiutr.
872 5625 1031 5680 Certe
1077 5625 1188 5678 haec
1219 5636 1487 5693 postrema
1537 5626 1852 5679 numerandi
1891 5625 2028 5678 ratio

449 5693 661 5766 videtur
707 5703 923 5766 accepta
974 5696 1024 5748 in
1078 5695 1460 5766 Martyroloeio
1513 5696 1772 5757 Romano,
1808 5695 1897 5748 ubi
1932 5711 2026 5766 vtlt

454 5761 578 5812 Kal.
614 5760 836 5815 Januar.
885 5763 1078 5832 legitur
1123 5760 1332 5819 venisse
1358 5767 1632 5819 Christum
1662 5773 1810 5819 sexta
1845 5765 2026 5818 mundi

453 5839 636 5896 aetate,
666 5841 720 5884 et
747 5835 1161 5901 censequcntius
1185 5835 1310 5891 huic
1335 5837 1510 5892 ordini
1537 5850 1710 5890 aevum
1739 5835 1866 5889 illud
1901 5834 2030 5890 Bea-

2125 3602 2303 3648 torum
2347 3602 2535 3648 octava
2569 3591 2764 3647 dicitur
2793 3592 3158 3648 communiter
3209 3605 3237 3644 a
3292 3587 3390 3645 SS.
3431 3587 3710 3644 Patribns.

2127 3664 2418 3718 Enimvero
2452 3663 2592 3717 Beda
2629 3664 2744 3731 ipse
2785 3663 3089 3730 septimam.
3123 3661 3205 3716 vel
3252 3672 3498 3731 octavam
3541 3657 3713 3731 quieti

2126 3736 2358 3800 vitroque.
2404 3733 2610 3789 cmlesti
2643 3728 2858 3790 tribuiti
2894 3734 2970 3787 sic
3014 3735 3158 3786 enim
3207 3731 3398 3800 incipit
3447 3728 3710 3800 libellum,

2127 3819 2222 3860 seu
2254 3799 2450 3860 Chron.
2478 3805 2541 3858 de
2569 3819 2661 3858 sea:
2693 3803 2876 3856 mundi
2923 3803 3189 3867 aztatibus,
3236 3816 3300 3856 ac
3326 3799 3592 3867 simum,
3626 3799 3711 3853 vel

2127 3887 2317 3929 oetava
2347 3875 2566 3941 quietis,
2601 3873 2827 3942 vitzeque
2873 3873 3137 3936 caelestis,
3188 3883 3315 3942 etc,
3344 3871 3456 3942 Sed
3496 3870 3609 3937 ipse
3652 3882 3716 3942 se

2120 3938 2474 4012 explicat'hb.
2506 3943 2579 3997 De
2607 3938 2762 4008 temp'.
2789 3952 2918 4005 ναι..
2944 3958 3061 4012 cap.
3093 3943 3145 4004 8.
3173 3941 3259 3995 ubi
3288 3941 3353 3995 de
3374 3938 3713 4012 hebdomada

2121 4007 2342 4068 allatum
2380 4015 2559 4068 saeculi
2606 4007 2736 4080 agit.
2769 4021 2822 4067 et
2871 4007 3112 4082 singulas
3148 4013 3331 4065 mundi
3361 4018 3550 4064 anates
3595 4007 3712 4082 sin-

2121 4084 2257 4148 gulis
2296 4084 2508 4149 diebus,
2539 4079 2733 4152 quibus
2781 4092 2865 4137 est
2909 4079 3156 4137 conditus
3205 4082 3369 4144 orbis,
3404 4079 3702 4152 componit.

2127 4152 2246 4206 Vult
2275 4165 2452 4208 autem
2485 4150 2766 4224 septimam
2790 4163 3006 4224 nitatem
3033 4168 3153 4207 esse
3182 4150 3708 4224 quietemjustorum

2122 4237 2247 4278 cum
2283 4224 2524 4277 emeritis
2549 4221 2672 4277 vitae
2701 4223 2987 4292 stipendiis
3013 4221 3356 4292 corporaihic
3392 4221 3709 4292 deponunt;

2123 4305 2371 4348 octavam
2407 4310 2526 4347 cum
2561 4294 2752 4346 ilermn
2779 4288 2844 4346 ea
2885 4288 3180 4347 resument.
3227 4291 3487 4356 Septima,
3515 4288 3713 4354 inquit,

2126 4373 2281 4418 wtate
2303 4366 2573 4433 jnstorunt
2606 4363 2798 4417 animm
2823 4373 2934 4429 post
2963 4364 3185 4430 optimos
3219 4361 3378 4428 hujus
3415 4358 3717 4433 vitre_labo-

2126 4450 2228 4497 res,
2259 4427 2319 4488 iri
2340 4435 2446 4486 alia
2474 4436 2580 4486 vita
2619 4427 2865 4502 perpetuo
2901 4427 3247 4502 requiescunt,
3287 4427 3403 4500 qua:
3436 4427 3584 4482 nulla
3614 4445 3718 4481 un-

2126 4520 2282 4573 quam
2318 4505 2536 4556 tristitia
2573 4504 2944 4565 mnculabitur,
2962 4505 3051 4556 sed
3074 4503 3275 4569 majore
3298 4503 3516 4573 insuper
3534 4515 3715 4552 resur-

2131 4568 2296 4627 rectio
2307 4577 2384 4628 nis
2397 4573 2568 4642 gloria
2585 4573 2967 4627 cumulabitur.
2987 4573 3112 4627 Ha'c
3127 4568 3253 4626 tetas
3269 4568 3562 4623 hominibus
3586 4581 3714 4642 tunc

2131 4647 2304 4710 cazpit.
2338 4639 2547 4712 quando
2599 4645 2799 4706 primus
2851 4654 3054 4713 martyr
3088 4643 3215 4695 Abel
3250 4656 3463 4708 corpore
3507 4639 3716 4713 quidem

2131 4709 2410 4774 tumulum.
2445 4713 2634 4783 spiritu
2677 4723 2854 4766 autem
2899 4709 3192 4767 Sulibatum
3233 4722 3492 4780 perpetua:
3526 4709 3716 4783 quietis

2129 4785 2381 4847 intravit;
2433 4781 2734 4853 perﬁcietur
2784 4793 2981 4843 autent,
3035 4783 3242 4851 quando
3283 4783 3496 4853 receptis
3532 4781 3715 4853 sancti

2129 4849 2444 4919 corporibus
2482 4849 2536 4907 in
2573 4865 2710 4907 terra
2740 4870 2837 4906 sua
2868 4849 3102 4919 duplicia
3135 4851 3494 4921 possidebunt,
3523 4849 3716 4921 thitia

2129 4926 2444 4990 sempiterna
2475 4925 2572 4978 erit
2597 4924 2694 4986 eis,
2722 4933 2768 4977 et
2800 4926 2914 4992 ipsa
2948 4919 3166 4977 Octava.
3201 4923 3274 4976 Ita
3314 4922 3452 4974 Beda
3481 4919 3718 4992 explica-

2129 4989 2246 5047 tus.
2291 4994 2511 5048 Demum
2563 5005 2786 5048 sanctus
2821 4989 3164 5063 ’Augustinus
3212 4992 3508 5045 acutiorem
3556 4989 3715 5042 aliain

2133 5066 2393 5118 rationem
2428 5064 2703 5129 insinuat;
2749 5066 3115 5130 septenarium
3162 5063 3372 5115 scilicet
3406 5074 3714 5120 numerum,

2129 5135 2255 5200 quia
2285 5150 2346 5186 ex
2382 5144 2491 5187 toto
2525 5135 2730 5201 impare
2759 5135 3017 5196 ternario,
3049 5141 3102 5188 et
3129 5143 3240 5186 toto
3267 5132 3470 5199 impare
3497 5138 3719 5201 (lnater-

2132 5197 2282 5256 narin
2333 5197 2649 5266 conﬁcitur;
2704 5203 2822 5256 ideo
2870 5218 3010 5271 smpe
3063 5217 3158 5270 pro
3208 5197 3462 5271 universo
3517 5197 3714 5271 accipi.

2131 5273 2269 5340 Lege
2291 5285 2548 5338 praeterea
2576 5275 2626 5325 in
2653 5274 2792 5327 hanc
2815 5289 2927 5327 rem
2948 5267 3097 5340 plura
3129 5273 3194 5325 ad
3230 5272 3377 5326 bom.
3401 5269 3492 5332 40,
3525 5279 3633 5340 not.
3657 5267 3714 5331 2,

2131 5355 2180 5397 et
2213 5338 2397 5412 ipsum
2432 5342 2813 5413 Theophanem
2851 5343 2918 5396 ad
2953 5338 3113 5397 hom.
3141 5359 3260 5410 Lm,
3294 5341 3346 5395 id
3397 5338 3716 5410 mysterium

2130 5415 2513 5482 explicantem.

2202 5478 2314 5551 (l8)
2363 5483 2600 5538 Zodiaci.
2641 5480 2757 5537 Non
2795 5481 3057 5536 absimilis
3101 5497 3291 5535 sensus
3339 5479 3404 5534 ad
3454 5478 3712 5549 pietatem

2132 5555 2462 5607 incitandum
2496 5555 2562 5609 ab
2598 5553 2787 5614 ldiota,
2815 5556 2877 5605 de
2912 5567 3016 5618 quo
3047 5568 3232 5620 supra,
3264 5559 3373 5606 not.
3411 5551 3459 5615 Ι,
3497 5551 3547 5600 in
3579 5562 3717 5620 cou-

2134 5625 2479 5692 templatione
2513 5624 2722 5690 septimi
2765 5617 2966 5676 mensis
2999 5617 3253 5679 elici-tur:
3287 5621 3353 5675 In
3399 5617 3715 5692 Septemhrr',

2134 5687 2328 5762 inquit,
2361 5694 2438 5746 sol
2469 5704 2543 5746 est
2577 5687 2630 5747 in
2677 5695 2824 5761 signa
2867 5693 3061 5757 Libra},
3087 5695 3155 5745 ad
3180 5692 3584 5762 designandum,
3613 5687 3719 5739 Do-

2134 5766 2290 5826 mine,
2323 5765 2445 5832 quia
2475 5764 2651 5817 omnia
2683 5763 2822 5819 dona
2853 5775 2946 5820 tua
2989 5764 3040 5818 in
3081 5762 3177 5818 hac
3213 5767 3318 5818 vita
3347 5770 3472 5816 sunt
3504 5774 3718 5814 mensu-

2144 5846 2262 5891 mta
2293 5845 2338 5890 ct
2368 5835 2586 5893 librata.
