4122 6446
564 407 671 474 159

1754 408 2248 471 TBEOPIIANIS
2285 410 2626 472 CERAMEI

3715 401 3812 464 1‘50

555 525 828 594 Spirituali
863 525 1205 595 perfecti,ne
1238 540 1334 582 vos
1371 525 1438 580 iis
1498 525 1838 583 associemns
1899 526 2346 590 homini-Alei;
2395 526 2494 597 τὴν
2545 525 2929 596 πνευματικὴν
2980 523 3224 592 ἡλικίαν,
3290 522 3364 592 μὴ
3409 523 3817 592 καταμιγνύειν

563 619 684 674 hns.
738 617 828 685 qui
856 617 942 670 vel
975 626 1227 684 tanquam
1261 631 1390 672 sues
1435 616 1717 671 libidinum
1773 633 1929 674 omne
1974 617 2135 672 dele-

564 717 805 772 cmntnr,
835 709 910 761 vel
944 718 1220 777 peccatum
1240 710 1528 764 utsteriles
1551 709 1725 763 mulas
1757 720 1999 776 pascunt.
2027 709 2134 763 Ne-

561 816 664 866 que
697 801 838 854 enim
869 801 1133 857 vitiositas
1164 802 1606 870 propagatiouem
1659 801 1847 856 habuit
1899 815 1930 854 a
2000 798 2130 864 Deo,

561 894 717 945 sicuti
743 907 917 961 neque
959 894 1087 947 muli
1117 909 1184 948 ex
1214 909 1270 948 se
1317 894 1472 963 ipsis,
1509 903 1565 950 et
1606 909 1701 949 sua
1758 893 1928 961 stirpe
1977 892 2137 948 sobo-

564 983 666 1035 lem
707 983 953 1053 gignunt.
1006 983 1275 1040 Praeterea
1329 998 1390 1040 ut
1441 1000 1632 1040 eormn
1686 984 2133 1040 consuetudinem

562 1075 814 1140 vitemus,
843 1077 930 1143 qui
964 1093 1226 1146 equorum
1262 1078 1367 1132 ritu
1404 1095 1589 1133 amore
1645 1078 1929 1132 mulierum
1987 1077 2134 1131 insa-

561 1168 718 1220 niunt
744 1185 759 1232 ;
785 1171 876 1221 sed
908 1169 976 1222 ab
1003 1169 1089 1224 his
1117 1170 1370 1225 omnibus
1407 1173 1742 1236 recedentes,
1767 1186 1889 1224 cum
1922 1171 1988 1226 iis
2051 1169 2135 1223 vi-

561 1274 772 1324 vamus,
834 1261 923 1327 qui
974 1263 1114 1316 idem
1174 1277 1238 1318 ac
1289 1278 1388 1318 nos
1431 1265 1663 1332 sapiunt,
1720 1264 2135 1328 animorumque

559 1352 847 1406 concordia
875 1355 1087 1421 pascuis
1113 1355 1302 1409 iisdem
1356 1365 1598 1410 utuntur.
1627 1355 1764 1411 Cum
1825 1357 1927 1410 hoc
1977 1360 2134 1410 modo

561 1445 918 1511 cogitationes
951 1455 1148 1501 nostra!
1179 1447 1244 1500 ad
1278 1449 1648 1518 praescriptum
1686 1448 1911 1502 rationis
1961 1449 2131 1515 impe-

561 1537 733 1590 rantis
759 1536 882 1592 duci
917 1541 1175 1607 creperint
1220 1541 1371 1609 quasi
1413 1555 1562 1603 oves,
1596 1541 1837 1610 adeoque
1879 1553 2136 1594 mansue-

564 1627 804 1682 tudinem
835 1630 886 1682 in
935 1631 1170 1685 humano
1221 1632 1471 1687 convictu
1527 1632 1956 1698 exhibuerimus,
2018 1641 2130 1686 tum

563 1717 868 1787 evangelica
904 1719 1150 1774 doctrina
1183 1723 1378 1775 tradita
1408 1722 1475 1776 ab
1507 1723 1592 1783 iis,
1617 1723 1709 1792 qui
1739 1723 1934 1776 virtute
1996 1737 2135 1792 prm-

561 1809 780 1872 cedunt,
818 1811 1089 1866 mentibus
1117 1813 1318 1868 nostris
1349 1813 1644 1883 aﬂ‘ulgehit,
1683 1823 1847 1883 atque
1880 1816 1946 1869 ad
2013 1833 2134 1885 per-

561 1901 840 1956 fer-liorem
863 1906 1026 1958 vitam
1058 1920 1154 1959 nos
1177 1906 1435 1961 excitabit
1459 1924 1474 1973 ;
1504 1908 1576 1960 ita
1603 1917 1660 1962 ut
1688 1922 1718 1960 a
1748 1908 1982 1962 terrenis
2011 1923 2136 1974 per-

563 1991 963 2046 turbationibus
1008 1993 1164 2064 longe
1204 1996 1420 2060 remoti,
1458 2009 1709 2064 asperam
1762 2004 1818 2049 et
1855 2005 2136 2064 angustam

564 2081 931 2152 ingrediamur
959 2085 1120 2150 viam,
1153 2100 1215 2139 ac
1243 2086 1474 2154 primum
1531 2100 1726 2155 aspero
1763 2095 1928 2155 atque
1983 2085 2137 2139 arido

563 2178 689 2229 vitae
722 2191 940 2246 genere,
965 2177 1109 2247 quod
1136 2176 1301 2230 emcit
1331 2175 1692 2237 continentia.
1734 2176 1890 2245 quasi
1922 2174 2140 2246 cingulo

564 2270 997 2339 przecingamur;
1051 2281 1163 2325 tum
1215 2271 1496 2327 libidinum
1557 2273 1803 2338 ardores,
1870 2273 1960 2341 qui
2033 2287 2138 2328 non

561 2357 822 2413 obediunt
851 2360 1072 2423 rationi,
1109 2362 1426 2430 temperanti
1455 2362 1683 2418 consilio
1705 2374 1959 2432 tanquam
2012 2363 2140 2419 fune

563 2463 934 2506 coerceamus.
957 2451 1109 2516 Quod
1139 2451 1226 2505 ubi
1253 2459 1396 2507 recte
1419 2453 1769 2522 gesserimus,
1802 2453 2048 2523 quamvis
2083 2453 2138 2507 in

562 2538 804 2593 omnium
835 2541 1148 2610 cognitione
1189 2549 1243 2595 et
1269 2542 1634 2598 admiratione
1658 2556 1958 2610 versemur,
2002 2543 2139 2614 deji-

563 2626 782 2683 ciamus
810 2644 911 2684 nos
939 2630 990 2684 in
1022 2629 1346 2686 humilitatis
1377 2645 1618 2700 specum,
1669 2647 1734 2687 ac
1781 2635 1961 2704 magni
1998 2633 2140 2689 illius

562 2718 665 2772 viri
693 2720 940 2789 exemplo
963 2721 1176 2776 inanem
1207 2723 1348 2778 hanc
1405 2722 1686 2793 levemque
1724 2723 2006 2794 gloriolam
2054 2722 2140 2779 fu-

561 2809 796 2877 giamus.
829 2828 849 2860 ‹
889 2811 990 2876 Qui
1021 2814 1164 2866 enim
1193 2828 1253 2867 se
1295 2815 1560 2880 humiliat,
1609 2816 1961 2879 exaltabitur,
1997 2833 2016 2869 ι
2082 2825 2137 2871 ut

565 2903 760 2956 divinae
795 2901 1012 2956 Litterae
1047 2902 1158 2974 (52)
1205 2905 1399 2959 docent
1429 2903 1504 2960 ίδ.
1573 2903 1854 2975 Nunquam
1900 2906 2143 2976 profecto

566 2992 655 3046 ille
686 2993 752 3046 ad
805 3009 923 3047 eam
968 2994 1233 3051 columnas
1276 2995 1618 3053 altitudinem
1674 2997 1916 3054 elevatus
1968 3008 2138 3066 esset,

567 3084 667 3137 nisi
699 3100 756 3138 se
781 3085 983 3140 sict-am
1013 3097 1066 3139 et
1097 3089 1498 3158 graveolentetu
1553 3091 1606 3144 in
1653 3091 1948 3149 cisternam
2019 3104 2144 3149 ante

564 3171 908 3239 demisisset,
981 3190 1078 3230 nec
1130 3176 1311 3230 itidem
1371 3192 1490 3243 nos,
1517 3179 1617 3234 nisi
1663 3180 1811 3249 prius
1847 3181 2212 3276 amplexatic

564 3259 830 3318 fui-rimus
865 3266 1245 3334 humilitatem,
1274 3268 1342 3322 ad
1371 3270 1586 3325 virtutis
1625 3271 1830 3339 apicem
1867 3273 2140 3342 pertinge-

565 3369 708 3410 mus.
738 3355 890 3420 Quod
919 3355 962 3409 si
1008 3372 1104 3411 nos
1151 3357 1340 3423 etiam,
1403 3366 1523 3412 utut
1581 3360 1898 3415 humilitatis
1951 3362 2133 3416 studio

566 3449 826 3502 occultari
859 3449 1210 3517 voluerimus,
1246 3461 1426 3506 tamen
1468 3451 1637 3507 latere
1694 3468 1798 3508 non
1855 3469 2140 3523 possumus

565 3525 920 3610 (habetenim
955 3558 1079 3597 vere
1102 3545 1272 3599 virtus
1301 3546 1402 3601 hoc
1433 3547 1736 3616 proprium,
1767 3559 1826 3602 ut
1867 3564 1975 3618 quo
2027 3563 2142 3603 ma-

563 3634 647 3702 gis
673 3634 1059 3704 celari’studet,
1089 3652 1153 3693 eo
1174 3640 1481 3695 celebretur
1505 3642 1724 3711 magis),
1742 3651 1906 3713 atque
1921 3657 1986 3696 ex
2016 3657 2142 3711 pro-

565 3723 733 3779 funda
792 3726 882 3780 illa
931 3741 1092 3782 cavea
1150 3744 1246 3785 nos
1297 3731 1583 3786 eduxerint
1624 3732 1892 3797 homines,
1932 3734 2034 3788 hoc
2057 3743 2142 3789 est

566 3816 820 3871 virtutem
851 3826 1090 3873 nostram
1126 3821 1400 3886 admirati,
1451 3823 1746 3892 prtrdicare
1801 3839 1900 3879 nos
1956 3839 2142 3893 cmpe-

567 3909 697 3975 rint,
731 3913 900 3981 magis
939 3912 1260 3968 laboriosam
1313 3915 1478 3968 vitam
1540 3915 1940 3984 sulscipiamus,
1983 3926 2142 3984 atque

566 4001 632 4055 ad
680 3986 982 4057 columnam
1035 4005 1291 4060 virtutum
1335 4008 1656 4075 quihusdam
1733 4009 2143 4064 accessionibus

566 4093 878 4147 evehamur.
919 4095 998 4150 Ac
1035 4097 1265 4164 primum
1322 4099 1537 4166 quidem
1589 4098 1656 4152 ad
1717 4113 1880 4155 senos
1934 4101 2144 4158 cubitos

569 4183 888 4241 festinemus
917 4189 1231 4252 ascendere,
1267 4205 1360 4243 sex
1392 4190 1644 4244 nimirum
1674 4201 1940 4261 praecepta
1987 4193 2144 4262 quasi

569 4278 900 4345 crepidinem
928 4294 1184 4334 ascensus
1216 4283 1385 4335 nostri
1418 4283 1812 4340 constituentes
1839 4303 1853 4340 :
1879 4299 1976 4356 per
2025 4301 2146 4356 qua:

569 4371 816 4425 homines
838 4373 965 4441 justi
1009 4377 1156 4445 regni
1197 4377 1435 4432 caelestis
1492 4379 1858 4435 haereditatem
1909 4381 2143 4436 inibunt.

569 4459 826 4518 Summus
855 4467 998 4518 enim
1037 4467 1121 4521 ille
1155 4467 1265 4522 Rex
1305 4470 1356 4523 in
1397 4470 1531 4525 solio
1581 4470 1766 4540 gloria:
1806 4487 1916 4526 suae
1969 4473 2149 4528 consi-

2236 617 2468 680 ἑαυτοὺς
2500 617 2814 688 ἀνθρώποις
2833 615 3233 686 χειρὼδεσιν,ῆ
3273 615 3353 685 τῷ
3391 615 3638 685 βορϐόρῳ
3689 613 3820 683 χαί-

2239 725 2391 780 ρουσι
2415 710 2516 778 τῆς
2542 709 2864 770 ἀκολασίας.
2901 710 2934 780 ἢ
2966 709 3064 778 τὴν
3093 708 3374 778 ἁμαρτῖαν
3406 707 3662 776 καθάπερ
3689 709 3822 768 τοὺς

2237 803 2466 870 ἀγόνους
2505 804 2767 872 ἡμιόνους
2802 803 3212 872 ποιμαίνουσιν.
3257 802 3325 854 Ἦ
3354 800 3463 868 γὰρ
3509 800 3676 852 κακία
3715 799 3822 851 οὐκ

2236 896 2301 948 ἐκ
2335 895 2472 948 Θεοῦ
2514 895 2606 948 τὸν
2638 894 2960 965 πληθυσμὸν
2985 894 3167 963 ἔσχεν,
3217 892 3292 956 ὡς
3320 893 3442 945 οὐδὲ
3475 891 3534 955 ἐξ
3568 890 3823 960 ἀλλήλων

2236 986 2384 1040 ἐστὶν
2416 989 2448 1057 ἡ
2483 986 2578 1039 τοῦ
2606 987 2802 1056 γένους
2833 985 2943 1039 τῶν
2971 986 3216 1055 ἡμιόνων
3241 984 3487 1054 διαδοχή.
3520 982 3656 1035 Οὐδὲ
3687 998 3825 1034 συνο

2236 1076 2612 1146 αναιρύρεσθαι
2663 1079 2812 1146 ἡμᾶς
2862 1077 2977 1140 τοῖς
3037 1075 3434 1144 θηλυμανέσιν.
3493 1074 3568 1136 ὡς
3604 1074 3824 1134 ἵπποις,

2235 1170 2373 1222 ἀλλὰ
2402 1170 2612 1223 τούτων
2645 1171 2905 1223 ἁπάντων
2931 1169 3344 1235 ἀποφοιτῶντες
3371 1171 3427 1220 ἐν
3454 1163 3828 1236 όμοιρρονοῦσί

2233 1278 2293 1313 τε
2352 1261 2446 1314 καὶ
2494 1262 2968 1330 ὁμογνωμονοῦσι,
3023 1265 3135 1325 τοῖς
3169 1261 3300 1331 παρ’
3337 1260 3495 1330 ὴμῶν
3533 1273 3830 1327 ποιμαινο-

2239 1349 2419 1420 μένοις
2454 1351 2804 1422 συζήσωμεν.
2861 1352 3090 1405 Πάντων
3123 1351 3234 1405 τῶν
3279 1353 3336 1404 ὲν
3373 1351 3504 1421 ἡμῖν
3537 1346 3828 1418 λογισμῶν

2235 1441 2526 1512 προΰάτων
2581 1443 2740 1514 δίκην
2771 1441 2850 1512 τῷ
2899 1442 3204 1514 βουλήματι
3256 1441 3352 1496 τοῦ
3392 1439 3831 1501 ἐπιστατοῦντος

2234 1535 2398 1602 λόγου
2431 1536 2895 1606 ποιμαινομένων,
2931 1536 3029 1589 καὶ
3057 1534 3232 1598 οὕτως
3257 1536 3315 1587 ὲν
3346 1534 3618 1604 πραότητι
3651 1531 3832 1596 ζῶσιν

2233 1628 2391 1696 ἡμῖν,
2436 1626 2739 1697 ἐπιλάμψει
2777 1628 2837 1680 ὲν
2862 1628 2988 1691 ταῖς
3008 1625 3213 1697 ψυχαῖς
3244 1625 3342 1680 τοῦ
3376 1623 3717 1693 Εὑαγγελίου
3757 1622 3834 1675 τὸ

2233 1720 2497 1791 κήρυγμα
2526 1719 2616 1774 διὰ
2662 1720 2772 1774 τῶν
2801 1719 3199 1790 προσηκόντων
3235 1719 3306 1788 τῇ
3354 1717 3527 1788 ἀρετῇ
3569 1715 3833 1769 διδασκό-

2245 1828 2426 1881 μενον,
2455 1811 2550 1864 καὶ
2584 1811 2724 1882 πρὸς
2750 1810 2844 1865 τὸν
2884 1810 3220 1880 τελειότερον
3293 1809 3394 1880 τῆς
3448 1807 3652 1878 ἀρετῆς
3706 1806 3834 1878 βίον

2241 1906 2506 1973 διεγεῖρον
2535 1905 2685 1976 ἡμᾶς
2705 1922 2719 1936 ·
2751 1903 2896 1958 ὥστε
2931 1906 3154 1974 μακρὰν
3201 1901 3458 1971 γενέσθαι
3485 1899 3596 1953 τῶν
3625 1915 3836 1968 κοσμι-

2241 1996 2354 2050 κῶν
2377 1997 2592 2063 παθῶν,
2622 1997 2719 2050 καὶ
2753 1996 2856 2066 τὴν
2906 1995 3098 2066 στενὴν
3127 1995 3224 2049 καὶ
3251 1992 3636 2064 τεθλιμμένην
3667 1990 3835 2061 βαδίο

2240 2085 2354 2152 ζειν
2372 2087 2512 2153 ὁδὸν,
2533 2085 3010 2156 περιεζωσμένους
3039 2085 3118 2156 τῷ
3139 2087 3349 2156 τραχεῖ.
3385 2083 3478 2136 καὶ
3511 2079 3836 2150 κατεσκληο

2240 2179 2362 2234 κότι
2388 2178 2489 2249 βίῳ
2517 2179 2618 2248 τῆς
2649 2179 2985 2247 ἐγκρατείας
3016 2175 3116 2240 τὰς
3133 2176 3197 2229 ὲκ
3216 2174 3328 2228 τῶν
3357 2173 3568 2245 νεκρῶν
3593 2171 3837 2239 ἀλόγους

2242 2271 2520 2341 πυρώσεις
2559 2269 2637 2339 τῷ
2662 2268 2901 2338 σώφρονι
2931 2267 3209 2338 λογισμῷ,
3241 2267 3317 2331 ὡς
3347 2268 3406 2320 ὲν
3442 2264 3666 2335 σχοινίῳ
3694 2280 3839 2316 συσ-

2241 2361 2562 2430 φίγγοντας.
2595 2360 2770 2413 Ὅταν
2804 2358 2900 2413 οὖν
2934 2359 3096 2412 τοῦτο
3131 2356 3507 2428 κατορθωθείη
3541 2357 3695 2426 ἡμῖν,
3729 2353 3838 2408 καὶ

2241 2453 2350 2508 ὑπὸ
2387 2452 2609 2507 πάντων
2649 2451 3059 2521 γνωσθείημεν,
3091 2451 3188 2505 καὶ
3213 2449 3289 2514 ὡς
3321 2449 3578 2520 ὲνάρετοι
3613 2447 3838 2516 θαυμα-

2242 2543 2494 2615 ζοίμεθα,
2529 2543 2610 2615 τῷ
2635 2543 2830 2615 λάκκῳ
2874 2543 2973 2614 τῆς
3001 2540 3517 2614 ταπεινοφροσύνης
3543 2538 3839 2611 ἐμϐάλλω-

2247 2654 2347 2706 μεν
2381 2635 2634 2700 ἑαυτούς.
2692 2635 2798 2692 Τὸν
2832 2635 3008 2708 μέγαν
3035 2635 3229 2689 τοῦτον
3272 2634 3605 2705 μιμούμενοι
3638 2632 3838 2702 φύγω-

2247 2747 2347 2801 μεν
2373 2728 2435 2782 τὸ
2458 2728 2618 2782 κενὸν
2643 2728 2808 2782 τοῦτο
2832 2768 2848 2795 ,
2883 2728 2978 2783 καὶ
3009 2726 3214 2797 κοῦφον
3242 2725 3512 2797 δοξάριον.
3549 2742 3568 2775 ι
3618 2723 3676 2778 '0
3714 2722 3837 2794 γὰρ

2244 2820 2520 2874 ταπεινῶν
2577 2819 2773 2872 ὲαυτδν
2831 2817 3203 2888 ὑψωθήσεται,
3240 2835 3260 2870 ι
3321 2816 3398 2881 ὡς
3446 2817 3479 2887 ἡ
3520 2815 3642 2869 θεία
3675 2814 3838 2881 λέγει

2245 2913 2464 2975 πυκτίς.
2503 2912 2741 2975 Ἐκεῖνος
2766 2911 2868 2966 οὐκ
2901 2912 2981 2975 εἰς
3005 2910 3074 2964 τὰ
3097 2909 3192 2964 τοῦ
3229 2908 3424 2963 στύλου
3446 2908 3590 2980 ἤρθη
3624 2907 3842 2976 μετέω-

2249 3022 2339 3076 ρα,
2374 3006 2424 3069 ει
2481 3005 2556 3076 μὴ
2610 3004 2880 3075 πρότερον
2929 3005 2989 3056 ὲν
3018 3001 3096 3073 τῷ
3148 3001 3301 3072 ξηρῷ
3359 3001 3548 3069 λάκκῳ
3582 2997 3837 3067 καθῆκεν

2246 3094 2464 3162 ἑαυτὸν,
2490 3095 2581 3148 τὸν
2610 3094 2812 3164 πολλῆς
2841 3093 3114 3156 δυσωδίας
3154 3091 3463 3156 ἀνάπλεων,
3520 3091 3613 3144 καὶ
3662 3091 3840 3159 ἡμεῖς

2245 3188 2345 3242 οὑκ
2396 3187 2461 3242 ἂν
2521 3187 2660 3260 πρὸς
2693 3187 2826 3257 ὕψος
2856 3187 3062 3259 ἀρετῆς
3119 3183 3514 3258 ἀναχθείημεν,
3549 3184 3598 3236 εἰ
3627 3181 3703 3253 μὴ
3725 3183 3837 3253 τὴν

2241 3283 2574 3336 ταπείνωσιν
2614 3279 3020 3350 ἀσπασὼμεθα.
3054 3280 3117 3333 Εἰ
3143 3279 3198 3333 δὲ
3233 3278 3328 3332 καὶ
3356 3277 3726 3348 κρυπτόμενοι
3756 3276 3835 3346 τῇ

2241 3373 2712 3447 ταπεινοφροσύνῃ
2750 3373 2823 3445 μὴ
2846 3373 3107 3442 λάθοιμεν
3137 3369 3395 3444 [ἀληθῶς
3417 3371 3527 3440 γὰρ
3549 3369 3626 3432 ὼς
3653 3367 3835 3439 ἁρετὴ

2240 3469 2363 3521 ὅσον
2396 3465 2738 3538 κρύπτεσθαι
2771 3463 3097 3529 σπουδάζει,
3137 3459 3507 3533 κηρύττεται]
3533 3460 3630 3514 καὶ
3667 3460 3837 3512 ἀναι-

2246 3561 2500 3630 ρήσονται
2551 3558 2706 3630 ἡμᾶς
2751 3560 2814 3611 ἐκ
2852 3556 2946 3612 τοῦ
2977 3557 3207 3610 λάκκου.
3247 3553 3510 3608 Τουτέστι
3574 3548 3837 3621 φανερῶν

2244 3670 2429 3707 σουσιν
2465 3653 2615 3724 ἡμᾶς
2644 3652 2692 3705 οἱ
2723 3651 2823 3720 τὴν
2871 3649 3078 3719 ἀρετὴν
3117 3646 3521 3717 θαυμάζοντες,
3555 3641 3838 3696 ἐπιπονώ-

2242 3762 2401 3817 τερον
2426 3741 2809 3812 ἀσπασώμεθα
2846 3740 2984 3810 βίον,
3017 3740 3138 3800 ταῖς
3167 3736 3312 3790 κατὰ
3350 3734 3544 3806 μικρὸν
3583 3729 3838 3802 προσθή-

2243 3855 2368 3900 καις
2401 3838 2482 3900 εῖς
2511 3835 2605 3888 τὸν
2637 3832 2828 3887 στύλον
2857 3832 2968 3885 τῶν
2996 3831 3210 3903 ἀρετῶν
3239 3827 3591 3897 ἀναγόμενοι.
3627 3825 3837 3894 Πρότε-

2248 3947 2342 3998 ρον
2371 3929 2471 3997 μὲν
2527 3926 2794 3995 ἑξαπήχει
2829 3925 2930 3994 τῆς
2972 3922 3292 3982 ἀναϐάσεως
3323 3919 3632 3989 φθάσαντες
3665 3915 3829 3984 ὕψει,

2244 4021 2342 4082 τὰς
2387 4019 2448 4080 ἓξ
2470 4017 2689 4080 ἐντολὰς
2720 4017 2944 4086 δηλαδὴ,
2975 4016 3049 4077 ὡς
3077 4015 3319 4084 κρηπῖδα
3353 4013 3542 4073 θέντες
3573 4010 3673 4078 τῆς
3699 4010 3840 4062 ἀνα-

2245 4111 2476 4174 ϐάσεως,
2506 4109 2574 4163 δι’
2601 4104 2675 4163 ὧν
2701 4107 3103 4179 κληρονομοῦσι
3129 4107 3228 4176 τὴν
3255 4105 3363 4157 τῶν
3409 4104 3466 4156 ού
3478 4101 3652 4173 ρανῶν
3678 4101 3843 4171 βασι-

2244 4203 2394 4258 λείαν
2423 4203 2472 4255 οἰ
2497 4202 2716 4256 δίκαιοι.
2770 4201 2828 4254 '0
2859 4200 2967 4270 γὰρ
2988 4200 3081 4252 ἐπὶ
3106 4197 3297 4266 θρόνου
3331 4196 3489 4266 δόξης
3507 4190 3839 4262 κεκαθηκὼς

2249 4289 2524 4361 βασιλεὺς,
2550 4292 2662 4352 τοῖς
2696 4289 2790 4342 ἐπὶ
2840 4285 3032 4352 δεξιῶν
3093 4285 3262 4340 αὑτοῦ
3309 4286 3411 4354 τὴν
3462 4282 3700 4352 ἀμοιϐὴν
3720 4280 3842 4334 τῶν

2245 4384 2598 4454 τηρηθέντων
2655 4382 2842 4445 αὺτοῖς
2900 4379 2961 4444 ἐξ
2992 4377 3248 4446 ἐντολῶν,
3301 4377 3401 4448 τὴν
3450 4378 3559 4430 τῶν
3585 4373 3843 4446 οὐρανῶν

2251 4476 2531 4547 βασιλείαν
2563 4478 2873 4548 χαρίζεται.
2913 4475 3083 4529 ’Ὅταν
3115 4469 3210 4528 οὖν
3246 4471 3581 4542 σωματικῶς
3622 4470 3843 4541 θρέψω-

567 4553 702 4608 dens
727 4555 793 4619 ⁸⁸,
824 4572 960 4624 quos
993 4560 1056 4612 ad
1080 4559 1130 4629 7
1151 4561 1426 4616 dexteram
1445 4563 1750 4629 collocabil,
1771 4564 1836 4618 iis
1859 4563 2141 4620 observata

2257 4588 2356 4641 μεν
2391 4569 2483 4624 διὰ
2507 4571 2617 4623 τῶν
2659 4569 2913 4640 πενήτων
2942 4567 3034 4620 τὸν
3074 4567 3281 4638 Κύριον
3303 4566 3597 4628 πεινῶντα,
3630 4563 3726 4616 καὶ
3756 4564 3842 4616 δι-

565 4664 660 4703 sex
704 4661 990 4721 praecepta,
1047 4656 1266 4710 caeleste
1314 4673 1535 4727 regnum
1583 4658 1818 4714 addicet.
1866 4659 2142 4727 Quamob-

567 4757 682 4796 rem
712 4760 838 4798 cum
877 4747 1158 4800 Dominum
1185 4749 1236 4802 in
1287 4764 1586 4818 pauperum
1641 4751 1968 4817 corporibus
2027 4767 2146 4808 esu-

570 4830 1146 4905 rientem_aluerimus,
1198 4845 1254 4890 et
1310 4839 1682 4904 putaverimus
1732 4839 2026 4905 sitientem,
2089 4851 2142 4896 et

570 4924 812 4991 hospitio
843 4926 1228 4995 receperimus,
1254 4939 1309 4982 et
1339 4930 1664 4984 vestimento
1697 4931 2009 4996 loverimus,
2059 4942 2142 4986 at-

566 5029 674 5080 que
709 5017 770 5067 ad
793 5030 914 5070 eum
945 5017 1219 5073 visendum
1255 5021 1333 5074 vel
1368 5023 1576 5084 morbo,
1644 5021 1722 5075 vel
1777 5023 2003 5078 vinculis
2055 5024 2148 5078 de-

570 5116 774 5160 tentum
805 5113 1130 5174 venerimus,
1160 5121 1288 5165 tunc
1327 5129 1463 5168 sane
1498 5115 1562 5167 ad
1617 5115 1761 5168 illam
1793 5131 1885 5170 sex
1933 5117 2149 5170 cubito-

645 5225 688 5255 ”
729 5223 857 5280 Luc.
890 5242 999 5291 xrv,
1029 5229 1313 5294 ll;M.1lllt.
1348 5244 1498 5294 χχιιι,
1533 5228 1613 5284 1'2.

2245 4660 2434 4730 ψῶντα
2459 4660 2796 4730 ποτίσωμεν,
2828 4660 2923 4712 καὶ
2977 4657 3444 4728 ξενοδοχήσωμεν,
3483 4657 3579 4709 καὶ
3602 4653 3842 4708 ἐνδύσω-

2247 4771 2369 4823 μεν,
2394 4752 2489 4806 καὶ
2520 4750 2954 4821 ἐπισκεψώμεθα
2980 4751 3264 4818 ἀσθενείᾳ,
3301 4749 3331 4818 ἢ
3362 4749 3583 4818 δεσμοῖς
3615 4747 3844 4816 συνεχό-

2243 4859 2429 4912 μενον,
2477 4841 2598 4895 τότε
2630 4841 2706 4911 τῷ
2765 4840 3033 4910 ἑξαπήχει
3092 4840 3271 4908 στύλῳ
3302 4838 3639 4908 βεϐήκαμεν.
3677 4837 3739 4889 El
3773 4837 3838 4890 δὲ

2245 4935 2499 5006 καθάπερ
2541 4936 2683 5003 μνᾶν
2708 4976 2722 4998 ,
2785 4935 2817 5004 ἢ
2854 4935 3118 4988 τάλαντον
3155 4932 3699 5000 πολυπλασιάσοιμεν
3735 4929 3844 4992 τὰς

2248 5029 2448 5098 ἀρετὰς
2479 5029 2571 5081 διὰ
2601 5031 2699 5100 τῆς
2727 5027 2995 5098 ἐργασίας
3044 5026 3432 5096 πληθύνοντες,
3471 5025 3594 5077 τότε
3639 5025 3666 5075 ό
3724 5022 3841 5074 τῶν

2247 5118 2460 5188 ἀρετῶν
2487 5120 2619 5189 ἡμῖν
2653 5119 2852 5182 κύκλος
2885 5118 3256 5182 ἀποτελεῖται,
3314 5119 3392 5179 εἰς
3439 5115 3640 5184 ἑαυτὴν
3670 5113 3842 5165 πολυ-

1697 5233 1739 5264 ³⁸
1771 5231 1959 5286 Mttllt.
2012 5249 2141 5298 ην,
2197 5233 2254 5288 ’5.

1811 5345 2132 5409 Francisci
2174 5349 2385 5412 Scorsi
2424 5358 2610 5411 notte.

648 5444 759 5511 (52)
787 5442 989 5516 Divina:
1014 5443 1244 5498 Littera.
1276 5444 1366 5508 Ὠς
1390 5447 1420 5516 ἡ
1447 5445 1569 5500 θεία
1592 5446 1742 5516 λέγει
1776 5449 1990 5511 πυκτίς.
2026 5447 2153 5505 [lato

571 5531 826 5587 eertuana
857 5515 1016 5583 hujus
1051 5515 1148 5568 loci
1182 5515 1340 5587 lectio
1362 5515 1526 5584 atque
1560 5515 1960 5587 interpretatio,
1991 5537 2016 5570 ιι
2043 5535 2151 5584 qua

573 5586 828 5658 aberrant
872 5587 1085 5658 cudice§
1112 5622 1138 5658 ,_
1165 5585 1252 5658 qui
1293 5588 1372 5640 vel
1406 5587 1587 5658 πυκτή
1622 5585 1836 5651 habent,
1887 5602 1946 5642 ut
1995 5588 2152 5657 Vah;

577 5657 656 5703 Vt'l
688 5655 920 5723 πύκτης,
959 5665 1015 5708 ut
1045 5653 1163 5708 Gul.
1197 5655 1271 5708 Ex
1313 5671 1416 5723 quo
1455 5653 1715 5711 adductus
1752 5660 1967 5713 videtur
1994 5653 2154 5714 Pete;

575 5725 718 5798 vius.
751 5733 806 5774 ut
839 5735 1075 5798 verteret
1104 5741 1116 5776 :
1148 5725 1434 5798 Nunquam
1460 5728 1529 5781 ad
1554 5729 1683 5780 illud
1711 5730 1966 5782 culumnw
1995 5729 2153 5798 [asti-

579 5791 721 5866 gitmt
757 5793 900 5866 pugil
940 5800 1112 5866 namcf
1139 5791 1392 5852 evolasset
1416 5837 1431 5860 ,
1466 5799 1561 5850 sed
1593 5809 1765 5850 tamen
1798 5800 1935 5865 apud
1975 5791 2150 5866 ipsum

582 5860 743 5913 etiam
774 5861 828 5914 in
855 5862 1042 5918 (Σιττοο
1063 5865 1380 5935 impressum
1406 5877 1487 5921 est
1520 5867 1733 5936 πυκτίς,
1763 5860 1932 5937 neque
1963 5860 2154 5924 deinde

2266 5451 2456 5515 legitur
2497 5450 2740 5521 πύκτης,
2778 5466 2900 5520 qum
2933 5461 3109 5504 tamen
3139 5459 3365 5521 utraque
3401 5449 3490 5503 ille
3537 5447 3847 5521 exprimere

2264 5522 2455 5575 voluit.
2488 5521 2612 5575 Mihi
2644 5519 2894 5597 quamvis
2917 5521 3119 5597 titulus
3142 5520 3249 5597 ille,
3283 5521 3455 5587 l’ugil,
3494 5519 3845 5597 t'ecte_|to$sit

2268 5601 2416 5644 tanto
2441 5594 2656 5646 athleta:
2688 5592 2930 5648 Simeoni
2977 5592 3227 5656 attribui;
3261 5602 3435 5644 tamen
3467 5605 3588 5642 cum
3619 5590 3757 5640 desit
3787 5590 3844 5641 itt

2253 5661 2462 5739 graeco,
2493 5679 2596 5716 non
2640 5665 2814 5718 visum
2850 5672 2930 5716 est
2962 5665 3204 5739 illumex
3234 5676 3350 5739 meo
3393 5659 3622 5739 addere.
3661 5656 3843 5739 Gloss.

2258 5732 2447 5786 Escur.
2485 5749 2657 5803 meam
2697 5747 2984 5803 veramque
3008 5732 3293 5788 lectionem
3314 5726 3849 5800 lirmat,quistuxr£g

2257 5803 2489 5872 explicat
2512 5801 2715 5875 βίϐλος.

2947 5961 3029 6000 ,ἷλ
