4122 6426
312 336 413 401 Mi

1696 339 2031 399 HOMILIA
2068 341 2148 402 ῐΙ.

3467 341 3571 406 162

297 448 740 520 πλασιασθείσης
768 449 870 519 τῆς
900 449 1086 518 ἑξάδος
1117 448 1228 503 τῶν
1263 445 1512 511 ἐντολῶν,
1538 445 1614 511 ὼς
1636 450 1890 517 γενέσθαι

1997 467 2114 504 rtnn
2143 451 2450 505 columnam
2489 451 2896 520 pervenerimus
2930 451 2995 506 “.
3028 450 3182 519 Quod
3242 454 3289 509 si
3341 454 3570 511 virtutes

291 542 360 593 τὰ
388 541 453 604 ἓξ
486 540 783 611 τριάκοντα
808 542 894 605 ’ἐξο
932 542 1158 593 κάκεῖσε
1182 540 1313 610 γὰρ,
1331 534 1507 607 οἶμαι,
1540 541 1588 591 εί
1618 539 1761 591 κατά
1788 540 1887 606 τὴν

292 634 546 702 ἱστορίαν
563 636 592 687 ὁ
619 633 713 687 τοῦ
748 635 994 704 μεγάλου
1015 634 1240 704 Συμεὼν
1269 633 1482 695 στύλος,
1510 633 1677 702 μέχρι
1700 630 1887 683 τοσού-

288 740 391 777 του
423 724 699 795 ἀνύψωτο,
726 726 842 779 ἀλλ’
861 726 1053 797 ἐπειδὴ
1071 727 1099 778 ὁ
1129 724 1365 796 ἀριθμὸς
1386 718 1542 787 οὗτος
1567 722 1663 777 καὶ
1690 722 1888 786 κύκλος

290 817 438 882 ἐστὶ,
470 819 568 870 καὶ
599 819 891 888 τρίγωνος,
917 821 1014 873 καὶ
1040 819 1409 888 τετράγωνος,
1435 817 1531 870 καὶ
1555 819 1655 888 τῆς
1687 816 1889 887 ἀρετῆς

289 908 391 960 τοῦ
426 908 622 979 ἀνδρὸς
640 912 906 981 ἐσήμαινε
926 909 1154 976 τέλειον,
1181 910 1330 971 ὅπως
1356 925 1414 962 τε
1439 910 1636 978 πάγιος
1658 904 1726 979 ἦν
1751 909 1888 978 πρὸς

286 1001 394 1067 τὴν
428 1001 509 1064 εἰς
537 1001 638 1071 τὴν
666 1002 858 1072 τριάδα
887 1000 1196 1065 εὐσέϐειαν,
1246 1001 1341 1052 καὶ
1377 1001 1529 1064 ὅπως
1574 998 1652 1069 τῷ
1700 998 1888 1069 κύκλῳ

286 1090 405 1141 τῶι
439 1091 654 1160 ἀρετῶν
685 1092 1057 1161 ἐστεφάνωτο.
1089 1091 1187 1143 “Av
1223 1085 1317 1143 οὖν
1346 1089 1633 1153 τοιαύταις
1680 1089 1888 1160 χρησά-

289 1198 455 1250 μενοι
492 1182 799 1237 ἀναϐάσεσι
833 1183 972 1254 πρὸς
1000 1186 1061 1238 τὸ
1097 1184 1233 1254 ὕψος
1265 1182 1418 1236 τουτὶ
1453 1181 1887 1252 ἀναδράμωμεν,

289 1274 393 1326 καὶ
416 1277 549 1339 τοὺς
581 1276 907 1341 ἐπιϐούλους
957 1281 1055 1349 τῇς
1087 1278 1246 1348 ἡμῶν
1295 1275 1574 1347 σωτηρίας
1610 1273 1887 1343 φυγαδεύ-

292 1382 485 1435 σωμεν
522 1367 811 1438 δαίμονας,
867 1370 967 1424 καὶ
1010 1369 1087 1434 ὡς
1114 1369 1428 1442 βαρϐάρους
1469 1371 1538 1423 τὰ
1564 1367 1888 1438 ἐνοχλοῦντα

293 1457 432 1526 ἡμῖν
458 1458 606 1530 πάθη
638 1460 997 1531 πραῢνωμεν,
1030 1462 1127 1514 καὶ
1158 1462 1345 1530 σφίσιν
1392 1460 1600 1523 αὐτοῖς,
1633 1461 1728 1512 καὶ
1758 1458 1890 1510 πολ-

291 1552 408 1615 λοῖς
441 1554 629 1617 ἄλλοις
675 1558 923 1628 σωτῆρες
978 1556 1242 1626 ἐσόμεθα,
1299 1556 1395 1611 καὶ
1428 1556 1538 1609 τῶν
1562 1556 1883 1626 ἀκηράτων,

293 1647 390 1698 καὶ
416 1646 657 1701 αἰωνίων
678 1648 900 1717 ἀγαθῶν
931 1650 1320 1720 ἀπολαύσομεν
1366 1651 1424 1703 ὲν
1458 1647 1680 1719 Χριστῷ
1709 1645 1886 1718 Ἰησοῦ

291 1740 373 1809 τῷ
408 1742 604 1812 Κυρίῳ
635 1741 812 1812 ἡμῶν,
843 1734 887 1810 ᾧ
914 1743 946 1813 ἡ
973 1740 1100 1807 δόξι
1128 1743 1209 1806 είς
1241 1741 1469 1804 αίῶνας.
1495 1742 1695 1811 Ἀμήν.

1994 554 2210 597 nostras
2237 543 2400 597 veluti
2430 544 2651 607 minam,
2686 554 2778 597 aut
2841 543 3098 597 talentum
3144 561 3238 613 per
3285 560 3448 615 opera
3494 548 3573 601 le.-

1995 636 2237 688 nerando
2265 634 2678 698 cumulabimus,
2713 645 2841 688 tunc
2862 635 3079 689 demum
3110 652 3141 689 a
3191 638 3346 692 nobis
3404 639 3572 692 virtu-

1995 734 2107 778 tum
2139 725 2287 780 orbis
2317 725 2408 779 ille
2436 726 2825 794 contplebitur;
2850 742 2914 781 ac
2957 728 3204 783 senarius
3268 740 3571 799 praeceptu-

1992 832 2114 870 rum
2137 832 2397 870 numerus
2429 817 2480 869 in
2508 831 2567 871 se
2596 818 2711 887 ipso
2738 817 3125 886 multiplicatus
3171 821 3237 874 ad
3265 836 3361 875 sex
3388 833 3442 876 et
3467 823 3570 877 tri-

1992 910 2142 979 ginta
2182 910 2527 978 perducetur.
2560 908 2814 963 Eatndem
2842 911 2986 963 enim
3048 913 3229 980 magni
3299 913 3570 969 Simeonis

2000 1001 2236 1057 arbitror
2261 1001 2431 1057 fuisse
2461 1001 2727 1056 rationem
2760 1018 2774 1057 :
2811 1002 2967 1070 cujus
2992 1003 3270 1067 columna,
3337 1006 3437 1061 etsi
3486 1022 3571 1061 se-

1990 1094 2227 1150 cundum
2265 1094 2552 1149 historiam
2592 1110 2656 1148 eo
2722 1095 2957 1149 creverit
3005 1097 3327 1165 altitudinis,
3380 1111 3439 1153 ut
3487 1101 3568 1152 di-

1993 1197 2145 1243 ctum
2203 1197 2310 1256 est,
2365 1196 2541 1242 tamen
2588 1188 2839 1258 quoniam
2897 1206 3156 1244 numerus
3188 1191 3275 1245 hic
3305 1201 3359 1246 et
3402 1193 3575 1247 circu-

1990 1280 2099 1335 lum
2133 1280 2267 1351 (55),
2296 1281 2667 1352 ettrigonum,
2698 1290 2750 1335 et
2802 1290 3142 1351 tetragonum
3204 1283 3384 1348 eliicit,
3445 1299 3573 1352 pcr-

1990 1371 2189 1428 fectam
2220 1374 2386 1428 etiam
2426 1374 2562 1428 tanti
2615 1375 2713 1427 viri
2757 1374 3015 1428 virtutem
3059 1377 3350 1444 expressit,
3409 1385 3573 1445 atque

1991 1464 2192 1519 indicio
2244 1464 2344 1518 luit
2402 1480 2525 1519 eum
2575 1466 2625 1519 in
2682 1465 3038 1519 sanctissima:
3090 1464 3373 1522 Trinitatis
3428 1465 3571 1519 cultu

1989 1555 2160 1612 fuisse
2214 1565 2578 1621 constantem,
2630 1568 2686 1612 et
2742 1559 3005 1632 virtutum
3060 1560 3301 1612 omnium
3368 1557 3574 1612 circulo

1988 1648 2143 1718 quasi
2186 1662 2386 1703 corona
2419 1650 2750 1704 redimitum.
2780 1650 2834 1704 Si
2865 1651 3025 1722 igitur
3053 1661 3107 1705 et
3126 1666 3224 1704 nos
3249 1653 3435 1706 iisdem
3462 1651 3572 1704 uti-

1991 1757 2114 1797 mur
2141 1742 2396 1812 gradibus
2430 1757 2604 1812 eoque
2638 1743 2975 1798 celsitudinis
3013 1744 3182 1798 attolli
3210 1744 3572 1807 studebimus,

294 1834 340 1903 .i
370 1832 653 1889 dannoues
692 1835 937 1891 infensos
1011 1847 1214 1891 nostra:
1251 1836 1412 1891 saluti
1481 1836 1869 1907 lugavcrimus,
1919 1837 1968 1893 si
2000 1840 2436 1908 perturbationes
2477 1839 2641 1895 animi
2696 1841 2997 1896 molestiam
3049 1843 3203 1896 nobis
3253 1841 3576 1896 exhibentes

296 1936 561 1995 tanquam
598 1925 867 1982 Barbaros
921 1929 1255 1995 lenierimus,
1314 1944 1436 1984 cum
1498 1931 1622 1985 aliis
1668 1932 1871 1997 multis,
1916 1940 2031 1986 tum
2069 1932 2228 1989 nobis
2280 1934 2413 2003 ipsis
2471 1933 2631 1989 saluti
2692 1933 2897 1989 erimus
2932 1950 2947 1989 :
2980 1943 3145 2004 atque
3203 1934 3274 1987 ita
3323 1933 3574 1987 incorru-

293 2019 400 2089 ptis
426 2019 537 2075 illis
584 2021 1039 2091 sempiternisque
1058 2019 1405 2092 perlruemur
1442 2021 1601 2079 bonis
1643 2023 1695 2079 in
1721 2023 1940 2081 Christo
1976 2024 2102 2083 Jesu
2141 2028 2365 2084 Domino
2391 2038 2601 2094 nostro,
2631 2026 2720 2083 cui
2755 2027 2924 2098 gloria
2986 2026 3041 2081 in
3089 2026 3284 2082 saecula
3338 2025 3575 2082 saeculo-

294 2128 444 2168 runt.
468 2116 671 2173 Amen.

904 2256 1148 2312 ΟΜΙΛΙΔ
1181 2254 1257 2313 Β’.

359 2369 501 2438 Περὶ
538 2370 652 2439 τῆς
678 2369 1032 2441 παραϐολῆς
1051 2371 1171 2427 τῶν
1209 2372 1440 2441 μυρίων
1471 2371 1808 2430 ταλάντων.

359 2486 429 2539 Ol
466 2486 846 2557 παιδοτρίϐαι,
895 2487 992 2542 καὶ
1045 2488 1155 2541 τῶν
1212 2488 1351 2542 νέων
1383 2488 1720 2556 διδάσκαλοι,
1762 2489 1885 2542 τότε

292 2578 428 2647 πρὸς
456 2578 705 2631 ἐπίδοσιν
739 2580 850 2633 τῶν
883 2579 1230 2651 μαθημάτων
1280 2579 1459 2634 ἵεσθαι
1491 2582 1889 2651 τεκμαίρονται

290 2672 358 2723 ea
392 2672 691 2743 μειράκια,
721 2674 854 2727 ὅταν
880 2673 1079 2727 ἑκόντα
1116 2674 1256 2744 πρὸς
1291 2673 1353 2726 τὸ
1378 2673 1756 2727 διδασκαλεῖον
1788 2673 1891 2728 θα-

293 2768 523 2839 μίζωσι,
584 2768 723 2838 μήτε
769 2768 869 2839 τὴν
897 2768 1131 2839 ἀπειλὴν
1158 2768 1269 2822 τῶν
1301 2768 1703 2839 μυσταγωγῶν,
1746 2769 1888 2839 μήτε

290 2860 391 2922 τὰς
445 2860 724 2928 μάστιγας
779 2860 890 2913 τῶν
925 2860 1295 2929 παιδαγωγῶν
1350 2860 1718 2931 ἀναμένοντα,
1772 2861 1890 2914 ἀλλ’

293 2951 574 3021 ὲηιδελεχῇ.
603 2953 699 3004 καὶ
726 2951 847 3021 μετ’
873 2952 1136 3017 ἐπείξεως
1164 2952 1428 3007 ποιοῦντα
1454 2953 1552 3024 τὴν
1570 2954 1678 3007 τῶν
1708 2952 1889 3025 μαθη-

296 3046 485 3113 μάτων
510 3044 812 3115 ἀνάληψιν.
856 3043 1046 3107 Οὕτως
1093 3044 1206 3113 ἐγὼ
1252 3046 1352 3115 τὴν
1400 3045 1544 3099 κατὰ
1570 3044 1706 3098 Θεὸν
1736 3042 1893 3113 ὑμῶν

294 3137 587 3206 προκοπὴν
614 3136 1020 3207 τεκμαίρομαι,
1051 3138 1210 3206 φίλον
1253 3138 1649 3207 ἀκροατήριον,
1685 3136 1768 3189 ὃτι
1821 3152 1890 3204 με

295 3234 391 3283 καὶ
408 3231 759 3301 ἀπειρηκότα
787 3230 1054 3293 πολλάκις
1086 3229 1225 3301 πρὸς
1252 3230 1384 3293 τοὺς
1426 3230 1624 3292 πόνους
1653 3230 1749 3282 τοῦ
1782 3228 1893 3281 σώ-

296 3340 492 3389 ματος,
530 3324 785 3394 διανιστᾷ
819 3323 958 3393 πρὸς
1002 3322 1104 3392 τὴν
1132 3322 1488 3376 διδασκαλίαν
1537 3323 1601 3376 τὸ
1626 3322 1893 3393 ὑμέτερον

294 3416 606 3485 πρόθυμον.
666 3415 806 3485 Φέρε
856 3410 951 3467 οὖν
1009 3414 1110 3485 τῆς
1155 3412 1605 3483 ἀναγνωσθείσης
1652 3414 1895 3485 σήμερον

296 3507 450 3569 θείας
479 3506 808 3576 παραϐολῆς
831 3506 944 3559 τῶν
971 3504 1330 3577 προπυλαίων
1378 3506 1771 3577 ἐπιτυγχάνειν
1796 3508 1897 3576 ἀρ-

2586 2258 2731 2318 11οΜ
2739 2258 2876 2315 lLlA
2914 2256 2978 2316 ll.

2196 2376 2271 2432 De
2306 2376 2564 2447 parabola
2589 2377 2763 2431 decem
2802 2375 3023 2429 millium
3049 2372 3392 2431 talentorum.

2058 2490 2375 2547 Pacdotribte
2418 2505 2821 2561 puerorumque
2850 2491 3091 2563 magistri
3118 2501 3242 2547 tunc
3267 2507 3363 2548 eos
3408 2491 3463 2547 in
3494 2492 3578 2549 di-

1990 2585 2240 2656 sciplinis
2266 2584 2563 2655 profecisse
2594 2585 2920 2653 conjiciunt,
2952 2600 3072 2639 cum
3114 2586 3343 2640 libenter
3375 2585 3441 2640 ad
3498 2586 3577 2640 lu-

1991 2680 2118 2735 dutn
2155 2680 2446 2740 ventitant.
2474 2688 2530 2734 et
2559 2693 2733 2748 neque
2778 2678 3152 2733 institutorum
3217 2679 3420 2745 minas,
3474 2694 3574 2732 nec

1991 2772 2220 2825 verbera
2246 2771 2658 2841 paedagogorum
2690 2778 3045 2838 exspectant;
3097 2771 3191 2825 sed
3225 2770 3345 2825 sine
3398 2771 3573 2826 inter-

1993 2866 2254 2921 missione
2299 2873 2461 2934 atque
2514 2864 2679 2918 etiam
2743 2877 2869 2918 cum
2925 2861 3278 2917 festinatione
3331 2862 3577 2918 recolunt

1993 2957 2329 3028 disciplinas.
2369 2955 2448 3011 lta
2489 2970 2620 3011 sane
2641 2964 2695 3011 et
2719 2969 2820 3026 ego
2854 2962 3097 3010 vestrum
3154 2955 3204 3008 in
3243 2956 3405 3009 rebus
3438 2954 3577 3007 divi-*-

1995 3048 2080 3102 nis
2107 3060 2456 3116 progressum
2484 3045 2738 3113 conjicio,
2775 3044 2926 3098 chari
2962 3043 3267 3107 auditores,
3308 3044 3450 3113 quod
3491 3059 3578 3099 me

1994 3139 2060 3192 ad
2110 3136 2326 3192 labores
2356 3136 2600 3206 corporis
2634 3134 2814 3189 minus
2882 3144 3093 3204 aptum,
3146 3148 3349 3203 eosque
3396 3133 3578 3188 detre-

1998 3239 2264 3297 ctantem,
2294 3238 2604 3299 promptum
2635 3228 2802 3282 animi
2832 3229 2996 3282 vestri
3023 3228 3259 3283 studium
3284 3227 3486 3281 excitat
3509 3227 3576 3280 ad

1995 3320 2296 3376 docendum
2334 3316 2467 3391 (54).
2507 3321 2617 3388 Age
2649 3320 2813 3389 igitur
2843 3318 3109 3389 praelecta:
3170 3318 3331 3373 hodie
3382 3320 3579 3373 divina:

1994 3412 2269 3483 parabolae
2288 3410 2346 3481 8
2370 3412 2750 3481 aggrediamur
2776 3409 2938 3465 limen
2977 3410 3270 3480 attingere;
3331 3411 3578 3477 proposi-

1999 3511 2109 3556 tum
2135 3503 2280 3557 enim
2317 3502 2475 3556 nobis
2505 3508 2590 3554 est
2621 3499 2688 3555 ad
2709 3500 3091 3570 eaplicandum
3127 3501 3324 3553 divinae
3366 3500 3420 3554 iu
3477 3500 3581 3553 ho-

298 3600 546 3669 ξώμεθα.
582 3600 881 3671 Πρόκειται
906 3599 1017 3669 γὰρ
1046 3602 1180 3670 ἡμῖν
1210 3600 1291 3662 εἰς
1314 3598 1577 3671 ἐξήγησιν
1611 3602 1644 3670 ή
1678 3599 1778 3667 τῆς
1797 3599 1893 3652 τοῦ

2000 3594 2173 3647 mines
2222 3591 2573 3661 benignitatis
2638 3590 3110 3646 evidentissimum
3172 3597 3576 3659 argumentum.

297 3690 438 3743 θεοῦ
507 3689 929 3760 φιλανθρωπίας
980 3688 1363 3759 ὲναργεστάτη
1424 3688 1738 3754 ἀπόδειξις·
1800 3692 1895 3742 καὶ⁵

300 3781 628 3850 προτίθησιν
659 3782 790 3851 ἡμῖν
821 3782 854 3851 ή
887 3778 984 3833 τοῦ
1016 3780 1154 3833 Θεοῦ
1186 3780 1349 3848 σοφία
1379 3779 1735 3842 διδασκαλίας
1761 3797 1899 3850 κρα-

300 3875 442 3942 τῆρα
470 3873 554 3943 τῷ
574 3873 703 3942 οίνῳ
720 3872 821 3942 τῆς
854 3872 1089 3941 θεωρίας
1111 3913 1126 3934 ,
1173 3870 1234 3924 τὸ
1259 3870 1359 3939 τῆς
1396 3869 1716 3940 παραϐολῆς
1750 3869 1896 3940 ὕδωρ

302 3963 592 4033 κεράσασα
627 3963 717 4015 ἶνα
750 3963 888 4032 μήτε
938 3962 1087 4031 μόνῳ
1120 3956 1197 4028 τῷ
1220 3957 1507 4028 πλάσματι
1537 3957 1898 4026 προσέχοντες

302 4057 460 4109 οὐδέν
516 4072 574 4107 τι
612 4053 996 4123 κερδάνωμεν,
1057 4052 1198 4122 μήτε
1224 4051 1412 4121 γυμνῇ
1457 4051 1525 4120 τῇ
1562 4047 1788 4121 θεωρίᾳ,
1820 4048 1899 4112 ὡς

302 4150 533 4219 ἀκράτῳ
557 4147 689 4218 οἴνῳ
719 4147 811 4200 τὸν
842 4146 971 4200 νοῦν
1015 4141 1425 4215 μεθυσκώμιθα
1445 4156 1461 4172 ⁶
1488 4141 1629 4197 ἀλλὰ
1645 4140 1727 4205 τίς
1750 4142 1779 4194 ὁ
1796 4140 1900 4212 τῆς

304 4241 633 4310 παραϐολῆς
663 4240 844 4307 λόγος,
881 4235 1236 4305 ἀκούσωμεν.

373 4327 548 4383 Εἶπεν
564 4330 592 4380 ὁ
619 4326 825 4397 Κύριος
845 4328 947 4397 τὴν
970 4323 1290 4396 παραϐολὴν
1312 4321 1519 4395 ταύτην
1537 4337 1553 4353 ο
1583 4338 1603 4373 ι
1625 4319 1898 4392 Ὡμοιώθη

302 4405 626 4494 ήβασιλεία
659 4421 770 4473 τῶν
801 4417 1054 4490 οὐρανῶν
1105 4416 1380 4488 ἀνθρώπῳ
1414 4414 1646 4486 βασιλεῖ,
1678 4412 1738 4476 ὃς
1772 4412 1904 4482 ἠθέ-

303 4516 437 4585 λησε
476 4514 716 4583 συνᾶραι
752 4512 911 4580 λόγον
957 4509 1097 4580 μετά
1120 4509 1229 4562 τῶν
1273 4508 1478 4561 δούλων
1507 4503 1695 4560 αὑτοῦ.
1736 4522 1754 4554 ι
1798 4504 1905 4573 Ζη-

303 4606 501 4673 τητέον
562 4604 696 4672 ἡμῖν
751 4601 806 4653 τί
862 4601 1067 4670 δήποτε
1128 4598 1455 4670 βουλόμενος
1511 4598 1540 4650 ὁ
1574 4596 1769 4666 Σωτὴρ
1796 4595 1900 4648 οὐκ

303 4694 780 4766 ἀπαρακαλυπτον
811 4692 998 4764 τίθησι
1028 4692 1132 4762 τῆς
1159 4692 1515 4756 διδασκαλίας
1538 4691 1600 4743 τὸ
1625 4689 1901 4760 βούλημα,

305 4789 445 4841 ἀλλά
481 4784 875 4856 παραϐολικῶς
921 4784 993 4837 τά
1030 4783 1203 4836 πολλὰ
1246 4782 1583 4850 διαλέγεται.
1624 4782 1904 4852 Προσήκει

303 4881 491 4934 τοίνυν
527 4881 693 4946 νοεῖν,
719 4878 794 4942 ὡς
820 4882 933 4941 τοῖς
967 4878 1136 4947 ἱεροῖς
1188 4878 1472 4947 φοιτηταῖς
1512 4875 1763 4946 φανερῶς
1786 4875 1893 4926 δια-

2008 4886 2133 4926 cum
2155 4870 2435 4938 discipulis
2465 4867 2845 4930 sermocinari,
2879 4882 2983 4921 nec
3014 4869 3089 4919 uti
3121 4866 3393 4936 parabolae
3434 4866 3588 4920 simi-
3692 4938 3695 4941 _

1998 3685 2234 3755 Apponit
2251 3686 2452 3754 quippe
2485 3682 2642 3738 nobis
2660 3682 2845 3736 divina
2875 3681 3143 3750 sapientia
3168 3682 3432 3734 doctrina:
3455 3695 3580 3734 cra-

2002 3789 2195 3839 terem,
2224 3776 2287 3828 in‘
2311 3790 2421 3844 quo
2455 3789 2578 3828 cum
2602 3787 2740 3841 aqua
2771 3771 3044 3840 parabolas
3069 3774 3250 3823 vinum
3306 3769 3581 3840 allegoria:

2002 3878 2360 3937 temperatum
2383 3874 2469 3920 est
2504 3881 2521 3921 :
2554 3875 2612 3919 ut
2638 3877 2815 3934 neque
2852 3862 2898 3918 si
2930 3864 2985 3917 in
3035 3862 3212 3917 solum
3262 3862 3579 3932 ﬁgmentum

2001 3971 2238 4016 tuentem
2277 3959 2654 4029 adjeceriInns,
2688 3956 2825 4010 nihil
2882 3954 3008 4010 inde
3042 3954 3321 4023 capiamus
3368 3954 3578 4008 emolu-

2000 4053 2191 4118 menti,
2243 4064 2423 4122 neque
2476 4052 2617 4105 nuda
2696 4048 3072 4119 speculatione
3139 4046 3304 4099 veluti
3358 4060 3579 4100 meraco

2005 4144 2372 4200 iuebriemur:
2406 4143 2504 4199 sed
2530 4156 2652 4212 qua:
2680 4142 2951 4213 parabolae
2985 4143 3124 4196 ratio
3154 4142 3244 4207 sit,
3277 4142 3585 4196 audiamus.

2077 4318 2402 4377 DixitJesus
2438 4318 2755 4390 parabohm
2793 4320 2936 4374 hanc
2970 4336 2985 4373 :
3022 4337 3043 4371 ι
3093 4319 3469 4374 Assimilatnm
3499 4326 3588 4374 est

2004 4430 2231 4489 regnum
2262 4414 2522 4470 caelorum
2549 4413 2751 4470 homini
2783 4413 2918 4482 regi,
2951 4413 3040 4482 qui
3099 4412 3271 4467 voluit
3312 4413 3577 4467 rationein

2005 4520 2210 4578 ponere
2260 4518 2385 4558 cum
2411 4502 2584 4557 servis
2614 4502 2730 4556 suis
2761 4501 2803 4533 ³⁷
2837 4519 2858 4553 ι
2891 4500 3249 4568 Quaerendum
3280 4500 3436 4554 nobis
3480 4512 3587 4567 est,

2005 4596 2135 4666 quid
2186 4597 2278 4659 sit,
2318 4592 2461 4664 quod
2507 4591 2757 4646 Salvator
2810 4606 2917 4645 non
2969 4590 3283 4646 euucleatos
3336 4592 3589 4659 proponit

2006 4699 2200 4741 sensus
2222 4683 2485 4739 doctrinae
2513 4696 2644 4743 suae.
2668 4682 2761 4736 sed
2789 4696 2887 4751 per
2924 4681 3213 4750 parabolas
3264 4680 3585 4749 plerumque

2009 4779 2285 4833 dissertat.
2323 4775 2551 4846 Oportet
2625 4774 2789 4843 igitur
2861 4773 3170 4842 intelligere
3230 4781 3414 4842 aperte
3460 4787 3586 4827 eum

306 4976 532 5044 λέγεται
592 4972 835 5035 σπανίως
893 4970 974 5040 τῷ
1022 4946 1382 5041 παραϐολικῷ
1433 4968 1565 5021 εῖδει
1592 4966 1893 5037 χρώμενος.

2010 4962 2233 5017 litudine
2262 4961 2499 5016 solitum.
2526 4960 2631 5014 Sed
2662 4960 2920 5027 quoniam
2944 4974 3064 5013 cum
3095 4959 3199 5011 illis
3228 4958 3379 5013 stulti
3425 4959 3589 5012 etiam

318 5066 482 5120 Ἐπεὶ
511 5064 575 5118 δὲ
599 5064 691 5119 καὶ
723 5061 907 5117 σκαιοί
930 5078 1078 5126 τινες
1110 5062 1523 5133 συνηγείροντο,
1560 5060 1763 5130 ἥκιστα
1802 5061 1905 5129 μὲν

381 5207 431 5237 ⁸⁸
463 5202 661 5258 Matth.
699 5216 832 5264 xxv,
863 5202 955 5257 15.
1034 5201 1077 5232 ⁸⁷
1110 5199 1302 5255 Matth.
1330 5215 1484 5267 xvnt,
1510 5198 1602 5254 25.

2012 5056 2510 5126 congregabantur,
2545 5052 2637 5122 qui
2665 5050 2804 5106 nihil
2835 5062 2994 5107 erant
3025 5051 3277 5106 utilitatis
3305 5052 3431 5108 inde
3453 5052 3595 5106 rela-

1559 5314 1887 5377 Franeisei
1918 5313 2128 5377 Seorsi
2158 5320 2347 5375 nata).

542 5438 840 5521 Circnlum.
890 5436 979 5521 De
1005 5436 1090 5491 bis
1129 5449 1507 5521 nan-merorqu
1534 5434 1728 5521 ﬁgulis
1761 5434 1903 5515 alius

308 5503 416 5566 erit
442 5503 655 5566 dicendi
681 5511 835 5564 locus
868 5510 935 5562 ad
968 5508 1115 5562 hom.
1149 5507 1240 5571 24,
1268 5522 1425 5576 quem
1457 5503 1605 5561 vide.
1637 5504 1822 5573 Neque
1846 5506 1899 5558 in

311 5587 455 5637 hanc
489 5582 670 5637 omnia
701 5578 1047 5650 congerenda
1080 5585 1224 5631 sunt.

387 5652 500 5722 (54)
536 5654 616 5705 Ad
650 5644 984 5722 docendum.
1007 5648 1238 5722 Secutus
1280 5660 1403 5722 sum
1437 5645 1725 5722 lectionem
1765 5644 1902 5699 Cod.

308 5715 551 5793 sxum
584 5722 682 5793 τὴν
728 5718 1113 5793 διδασκαλίαν,
1156 5732 1274 5783 qute
1326 5718 1440 5769 visa
1484 5726 1566 5769 est
1609 5715 1907 5793 aptio‘r,_ut

311 5788 484 5848 cuivis
509 5788 879 5850 consideranti
904 5789 1192 5853 videbitur,
1219 5802 1381 5856 quam
1398 5802 1484 5853 ea,
1504 5802 1664 5855 quam
1685 5788 1905 5839 exhibet

2000 5435 2123 5490 eod.
2161 5432 2225 5487 P.
2275 5432 2412 5504 πρὸς
2438 5431 2501 5485 τὸ
2522 5426 3034 5504 διδασκαλεῖονηΑἱι
3053 5427 3202 5504 enim
3236 5423 3595 5503 Theophanes

2001 5520 2062 5560 se
2099 5499 2347 5574 quamvis
2370 5505 2436 5556 ad
2476 5503 2690 5574 labores
2720 5499 3173 5574 corporisminus
3199 5503 3410 5574 aptum,
3442 5499 3595 5574 erci-

2004 5564 2319 5630 tari'tatnen
2351 5587 2380 5626 a
2405 5573 2587 5626 studio
2609 5564 2832 5626 suorum
2863 5571 3170 5623 auditorum
3195 5570 3259 5618 ad
3289 5564 3589 5617 habendam

2004 5645 2371 5701 hortationem
2413 5644 2529 5697 sive
2570 5643 2883 5696 tradendam
2921 5638 3259 5703 doctrinam;
3306 5642 3595 5703 utrumque

2005 5720 2150 5770 enim
2182 5716 2320 5769 valet
2350 5715 2383 5783 η
2416 5712 2763 5767 διδασκαλία.
