  <div class='ocr_page' id='page_1' title='image "/cluster/home/n/w/nwhite01/storage/ocr_20150623/132/coo.31924054870377/091.png"; bbox 0 0 4122 6428; ppageno 0'>
   <div class='ocr_carea' id='block_1_1' title="bbox 511 336 606 402">
    <p class='ocr_par' dir='ltr' id='par_1_1' title="bbox 511 336 606 402">
     <span class='ocr_line' id='line_1_1' title="bbox 511 336 606 402; baseline -0.011 -1"><span class='ocrx_word' id='word_1_1' title='bbox 511 336 606 402; x_wconf 74' lang='grc' dir='ltr'>1θί</span> 
     </span>
    </p>
   </div>
   <div class='ocr_carea' id='block_1_2' title="bbox 1684 326 2587 392">
    <p class='ocr_par' dir='ltr' id='par_1_2' title="bbox 1684 326 2587 392">
     <span class='ocr_line' id='line_1_2' title="bbox 1684 326 2587 392; baseline -0.001 0"><span class='ocrx_word' id='word_1_2' title='bbox 1684 330 2099 392; x_wconf 80' lang='grc' dir='ltr'><strong>ΤΗΕΟΡΠΑΝ</strong></span> <span class='ocrx_word' id='word_1_3' title='bbox 2115 330 2182 391; x_wconf 90' lang='lat' dir='ltr'><strong>IS</strong></span> <span class='ocrx_word' id='word_1_4' title='bbox 2221 326 2587 391; x_wconf 80' lang='lat' dir='ltr'><strong>CERAMEI.</strong></span> 
     </span>
    </p>
   </div>
   <div class='ocr_carea' id='block_1_3' title="bbox 3674 320 3781 390">
    <p class='ocr_par' dir='ltr' id='par_1_3' title="bbox 3674 320 3781 390">
     <span class='ocr_line' id='line_1_3' title="bbox 3674 320 3781 390; baseline -0.019 -1"><span class='ocrx_word' id='word_1_5' title='bbox 3674 320 3781 390; x_wconf 69' lang='lat'><strong>168</strong></span> 
     </span>
    </p>
   </div>
   <div class='ocr_carea' id='block_1_4' title="bbox 507 428 2094 502">
    <p class='ocr_par' dir='ltr' id='par_1_4' title="bbox 507 435 2092 501">
     <span class='ocr_line' id='line_1_4' title="bbox 507 435 2092 501; baseline -0.007 -3"><span class='ocrx_word' id='word_1_6' title='bbox 507 446 600 501; x_wconf 84' lang='lat' dir='ltr'><strong>ubi</strong></span> <span class='ocrx_word' id='word_1_7' title='bbox 649 441 944 499; x_wconf 87' lang='lat' dir='ltr'><strong>honestas?</strong></span> <span class='ocrx_word' id='word_1_8' title='bbox 1007 438 1096 494; x_wconf 86' lang='lat' dir='ltr'><strong>ubi</strong></span> <span class='ocrx_word' id='word_1_9' title='bbox 1161 437 1411 494; x_wconf 81' lang='lat' dir='ltr'><strong>Ezechiel</strong></span> <span class='ocrx_word' id='word_1_10' title='bbox 1461 435 1742 492; x_wconf 87' lang='lat' dir='ltr'><strong>clamans:</strong></span> <span class='ocrx_word' id='word_1_11' title='bbox 1795 455 1814 488; x_wconf 74' lang='grc' dir='ltr'><strong>ι</strong></span> <span class='ocrx_word' id='word_1_12' title='bbox 1873 435 2092 501; x_wconf 86' lang='lat' dir='ltr'><strong>Anima,</strong></span> 
     </span>
    </p>
   </div>
   <div class='ocr_carea' id='block_1_5' title="bbox 2197 428 3788 502">
    <p class='ocr_par' dir='ltr' id='par_1_5' title="bbox 2199 428 3788 502">
     <span class='ocr_line' id='line_1_5' title="bbox 2199 428 3788 502; baseline -0.003 -15"><span class='ocrx_word' id='word_1_13' title='bbox 2199 451 2390 500; x_wconf 83' lang='grc' dir='ltr'>καιον;</span> <span class='ocrx_word' id='word_1_14' title='bbox 2417 434 2519 486; x_wconf 86' lang='grc' dir='ltr'><strong>ποῦ</strong></span> <span class='ocrx_word' id='word_1_15' title='bbox 2551 432 2613 486; x_wconf 82' lang='grc' dir='ltr'>τὺ</span> <span class='ocrx_word' id='word_1_16' title='bbox 2649 431 2901 497; x_wconf 70' lang='grc' dir='ltr'>εύσεόέ,;</span> <span class='ocrx_word' id='word_1_17' title='bbox 2953 429 3057 484; x_wconf 86' lang='grc' dir='ltr'><strong>ποῦ</strong></span> <span class='ocrx_word' id='word_1_18' title='bbox 3091 431 3147 484; x_wconf 73' lang='grc' dir='ltr'>τὸ</span> <span class='ocrx_word' id='word_1_19' title='bbox 3183 431 3354 495; x_wconf 82' lang='grc' dir='ltr'>ὅσιον,</span> <span class='ocrx_word' id='word_1_20' title='bbox 3384 428 3492 485; x_wconf 80' lang='grc' dir='ltr'><strong>ποῦ</strong></span> <span class='ocrx_word' id='word_1_21' title='bbox 3520 430 3788 502; x_wconf 75' lang='grc' dir='ltr'>Ίεζεκιήλ</span> 
     </span>
    </p>
   </div>
   <div class='ocr_carea' id='block_1_6' title="bbox 500 527 2093 604">
    <p class='ocr_par' dir='ltr' id='par_1_6' title="bbox 500 527 2093 604">
     <span class='ocr_line' id='line_1_6' title="bbox 500 527 2093 604; baseline -0.003 -20"><span class='ocrx_word' id='word_1_22' title='bbox 500 551 629 604; x_wconf 78' lang='lat' dir='ltr'><strong>qua:</strong></span> <span class='ocrx_word' id='word_1_23' title='bbox 677 533 1003 604; x_wconf 86' lang='lat' dir='ltr'><strong>peccaverit,</strong></span> <span class='ocrx_word' id='word_1_24' title='bbox 1057 532 1170 599; x_wconf 88' lang='lat' dir='ltr'><strong>ipsa</strong></span> <span class='ocrx_word' id='word_1_25' title='bbox 1221 529 1520 592; x_wconf 88' lang='lat' dir='ltr'><strong>morietur;</strong></span> <span class='ocrx_word' id='word_1_26' title='bbox 1581 538 1638 583; x_wconf 89' lang='lat' dir='ltr'><strong>et</strong></span> <span class='ocrx_word' id='word_1_27' title='bbox 1698 543 1803 582; x_wconf 86' lang='lat' dir='ltr'><strong>non</strong></span> <span class='ocrx_word' id='word_1_28' title='bbox 1861 527 2093 596; x_wconf 89' lang='lat' dir='ltr'><strong>accipiet</strong></span> 
     </span>
    </p>
   </div>
   <div class='ocr_carea' id='block_1_7' title="bbox 508 617 2092 695">
    <p class='ocr_par' dir='ltr' id='par_1_7' title="bbox 508 617 2092 695">
     <span class='ocr_line' id='line_1_7' title="bbox 508 617 2092 695; baseline -0.007 -11"><span class='ocrx_word' id='word_1_29' title='bbox 508 630 650 684; x_wconf 73' lang='lat' dir='ltr'><strong>(ilius</strong></span> <span class='ocrx_word' id='word_1_30' title='bbox 681 628 1019 695; x_wconf 73' lang='lat' dir='ltr'><strong>iniquitatem</strong></span> <span class='ocrx_word' id='word_1_31' title='bbox 1046 617 1316 692; x_wconf 75' lang='lat' dir='ltr'><strong>patris“?</strong></span> <span class='ocrx_word' id='word_1_32' title='bbox 1345 640 1364 673; x_wconf 72' lang='grc' dir='ltr'><strong>ι</strong></span> <span class='ocrx_word' id='word_1_33' title='bbox 1401 621 1780 690; x_wconf 86' lang='lat' dir='ltr'><strong>Conjectemus</strong></span> <span class='ocrx_word' id='word_1_34' title='bbox 1805 621 1967 689; x_wconf 87' lang='lat' dir='ltr'><strong>igitur</strong></span> <span class='ocrx_word' id='word_1_35' title='bbox 2025 635 2092 673; x_wconf 83' lang='lat' dir='ltr'><strong>ex</strong></span> 
     </span>
    </p>
   </div>
   <div class='ocr_carea' id='block_1_8' title="bbox 507 709 2090 782">
    <p class='ocr_par' dir='ltr' id='par_1_8' title="bbox 507 709 2090 782">
     <span class='ocr_line' id='line_1_8' title="bbox 507 709 2090 782; baseline -0.008 -7"><span class='ocrx_word' id='word_1_36' title='bbox 507 719 615 775; x_wconf 81' lang='lat' dir='ltr'><strong>hoc</strong></span> <span class='ocrx_word' id='word_1_37' title='bbox 644 718 764 772; x_wconf 93' lang='lat' dir='ltr'><strong>loco</strong></span> <span class='ocrx_word' id='word_1_38' title='bbox 787 715 1111 770; x_wconf 85' lang='lat' dir='ltr'><strong>altissimum</strong></span> <span class='ocrx_word' id='word_1_39' title='bbox 1131 715 1324 782; x_wconf 88' lang='lat' dir='ltr'><strong>dogma</strong></span> <span class='ocrx_word' id='word_1_40' title='bbox 1356 712 1410 766; x_wconf 92' lang='lat' dir='ltr'><strong>in</strong></span> <span class='ocrx_word' id='word_1_41' title='bbox 1435 710 1728 781; x_wconf 83' lang='lat' dir='ltr'><strong>Evangelio</strong></span> <span class='ocrx_word' id='word_1_42' title='bbox 1760 711 1923 765; x_wconf 90' lang='lat' dir='ltr'><strong>tradi.</strong></span> <span class='ocrx_word' id='word_1_43' title='bbox 1955 709 2090 764; x_wconf 89' lang='lat' dir='ltr'><strong>Cum</strong></span> 
     </span>
    </p>
   </div>
   <div class='ocr_carea' id='block_1_9' title="bbox 508 803 2090 876">
    <p class='ocr_par' dir='ltr' id='par_1_9' title="bbox 508 803 2090 876">
     <span class='ocr_line' id='line_1_9' title="bbox 508 803 2090 876; baseline -0.007 -9"><span class='ocrx_word' id='word_1_44' title='bbox 508 812 654 868; x_wconf 86' lang='lat' dir='ltr'><strong>enim</strong></span> <span class='ocrx_word' id='word_1_45' title='bbox 693 809 859 876; x_wconf 84' lang='lat' dir='ltr'><strong>aliqui</strong></span> <span class='ocrx_word' id='word_1_46' title='bbox 891 805 1316 862; x_wconf 88' lang='lat' dir='ltr'><strong>abominabilem</strong></span> <span class='ocrx_word' id='word_1_47' title='bbox 1349 806 1536 868; x_wconf 87' lang='lat' dir='ltr'><strong>vitam,</strong></span> <span class='ocrx_word' id='word_1_48' title='bbox 1582 813 1636 858; x_wconf 89' lang='lat' dir='ltr'><strong>et</strong></span> <span class='ocrx_word' id='word_1_49' title='bbox 1691 803 1803 857; x_wconf 87' lang='lat' dir='ltr'><strong>Deo</strong></span> <span class='ocrx_word' id='word_1_50' title='bbox 1856 803 2090 857; x_wconf 84' lang='lat' dir='ltr'><strong>invisam</strong></span> 
     </span>
    </p>
   </div>
   <div class='ocr_carea' id='block_1_10' title="bbox 508 895 2091 968">
    <p class='ocr_par' dir='ltr' id='par_1_10' title="bbox 508 895 2091 968">
     <span class='ocr_line' id='line_1_10' title="bbox 508 895 2091 968; baseline -0.007 -8"><span class='ocrx_word' id='word_1_51' title='bbox 508 907 737 968; x_wconf 87' lang='lat' dir='ltr'><strong>ducunt,</strong></span> <span class='ocrx_word' id='word_1_52' title='bbox 770 902 856 968; x_wconf 84' lang='lat' dir='ltr'><strong>iis,</strong></span> <span class='ocrx_word' id='word_1_53' title='bbox 915 900 1069 968; x_wconf 86' lang='lat' dir='ltr'><strong>quasi</strong></span> <span class='ocrx_word' id='word_1_54' title='bbox 1129 897 1338 968; x_wconf 80' lang='lat' dir='ltr'><strong>ﬂagella</strong></span> <span class='ocrx_word' id='word_1_55' title='bbox 1391 897 1858 958; x_wconf 85' lang='lat' dir='ltr'><strong>charissimorum,</strong></span> <span class='ocrx_word' id='word_1_56' title='bbox 1913 895 2091 950; x_wconf 86' lang='lat' dir='ltr'><strong>morbi</strong></span> 
     </span>
    </p>
   </div>
   <div class='ocr_carea' id='block_1_11' title="bbox 509 987 2087 1060">
    <p class='ocr_par' dir='ltr' id='par_1_11' title="bbox 509 987 2087 1060">
     <span class='ocr_line' id='line_1_11' title="bbox 509 987 2087 1060; baseline -0.006 -12"><span class='ocrx_word' id='word_1_57' title='bbox 509 1004 828 1060; x_wconf 76' lang='lat' dir='ltr'><strong>mortesque</strong></span> <span class='ocrx_word' id='word_1_58' title='bbox 856 988 1202 1058; x_wconf 73' lang='lat' dir='ltr'><strong>inﬂiguntur.</strong></span> <span class='ocrx_word' id='word_1_59' title='bbox 1232 987 1418 1057; x_wconf 86' lang='lat' dir='ltr'><strong>Neque</strong></span> <span class='ocrx_word' id='word_1_60' title='bbox 1448 989 1550 1042; x_wconf 90' lang='lat' dir='ltr'><strong>hoc</strong></span> <span class='ocrx_word' id='word_1_61' title='bbox 1574 988 1692 1042; x_wconf 88' lang='lat' dir='ltr'><strong>sine</strong></span> <span class='ocrx_word' id='word_1_62' title='bbox 1721 987 2087 1057; x_wconf 88' lang='lat' dir='ltr'><strong>providentia,</strong></span> 
     </span>
    </p>
   </div>
   <div class='ocr_carea' id='block_1_12' title="bbox 507 1079 2092 1152">
    <p class='ocr_par' dir='ltr' id='par_1_12' title="bbox 507 1079 2092 1152">
     <span class='ocr_line' id='line_1_12' title="bbox 507 1079 2092 1152; baseline -0.005 -12"><span class='ocrx_word' id='word_1_63' title='bbox 507 1101 572 1140; x_wconf 88' lang='lat' dir='ltr'><strong>ac</strong></span> <span class='ocrx_word' id='word_1_64' title='bbox 599 1087 716 1138; x_wconf 90' lang='lat' dir='ltr'><strong>sine</strong></span> <span class='ocrx_word' id='word_1_65' title='bbox 744 1084 950 1152; x_wconf 85' lang='lat' dir='ltr'><strong>judicio</strong></span> <span class='ocrx_word' id='word_1_66' title='bbox 991 1092 1141 1135; x_wconf 88' lang='lat' dir='ltr'><strong>certo</strong></span> <span class='ocrx_word' id='word_1_67' title='bbox 1175 1081 1466 1150; x_wconf 83' lang='lat' dir='ltr'><strong>contingit.</strong></span> <span class='ocrx_word' id='word_1_68' title='bbox 1516 1079 1623 1134; x_wconf 92' lang='lat' dir='ltr'><strong>Sed</strong></span> <span class='ocrx_word' id='word_1_69' title='bbox 1686 1080 1942 1149; x_wconf 87' lang='lat' dir='ltr'><strong>quoniam</strong></span> <span class='ocrx_word' id='word_1_70' title='bbox 2007 1079 2092 1133; x_wconf 80' lang='lat' dir='ltr'><strong>lu-</strong></span> 
     </span>
    </p>
   </div>
   <div class='ocr_carea' id='block_1_13' title="bbox 505 1173 2094 1243">
    <p class='ocr_par' dir='ltr' id='par_1_13' title="bbox 505 1173 2094 1243">
     <span class='ocr_line' id='line_1_13' title="bbox 505 1173 2094 1243; baseline -0.003 -11"><span class='ocrx_word' id='word_1_71' title='bbox 505 1189 687 1232; x_wconf 89' lang='lat' dir='ltr'><strong>turum</strong></span> <span class='ocrx_word' id='word_1_72' title='bbox 717 1185 856 1239; x_wconf 87' lang='lat' dir='ltr'><strong>erat,</strong></span> <span class='ocrx_word' id='word_1_73' title='bbox 887 1185 945 1230; x_wconf 91' lang='lat' dir='ltr'><strong>ut</strong></span> <span class='ocrx_word' id='word_1_74' title='bbox 985 1174 1078 1228; x_wconf 89' lang='lat' dir='ltr'><strong>lilii</strong></span> <span class='ocrx_word' id='word_1_75' title='bbox 1122 1174 1515 1229; x_wconf 64' lang='lat' dir='ltr'><strong>aemularentur</strong></span> <span class='ocrx_word' id='word_1_76' title='bbox 1549 1182 1836 1243; x_wconf 89' lang='lat' dir='ltr'><strong>parentum</strong></span> <span class='ocrx_word' id='word_1_77' title='bbox 1886 1173 2094 1242; x_wconf 84' lang='lat' dir='ltr'><strong>impro-</strong></span> 
     </span>
    </p>
   </div>
   <div class='ocr_carea' id='block_1_14' title="bbox 509 1269 2093 1338">
    <p class='ocr_par' dir='ltr' id='par_1_14' title="bbox 509 1269 2093 1338">
     <span class='ocr_line' id='line_1_14' title="bbox 509 1269 2093 1338; baseline -0.004 -12"><span class='ocrx_word' id='word_1_78' title='bbox 509 1271 758 1333; x_wconf 76' lang='lat' dir='ltr'><strong>bitatem,</strong></span> <span class='ocrx_word' id='word_1_79' title='bbox 793 1269 895 1338; x_wconf 84' lang='lat' dir='ltr'><strong>ipsi</strong></span> <span class='ocrx_word' id='word_1_80' title='bbox 926 1282 1141 1337; x_wconf 84' lang='lat' dir='ltr'><strong>quoque</strong></span> <span class='ocrx_word' id='word_1_81' title='bbox 1168 1283 1263 1337; x_wconf 90' lang='lat' dir='ltr'><strong>per</strong></span> <span class='ocrx_word' id='word_1_82' title='bbox 1297 1269 1513 1321; x_wconf 79' lang='lat' dir='ltr'><strong>morbos</strong></span> <span class='ocrx_word' id='word_1_83' title='bbox 1569 1281 1632 1320; x_wconf 89' lang='lat' dir='ltr'><strong>ac</strong></span> <span class='ocrx_word' id='word_1_84' title='bbox 1664 1273 1893 1320; x_wconf 90' lang='lat' dir='ltr'><strong>mortem</strong></span> <span class='ocrx_word' id='word_1_85' title='bbox 1920 1280 1950 1320; x_wconf 89' lang='lat' dir='ltr'><strong>a</strong></span> <span class='ocrx_word' id='word_1_86' title='bbox 1977 1280 2093 1320; x_wconf 88' lang='lat' dir='ltr'><strong>ma-</strong></span> 
     </span>
    </p>
   </div>
   <div class='ocr_carea' id='block_1_15' title="bbox 508 1359 2090 1427">
    <p class='ocr_par' dir='ltr' id='par_1_15' title="bbox 508 1359 2090 1427">
     <span class='ocr_line' id='line_1_15' title="bbox 508 1359 2090 1427; baseline -0.002 -13"><span class='ocrx_word' id='word_1_87' title='bbox 508 1361 624 1415; x_wconf 89' lang='lat' dir='ltr'><strong>litia</strong></span> <span class='ocrx_word' id='word_1_88' title='bbox 650 1369 994 1422; x_wconf 68' lang='lat' dir='ltr'><strong>coercentur,</strong></span> <span class='ocrx_word' id='word_1_89' title='bbox 1029 1373 1082 1414; x_wconf 91' lang='lat' dir='ltr'><strong>et</strong></span> <span class='ocrx_word' id='word_1_90' title='bbox 1113 1371 1392 1427; x_wconf 86' lang='lat' dir='ltr'><strong>parentum</strong></span> <span class='ocrx_word' id='word_1_91' title='bbox 1443 1361 1735 1413; x_wconf 80' lang='lat' dir='ltr'><strong>obstinatio</strong></span> <span class='ocrx_word' id='word_1_92' title='bbox 1793 1359 2090 1414; x_wconf 90' lang='lat' dir='ltr'><strong>emollitur.</strong></span> 
     </span>
    </p>
   </div>
   <div class='ocr_carea' id='block_1_16' title="bbox 512 1449 2093 1519">
    <p class='ocr_par' dir='ltr' id='par_1_16' title="bbox 512 1449 2093 1519">
     <span class='ocr_line' id='line_1_16' title="bbox 512 1449 2093 1519; baseline -0.002 -14"><span class='ocrx_word' id='word_1_93' title='bbox 512 1452 926 1517; x_wconf 68' lang='lat' dir='ltr'><strong>Verumtamen,</strong></span> <span class='ocrx_word' id='word_1_94' title='bbox 958 1452 1098 1519; x_wconf 90' lang='lat' dir='ltr'><strong>quod</strong></span> <span class='ocrx_word' id='word_1_95' title='bbox 1131 1467 1347 1505; x_wconf 88' lang='lat' dir='ltr'><strong>servum</strong></span> <span class='ocrx_word' id='word_1_96' title='bbox 1375 1460 1484 1504; x_wconf 89' lang='lat' dir='ltr'><strong>tota</strong></span> <span class='ocrx_word' id='word_1_97' title='bbox 1511 1466 1632 1504; x_wconf 88' lang='lat' dir='ltr'><strong>cum</strong></span> <span class='ocrx_word' id='word_1_98' title='bbox 1682 1449 1844 1504; x_wconf 91' lang='lat' dir='ltr'><strong>domo</strong></span> <span class='ocrx_word' id='word_1_99' title='bbox 1901 1450 2093 1502; x_wconf 85' lang='lat' dir='ltr'><strong>venire</strong></span> 
     </span>
    </p>
   </div>
   <div class='ocr_carea' id='block_1_17' title="bbox 503 1541 2089 1616">
    <p class='ocr_par' dir='ltr' id='par_1_17' title="bbox 503 1541 2089 1616">
     <span class='ocr_line' id='line_1_17' title="bbox 503 1541 2089 1616; baseline 0.001 -20"><span class='ocrx_word' id='word_1_100' title='bbox 503 1547 688 1616; x_wconf 83' lang='lat' dir='ltr'><strong>jussit,</strong></span> <span class='ocrx_word' id='word_1_101' title='bbox 731 1547 796 1598; x_wconf 83' lang='lat' dir='ltr'><strong>ad</strong></span> <span class='ocrx_word' id='word_1_102' title='bbox 820 1554 1084 1598; x_wconf 84' lang='lat' dir='ltr'><strong>terrorem</strong></span> <span class='ocrx_word' id='word_1_103' title='bbox 1117 1544 1491 1598; x_wconf 87' lang='lat' dir='ltr'><strong>ineutiendum</strong></span> <span class='ocrx_word' id='word_1_104' title='bbox 1527 1545 1576 1596; x_wconf 93' lang='lat' dir='ltr'><strong>id</strong></span> <span class='ocrx_word' id='word_1_105' title='bbox 1600 1541 1752 1608; x_wconf 77' lang='lat' dir='ltr'><strong>fecit,</strong></span> <span class='ocrx_word' id='word_1_106' title='bbox 1780 1551 1834 1597; x_wconf 85' lang='lat' dir='ltr'><strong>et</strong></span> <span class='ocrx_word' id='word_1_107' title='bbox 1895 1543 1970 1596; x_wconf 88' lang='lat' dir='ltr'><strong>uti</strong></span> <span class='ocrx_word' id='word_1_108' title='bbox 2023 1543 2089 1597; x_wconf 87' lang='lat' dir='ltr'><strong>ad</strong></span> 
     </span>
    </p>
   </div>
   <div class='ocr_carea' id='block_1_18' title="bbox 512 1633 2090 1708">
    <p class='ocr_par' dir='ltr' id='par_1_18' title="bbox 512 1633 2090 1708">
     <span class='ocr_line' id='line_1_18' title="bbox 512 1633 2090 1708; baseline -0.001 -17"><span class='ocrx_word' id='word_1_109' title='bbox 512 1642 777 1708; x_wconf 66' lang='lat' dir='ltr'><strong>liltTylllilS</strong></span> <span class='ocrx_word' id='word_1_110' title='bbox 852 1636 1396 1703; x_wconf 76' lang='lat' dir='ltr'><strong>obsecrationemque</strong></span> <span class='ocrx_word' id='word_1_111' title='bbox 1445 1637 1691 1688; x_wconf 81' lang='lat' dir='ltr'><strong>traheret</strong></span> <span class='ocrx_word' id='word_1_112' title='bbox 1764 1633 2090 1691; x_wconf 85' lang='lat' dir='ltr'><strong>debitorem.</strong></span> 
     </span>
    </p>
   </div>
   <div class='ocr_carea' id='block_1_19' title="bbox 512 1723 2088 1795">
    <p class='ocr_par' dir='ltr' id='par_1_19' title="bbox 512 1723 2088 1795">
     <span class='ocr_line' id='line_1_19' title="bbox 512 1723 2088 1795; baseline -0.001 -14"><span class='ocrx_word' id='word_1_113' title='bbox 512 1728 622 1782; x_wconf 77' lang='lat' dir='ltr'><strong>Etsi</strong></span> <span class='ocrx_word' id='word_1_114' title='bbox 649 1727 792 1780; x_wconf 82' lang='lat' dir='ltr'><strong>enim</strong></span> <span class='ocrx_word' id='word_1_115' title='bbox 843 1726 1020 1794; x_wconf 91' lang='lat' dir='ltr'><strong>ipsum</strong></span> <span class='ocrx_word' id='word_1_116' title='bbox 1061 1725 1295 1779; x_wconf 80' lang='lat' dir='ltr'><strong>vendere</strong></span> <span class='ocrx_word' id='word_1_117' title='bbox 1324 1725 1610 1794; x_wconf 77' lang='lat' dir='ltr'><strong>cogitavit,</strong></span> <span class='ocrx_word' id='word_1_118' title='bbox 1662 1739 1726 1780; x_wconf 86' lang='lat' dir='ltr'><strong>ac</strong></span> <span class='ocrx_word' id='word_1_119' title='bbox 1763 1723 1873 1792; x_wconf 85' lang='lat' dir='ltr'><strong>jam</strong></span> <span class='ocrx_word' id='word_1_120' title='bbox 1931 1725 2088 1795; x_wconf 86' lang='lat' dir='ltr'><strong>quasi</strong></span> 
     </span>
    </p>
   </div>
   <div class='ocr_carea' id='block_1_20' title="bbox 511 1800 2166 1886">
    <p class='ocr_par' dir='ltr' id='par_1_20' title="bbox 511 1800 2166 1886">
     <span class='ocr_line' id='line_1_20' title="bbox 511 1800 2166 1886; baseline -0.002 -13"><span class='ocrx_word' id='word_1_121' title='bbox 511 1820 741 1873; x_wconf 68' lang='lat' dir='ltr'><strong>traditus</strong></span> <span class='ocrx_word' id='word_1_122' title='bbox 773 1826 912 1880; x_wconf 83' lang='lat' dir='ltr'><strong>erat,</strong></span> <span class='ocrx_word' id='word_1_123' title='bbox 938 1832 1042 1871; x_wconf 89' lang='lat' dir='ltr'><strong>non</strong></span> <span class='ocrx_word' id='word_1_124' title='bbox 1088 1827 1268 1870; x_wconf 87' lang='lat' dir='ltr'><strong>tamen</strong></span> <span class='ocrx_word' id='word_1_125' title='bbox 1324 1817 1438 1870; x_wconf 89' lang='lat' dir='ltr'><strong>vult</strong></span> <span class='ocrx_word' id='word_1_126' title='bbox 1465 1827 1696 1870; x_wconf 89' lang='lat' dir='ltr'><strong>mortem</strong></span> <span class='ocrx_word' id='word_1_127' title='bbox 1750 1819 2088 1886; x_wconf 87' lang='lat' dir='ltr'><strong>peccatoris,</strong></span> <span class='ocrx_word' id='word_1_128' title='bbox 2124 1800 2166 1856; x_wconf 73' lang='grc' dir='ltr'><strong><em>Β</em></strong></span> 
     </span>
    </p>
   </div>
   <div class='ocr_carea' id='block_1_21' title="bbox 510 1908 2092 1984">
    <p class='ocr_par' dir='ltr' id='par_1_21' title="bbox 510 1908 2092 1984">
     <span class='ocr_line' id='line_1_21' title="bbox 510 1908 2092 1984; baseline -0.001 -19"><span class='ocrx_word' id='word_1_129' title='bbox 510 1910 607 1965; x_wconf 81' lang='lat' dir='ltr'><strong>sed</strong></span> <span class='ocrx_word' id='word_1_130' title='bbox 632 1910 1044 1964; x_wconf 79' lang='lat' dir='ltr'><strong>conversionem</strong></span> <span class='ocrx_word' id='word_1_131' title='bbox 1078 1910 1294 1978; x_wconf 64' lang='lat' dir='ltr'><strong>quaerit,</strong></span> <span class='ocrx_word' id='word_1_132' title='bbox 1329 1920 1384 1962; x_wconf 91' lang='lat' dir='ltr'><strong>et</strong></span> <span class='ocrx_word' id='word_1_133' title='bbox 1435 1909 1630 1976; x_wconf 88' lang='lat' dir='ltr'><strong>recipit</strong></span> <span class='ocrx_word' id='word_1_134' title='bbox 1692 1908 2092 1984; x_wconf 69' lang='lat' dir='ltr'><strong>ptenitentiam.</strong></span> 
     </span>
    </p>
   </div>
   <div class='ocr_carea' id='block_1_22' title="bbox 510 2001 2126 2072">
    <p class='ocr_par' dir='ltr' id='par_1_22' title="bbox 510 2001 2126 2072">
     <span class='ocr_line' id='line_1_22' title="bbox 510 2001 2126 2072; baseline -0.002 -14"><span class='ocrx_word' id='word_1_135' title='bbox 510 2003 574 2058; x_wconf 77' lang='lat' dir='ltr'><strong>Et</strong></span> <span class='ocrx_word' id='word_1_136' title='bbox 604 2018 791 2058; x_wconf 78' lang='lat' dir='ltr'><strong>aicum</strong></span> <span class='ocrx_word' id='word_1_137' title='bbox 823 2002 1038 2072; x_wconf 88' lang='lat' dir='ltr'><strong>quidem</strong></span> <span class='ocrx_word' id='word_1_138' title='bbox 1091 2003 1365 2056; x_wconf 89' lang='lat' dir='ltr'><strong>minarum</strong></span> <span class='ocrx_word' id='word_1_139' title='bbox 1431 2001 1694 2066; x_wconf 85' lang='lat' dir='ltr'><strong>intendit;</strong></span> <span class='ocrx_word' id='word_1_140' title='bbox 1748 2004 1844 2057; x_wconf 91' lang='lat' dir='ltr'><strong>sed</strong></span> <span class='ocrx_word' id='word_1_141' title='bbox 1886 2001 2126 2055; x_wconf 88' lang='lat' dir='ltr'><strong>inhibet-</strong></span> 
     </span>
    </p>
   </div>
   <div class='ocr_carea' id='block_1_23' title="bbox 509 2094 2098 2165">
    <p class='ocr_par' dir='ltr' id='par_1_23' title="bbox 509 2094 2098 2165">
     <span class='ocr_line' id='line_1_23' title="bbox 509 2094 2098 2165; baseline 0.002 -20"><span class='ocrx_word' id='word_1_142' title='bbox 509 2112 682 2163; x_wconf 73' lang='lat' dir='ltr'><strong>pmme</strong></span> <span class='ocrx_word' id='word_1_143' title='bbox 712 2097 962 2165; x_wconf 76' lang='lat' dir='ltr'><strong>sagittam</strong></span> <span class='ocrx_word' id='word_1_144' title='bbox 993 2096 1059 2150; x_wconf 86' lang='lat' dir='ltr'><strong>iis</strong></span> <span class='ocrx_word' id='word_1_145' title='bbox 1089 2096 1330 2164; x_wconf 87' lang='lat' dir='ltr'><strong>quidem,</strong></span> <span class='ocrx_word' id='word_1_146' title='bbox 1359 2095 1448 2162; x_wconf 90' lang='lat' dir='ltr'><strong>qui</strong></span> <span class='ocrx_word' id='word_1_147' title='bbox 1486 2111 1609 2148; x_wconf 89' lang='lat' dir='ltr'><strong>cum</strong></span> <span class='ocrx_word' id='word_1_148' title='bbox 1665 2094 1980 2156; x_wconf 89' lang='lat' dir='ltr'><strong>ceciderint,</strong></span> <span class='ocrx_word' id='word_1_149' title='bbox 2041 2101 2098 2148; x_wconf 87' lang='lat' dir='ltr'><strong>et</strong></span> 
     </span>
    </p>
   </div>
   <div class='ocr_carea' id='block_1_24' title="bbox 511 2176 2093 2258">
    <p class='ocr_par' dir='ltr' id='par_1_24' title="bbox 511 2176 2093 2258">
     <span class='ocr_line' id='line_1_24' title="bbox 511 2176 2093 2258; baseline 0.001 -18"><span class='ocrx_word' id='word_1_150' title='bbox 511 2176 780 2242; x_wconf 70' lang='lat' dir='ltr'><strong>vulnerati</strong></span> <span class='ocrx_word' id='word_1_151' title='bbox 821 2187 1049 2253; x_wconf 81' lang='lat' dir='ltr'><strong>fuerint,</strong></span> <span class='ocrx_word' id='word_1_152' title='bbox 1089 2188 1156 2241; x_wconf 90' lang='lat' dir='ltr'><strong>ad</strong></span> <span class='ocrx_word' id='word_1_153' title='bbox 1195 2188 1430 2241; x_wconf 91' lang='lat' dir='ltr'><strong>remedia</strong></span> <span class='ocrx_word' id='word_1_154' title='bbox 1489 2195 1667 2241; x_wconf 89' lang='lat' dir='ltr'><strong>tamen</strong></span> <span class='ocrx_word' id='word_1_155' title='bbox 1721 2187 2037 2258; x_wconf 77' lang='lat' dir='ltr'><strong>confugiunt</strong></span> <span class='ocrx_word' id='word_1_156' title='bbox 2077 2204 2093 2242; x_wconf 91' lang='lat'><strong>:</strong></span> 
     </span>
    </p>
   </div>
   <div class='ocr_carea' id='block_1_25' title="bbox 507 2279 2096 2350">
    <p class='ocr_par' dir='ltr' id='par_1_25' title="bbox 507 2279 2096 2350">
     <span class='ocr_line' id='line_1_25' title="bbox 507 2279 2096 2350; baseline -0.003 -13"><span class='ocrx_word' id='word_1_157' title='bbox 507 2283 698 2338; x_wconf 77' lang='lat' dir='ltr'><strong>vendit</strong></span> <span class='ocrx_word' id='word_1_158' title='bbox 736 2294 865 2335; x_wconf 90' lang='lat' dir='ltr'><strong>vero</strong></span> <span class='ocrx_word' id='word_1_159' title='bbox 923 2296 1070 2346; x_wconf 89' lang='lat' dir='ltr'><strong>eum,</strong></span> <span class='ocrx_word' id='word_1_160' title='bbox 1123 2280 1214 2348; x_wconf 91' lang='lat' dir='ltr'><strong>qui</strong></span> <span class='ocrx_word' id='word_1_161' title='bbox 1242 2281 1472 2334; x_wconf 86' lang='lat' dir='ltr'><strong>salutem</strong></span> <span class='ocrx_word' id='word_1_162' title='bbox 1505 2279 1778 2350; x_wconf 85' lang='lat' dir='ltr'><strong>desperat,</strong></span> <span class='ocrx_word' id='word_1_163' title='bbox 1805 2289 1861 2335; x_wconf 89' lang='lat' dir='ltr'><strong>et</strong></span> <span class='ocrx_word' id='word_1_164' title='bbox 1915 2279 2096 2334; x_wconf 86' lang='lat' dir='ltr'><strong>renuit</strong></span> 
     </span>
    </p>
   </div>
   <div class='ocr_carea' id='block_1_26' title="bbox 509 2371 2096 2442">
    <p class='ocr_par' dir='ltr' id='par_1_26' title="bbox 509 2371 2096 2442">
     <span class='ocr_line' id='line_1_26' title="bbox 509 2371 2096 2442; baseline -0.005 -12"><span class='ocrx_word' id='word_1_165' title='bbox 509 2375 903 2430; x_wconf 86' lang='lat' dir='ltr'><strong>correctionem</strong></span> <span class='ocrx_word' id='word_1_166' title='bbox 944 2389 958 2426; x_wconf 89' lang='lat'><strong>:</strong></span> <span class='ocrx_word' id='word_1_167' title='bbox 1003 2371 1440 2442; x_wconf 89' lang='lat' dir='ltr'><strong>quandoquidem</strong></span> <span class='ocrx_word' id='word_1_168' title='bbox 1497 2371 1670 2437; x_wconf 89' lang='lat' dir='ltr'><strong>servi,</strong></span> <span class='ocrx_word' id='word_1_169' title='bbox 1713 2379 1770 2426; x_wconf 91' lang='lat' dir='ltr'><strong>et</strong></span> <span class='ocrx_word' id='word_1_170' title='bbox 1827 2371 2096 2436; x_wconf 86' lang='lat' dir='ltr'><strong>omnium,</strong></span> 
     </span>
    </p>
   </div>
   <div class='ocr_carea' id='block_1_27' title="bbox 509 2463 2099 2537">
    <p class='ocr_par' dir='ltr' id='par_1_27' title="bbox 509 2463 2099 2537">
     <span class='ocr_line' id='line_1_27' title="bbox 509 2463 2099 2537; baseline 0 -19"><span class='ocrx_word' id='word_1_171' title='bbox 509 2483 630 2537; x_wconf 74' lang='lat' dir='ltr'><strong>qua:</strong></span> <span class='ocrx_word' id='word_1_172' title='bbox 672 2467 902 2521; x_wconf 85' lang='lat' dir='ltr'><strong>habebat</strong></span> <span class='ocrx_word' id='word_1_173' title='bbox 930 2465 1184 2528; x_wconf 84' lang='lat' dir='ltr'><strong>venditio,</strong></span> <span class='ocrx_word' id='word_1_174' title='bbox 1217 2465 1510 2518; x_wconf 83' lang='lat' dir='ltr'><strong>multorum</strong></span> <span class='ocrx_word' id='word_1_175' title='bbox 1549 2463 1815 2517; x_wconf 89' lang='lat' dir='ltr'><strong>bonorum</strong></span> <span class='ocrx_word' id='word_1_176' title='bbox 1839 2463 2099 2532; x_wconf 53' lang='lat' dir='ltr'><strong>privatio.</strong></span> 
     </span>
    </p>
   </div>
   <div class='ocr_carea' id='block_1_28' title="bbox 511 2556 1612 2627">
    <p class='ocr_par' dir='ltr' id='par_1_28' title="bbox 511 2556 1612 2627">
     <span class='ocr_line' id='line_1_28' title="bbox 511 2556 1612 2627; baseline -0.005 -11"><span class='ocrx_word' id='word_1_177' title='bbox 511 2576 632 2616; x_wconf 90' lang='lat' dir='ltr'><strong>nem</strong></span> <span class='ocrx_word' id='word_1_178' title='bbox 657 2569 712 2615; x_wconf 89' lang='lat' dir='ltr'><strong>et</strong></span> <span class='ocrx_word' id='word_1_179' title='bbox 739 2560 1081 2614; x_wconf 86' lang='lat' dir='ltr'><strong>aversionem</strong></span> <span class='ocrx_word' id='word_1_180' title='bbox 1110 2573 1140 2611; x_wconf 89' lang='lat' dir='ltr'><strong>a</strong></span> <span class='ocrx_word' id='word_1_181' title='bbox 1172 2557 1279 2612; x_wconf 90' lang='lat' dir='ltr'><strong>Deo</strong></span> <span class='ocrx_word' id='word_1_182' title='bbox 1315 2556 1612 2627; x_wconf 81' lang='lat' dir='ltr'><strong>signiﬁcat.</strong></span> 
     </span>
    </p>
   </div>
   <div class='ocr_carea' id='block_1_29' title="bbox 585 2648 2099 2706">
    <p class='ocr_par' dir='ltr' id='par_1_29' title="bbox 585 2648 2099 2706">
     <span class='ocr_line' id='line_1_29' title="bbox 585 2648 2099 2706; baseline 0 -2"><span class='ocrx_word' id='word_1_183' title='bbox 585 2671 604 2704; x_wconf 74' lang='grc' dir='ltr'><strong>ι</strong></span> <span class='ocrx_word' id='word_1_184' title='bbox 647 2650 944 2706; x_wconf 87' lang='lat' dir='ltr'><strong>Procideus</strong></span> <span class='ocrx_word' id='word_1_185' title='bbox 967 2659 1146 2704; x_wconf 90' lang='lat' dir='ltr'><strong>autem</strong></span> <span class='ocrx_word' id='word_1_186' title='bbox 1185 2664 1378 2704; x_wconf 81' lang='lat' dir='ltr'><strong>servus</strong></span> <span class='ocrx_word' id='word_1_187' title='bbox 1425 2651 1620 2704; x_wconf 87' lang='lat' dir='ltr'><strong>orabat</strong></span> <span class='ocrx_word' id='word_1_188' title='bbox 1688 2661 1812 2703; x_wconf 87' lang='lat' dir='ltr'><strong>eum</strong></span> <span class='ocrx_word' id='word_1_189' title='bbox 1860 2648 2047 2704; x_wconf 87' lang='lat' dir='ltr'><strong>dicens</strong></span> <span class='ocrx_word' id='word_1_190' title='bbox 2079 2666 2099 2704; x_wconf 86' lang='lat'><strong>:</strong></span> 
     </span>
    </p>
   </div>
   <div class='ocr_carea' id='block_1_30' title="bbox 514 2742 2092 2807">
    <p class='ocr_par' dir='ltr' id='par_1_30' title="bbox 514 2742 2092 2807">
     <span class='ocr_line' id='line_1_30' title="bbox 514 2742 2092 2807; baseline -0.001 -10"><span class='ocrx_word' id='word_1_191' title='bbox 514 2743 836 2798; x_wconf 88' lang='lat' dir='ltr'><strong>Patientiam</strong></span> <span class='ocrx_word' id='word_1_192' title='bbox 890 2744 1028 2798; x_wconf 85' lang='lat' dir='ltr'><strong>habe</strong></span> <span class='ocrx_word' id='word_1_193' title='bbox 1057 2744 1112 2796; x_wconf 93' lang='lat' dir='ltr'><strong>in</strong></span> <span class='ocrx_word' id='word_1_194' title='bbox 1154 2757 1263 2807; x_wconf 87' lang='lat' dir='ltr'><strong>me,</strong></span> <span class='ocrx_word' id='word_1_195' title='bbox 1295 2752 1349 2797; x_wconf 92' lang='lat' dir='ltr'><strong>et</strong></span> <span class='ocrx_word' id='word_1_196' title='bbox 1375 2742 1560 2796; x_wconf 85' lang='lat' dir='ltr'><strong>omnia</strong></span> <span class='ocrx_word' id='word_1_197' title='bbox 1613 2742 1838 2798; x_wconf 88' lang='lat' dir='ltr'><strong>reddam</strong></span> <span class='ocrx_word' id='word_1_198' title='bbox 1910 2743 2026 2797; x_wconf 91' lang='lat' dir='ltr'><strong>tibi.</strong></span> <span class='ocrx_word' id='word_1_199' title='bbox 2071 2761 2092 2796; x_wconf 70' lang='grc' dir='ltr'><strong>ι</strong></span> 
     </span>
    </p>
   </div>
   <div class='ocr_carea' id='block_1_31' title="bbox 513 2833 2100 2906">
    <p class='ocr_par' dir='ltr' id='par_1_31' title="bbox 513 2833 2100 2906">
     <span class='ocr_line' id='line_1_31' title="bbox 513 2833 2100 2906; baseline 0.002 -19"><span class='ocrx_word' id='word_1_200' title='bbox 513 2837 653 2902; x_wconf 82' lang='lat' dir='ltr'><strong>Quid</strong></span> <span class='ocrx_word' id='word_1_201' title='bbox 685 2836 848 2906; x_wconf 89' lang='lat' dir='ltr'><strong>igitur</strong></span> <span class='ocrx_word' id='word_1_202' title='bbox 869 2836 1096 2891; x_wconf 82' lang='lat' dir='ltr'><strong>servus?</strong></span> <span class='ocrx_word' id='word_1_203' title='bbox 1129 2837 1237 2892; x_wconf 92' lang='lat' dir='ltr'><strong>Pro</strong></span> <span class='ocrx_word' id='word_1_204' title='bbox 1257 2837 1502 2906; x_wconf 76' lang='lat' dir='ltr'><strong>pecunia:</strong></span> <span class='ocrx_word' id='word_1_205' title='bbox 1525 2833 1797 2890; x_wconf 87' lang='lat' dir='ltr'><strong>solutione</strong></span> <span class='ocrx_word' id='word_1_206' title='bbox 1827 2835 2100 2906; x_wconf 87' lang='lat' dir='ltr'><strong>supplica-</strong></span> 
     </span>
    </p>
   </div>
   <div class='ocr_carea' id='block_1_32' title="bbox 515 2926 2101 2998">
    <p class='ocr_par' dir='ltr' id='par_1_32' title="bbox 515 2926 2101 2998">
     <span class='ocr_line' id='line_1_32' title="bbox 515 2926 2101 2998; baseline 0.003 -20"><span class='ocrx_word' id='word_1_207' title='bbox 515 2928 716 2980; x_wconf 86' lang='lat' dir='ltr'><strong>tionem</strong></span> <span class='ocrx_word' id='word_1_208' title='bbox 742 2926 923 2992; x_wconf 81' lang='lat' dir='ltr'><strong>oﬂ&#39;ert,</strong></span> <span class='ocrx_word' id='word_1_209' title='bbox 961 2937 1016 2982; x_wconf 91' lang='lat' dir='ltr'><strong>et</strong></span> <span class='ocrx_word' id='word_1_210' title='bbox 1055 2927 1344 2982; x_wconf 90' lang='lat' dir='ltr'><strong>Dominum</strong></span> <span class='ocrx_word' id='word_1_211' title='bbox 1381 2928 1660 2994; x_wconf 75' lang='lat' dir='ltr'><strong>obsecrat,</strong></span> <span class='ocrx_word' id='word_1_212' title='bbox 1706 2935 1766 2982; x_wconf 88' lang='lat' dir='ltr'><strong>ut</strong></span> <span class='ocrx_word' id='word_1_213' title='bbox 1821 2929 2101 2998; x_wconf 85' lang='lat' dir='ltr'><strong>patienter</strong></span> 
     </span>
    </p>
   </div>
   <div class='ocr_carea' id='block_1_33' title="bbox 511 3017 2095 3093">
    <p class='ocr_par' dir='ltr' id='par_1_33' title="bbox 511 3017 2095 3093">
     <span class='ocr_line' id='line_1_33' title="bbox 511 3017 2095 3093; baseline 0.001 -20"><span class='ocrx_word' id='word_1_214' title='bbox 511 3020 672 3075; x_wconf 81' lang='lat' dir='ltr'><strong>ferat.</strong></span> <span class='ocrx_word' id='word_1_215' title='bbox 729 3017 831 3075; x_wconf 85' lang='lat' dir='ltr'><strong>Hic</strong></span> <span class='ocrx_word' id='word_1_216' title='bbox 870 3035 1001 3076; x_wconf 84' lang='lat' dir='ltr'><strong>vero</strong></span> <span class='ocrx_word' id='word_1_217' title='bbox 1049 3020 1140 3076; x_wconf 90' lang='lat' dir='ltr'><strong>ubi</strong></span> <span class='ocrx_word' id='word_1_218' title='bbox 1191 3034 1408 3076; x_wconf 84' lang='lat' dir='ltr'><strong>servum</strong></span> <span class='ocrx_word' id='word_1_219' title='bbox 1461 3021 1528 3075; x_wconf 87' lang='lat' dir='ltr'><strong>ad</strong></span> <span class='ocrx_word' id='word_1_220' title='bbox 1571 3021 1736 3091; x_wconf 82' lang='lat' dir='ltr'><strong>pedes</strong></span> <span class='ocrx_word' id='word_1_221' title='bbox 1793 3021 2095 3093; x_wconf 76' lang='lat' dir='ltr'><strong>abiectum,</strong></span> 
     </span>
    </p>
   </div>
   <div class='ocr_carea' id='block_1_34' title="bbox 511 3112 2097 3184">
    <p class='ocr_par' dir='ltr' id='par_1_34' title="bbox 511 3112 2097 3184">
     <span class='ocr_line' id='line_1_34' title="bbox 511 3112 2097 3184; baseline 0.002 -17"><span class='ocrx_word' id='word_1_222' title='bbox 511 3124 569 3167; x_wconf 90' lang='lat' dir='ltr'><strong>et</strong></span> <span class='ocrx_word' id='word_1_223' title='bbox 613 3113 798 3167; x_wconf 86' lang='lat' dir='ltr'><strong>oculos</strong></span> <span class='ocrx_word' id='word_1_224' title='bbox 847 3114 1126 3168; x_wconf 83' lang='lat' dir='ltr'><strong>madentes</strong></span> <span class='ocrx_word' id='word_1_225' title='bbox 1209 3112 1464 3184; x_wconf 86' lang='lat' dir='ltr'><strong>lacrymis</strong></span> <span class='ocrx_word' id='word_1_226' title='bbox 1532 3113 1690 3180; x_wconf 85' lang='lat' dir='ltr'><strong>vidit,</strong></span> <span class='ocrx_word' id='word_1_227' title='bbox 1745 3114 1988 3172; x_wconf 89' lang='lat' dir='ltr'><strong>clemens</strong></span> <span class='ocrx_word' id='word_1_228' title='bbox 2039 3124 2097 3171; x_wconf 88' lang='lat' dir='ltr'><strong>et</strong></span> 
     </span>
    </p>
   </div>
   <div class='ocr_carea' id='block_1_35' title="bbox 511 3205 2093 3279">
    <p class='ocr_par' dir='ltr' id='par_1_35' title="bbox 511 3205 2093 3279">
     <span class='ocr_line' id='line_1_35' title="bbox 511 3205 2093 3279; baseline 0.003 -20"><span class='ocrx_word' id='word_1_229' title='bbox 511 3205 672 3259; x_wconf 78' lang='lat' dir='ltr'><strong>facile</strong></span> <span class='ocrx_word' id='word_1_230' title='bbox 715 3205 974 3274; x_wconf 77' lang='lat' dir='ltr'><strong>placabile</strong></span> <span class='ocrx_word' id='word_1_231' title='bbox 1030 3207 1272 3262; x_wconf 89' lang='lat' dir='ltr'><strong>ostendit</strong></span> <span class='ocrx_word' id='word_1_232' title='bbox 1320 3207 1629 3276; x_wconf 84' lang='lat' dir='ltr'><strong>ingenium;</strong></span> <span class='ocrx_word' id='word_1_233' title='bbox 1671 3222 1771 3264; x_wconf 92' lang='lat' dir='ltr'><strong>nec</strong></span> <span class='ocrx_word' id='word_1_234' title='bbox 1833 3221 2093 3279; x_wconf 88' lang='lat' dir='ltr'><strong>quantam</strong></span> 
     </span>
    </p>
   </div>
   <div class='ocr_carea' id='block_1_36' title="bbox 516 3299 2096 3371">
    <p class='ocr_par' dir='ltr' id='par_1_36' title="bbox 516 3299 2096 3371">
     <span class='ocr_line' id='line_1_36' title="bbox 516 3299 2096 3371; baseline 0.004 -20"><span class='ocrx_word' id='word_1_235' title='bbox 516 3312 712 3351; x_wconf 81' lang='lat' dir='ltr'><strong>servus</strong></span> <span class='ocrx_word' id='word_1_236' title='bbox 746 3299 996 3365; x_wconf 85' lang='lat' dir='ltr'><strong>rogabat,</strong></span> <span class='ocrx_word' id='word_1_237' title='bbox 1025 3299 1122 3351; x_wconf 86' lang='lat' dir='ltr'><strong>sed</strong></span> <span class='ocrx_word' id='word_1_238' title='bbox 1181 3309 1440 3367; x_wconf 86' lang='lat' dir='ltr'><strong>quantam</strong></span> <span class='ocrx_word' id='word_1_239' title='bbox 1476 3299 1594 3369; x_wconf 90' lang='lat' dir='ltr'><strong>ejus</strong></span> <span class='ocrx_word' id='word_1_240' title='bbox 1651 3300 1957 3371; x_wconf 83' lang='lat' dir='ltr'><strong>benignitas</strong></span> <span class='ocrx_word' id='word_1_241' title='bbox 1999 3317 2096 3357; x_wconf 82' lang='lat' dir='ltr'><strong>ca-</strong></span> 
     </span>
    </p>
   </div>
   <div class='ocr_carea' id='block_1_37' title="bbox 514 3387 2096 3460">
    <p class='ocr_par' dir='ltr' id='par_1_37' title="bbox 514 3387 2096 3460">
     <span class='ocr_line' id='line_1_37' title="bbox 514 3387 2096 3460; baseline 0.003 -16"><span class='ocrx_word' id='word_1_242' title='bbox 514 3390 716 3458; x_wconf 82' lang='lat' dir='ltr'><strong>piebat,</strong></span> <span class='ocrx_word' id='word_1_243' title='bbox 760 3391 988 3460; x_wconf 87' lang='lat' dir='ltr'><strong>gratiam</strong></span> <span class='ocrx_word' id='word_1_244' title='bbox 1018 3391 1168 3445; x_wconf 79' lang='lat' dir='ltr'><strong>fecit.</strong></span> <span class='ocrx_word' id='word_1_245' title='bbox 1201 3387 1375 3446; x_wconf 90' lang='lat' dir='ltr'><strong>Omne</strong></span> <span class='ocrx_word' id='word_1_246' title='bbox 1417 3392 1562 3446; x_wconf 90' lang='lat' dir='ltr'><strong>enim</strong></span> <span class='ocrx_word' id='word_1_247' title='bbox 1590 3393 1833 3450; x_wconf 67' lang='lat' dir='ltr'><strong>obaerato</strong></span> <span class='ocrx_word' id='word_1_248' title='bbox 1855 3395 2096 3450; x_wconf 88' lang='lat' dir='ltr'><strong>debitum</strong></span> 
     </span>
    </p>
   </div>
   <div class='ocr_carea' id='block_1_38' title="bbox 515 3480 2099 3554">
    <p class='ocr_par' dir='ltr' id='par_1_38' title="bbox 515 3480 2099 3554">
     <span class='ocr_line' id='line_1_38' title="bbox 515 3480 2099 3554; baseline 0.003 -20"><span class='ocrx_word' id='word_1_249' title='bbox 515 3481 687 3550; x_wconf 87' lang='lat' dir='ltr'><strong>gratis</strong></span> <span class='ocrx_word' id='word_1_250' title='bbox 711 3482 910 3545; x_wconf 82' lang='lat' dir='ltr'><strong>donat;</strong></span> <span class='ocrx_word' id='word_1_251' title='bbox 943 3489 999 3534; x_wconf 91' lang='lat' dir='ltr'><strong>et</strong></span> <span class='ocrx_word' id='word_1_252' title='bbox 1021 3480 1183 3535; x_wconf 87' lang='lat' dir='ltr'><strong>simul</strong></span> <span class='ocrx_word' id='word_1_253' title='bbox 1213 3496 1325 3535; x_wconf 66' lang='lat' dir='ltr'><strong>sua:</strong></span> <span class='ocrx_word' id='word_1_254' title='bbox 1353 3482 1710 3554; x_wconf 80' lang='lat' dir='ltr'><strong>benignitatis</strong></span> <span class='ocrx_word' id='word_1_255' title='bbox 1736 3483 1852 3554; x_wconf 89' lang='lat' dir='ltr'><strong>ipse</strong></span> <span class='ocrx_word' id='word_1_256' title='bbox 1896 3486 2099 3540; x_wconf 82' lang='lat' dir='ltr'><strong>innata:</strong></span> 
     </span>
    </p>
   </div>
   <div class='ocr_carea' id='block_1_39' title="bbox 513 3572 2094 3643">
    <p class='ocr_par' dir='ltr' id='par_1_39' title="bbox 513 3572 2094 3643">
     <span class='ocr_line' id='line_1_39' title="bbox 513 3572 2094 3643; baseline 0.003 -17"><span class='ocrx_word' id='word_1_257' title='bbox 513 3573 736 3641; x_wconf 84' lang='lat' dir='ltr'><strong>pelagus</strong></span> <span class='ocrx_word' id='word_1_258' title='bbox 766 3572 1092 3626; x_wconf 89' lang='lat' dir='ltr'><strong>immensum</strong></span> <span class='ocrx_word' id='word_1_259' title='bbox 1120 3573 1358 3628; x_wconf 88' lang='lat' dir='ltr'><strong>ostendit</strong></span> <span class='ocrx_word' id='word_1_260' title='bbox 1389 3587 1404 3628; x_wconf 91' lang='lat'><strong>:</strong></span> <span class='ocrx_word' id='word_1_261' title='bbox 1434 3574 1597 3630; x_wconf 89' lang='lat' dir='ltr'><strong>simul</strong></span> <span class='ocrx_word' id='word_1_262' title='bbox 1630 3576 1825 3631; x_wconf 84' lang='lat' dir='ltr'><strong>edocet</strong></span> <span class='ocrx_word' id='word_1_263' title='bbox 1846 3591 2094 3643; x_wconf 91' lang='lat' dir='ltr'><strong>servum,</strong></span> 
     </span>
    </p>
   </div>
   <div class='ocr_carea' id='block_1_40' title="bbox 513 3663 2093 3736">
    <p class='ocr_par' dir='ltr' id='par_1_40' title="bbox 513 3663 2093 3736">
     <span class='ocr_line' id='line_1_40' title="bbox 513 3663 2093 3736; baseline 0.006 -20"><span class='ocrx_word' id='word_1_264' title='bbox 513 3675 578 3716; x_wconf 89' lang='lat' dir='ltr'><strong>ut</strong></span> <span class='ocrx_word' id='word_1_265' title='bbox 605 3663 954 3732; x_wconf 80' lang='lat' dir='ltr'><strong>peccantibus</strong></span> <span class='ocrx_word' id='word_1_266' title='bbox 985 3665 1258 3720; x_wconf 89' lang='lat' dir='ltr'><strong>condonet</strong></span> <span class='ocrx_word' id='word_1_267' title='bbox 1299 3679 1364 3720; x_wconf 88' lang='lat' dir='ltr'><strong>ea</strong></span> <span class='ocrx_word' id='word_1_268' title='bbox 1415 3680 1536 3736; x_wconf 68' lang='lat' dir='ltr'><strong>qua:</strong></span> <span class='ocrx_word' id='word_1_269' title='bbox 1561 3667 1663 3723; x_wconf 84' lang='lat' dir='ltr'><strong>sibi</strong></span> <span class='ocrx_word' id='word_1_270' title='bbox 1701 3667 1918 3723; x_wconf 83' lang='lat' dir='ltr'><strong>fuerant</strong></span> <span class='ocrx_word' id='word_1_271' title='bbox 1966 3683 2093 3724; x_wconf 86' lang='lat' dir='ltr'><strong>con-</strong></span> 
     </span>
    </p>
   </div>
   <div class='ocr_carea' id='block_1_41' title="bbox 512 3755 2094 3826">
    <p class='ocr_par' dir='ltr' id='par_1_41' title="bbox 512 3755 2094 3826">
     <span class='ocr_line' id='line_1_41' title="bbox 512 3755 2094 3826; baseline 0.005 -16"><span class='ocrx_word' id='word_1_272' title='bbox 512 3757 733 3810; x_wconf 83' lang='lat' dir='ltr'><strong>donata.</strong></span> <span class='ocrx_word' id='word_1_273' title='bbox 766 3756 915 3811; x_wconf 82' lang='lat' dir='ltr'><strong>Adeo</strong></span> <span class='ocrx_word' id='word_1_274' title='bbox 945 3755 1146 3810; x_wconf 88' lang='lat' dir='ltr'><strong>bonum</strong></span> <span class='ocrx_word' id='word_1_275' title='bbox 1176 3757 1440 3813; x_wconf 84' lang='lat' dir='ltr'><strong>habemus</strong></span> <span class='ocrx_word' id='word_1_276' title='bbox 1467 3758 1780 3826; x_wconf 88' lang='lat' dir='ltr'><strong>Dominum,</strong></span> <span class='ocrx_word' id='word_1_277' title='bbox 1806 3764 1942 3817; x_wconf 87' lang='lat' dir='ltr'><strong>adeo</strong></span> <span class='ocrx_word' id='word_1_278' title='bbox 1967 3777 2094 3818; x_wconf 88' lang='lat' dir='ltr'><strong>eum</strong></span> 
     </span>
    </p>
   </div>
   <div class='ocr_carea' id='block_1_42' title="bbox 509 3847 2096 3922">
    <p class='ocr_par' dir='ltr' id='par_1_42' title="bbox 509 3847 2096 3922">
     <span class='ocr_line' id='line_1_42' title="bbox 509 3847 2096 3922; baseline 0.006 -20"><span class='ocrx_word' id='word_1_279' title='bbox 509 3847 858 3917; x_wconf 86' lang='lat' dir='ltr'><strong>supplicatio,</strong></span> <span class='ocrx_word' id='word_1_280' title='bbox 897 3857 950 3903; x_wconf 90' lang='lat' dir='ltr'><strong>et</strong></span> <span class='ocrx_word' id='word_1_281' title='bbox 1017 3864 1126 3903; x_wconf 81' lang='lat' dir='ltr'><strong>una</strong></span> <span class='ocrx_word' id='word_1_282' title='bbox 1170 3849 1409 3921; x_wconf 84' lang='lat' dir='ltr'><strong>lacryma</strong></span> <span class='ocrx_word' id='word_1_283' title='bbox 1457 3849 1681 3908; x_wconf 84' lang='lat' dir='ltr'><strong>llectere</strong></span> <span class='ocrx_word' id='word_1_284' title='bbox 1739 3855 1901 3922; x_wconf 87' lang='lat' dir='ltr'><strong>solet,</strong></span> <span class='ocrx_word' id='word_1_285' title='bbox 1959 3857 2096 3912; x_wconf 89' lang='lat' dir='ltr'><strong>adeo</strong></span> 
     </span>
    </p>
   </div>
   <div class='ocr_carea' id='block_1_43' title="bbox 510 3940 2095 4018">
    <p class='ocr_par' dir='ltr' id='par_1_43' title="bbox 510 3940 2095 4018">
     <span class='ocr_line' id='line_1_43' title="bbox 510 3940 2095 4018; baseline 0.005 -22"><span class='ocrx_word' id='word_1_286' title='bbox 510 3956 638 4012; x_wconf 86' lang='lat' dir='ltr'><strong>erga</strong></span> <span class='ocrx_word' id='word_1_287' title='bbox 668 3942 1024 4010; x_wconf 76' lang='lat' dir='ltr'><strong>pteuitentem</strong></span> <span class='ocrx_word' id='word_1_288' title='bbox 1051 3957 1110 3998; x_wconf 90' lang='lat' dir='ltr'><strong>se</strong></span> <span class='ocrx_word' id='word_1_289' title='bbox 1138 3940 1450 3999; x_wconf 81' lang='lat' dir='ltr'><strong>muniﬁcum</strong></span> <span class='ocrx_word' id='word_1_290' title='bbox 1482 3946 1688 4016; x_wconf 63' lang='lat' dir='ltr'><strong>praebet</strong></span> <span class='ocrx_word' id='word_1_291' title='bbox 1715 3956 1777 4002; x_wconf 90' lang='lat' dir='ltr'><strong>ut</strong></span> <span class='ocrx_word' id='word_1_292' title='bbox 1824 3948 2095 4018; x_wconf 90' lang='lat' dir='ltr'><strong>postulata</strong></span> 
     </span>
    </p>
   </div>
   <div class='ocr_carea' id='block_1_44' title="bbox 509 4034 2094 4110">
    <p class='ocr_par' dir='ltr' id='par_1_44' title="bbox 509 4034 2094 4110">
     <span class='ocr_line' id='line_1_44' title="bbox 509 4034 2094 4110; baseline 0.004 -20"><span class='ocrx_word' id='word_1_293' title='bbox 509 4042 729 4104; x_wconf 84' lang='lat' dir='ltr'><strong>superet</strong></span> <span class='ocrx_word' id='word_1_294' title='bbox 758 4035 937 4090; x_wconf 86' lang='lat' dir='ltr'><strong>donis.</strong></span> <span class='ocrx_word' id='word_1_295' title='bbox 971 4034 1249 4091; x_wconf 77' lang='lat' dir='ltr'><strong>Manasses</strong></span> <span class='ocrx_word' id='word_1_296' title='bbox 1281 4045 1360 4091; x_wconf 85' lang='lat' dir='ltr'><strong>tot</strong></span> <span class='ocrx_word' id='word_1_297' title='bbox 1420 4037 1722 4094; x_wconf 85' lang='lat' dir='ltr'><strong>sceleribus</strong></span> <span class='ocrx_word' id='word_1_298' title='bbox 1779 4051 2094 4110; x_wconf 89' lang='lat' dir='ltr'><strong>coopertus,</strong></span> 
     </span>
    </p>
   </div>
   <div class='ocr_carea' id='block_1_45' title="bbox 509 4128 2094 4197">
    <p class='ocr_par' dir='ltr' id='par_1_45' title="bbox 509 4128 2094 4197">
     <span class='ocr_line' id='line_1_45' title="bbox 509 4128 2094 4197; baseline 0.005 -15"><span class='ocrx_word' id='word_1_299' title='bbox 509 4137 569 4182; x_wconf 91' lang='lat' dir='ltr'><strong>et</strong></span> <span class='ocrx_word' id='word_1_300' title='bbox 604 4136 988 4197; x_wconf 62' lang='lat' dir='ltr'><strong>prmgravatus,</strong></span> <span class='ocrx_word' id='word_1_301' title='bbox 1015 4128 1101 4182; x_wconf 78' lang='lat' dir='ltr'><strong>vix</strong></span> <span class='ocrx_word' id='word_1_302' title='bbox 1130 4143 1429 4186; x_wconf 85' lang='lat' dir='ltr'><strong>conversus</strong></span> <span class='ocrx_word' id='word_1_303' title='bbox 1485 4132 1861 4189; x_wconf 88' lang='lat' dir='ltr'><strong>remissionem</strong></span> <span class='ocrx_word' id='word_1_304' title='bbox 1917 4134 2094 4190; x_wconf 91' lang='lat' dir='ltr'><strong>solum</strong></span> 
     </span>
    </p>
   </div>
   <div class='ocr_carea' id='block_1_46' title="bbox 511 4217 2095 4293">
    <p class='ocr_par' dir='ltr' id='par_1_46' title="bbox 511 4217 2095 4293">
     <span class='ocr_line' id='line_1_46' title="bbox 511 4217 2095 4293; baseline 0.006 -21"><span class='ocrx_word' id='word_1_305' title='bbox 511 4234 543 4272; x_wconf 89' lang='lat' dir='ltr'><strong>a</strong></span> <span class='ocrx_word' id='word_1_306' title='bbox 582 4217 691 4272; x_wconf 87' lang='lat' dir='ltr'><strong>Deo</strong></span> <span class='ocrx_word' id='word_1_307' title='bbox 720 4219 895 4287; x_wconf 86' lang='lat' dir='ltr'><strong>petiit,</strong></span> <span class='ocrx_word' id='word_1_308' title='bbox 924 4219 1111 4274; x_wconf 88' lang='lat' dir='ltr'><strong>dicens</strong></span> <span class='ocrx_word' id='word_1_309' title='bbox 1142 4237 1157 4273; x_wconf 91' lang='lat'><strong>:</strong></span> <span class='ocrx_word' id='word_1_310' title='bbox 1213 4220 1329 4293; x_wconf 79' lang='lat'><strong>(59)</strong></span> <span class='ocrx_word' id='word_1_311' title='bbox 1357 4220 1619 4279; x_wconf 81' lang='lat' dir='ltr'><strong>Miserere</strong></span> <span class='ocrx_word' id='word_1_312' title='bbox 1656 4224 1814 4290; x_wconf 90' lang='lat' dir='ltr'><strong>mihi,</strong></span> <span class='ocrx_word' id='word_1_313' title='bbox 1841 4225 2095 4293; x_wconf 87' lang='lat' dir='ltr'><strong>Domine,</strong></span> 
     </span>
    </p>
   </div>
   <div class='ocr_carea' id='block_1_47' title="bbox 510 4309 2098 4384">
    <p class='ocr_par' dir='ltr' id='par_1_47' title="bbox 510 4309 2098 4384">
     <span class='ocr_line' id='line_1_47' title="bbox 510 4309 2098 4384; baseline 0.006 -20"><span class='ocrx_word' id='word_1_314' title='bbox 510 4309 809 4372; x_wconf 85' lang='lat' dir='ltr'><strong>miserere;</strong></span> <span class='ocrx_word' id='word_1_315' title='bbox 865 4319 922 4365; x_wconf 91' lang='lat' dir='ltr'><strong>et</strong></span> <span class='ocrx_word' id='word_1_316' title='bbox 980 4313 1192 4366; x_wconf 88' lang='lat' dir='ltr'><strong>veniam</strong></span> <span class='ocrx_word' id='word_1_317' title='bbox 1228 4315 1558 4384; x_wconf 85' lang='lat' dir='ltr'><strong>impetravit,</strong></span> <span class='ocrx_word' id='word_1_318' title='bbox 1606 4328 1663 4372; x_wconf 86' lang='lat' dir='ltr'><strong>et</strong></span> <span class='ocrx_word' id='word_1_319' title='bbox 1719 4318 1792 4372; x_wconf 89' lang='lat' dir='ltr'><strong>ab</strong></span> <span class='ocrx_word' id='word_1_320' title='bbox 1849 4320 2098 4374; x_wconf 86' lang='lat' dir='ltr'><strong>hostibus</strong></span> 
     </span>
    </p>
   </div>
   <div class='ocr_carea' id='block_1_48' title="bbox 511 4399 2094 4478">
    <p class='ocr_par' dir='ltr' id='par_1_48' title="bbox 511 4399 2094 4478">
     <span class='ocr_line' id='line_1_48' title="bbox 511 4399 2094 4478; baseline 0.009 -27"><span class='ocrx_word' id='word_1_321' title='bbox 511 4399 775 4454; x_wconf 85' lang='lat' dir='ltr'><strong>liberatus</strong></span> <span class='ocrx_word' id='word_1_322' title='bbox 807 4408 910 4464; x_wconf 90' lang='lat' dir='ltr'><strong>est,</strong></span> <span class='ocrx_word' id='word_1_323' title='bbox 943 4409 998 4456; x_wconf 91' lang='lat' dir='ltr'><strong>et</strong></span> <span class='ocrx_word' id='word_1_324' title='bbox 1025 4415 1247 4471; x_wconf 85' lang='lat' dir='ltr'><strong>regnum</strong></span> <span class='ocrx_word' id='word_1_325' title='bbox 1282 4418 1473 4459; x_wconf 89' lang='lat' dir='ltr'><strong>rursus</strong></span> <span class='ocrx_word' id='word_1_326' title='bbox 1494 4407 1731 4462; x_wconf 89' lang='lat' dir='ltr'><strong>obtinuit</strong></span> <span class='ocrx_word' id='word_1_327' title='bbox 1766 4409 1836 4462; x_wconf 81' lang='lat'><strong>&quot;.</strong></span> <span class='ocrx_word' id='word_1_328' title='bbox 1874 4409 1972 4478; x_wconf 79' lang='grc' dir='ltr'><strong>ιι</strong></span> <span class='ocrx_word' id='word_1_329' title='bbox 2002 4411 2094 4466; x_wconf 91' lang='lat' dir='ltr'><strong>Ille</strong></span> 
     </span>
    </p>
   </div>
   <div class='ocr_carea' id='block_1_49' title="bbox 2193 523 3785 598">
    <p class='ocr_par' dir='ltr' id='par_1_49' title="bbox 2193 523 3785 598">
     <span class='ocr_line' id='line_1_49' title="bbox 2193 523 3785 598; baseline -0.003 -18"><span class='ocrx_word' id='word_1_330' title='bbox 2193 529 2221 579; x_wconf 90' lang='lat'><strong>6</strong></span> <span class='ocrx_word' id='word_1_331' title='bbox 2251 528 2411 598; x_wconf 83' lang='grc' dir='ltr'>βοῶν,</span> <span class='ocrx_word' id='word_1_332' title='bbox 2436 529 2517 579; x_wconf 85' lang='grc' dir='ltr'>ὃτι</span> <span class='ocrx_word' id='word_1_333' title='bbox 2559 545 2578 578; x_wconf 77' lang='grc' dir='ltr'><strong>ι</strong></span> <span class='ocrx_word' id='word_1_334' title='bbox 2608 527 2771 596; x_wconf 80' lang='grc' dir='ltr'>Ψυχὴ</span> <span class='ocrx_word' id='word_1_335' title='bbox 2805 525 3202 594; x_wconf 81' lang='grc' dir='ltr'><strong>ἁμαρτάνουσα</strong></span> <span class='ocrx_word' id='word_1_336' title='bbox 3232 523 3373 594; x_wconf 82' lang='grc' dir='ltr'>αὐτὴ</span> <span class='ocrx_word' id='word_1_337' title='bbox 3405 524 3785 586; x_wconf 75' lang='grc' dir='ltr'><strong>ἀποθανεῖται,</strong></span> 
     </span>
    </p>
   </div>
   <div class='ocr_carea' id='block_1_50' title="bbox 2194 617 3792 690">
    <p class='ocr_par' dir='ltr' id='par_1_50' title="bbox 2194 617 3792 690">
     <span class='ocr_line' id='line_1_50' title="bbox 2194 617 3792 690; baseline -0.002 -17"><span class='ocrx_word' id='word_1_338' title='bbox 2194 619 2292 673; x_wconf 79' lang='grc' dir='ltr'>καὶ</span> <span class='ocrx_word' id='word_1_339' title='bbox 2326 622 2388 673; x_wconf 85' lang='grc' dir='ltr'><strong>ού</strong></span> <span class='ocrx_word' id='word_1_340' title='bbox 2420 620 2652 690; x_wconf 71' lang='grc' dir='ltr'>λήψεται</span> <span class='ocrx_word' id='word_1_341' title='bbox 2677 619 2776 690; x_wconf 80' lang='grc' dir='ltr'>τὴν</span> <span class='ocrx_word' id='word_1_342' title='bbox 2819 621 2913 672; x_wconf 83' lang='grc' dir='ltr'><strong>τοῦ</strong></span> <span class='ocrx_word' id='word_1_343' title='bbox 2948 619 3155 689; x_wconf 85' lang='grc' dir='ltr'>πατρὸς</span> <span class='ocrx_word' id='word_1_344' title='bbox 3184 619 3464 689; x_wconf 79' lang='grc' dir='ltr'><strong>ἁμαρτίαν</strong></span> <span class='ocrx_word' id='word_1_345' title='bbox 3497 620 3525 671; x_wconf 94' lang='lat'><strong>6</strong></span> <span class='ocrx_word' id='word_1_346' title='bbox 3559 617 3619 682; x_wconf 75' lang='grc' dir='ltr'>ἐξ</span> <span class='ocrx_word' id='word_1_347' title='bbox 3641 618 3792 670; x_wconf 77' lang='grc' dir='ltr'>ἐκείο</span> 
     </span>
    </p>
   </div>
   <div class='ocr_carea' id='block_1_51' title="bbox 2192 712 3790 784">
    <p class='ocr_par' dir='ltr' id='par_1_51' title="bbox 2192 712 3790 784">
     <span class='ocr_line' id='line_1_51' title="bbox 2192 712 3790 784; baseline -0.004 -15"><span class='ocrx_word' id='word_1_348' title='bbox 2192 733 2286 769; x_wconf 85' lang='grc' dir='ltr'><strong>νου</strong></span> <span class='ocrx_word' id='word_1_349' title='bbox 2318 717 2651 784; x_wconf 84' lang='grc' dir='ltr'>γενόμενος;</span> <span class='ocrx_word' id='word_1_350' title='bbox 2696 733 2714 766; x_wconf 87' lang='grc'>›</span> <span class='ocrx_word' id='word_1_351' title='bbox 2754 713 3159 783; x_wconf 76' lang='grc' dir='ltr'>Στοχαζώμεθα</span> <span class='ocrx_word' id='word_1_352' title='bbox 3199 713 3406 777; x_wconf 89' lang='grc' dir='ltr'>τοίνυν,</span> <span class='ocrx_word' id='word_1_353' title='bbox 3438 712 3514 775; x_wconf 81' lang='grc' dir='ltr'>ὡς</span> <span class='ocrx_word' id='word_1_354' title='bbox 3542 713 3633 765; x_wconf 79' lang='grc' dir='ltr'>διὰ</span> <span class='ocrx_word' id='word_1_355' title='bbox 3657 712 3790 764; x_wconf 70' lang='grc' dir='ltr'>τού-</span> 
     </span>
    </p>
   </div>
   <div class='ocr_carea' id='block_1_52' title="bbox 2193 804 3787 878">
    <p class='ocr_par' dir='ltr' id='par_1_52' title="bbox 2193 804 3787 878">
     <span class='ocr_line' id='line_1_52' title="bbox 2193 804 3787 878; baseline -0.004 -15"><span class='ocrx_word' id='word_1_356' title='bbox 2193 828 2302 864; x_wconf 84' lang='grc' dir='ltr'><strong>των</strong></span> <span class='ocrx_word' id='word_1_357' title='bbox 2334 810 2516 878; x_wconf 84' lang='grc' dir='ltr'>δόγμα</span> <span class='ocrx_word' id='word_1_358' title='bbox 2541 809 2655 861; x_wconf 85' lang='grc' dir='ltr'><strong>τῶν</strong></span> <span class='ocrx_word' id='word_1_359' title='bbox 2692 808 3043 877; x_wconf 74' lang='grc' dir='ltr'><strong>ὑψηλοτέρων</strong></span> <span class='ocrx_word' id='word_1_360' title='bbox 3067 807 3314 860; x_wconf 81' lang='grc' dir='ltr'><strong>διδάσκει</strong></span> <span class='ocrx_word' id='word_1_361' title='bbox 3335 804 3395 857; x_wconf 77' lang='grc' dir='ltr'>τὸ</span> <span class='ocrx_word' id='word_1_362' title='bbox 3429 804 3787 872; x_wconf 84' lang='grc' dir='ltr'>Εὑαγγέλιον.</span> 
     </span>
    </p>
   </div>
   <div class='ocr_carea' id='block_1_53' title="bbox 2194 900 3790 971">
    <p class='ocr_par' dir='ltr' id='par_1_53' title="bbox 2194 900 3790 971">
     <span class='ocr_line' id='line_1_53' title="bbox 2194 900 3790 971; baseline -0.004 -16"><span class='ocrx_word' id='word_1_363' title='bbox 2194 902 2462 968; x_wconf 68' lang='grc' dir='ltr'>Βδελυρὸν</span> <span class='ocrx_word' id='word_1_364' title='bbox 2497 902 2608 971; x_wconf 85' lang='grc' dir='ltr'><strong>γάρ</strong></span> <span class='ocrx_word' id='word_1_365' title='bbox 2642 901 2757 970; x_wconf 84' lang='grc' dir='ltr'>βίον</span> <span class='ocrx_word' id='word_1_366' title='bbox 2798 902 3096 970; x_wconf 83' lang='grc' dir='ltr'>μετιόντων</span> <span class='ocrx_word' id='word_1_367' title='bbox 3141 901 3307 952; x_wconf 85' lang='grc' dir='ltr'>τινῶν</span> <span class='ocrx_word' id='word_1_368' title='bbox 3330 939 3345 958; x_wconf 84' lang='grc'><strong>,</strong></span> <span class='ocrx_word' id='word_1_369' title='bbox 3377 900 3473 952; x_wconf 68' lang='grc' dir='ltr'><strong>καὶ</strong></span> <span class='ocrx_word' id='word_1_370' title='bbox 3514 913 3790 950; x_wconf 81' lang='grc' dir='ltr'>κατεστυ·</span> 
     </span>
    </p>
   </div>
   <div class='ocr_carea' id='block_1_54' title="bbox 2193 990 3794 1066">
    <p class='ocr_par' dir='ltr' id='par_1_54' title="bbox 2193 990 3794 1066">
     <span class='ocr_line' id='line_1_54' title="bbox 2193 990 3794 1066; baseline -0.006 -17"><span class='ocrx_word' id='word_1_371' title='bbox 2193 997 2450 1066; x_wconf 86' lang='grc' dir='ltr'>γημένων</span> <span class='ocrx_word' id='word_1_372' title='bbox 2495 995 2616 1065; x_wconf 87' lang='grc' dir='ltr'><strong>Θεῷ</strong></span> <span class='ocrx_word' id='word_1_373' title='bbox 2675 995 2974 1061; x_wconf 77' lang='grc' dir='ltr'>ἐπάγονται</span> <span class='ocrx_word' id='word_1_374' title='bbox 3027 990 3113 1046; x_wconf 76' lang='grc' dir='ltr'>οἷά</span> <span class='ocrx_word' id='word_1_375' title='bbox 3140 1010 3284 1055; x_wconf 85' lang='grc' dir='ltr'>τινες</span> <span class='ocrx_word' id='word_1_376' title='bbox 3341 993 3608 1062; x_wconf 77' lang='grc' dir='ltr'>μάστιγες</span> <span class='ocrx_word' id='word_1_377' title='bbox 3636 991 3794 1043; x_wconf 85' lang='grc' dir='ltr'>νόσοι</span> 
     </span>
    </p>
   </div>
   <div class='ocr_carea' id='block_1_55' title="bbox 2193 1084 3788 1158">
    <p class='ocr_par' dir='ltr' id='par_1_55' title="bbox 2193 1084 3788 1158">
     <span class='ocr_line' id='line_1_55' title="bbox 2193 1084 3788 1158; baseline -0.004 -15"><span class='ocrx_word' id='word_1_378' title='bbox 2193 1091 2301 1144; x_wconf 82' lang='grc' dir='ltr'><strong>τῶν</strong></span> <span class='ocrx_word' id='word_1_379' title='bbox 2331 1091 2631 1158; x_wconf 81' lang='grc' dir='ltr'><strong>φιλτάτων,</strong></span> <span class='ocrx_word' id='word_1_380' title='bbox 2665 1091 2759 1140; x_wconf 75' lang='grc' dir='ltr'><strong>καὶ</strong></span> <span class='ocrx_word' id='word_1_381' title='bbox 2801 1088 3046 1148; x_wconf 78' lang='grc' dir='ltr'>θάνατοι,</span> <span class='ocrx_word' id='word_1_382' title='bbox 3079 1087 3180 1138; x_wconf 76' lang='grc' dir='ltr'><strong>οὐκ</strong></span> <span class='ocrx_word' id='word_1_383' title='bbox 3236 1086 3618 1156; x_wconf 74' lang='grc' dir='ltr'>ἀπρονοήτως,</span> <span class='ocrx_word' id='word_1_384' title='bbox 3659 1084 3788 1138; x_wconf 78' lang='grc' dir='ltr'><strong>ούδέ</strong></span> 
     </span>
    </p>
   </div>
   <div class='ocr_carea' id='block_1_56' title="bbox 2198 1177 3792 1252">
    <p class='ocr_par' dir='ltr' id='par_1_56' title="bbox 2198 1177 3792 1252">
     <span class='ocr_line' id='line_1_56' title="bbox 2198 1177 3792 1252; baseline -0.003 -18"><span class='ocrx_word' id='word_1_385' title='bbox 2198 1181 2305 1252; x_wconf 85' lang='grc' dir='ltr'>μὴν</span> <span class='ocrx_word' id='word_1_386' title='bbox 2335 1183 2520 1252; x_wconf 80' lang='grc' dir='ltr'>ἀκριτί</span> <span class='ocrx_word' id='word_1_387' title='bbox 2540 1197 2554 1213; x_wconf 89' lang='grc'><strong>·</strong></span> <span class='ocrx_word' id='word_1_388' title='bbox 2583 1182 2698 1236; x_wconf 82' lang='grc' dir='ltr'>ἀλλ’</span> <span class='ocrx_word' id='word_1_389' title='bbox 2722 1180 2914 1248; x_wconf 81' lang='grc' dir='ltr'>ἐπειδὴ</span> <span class='ocrx_word' id='word_1_390' title='bbox 2938 1179 3165 1249; x_wconf 80' lang='grc' dir='ltr'>ἔμελλον</span> <span class='ocrx_word' id='word_1_391' title='bbox 3189 1180 3284 1231; x_wconf 74' lang='grc' dir='ltr'><strong>καὶ</strong></span> <span class='ocrx_word' id='word_1_392' title='bbox 3313 1178 3500 1240; x_wconf 85' lang='grc' dir='ltr'>παῖδες</span> <span class='ocrx_word' id='word_1_393' title='bbox 3537 1177 3792 1246; x_wconf 79' lang='grc' dir='ltr'>ζηλῶσαι</span> 
     </span>
    </p>
   </div>
   <div class='ocr_carea' id='block_1_57' title="bbox 2194 1267 3792 1344">
    <p class='ocr_par' dir='ltr' id='par_1_57' title="bbox 2194 1267 3792 1344">
     <span class='ocr_line' id='line_1_57' title="bbox 2194 1267 3792 1344; baseline -0.004 -17"><span class='ocrx_word' id='word_1_394' title='bbox 2194 1274 2294 1344; x_wconf 82' lang='grc' dir='ltr'><strong>τὴν</strong></span> <span class='ocrx_word' id='word_1_395' title='bbox 2320 1275 2434 1328; x_wconf 82' lang='grc' dir='ltr'><strong>τῶν</strong></span> <span class='ocrx_word' id='word_1_396' title='bbox 2488 1274 2747 1344; x_wconf 83' lang='grc' dir='ltr'>πατέρων</span> <span class='ocrx_word' id='word_1_397' title='bbox 2784 1273 3122 1342; x_wconf 76' lang='grc' dir='ltr'>φαυλότητα,</span> <span class='ocrx_word' id='word_1_398' title='bbox 3183 1271 3340 1324; x_wconf 83' lang='grc' dir='ltr'>αὐτοί</span> <span class='ocrx_word' id='word_1_399' title='bbox 3380 1287 3439 1322; x_wconf 92' lang='grc' dir='ltr'><strong>τε</strong></span> <span class='ocrx_word' id='word_1_400' title='bbox 3465 1267 3552 1322; x_wconf 71' lang='grc' dir='ltr'><strong>διὰ</strong></span> <span class='ocrx_word' id='word_1_401' title='bbox 3588 1270 3792 1329; x_wconf 84' lang='grc' dir='ltr'>νόσων.</span> 
     </span>
    </p>
   </div>
   <div class='ocr_carea' id='block_1_58' title="bbox 2194 1364 3795 1436">
    <p class='ocr_par' dir='ltr' id='par_1_58' title="bbox 2194 1364 3795 1436">
     <span class='ocr_line' id='line_1_58' title="bbox 2194 1364 3795 1436; baseline -0.004 -16"><span class='ocrx_word' id='word_1_402' title='bbox 2194 1368 2228 1436; x_wconf 82' lang='grc' dir='ltr'>ἢ</span> <span class='ocrx_word' id='word_1_403' title='bbox 2261 1366 2506 1421; x_wconf 76' lang='grc' dir='ltr'>θανάτων</span> <span class='ocrx_word' id='word_1_404' title='bbox 2561 1366 2664 1436; x_wconf 83' lang='grc' dir='ltr'>τῆς</span> <span class='ocrx_word' id='word_1_405' title='bbox 2723 1366 2923 1428; x_wconf 79' lang='grc' dir='ltr'>κακίας</span> <span class='ocrx_word' id='word_1_406' title='bbox 2955 1365 3428 1435; x_wconf 77' lang='grc' dir='ltr'>άναχαιτίζονται.</span> <span class='ocrx_word' id='word_1_407' title='bbox 3485 1364 3580 1417; x_wconf 77' lang='grc' dir='ltr'>καὶ</span> <span class='ocrx_word' id='word_1_408' title='bbox 3610 1364 3642 1432; x_wconf 88' lang='grc' dir='ltr'><strong>ή</strong></span> <span class='ocrx_word' id='word_1_409' title='bbox 3678 1364 3795 1414; x_wconf 78' lang='grc' dir='ltr'><strong>τῶν</strong></span> 
     </span>
    </p>
   </div>
   <div class='ocr_carea' id='block_1_59' title="bbox 2193 1456 3795 1530">
    <p class='ocr_par' dir='ltr' id='par_1_59' title="bbox 2193 1456 3795 1530">
     <span class='ocr_line' id='line_1_59' title="bbox 2193 1456 3795 1530; baseline -0.004 -16"><span class='ocrx_word' id='word_1_410' title='bbox 2193 1461 2464 1514; x_wconf 84' lang='grc' dir='ltr'>τεκόντων</span> <span class='ocrx_word' id='word_1_411' title='bbox 2491 1459 2801 1530; x_wconf 82' lang='grc' dir='ltr'>σκληρότης</span> <span class='ocrx_word' id='word_1_412' title='bbox 2832 1458 3350 1529; x_wconf 79' lang='grc' dir='ltr'>καταμαλάσσεται.</span> <span class='ocrx_word' id='word_1_413' title='bbox 3384 1456 3532 1526; x_wconf 84' lang='grc' dir='ltr'>Πλὴν</span> <span class='ocrx_word' id='word_1_414' title='bbox 3565 1456 3700 1509; x_wconf 87' lang='grc' dir='ltr'><strong>ἀλλὰ</strong></span> <span class='ocrx_word' id='word_1_415' title='bbox 3726 1457 3795 1508; x_wconf 84' lang='grc' dir='ltr'>τὺ</span> 
     </span>
    </p>
   </div>
   <div class='ocr_carea' id='block_1_60' title="bbox 2197 1544 3796 1620">
    <p class='ocr_par' dir='ltr' id='par_1_60' title="bbox 2197 1544 3796 1620">
     <span class='ocr_line' id='line_1_60' title="bbox 2197 1544 3796 1620; baseline -0.003 -16"><span class='ocrx_word' id='word_1_416' title='bbox 2197 1550 2456 1604; x_wconf 88' lang='grc' dir='ltr'>κελεῦσαι</span> <span class='ocrx_word' id='word_1_417' title='bbox 2483 1550 2707 1604; x_wconf 73' lang='grc' dir='ltr'>πανοικὶ</span> <span class='ocrx_word' id='word_1_418' title='bbox 2729 1549 2821 1602; x_wconf 83' lang='grc' dir='ltr'><strong>τὸν</strong></span> <span class='ocrx_word' id='word_1_419' title='bbox 2846 1549 3069 1618; x_wconf 84' lang='grc' dir='ltr'>οἰκέτην</span> <span class='ocrx_word' id='word_1_420' title='bbox 3101 1549 3382 1620; x_wconf 80' lang='grc' dir='ltr'>πραθῆναι</span> <span class='ocrx_word' id='word_1_421' title='bbox 3414 1549 3689 1620; x_wconf 79' lang='grc' dir='ltr'>φόδητρον</span> <span class='ocrx_word' id='word_1_422' title='bbox 3719 1544 3796 1619; x_wconf 79' lang='grc' dir='ltr'>ἦν</span> 
     </span>
    </p>
   </div>
   <div class='ocr_carea' id='block_1_61' title="bbox 2195 1639 3874 1710">
    <p class='ocr_par' dir='ltr' id='par_1_61' title="bbox 2195 1639 3874 1710">
     <span class='ocr_line' id='line_1_61' title="bbox 2195 1639 3874 1710; baseline -0.002 -16"><span class='ocrx_word' id='word_1_423' title='bbox 2195 1641 2355 1694; x_wconf 74' lang='grc' dir='ltr'>ἕλκον</span> <span class='ocrx_word' id='word_1_424' title='bbox 2385 1642 2477 1694; x_wconf 80' lang='grc' dir='ltr'><strong>τὸν</strong></span> <span class='ocrx_word' id='word_1_425' title='bbox 2511 1639 2798 1710; x_wconf 78' lang='grc' dir='ltr'>ὑπόχρεων</span> <span class='ocrx_word' id='word_1_426' title='bbox 2827 1642 2907 1702; x_wconf 89' lang='grc' dir='ltr'><strong>εἰς</strong></span> <span class='ocrx_word' id='word_1_427' title='bbox 2937 1640 3171 1709; x_wconf 83' lang='grc' dir='ltr'>δάκρυα,</span> <span class='ocrx_word' id='word_1_428' title='bbox 3208 1639 3305 1694; x_wconf 80' lang='grc' dir='ltr'>καὶ</span> <span class='ocrx_word' id='word_1_429' title='bbox 3331 1639 3706 1709; x_wconf 68' lang='grc' dir='ltr'>παράκλησιψ</span> <span class='ocrx_word' id='word_1_430' title='bbox 3736 1641 3795 1691; x_wconf 76' lang='grc' dir='ltr'><strong>εί</strong></span> <span class='ocrx_word' id='word_1_431' title='bbox 3871 1681 3874 1683; x_wconf 82' lang='grc'>.</span> 
     </span>
    </p>
   </div>
   <div class='ocr_carea' id='block_1_62' title="bbox 2196 1731 3800 1805">
    <p class='ocr_par' dir='ltr' id='par_1_62' title="bbox 2196 1731 3800 1805">
     <span class='ocr_line' id='line_1_62' title="bbox 2196 1731 3800 1805; baseline -0.003 -17"><span class='ocrx_word' id='word_1_432' title='bbox 2196 1736 2308 1805; x_wconf 78' lang='grc' dir='ltr'><strong>γὰρ</strong></span> <span class='ocrx_word' id='word_1_433' title='bbox 2347 1735 2598 1804; x_wconf 83' lang='grc' dir='ltr'>διενοήθη</span> <span class='ocrx_word' id='word_1_434' title='bbox 2642 1734 2920 1804; x_wconf 83' lang='grc' dir='ltr'>πιπρᾶσαι</span> <span class='ocrx_word' id='word_1_435' title='bbox 2947 1733 3139 1799; x_wconf 81' lang='grc' dir='ltr'>αὑτὸν,</span> <span class='ocrx_word' id='word_1_436' title='bbox 3174 1735 3266 1785; x_wconf 79' lang='grc' dir='ltr'>καὶ</span> <span class='ocrx_word' id='word_1_437' title='bbox 3291 1733 3525 1786; x_wconf 82' lang='grc' dir='ltr'>ἀπέδοτο</span> <span class='ocrx_word' id='word_1_438' title='bbox 3545 1731 3637 1798; x_wconf 75' lang='grc' dir='ltr'>ἂν,</span> <span class='ocrx_word' id='word_1_439' title='bbox 3670 1731 3800 1786; x_wconf 80' lang='grc' dir='ltr'>ἀλλ’</span> 
     </span>
    </p>
   </div>
   <div class='ocr_carea' id='block_1_63' title="bbox 2195 1824 3802 1898">
    <p class='ocr_par' dir='ltr' id='par_1_63' title="bbox 2195 1824 3802 1898">
     <span class='ocr_line' id='line_1_63' title="bbox 2195 1824 3802 1898; baseline -0.001 -18"><span class='ocrx_word' id='word_1_440' title='bbox 2195 1829 2258 1881; x_wconf 87' lang='grc' dir='ltr'><strong>ού</strong></span> <span class='ocrx_word' id='word_1_441' title='bbox 2292 1827 2544 1898; x_wconf 85' lang='grc' dir='ltr'>βούλεται</span> <span class='ocrx_word' id='word_1_442' title='bbox 2566 1826 2657 1879; x_wconf 85' lang='grc' dir='ltr'><strong>τὸν</strong></span> <span class='ocrx_word' id='word_1_443' title='bbox 2691 1825 2921 1880; x_wconf 85' lang='grc' dir='ltr'>θάνατον</span> <span class='ocrx_word' id='word_1_444' title='bbox 2947 1825 3044 1878; x_wconf 83' lang='grc' dir='ltr'><strong>τοῦ</strong></span> <span class='ocrx_word' id='word_1_445' title='bbox 3078 1824 3437 1895; x_wconf 87' lang='grc' dir='ltr'>ἀμαρτωλοῦ,</span> <span class='ocrx_word' id='word_1_446' title='bbox 3461 1825 3601 1878; x_wconf 86' lang='grc' dir='ltr'><strong>ἀλλά</strong></span> <span class='ocrx_word' id='word_1_447' title='bbox 3633 1825 3802 1894; x_wconf 81' lang='grc' dir='ltr'>ζητεῖ</span> 
     </span>
    </p>
   </div>
   <div class='ocr_carea' id='block_1_64' title="bbox 2195 1916 3800 1991">
    <p class='ocr_par' dir='ltr' id='par_1_64' title="bbox 2195 1916 3800 1991">
     <span class='ocr_line' id='line_1_64' title="bbox 2195 1916 3800 1991; baseline -0.004 -18"><span class='ocrx_word' id='word_1_448' title='bbox 2195 1922 2296 1991; x_wconf 81' lang='grc' dir='ltr'>τὴν</span> <span class='ocrx_word' id='word_1_449' title='bbox 2347 1919 2706 1989; x_wconf 80' lang='grc' dir='ltr'>ἐπιστροφὴν,</span> <span class='ocrx_word' id='word_1_450' title='bbox 2745 1921 2838 1971; x_wconf 79' lang='grc' dir='ltr'><strong>καὶ</strong></span> <span class='ocrx_word' id='word_1_451' title='bbox 2867 1917 3152 1987; x_wconf 80' lang='grc' dir='ltr'>ἐκδέχεται</span> <span class='ocrx_word' id='word_1_452' title='bbox 3199 1917 3300 1986; x_wconf 79' lang='grc' dir='ltr'>τὴν</span> <span class='ocrx_word' id='word_1_453' title='bbox 3331 1916 3644 1987; x_wconf 87' lang='grc' dir='ltr'>μετάνοιαν.</span> <span class='ocrx_word' id='word_1_454' title='bbox 3680 1917 3800 1969; x_wconf 76' lang='grc' dir='ltr'><strong>Καὶ</strong></span> 
     </span>
    </p>
   </div>
   <div class='ocr_carea' id='block_1_65' title="bbox 2195 2009 3797 2083">
    <p class='ocr_par' dir='ltr' id='par_1_65' title="bbox 2195 2009 3797 2083">
     <span class='ocr_line' id='line_1_65' title="bbox 2195 2009 3797 2083; baseline -0.003 -16"><span class='ocrx_word' id='word_1_455' title='bbox 2195 2014 2364 2067; x_wconf 81' lang='grc' dir='ltr'>τείνει</span> <span class='ocrx_word' id='word_1_456' title='bbox 2399 2011 2500 2083; x_wconf 82' lang='grc' dir='ltr'>μὲν</span> <span class='ocrx_word' id='word_1_457' title='bbox 2534 2012 2596 2064; x_wconf 84' lang='grc' dir='ltr'><strong>τὸ</strong></span> <span class='ocrx_word' id='word_1_458' title='bbox 2619 2009 2774 2077; x_wconf 81' lang='grc' dir='ltr'>τόξον</span> <span class='ocrx_word' id='word_1_459' title='bbox 2802 2009 2904 2080; x_wconf 81' lang='grc' dir='ltr'>τῆς</span> <span class='ocrx_word' id='word_1_460' title='bbox 2929 2010 3185 2081; x_wconf 80' lang='grc' dir='ltr'>ἀπειλῆς,</span> <span class='ocrx_word' id='word_1_461' title='bbox 3222 2012 3412 2081; x_wconf 88' lang='grc' dir='ltr'>ἐπέχει</span> <span class='ocrx_word' id='word_1_462' title='bbox 3451 2011 3509 2064; x_wconf 88' lang='grc' dir='ltr'><strong>δέ</strong></span> <span class='ocrx_word' id='word_1_463' title='bbox 3545 2011 3607 2064; x_wconf 76' lang='grc' dir='ltr'>τὸ</span> <span class='ocrx_word' id='word_1_464' title='bbox 3634 2011 3797 2082; x_wconf 83' lang='grc' dir='ltr'>βέλος</span> 
     </span>
    </p>
   </div>
   <div class='ocr_carea' id='block_1_66' title="bbox 2198 2101 3799 2174">
    <p class='ocr_par' dir='ltr' id='par_1_66' title="bbox 2198 2101 3799 2174">
     <span class='ocr_line' id='line_1_66' title="bbox 2198 2101 3799 2174; baseline -0.002 -16"><span class='ocrx_word' id='word_1_465' title='bbox 2198 2106 2296 2174; x_wconf 83' lang='grc' dir='ltr'><strong>τῆς</strong></span> <span class='ocrx_word' id='word_1_466' title='bbox 2325 2104 2601 2174; x_wconf 80' lang='grc' dir='ltr'>τιμωρίας</span> <span class='ocrx_word' id='word_1_467' title='bbox 2642 2104 2755 2166; x_wconf 86' lang='grc' dir='ltr'>τοῖς</span> <span class='ocrx_word' id='word_1_468' title='bbox 2783 2103 2860 2171; x_wconf 80' lang='grc' dir='ltr'>μὴ</span> <span class='ocrx_word' id='word_1_469' title='bbox 2893 2103 3177 2172; x_wconf 82' lang='grc' dir='ltr'>ἀνήκεστα</span> <span class='ocrx_word' id='word_1_470' title='bbox 3230 2103 3525 2154; x_wconf 76' lang='grc' dir='ltr'>πταίουσιο</span> <span class='ocrx_word' id='word_1_471' title='bbox 3576 2101 3799 2172; x_wconf 78' lang='grc' dir='ltr'>πιπρά-</span> 
     </span>
    </p>
   </div>
   <div class='ocr_carea' id='block_1_67' title="bbox 2201 2193 3800 2266">
    <p class='ocr_par' dir='ltr' id='par_1_67' title="bbox 2201 2193 3800 2266">
     <span class='ocr_line' id='line_1_67' title="bbox 2201 2193 3800 2266; baseline -0.005 -13"><span class='ocrx_word' id='word_1_472' title='bbox 2201 2216 2322 2253; x_wconf 86' lang='grc' dir='ltr'>σκει</span> <span class='ocrx_word' id='word_1_473' title='bbox 2342 2198 2398 2250; x_wconf 83' lang='grc' dir='ltr'><strong>δέ</strong></span> <span class='ocrx_word' id='word_1_474' title='bbox 2420 2199 2513 2252; x_wconf 78' lang='grc' dir='ltr'><strong>τὸν</strong></span> <span class='ocrx_word' id='word_1_475' title='bbox 2541 2195 2989 2266; x_wconf 83' lang='grc' dir='ltr'>ἀπεγνωσμένον,</span> <span class='ocrx_word' id='word_1_476' title='bbox 3015 2196 3112 2248; x_wconf 76' lang='grc' dir='ltr'>καὶ</span> <span class='ocrx_word' id='word_1_477' title='bbox 3135 2193 3470 2266; x_wconf 83' lang='grc' dir='ltr'>ἀδιόρθωτον</span> <span class='ocrx_word' id='word_1_478' title='bbox 3491 2210 3506 2225; x_wconf 85' lang='lat'><strong><em>°</em></strong></span> <span class='ocrx_word' id='word_1_479' title='bbox 3538 2194 3571 2265; x_wconf 91' lang='grc' dir='ltr'><strong>ή</strong></span> <span class='ocrx_word' id='word_1_480' title='bbox 3593 2194 3800 2264; x_wconf 81' lang='grc' dir='ltr'>γάρτοι</span> 
     </span>
    </p>
   </div>
   <div class='ocr_carea' id='block_1_68' title="bbox 2199 2285 3802 2363">
    <p class='ocr_par' dir='ltr' id='par_1_68' title="bbox 2199 2285 3802 2363">
     <span class='ocr_line' id='line_1_68' title="bbox 2199 2285 3802 2363; baseline -0.003 -21"><span class='ocrx_word' id='word_1_481' title='bbox 2199 2291 2468 2359; x_wconf 80' lang='grc' dir='ltr'>λεγομένη</span> <span class='ocrx_word' id='word_1_482' title='bbox 2497 2287 2593 2342; x_wconf 89' lang='grc' dir='ltr'><strong>τοῦ</strong></span> <span class='ocrx_word' id='word_1_483' title='bbox 2628 2288 2846 2341; x_wconf 75' lang='grc' dir='ltr'>οἰκέτου</span> <span class='ocrx_word' id='word_1_484' title='bbox 2883 2287 3022 2358; x_wconf 76' lang='grc' dir='ltr'>μετὰ</span> <span class='ocrx_word' id='word_1_485' title='bbox 3048 2286 3156 2340; x_wconf 82' lang='grc' dir='ltr'><strong>τῶν</strong></span> <span class='ocrx_word' id='word_1_486' title='bbox 3181 2285 3348 2340; x_wconf 86' lang='grc' dir='ltr'>αὑτοῦ</span> <span class='ocrx_word' id='word_1_487' title='bbox 3383 2285 3802 2363; x_wconf 73' lang='grc' dir='ltr'>ἀπεμπώλησις</span> 
     </span>
    </p>
   </div>
   <div class='ocr_carea' id='block_1_69' title="bbox 2199 2378 3800 2452">
    <p class='ocr_par' dir='ltr' id='par_1_69' title="bbox 2199 2378 3800 2452">
     <span class='ocr_line' id='line_1_69' title="bbox 2199 2378 3800 2452; baseline -0.004 -14"><span class='ocrx_word' id='word_1_488' title='bbox 2199 2385 2309 2438; x_wconf 87' lang='grc' dir='ltr'><strong>τῶν</strong></span> <span class='ocrx_word' id='word_1_489' title='bbox 2341 2383 2554 2436; x_wconf 79' lang='grc' dir='ltr'>πολλῶν</span> <span class='ocrx_word' id='word_1_490' title='bbox 2578 2381 2802 2449; x_wconf 82' lang='grc' dir='ltr'>ἀγαθῶν</span> <span class='ocrx_word' id='word_1_491' title='bbox 2839 2380 3099 2450; x_wconf 82' lang='grc' dir='ltr'>σημαίνει</span> <span class='ocrx_word' id='word_1_492' title='bbox 3127 2378 3228 2452; x_wconf 82' lang='grc' dir='ltr'><strong>τήν</strong></span> <span class='ocrx_word' id='word_1_493' title='bbox 3258 2380 3542 2451; x_wconf 80' lang='grc' dir='ltr'>στέρησιν,</span> <span class='ocrx_word' id='word_1_494' title='bbox 3572 2379 3800 2450; x_wconf 73' lang='grc' dir='ltr'>καὶτήν</span> 
     </span>
    </p>
   </div>
   <div class='ocr_carea' id='block_1_70' title="bbox 2201 2473 2894 2544">
    <p class='ocr_par' dir='ltr' id='par_1_70' title="bbox 2201 2473 2894 2544">
     <span class='ocr_line' id='line_1_70' title="bbox 2201 2473 2894 2544; baseline -0.007 -11"><span class='ocrx_word' id='word_1_495' title='bbox 2201 2475 2316 2533; x_wconf 80' lang='grc' dir='ltr'><strong>ἀπὸ</strong></span> <span class='ocrx_word' id='word_1_496' title='bbox 2343 2475 2482 2529; x_wconf 77' lang='grc' dir='ltr'>Θεοῦ</span> <span class='ocrx_word' id='word_1_497' title='bbox 2513 2473 2894 2544; x_wconf 77' lang='grc' dir='ltr'>ἀλλοτρίωσιν.</span> 
     </span>
    </p>
   </div>
   <div class='ocr_carea' id='block_1_71' title="bbox 2275 2651 3794 2726">
    <p class='ocr_par' dir='ltr' id='par_1_71' title="bbox 2275 2651 3794 2726">
     <span class='ocr_line' id='line_1_71' title="bbox 2275 2651 3794 2726; baseline -0.001 -16"><span class='ocrx_word' id='word_1_498' title='bbox 2275 2675 2297 2710; x_wconf 75' lang='grc' dir='ltr'><strong>ι</strong></span> <span class='ocrx_word' id='word_1_499' title='bbox 2333 2657 2523 2712; x_wconf 88' lang='grc' dir='ltr'>Πεσὼν</span> <span class='ocrx_word' id='word_1_500' title='bbox 2575 2651 2669 2711; x_wconf 75' lang='grc' dir='ltr'>οὖν</span> <span class='ocrx_word' id='word_1_501' title='bbox 2720 2657 2749 2710; x_wconf 97' lang='lat'><strong>6</strong></span> <span class='ocrx_word' id='word_1_502' title='bbox 2779 2655 2968 2718; x_wconf 84' lang='grc' dir='ltr'>δοῦλος</span> <span class='ocrx_word' id='word_1_503' title='bbox 3000 2655 3335 2725; x_wconf 82' lang='grc' dir='ltr'>προσεκύνει</span> <span class='ocrx_word' id='word_1_504' title='bbox 3393 2655 3544 2726; x_wconf 86' lang='grc' dir='ltr'>αὐτῷ</span> <span class='ocrx_word' id='word_1_505' title='bbox 3571 2655 3751 2722; x_wconf 85' lang='grc' dir='ltr'>λέγων</span> <span class='ocrx_word' id='word_1_506' title='bbox 3775 2669 3794 2685; x_wconf 83' lang='grc'><strong><em>⁸</em></strong></span> 
     </span>
    </p>
   </div>
   <div class='ocr_carea' id='block_1_72' title="bbox 2201 2748 3794 2824">
    <p class='ocr_par' dir='ltr' id='par_1_72' title="bbox 2201 2748 3794 2824">
     <span class='ocr_line' id='line_1_72' title="bbox 2201 2748 3794 2824; baseline -0.004 -17"><span class='ocrx_word' id='word_1_507' title='bbox 2201 2752 2650 2824; x_wconf 80' lang='grc' dir='ltr'>Μακροθύμησον</span> <span class='ocrx_word' id='word_1_508' title='bbox 2681 2750 2770 2803; x_wconf 86' lang='grc' dir='ltr'>ἐπ’</span> <span class='ocrx_word' id='word_1_509' title='bbox 2805 2752 2956 2821; x_wconf 73' lang='grc' dir='ltr'>ἐμοὶ,</span> <span class='ocrx_word' id='word_1_510' title='bbox 2990 2750 3088 2803; x_wconf 77' lang='grc' dir='ltr'>καὶ</span> <span class='ocrx_word' id='word_1_511' title='bbox 3118 2750 3304 2804; x_wconf 83' lang='grc' dir='ltr'>πάντα</span> <span class='ocrx_word' id='word_1_512' title='bbox 3340 2767 3423 2802; x_wconf 91' lang='grc' dir='ltr'><strong>σοι</strong></span> <span class='ocrx_word' id='word_1_513' title='bbox 3462 2748 3794 2802; x_wconf 52' lang='grc' dir='ltr'>ἀποδώσων</span> 
     </span>
    </p>
   </div>
   <div class='ocr_carea' id='block_1_73' title="bbox 2202 2842 3800 2914">
    <p class='ocr_par' dir='ltr' id='par_1_73' title="bbox 2202 2842 3800 2914">
     <span class='ocr_line' id='line_1_73' title="bbox 2202 2842 3800 2914; baseline -0.004 -15"><span class='ocrx_word' id='word_1_514' title='bbox 2202 2847 2266 2899; x_wconf 91' lang='grc' dir='ltr'>Τί</span> <span class='ocrx_word' id='word_1_515' title='bbox 2286 2845 2380 2899; x_wconf 82' lang='grc' dir='ltr'><strong>οὖν</strong></span> <span class='ocrx_word' id='word_1_516' title='bbox 2409 2846 2436 2896; x_wconf 91' lang='lat'><strong>6</strong></span> <span class='ocrx_word' id='word_1_517' title='bbox 2457 2845 2711 2914; x_wconf 85' lang='grc' dir='ltr'>οἱκέτης;</span> <span class='ocrx_word' id='word_1_518' title='bbox 2759 2844 2906 2897; x_wconf 84' lang='grc' dir='ltr'>Ἀντὶ</span> <span class='ocrx_word' id='word_1_519' title='bbox 2929 2843 3029 2912; x_wconf 79' lang='grc' dir='ltr'>τῆς</span> <span class='ocrx_word' id='word_1_520' title='bbox 3058 2842 3169 2896; x_wconf 85' lang='grc' dir='ltr'><strong>τῶν</strong></span> <span class='ocrx_word' id='word_1_521' title='bbox 3195 2843 3500 2913; x_wconf 84' lang='grc' dir='ltr'>χρημάτων</span> <span class='ocrx_word' id='word_1_522' title='bbox 3525 2843 3800 2904; x_wconf 82' lang='grc' dir='ltr'>ἐκτίσεως</span> 
     </span>
    </p>
   </div>
   <div class='ocr_carea' id='block_1_74' title="bbox 2200 2931 3801 3008">
    <p class='ocr_par' dir='ltr' id='par_1_74' title="bbox 2200 2931 3801 3008">
     <span class='ocr_line' id='line_1_74' title="bbox 2200 2931 3801 3008; baseline -0.003 -19"><span class='ocrx_word' id='word_1_523' title='bbox 2200 2935 2300 3008; x_wconf 85' lang='grc' dir='ltr'>τὴν</span> <span class='ocrx_word' id='word_1_524' title='bbox 2335 2936 2620 3006; x_wconf 77' lang='grc' dir='ltr'>ἱκετηρίαν</span> <span class='ocrx_word' id='word_1_525' title='bbox 2671 2933 3042 3002; x_wconf 78' lang='grc' dir='ltr'>προϐάλλεται</span> <span class='ocrx_word' id='word_1_526' title='bbox 3091 2935 3526 3006; x_wconf 81' lang='grc' dir='ltr'>μακροθυμῆσαι</span> <span class='ocrx_word' id='word_1_527' title='bbox 3567 2933 3661 2985; x_wconf 84' lang='grc' dir='ltr'><strong>τὸν</strong></span> <span class='ocrx_word' id='word_1_528' title='bbox 3704 2931 3801 2984; x_wconf 88' lang='grc' dir='ltr'>δε-</span> 
     </span>
    </p>
   </div>
   <div class='ocr_carea' id='block_1_75' title="bbox 2203 3021 3798 3097">
    <p class='ocr_par' dir='ltr' id='par_1_75' title="bbox 2203 3021 3798 3097">
     <span class='ocr_line' id='line_1_75' title="bbox 2203 3021 3798 3097; baseline -0.004 -15"><span class='ocrx_word' id='word_1_529' title='bbox 2203 3029 2412 3097; x_wconf 79' lang='grc' dir='ltr'>σπότην</span> <span class='ocrx_word' id='word_1_530' title='bbox 2465 3027 2785 3081; x_wconf 80' lang='grc' dir='ltr'>ἀντιϐολῶν.</span> <span class='ocrx_word' id='word_1_531' title='bbox 2830 3025 2890 3079; x_wconf 88' lang='lat'><strong>&#39;0</strong></span> <span class='ocrx_word' id='word_1_532' title='bbox 2945 3025 3001 3077; x_wconf 80' lang='grc' dir='ltr'>δὲ</span> <span class='ocrx_word' id='word_1_533' title='bbox 3031 3025 3170 3094; x_wconf 76' lang='grc' dir='ltr'>ὁμοῦ</span> <span class='ocrx_word' id='word_1_534' title='bbox 3219 3042 3280 3078; x_wconf 89' lang='grc' dir='ltr'><strong>τε</strong></span> <span class='ocrx_word' id='word_1_535' title='bbox 3307 3021 3416 3077; x_wconf 80' lang='grc' dir='ltr'>οἶδε</span> <span class='ocrx_word' id='word_1_536' title='bbox 3451 3025 3544 3077; x_wconf 75' lang='grc' dir='ltr'>τὸν</span> <span class='ocrx_word' id='word_1_537' title='bbox 3567 3024 3798 3092; x_wconf 77' lang='grc' dir='ltr'>οἰκέτην</span> 
     </span>
    </p>
   </div>
   <div class='ocr_carea' id='block_1_76' title="bbox 2203 3115 3799 3191">
    <p class='ocr_par' dir='ltr' id='par_1_76' title="bbox 2203 3115 3799 3191">
     <span class='ocr_line' id='line_1_76' title="bbox 2203 3115 3799 3191; baseline -0.005 -17"><span class='ocrx_word' id='word_1_538' title='bbox 2203 3119 2642 3191; x_wconf 82' lang='grc' dir='ltr'>προσπίπτοντα,</span> <span class='ocrx_word' id='word_1_539' title='bbox 2699 3117 2794 3172; x_wconf 85' lang='grc' dir='ltr'><strong>καί</strong></span> <span class='ocrx_word' id='word_1_540' title='bbox 2853 3120 2980 3182; x_wconf 82' lang='grc' dir='ltr'>τοὺς</span> <span class='ocrx_word' id='word_1_541' title='bbox 3035 3118 3353 3188; x_wconf 84' lang='grc' dir='ltr'>ὀφθαλμοὺς</span> <span class='ocrx_word' id='word_1_542' title='bbox 3398 3118 3512 3179; x_wconf 76' lang='grc' dir='ltr'>τοῖς</span> <span class='ocrx_word' id='word_1_543' title='bbox 3553 3115 3799 3185; x_wconf 83' lang='grc' dir='ltr'>δάκρυσι</span> 
     </span>
    </p>
   </div>
   <div class='ocr_carea' id='block_1_77' title="bbox 2202 3209 3796 3284">
    <p class='ocr_par' dir='ltr' id='par_1_77' title="bbox 2202 3209 3796 3284">
     <span class='ocr_line' id='line_1_77' title="bbox 2202 3209 3796 3284; baseline -0.006 -16"><span class='ocrx_word' id='word_1_544' title='bbox 2202 3216 2492 3284; x_wconf 82' lang='grc' dir='ltr'>τέγγοντα,</span> <span class='ocrx_word' id='word_1_545' title='bbox 2518 3213 2616 3266; x_wconf 80' lang='grc' dir='ltr'>καὶ</span> <span class='ocrx_word' id='word_1_546' title='bbox 2644 3211 2743 3283; x_wconf 85' lang='grc' dir='ltr'><strong>τὴν</strong></span> <span class='ocrx_word' id='word_1_547' title='bbox 2766 3211 2924 3264; x_wconf 83' lang='grc' dir='ltr'>ἵλεων</span> <span class='ocrx_word' id='word_1_548' title='bbox 2950 3210 3116 3281; x_wconf 88' lang='grc' dir='ltr'>φύσιν</span> <span class='ocrx_word' id='word_1_549' title='bbox 3142 3209 3500 3264; x_wconf 85' lang='grc' dir='ltr'>ἐνδείκνυται.</span> <span class='ocrx_word' id='word_1_550' title='bbox 3525 3209 3639 3278; x_wconf 79' lang='grc' dir='ltr'><strong>Οὐχ</strong></span> <span class='ocrx_word' id='word_1_551' title='bbox 3661 3209 3796 3260; x_wconf 81' lang='grc' dir='ltr'>ὅσον</span> 
     </span>
    </p>
   </div>
   <div class='ocr_carea' id='block_1_78' title="bbox 2201 3301 3797 3376">
    <p class='ocr_par' dir='ltr' id='par_1_78' title="bbox 2201 3301 3797 3376">
     <span class='ocr_line' id='line_1_78' title="bbox 2201 3301 3797 3376; baseline -0.004 -16"><span class='ocrx_word' id='word_1_552' title='bbox 2201 3308 2231 3360; x_wconf 91' lang='lat'><strong>6</strong></span> <span class='ocrx_word' id='word_1_553' title='bbox 2269 3306 2557 3376; x_wconf 79' lang='grc' dir='ltr'>ὑπόχρεως</span> <span class='ocrx_word' id='word_1_554' title='bbox 2586 3306 2824 3375; x_wconf 73' lang='grc' dir='ltr'>ἐζήτησε</span> <span class='ocrx_word' id='word_1_555' title='bbox 2848 3302 3179 3373; x_wconf 85' lang='grc' dir='ltr'>παρασχὼν,</span> <span class='ocrx_word' id='word_1_556' title='bbox 3206 3303 3325 3357; x_wconf 79' lang='grc' dir='ltr'>ἀλλ’</span> <span class='ocrx_word' id='word_1_557' title='bbox 3356 3304 3481 3356; x_wconf 77' lang='grc' dir='ltr'>ὅσον</span> <span class='ocrx_word' id='word_1_558' title='bbox 3501 3301 3699 3372; x_wconf 81' lang='grc' dir='ltr'>ἐχώρει</span> <span class='ocrx_word' id='word_1_559' title='bbox 3728 3301 3797 3354; x_wconf 82' lang='grc' dir='ltr'>τὸ</span> 
     </span>
    </p>
   </div>
   <div class='ocr_carea' id='block_1_79' title="bbox 2202 3394 3802 3468">
    <p class='ocr_par' dir='ltr' id='par_1_79' title="bbox 2202 3394 3802 3468">
     <span class='ocr_line' id='line_1_79' title="bbox 2202 3394 3802 3468; baseline -0.004 -15"><span class='ocrx_word' id='word_1_560' title='bbox 2202 3399 2419 3453; x_wconf 68' lang='grc' dir='ltr'>ἐκείνου</span> <span class='ocrx_word' id='word_1_561' title='bbox 2455 3397 2866 3468; x_wconf 82' lang='grc' dir='ltr'>φιλάνθρωπον.</span> <span class='ocrx_word' id='word_1_562' title='bbox 2895 3396 3079 3449; x_wconf 73' lang='grc' dir='ltr'>Ἀπαν</span> <span class='ocrx_word' id='word_1_563' title='bbox 3103 3395 3214 3466; x_wconf 81' lang='grc' dir='ltr'>γὰρ</span> <span class='ocrx_word' id='word_1_564' title='bbox 3244 3394 3305 3448; x_wconf 82' lang='grc' dir='ltr'>τὸ</span> <span class='ocrx_word' id='word_1_565' title='bbox 3331 3395 3492 3465; x_wconf 75' lang='grc' dir='ltr'>χρέος</span> <span class='ocrx_word' id='word_1_566' title='bbox 3521 3394 3600 3465; x_wconf 83' lang='grc' dir='ltr'>τῷ</span> <span class='ocrx_word' id='word_1_567' title='bbox 3621 3395 3802 3447; x_wconf 83' lang='grc' dir='ltr'>ὑπευ-</span> 
     </span>
    </p>
   </div>
   <div class='ocr_carea' id='block_1_80' title="bbox 2201 3489 3796 3565">
    <p class='ocr_par' dir='ltr' id='par_1_80' title="bbox 2201 3489 3796 3565">
     <span class='ocr_line' id='line_1_80' title="bbox 2201 3489 3796 3565; baseline -0.004 -18"><span class='ocrx_word' id='word_1_568' title='bbox 2201 3494 2347 3564; x_wconf 84' lang='grc' dir='ltr'>θύνῳ</span> <span class='ocrx_word' id='word_1_569' title='bbox 2379 3493 2692 3565; x_wconf 80' lang='grc' dir='ltr'>χαρίζεται,</span> <span class='ocrx_word' id='word_1_570' title='bbox 2752 3491 2916 3556; x_wconf 84' lang='grc' dir='ltr'>αὐτός</span> <span class='ocrx_word' id='word_1_571' title='bbox 2948 3509 3010 3544; x_wconf 90' lang='grc' dir='ltr'><strong>τε</strong></span> <span class='ocrx_word' id='word_1_572' title='bbox 3049 3491 3273 3554; x_wconf 78' lang='grc' dir='ltr'>δεικνὺς</span> <span class='ocrx_word' id='word_1_573' title='bbox 3299 3495 3397 3562; x_wconf 84' lang='grc' dir='ltr'>τῆς</span> <span class='ocrx_word' id='word_1_574' title='bbox 3428 3489 3636 3552; x_wconf 84' lang='grc' dir='ltr'>οἰκείας</span> <span class='ocrx_word' id='word_1_575' title='bbox 3664 3491 3796 3556; x_wconf 87' lang='grc' dir='ltr'>φιλ-</span> 
     </span>
    </p>
   </div>
   <div class='ocr_carea' id='block_1_81' title="bbox 2200 3583 3792 3659">
    <p class='ocr_par' dir='ltr' id='par_1_81' title="bbox 2200 3583 3792 3659">
     <span class='ocr_line' id='line_1_81' title="bbox 2200 3583 3792 3659; baseline -0.004 -18"><span class='ocrx_word' id='word_1_576' title='bbox 2200 3587 2520 3659; x_wconf 86' lang='grc' dir='ltr'>ανθρωπίας</span> <span class='ocrx_word' id='word_1_577' title='bbox 2569 3586 2631 3639; x_wconf 81' lang='grc' dir='ltr'><strong>τὸ</strong></span> <span class='ocrx_word' id='word_1_578' title='bbox 2693 3585 2925 3657; x_wconf 81' lang='grc' dir='ltr'>ἄπειρον</span> <span class='ocrx_word' id='word_1_579' title='bbox 2972 3583 3248 3653; x_wconf 81' lang='grc' dir='ltr'>πέλαγος⁶</span> <span class='ocrx_word' id='word_1_580' title='bbox 3310 3584 3406 3636; x_wconf 83' lang='grc' dir='ltr'><strong>καὶ</strong></span> <span class='ocrx_word' id='word_1_581' title='bbox 3443 3584 3536 3636; x_wconf 72' lang='grc' dir='ltr'><strong>τὸν</strong></span> <span class='ocrx_word' id='word_1_582' title='bbox 3563 3583 3792 3650; x_wconf 86' lang='grc' dir='ltr'>οἰκέτην</span> 
     </span>
    </p>
   </div>
   <div class='ocr_carea' id='block_1_82' title="bbox 2199 3671 3792 3747">
    <p class='ocr_par' dir='ltr' id='par_1_82' title="bbox 2199 3671 3792 3747">
     <span class='ocr_line' id='line_1_82' title="bbox 2199 3671 3792 3747; baseline -0.003 -16"><span class='ocrx_word' id='word_1_583' title='bbox 2199 3679 2489 3740; x_wconf 85' lang='grc' dir='ltr'>διδάσκων,</span> <span class='ocrx_word' id='word_1_584' title='bbox 2539 3676 2606 3731; x_wconf 89' lang='grc' dir='ltr'>δι’</span> <span class='ocrx_word' id='word_1_585' title='bbox 2633 3671 2708 3732; x_wconf 85' lang='grc' dir='ltr'>ὧν</span> <span class='ocrx_word' id='word_1_586' title='bbox 2735 3677 3090 3747; x_wconf 87' lang='grc' dir='ltr'>συνεχωρήθη</span> <span class='ocrx_word' id='word_1_587' title='bbox 3138 3678 3253 3739; x_wconf 78' lang='grc' dir='ltr'>τοῖς</span> <span class='ocrx_word' id='word_1_588' title='bbox 3278 3676 3538 3729; x_wconf 83' lang='grc' dir='ltr'>πταίουσι</span> <span class='ocrx_word' id='word_1_589' title='bbox 3568 3691 3670 3744; x_wconf 91' lang='grc' dir='ltr'><strong>συγ</strong></span> <span class='ocrx_word' id='word_1_590' title='bbox 3677 3693 3792 3744; x_wconf 80' lang='grc' dir='ltr'>χω-</span> 
     </span>
    </p>
   </div>
   <div class='ocr_carea' id='block_1_83' title="bbox 2202 3763 3794 3840">
    <p class='ocr_par' dir='ltr' id='par_1_83' title="bbox 2202 3763 3794 3840">
     <span class='ocr_line' id='line_1_83' title="bbox 2202 3763 3794 3840; baseline -0.003 -19"><span class='ocrx_word' id='word_1_591' title='bbox 2202 3770 2318 3840; x_wconf 80' lang='grc' dir='ltr'>ρεῖν</span> <span class='ocrx_word' id='word_1_592' title='bbox 2339 3784 2354 3800; x_wconf 77' lang='grc' dir='ltr'><strong>ο</strong></span> <span class='ocrx_word' id='word_1_593' title='bbox 2383 3766 2629 3822; x_wconf 89' lang='grc' dir='ltr'>τοιοῦτον</span> <span class='ocrx_word' id='word_1_594' title='bbox 2655 3767 2855 3837; x_wconf 75' lang='grc' dir='ltr'>ἔχομεν</span> <span class='ocrx_word' id='word_1_595' title='bbox 2883 3765 3093 3835; x_wconf 83' lang='grc' dir='ltr'>ἀγαθὸν</span> <span class='ocrx_word' id='word_1_596' title='bbox 3127 3765 3410 3838; x_wconf 82' lang='grc' dir='ltr'>Δεσπότην</span> <span class='ocrx_word' id='word_1_597' title='bbox 3435 3780 3450 3794; x_wconf 81' lang='grc'><strong><em>⁸</em></strong></span> <span class='ocrx_word' id='word_1_598' title='bbox 3484 3765 3658 3827; x_wconf 74' lang='grc' dir='ltr'>οὕτως</span> <span class='ocrx_word' id='word_1_599' title='bbox 3689 3763 3794 3816; x_wconf 81' lang='grc' dir='ltr'>αύ-</span> 
     </span>
    </p>
   </div>
   <div class='ocr_carea' id='block_1_84' title="bbox 2199 3855 3794 3931">
    <p class='ocr_par' dir='ltr' id='par_1_84' title="bbox 2199 3855 3794 3931">
     <span class='ocr_line' id='line_1_84' title="bbox 2199 3855 3794 3931; baseline -0.002 -18"><span class='ocrx_word' id='word_1_600' title='bbox 2199 3861 2292 3913; x_wconf 80' lang='grc' dir='ltr'><strong>τὸν</strong></span> <span class='ocrx_word' id='word_1_601' title='bbox 2338 3859 2574 3931; x_wconf 85' lang='grc' dir='ltr'>ἐπικλᾷν</span> <span class='ocrx_word' id='word_1_602' title='bbox 2607 3855 2749 3913; x_wconf 81' lang='grc' dir='ltr'>οἶδεν</span> <span class='ocrx_word' id='word_1_603' title='bbox 2781 3859 3057 3931; x_wconf 88' lang='grc' dir='ltr'>ίκετηρία,</span> <span class='ocrx_word' id='word_1_604' title='bbox 3087 3858 3182 3912; x_wconf 76' lang='grc' dir='ltr'>καὶ</span> <span class='ocrx_word' id='word_1_605' title='bbox 3211 3859 3451 3930; x_wconf 86' lang='grc' dir='ltr'>δάκρυον</span> <span class='ocrx_word' id='word_1_606' title='bbox 3473 3874 3488 3888; x_wconf 80' lang='lat'><strong><em>°</em></strong></span> <span class='ocrx_word' id='word_1_607' title='bbox 3523 3856 3665 3911; x_wconf 79' lang='grc' dir='ltr'>οὕτω</span> <span class='ocrx_word' id='word_1_608' title='bbox 3704 3857 3794 3928; x_wconf 82' lang='grc' dir='ltr'>τῷ</span> 
     </span>
    </p>
   </div>
   <div class='ocr_carea' id='block_1_85' title="bbox 2205 3949 3794 4023">
    <p class='ocr_par' dir='ltr' id='par_1_85' title="bbox 2205 3949 3794 4023">
     <span class='ocr_line' id='line_1_85' title="bbox 2205 3949 3794 4023; baseline -0.003 -19"><span class='ocrx_word' id='word_1_609' title='bbox 2205 3950 2568 4023; x_wconf 86' lang='grc' dir='ltr'>μετανοοῦντι</span> <span class='ocrx_word' id='word_1_610' title='bbox 2604 3949 2888 4021; x_wconf 69' lang='grc' dir='ltr'>φιλότιμος</span> <span class='ocrx_word' id='word_1_611' title='bbox 2926 3950 3159 4018; x_wconf 87' lang='grc' dir='ltr'>γίνεται,</span> <span class='ocrx_word' id='word_1_612' title='bbox 3201 3949 3277 4013; x_wconf 87' lang='grc' dir='ltr'>ὡς</span> <span class='ocrx_word' id='word_1_613' title='bbox 3305 3953 3372 4021; x_wconf 77' lang='grc' dir='ltr'>τῇ</span> <span class='ocrx_word' id='word_1_614' title='bbox 3406 3949 3588 4020; x_wconf 81' lang='grc' dir='ltr'>δωρεᾷ</span> <span class='ocrx_word' id='word_1_615' title='bbox 3616 3949 3794 4018; x_wconf 85' lang='grc' dir='ltr'>ὑπερ-</span> 
     </span>
    </p>
   </div>
   <div class='ocr_carea' id='block_1_86' title="bbox 2200 4042 3793 4114">
    <p class='ocr_par' dir='ltr' id='par_1_86' title="bbox 2200 4042 3793 4114">
     <span class='ocr_line' id='line_1_86' title="bbox 2200 4042 3793 4114; baseline -0.003 -16"><span class='ocrx_word' id='word_1_616' title='bbox 2200 4043 2411 4098; x_wconf 80' lang='grc' dir='ltr'>ϐαίνειν</span> <span class='ocrx_word' id='word_1_617' title='bbox 2439 4044 2539 4113; x_wconf 82' lang='grc' dir='ltr'><strong>τὴν</strong></span> <span class='ocrx_word' id='word_1_618' title='bbox 2567 4044 2803 4114; x_wconf 72' lang='grc' dir='ltr'>αἴτησιν.</span> <span class='ocrx_word' id='word_1_619' title='bbox 2852 4043 2912 4097; x_wconf 84' lang='lat'><strong>&#39;0</strong></span> <span class='ocrx_word' id='word_1_620' title='bbox 2944 4042 3244 4113; x_wconf 84' lang='grc' dir='ltr'>Μανασσῆς</span> <span class='ocrx_word' id='word_1_621' title='bbox 3271 4043 3550 4105; x_wconf 87' lang='grc' dir='ltr'>τοσούτοις</span> <span class='ocrx_word' id='word_1_622' title='bbox 3576 4058 3793 4112; x_wconf 85' lang='grc' dir='ltr'>πεφορ-</span> 
     </span>
    </p>
   </div>
   <div class='ocr_carea' id='block_1_87' title="bbox 2198 4135 3789 4208">
    <p class='ocr_par' dir='ltr' id='par_1_87' title="bbox 2198 4135 3789 4208">
     <span class='ocr_line' id='line_1_87' title="bbox 2198 4135 3789 4208; baseline -0.001 -18"><span class='ocrx_word' id='word_1_623' title='bbox 2198 4136 2454 4206; x_wconf 81' lang='grc' dir='ltr'>τισμένος</span> <span class='ocrx_word' id='word_1_624' title='bbox 2485 4137 2822 4207; x_wconf 83' lang='grc' dir='ltr'>ἐγκλήμασι,</span> <span class='ocrx_word' id='word_1_625' title='bbox 2845 4137 3002 4207; x_wconf 89' lang='grc' dir='ltr'>μόλις</span> <span class='ocrx_word' id='word_1_626' title='bbox 3023 4135 3378 4208; x_wconf 77' lang='grc' dir='ltr'>περισταθεὶς</span> <span class='ocrx_word' id='word_1_627' title='bbox 3399 4137 3584 4190; x_wconf 80' lang='grc' dir='ltr'>ἄνεσιν</span> <span class='ocrx_word' id='word_1_628' title='bbox 3615 4137 3789 4206; x_wconf 70' lang='grc' dir='ltr'>μόνην</span> 
     </span>
    </p>
   </div>
   <div class='ocr_carea' id='block_1_88' title="bbox 2201 4224 3784 4300">
    <p class='ocr_par' dir='ltr' id='par_1_88' title="bbox 2201 4224 3784 4300">
     <span class='ocr_line' id='line_1_88' title="bbox 2201 4224 3784 4300; baseline -0.003 -21"><span class='ocrx_word' id='word_1_629' title='bbox 2201 4228 2406 4300; x_wconf 72' lang='grc' dir='ltr'>ᾔτησεν</span> <span class='ocrx_word' id='word_1_630' title='bbox 2427 4230 2490 4280; x_wconf 81' lang='grc' dir='ltr'><strong>ἐκ</strong></span> <span class='ocrx_word' id='word_1_631' title='bbox 2505 4226 2666 4282; x_wconf 84' lang='grc' dir='ltr'>Θεοῦ.</span> <span class='ocrx_word' id='word_1_632' title='bbox 2692 4227 2855 4290; x_wconf 82' lang='grc' dir='ltr'>Ἀνες</span> <span class='ocrx_word' id='word_1_633' title='bbox 2890 4244 3005 4296; x_wconf 85' lang='grc' dir='ltr'>μοι,</span> <span class='ocrx_word' id='word_1_634' title='bbox 3043 4226 3240 4296; x_wconf 79' lang='grc' dir='ltr'>Κύριε,</span> <span class='ocrx_word' id='word_1_635' title='bbox 3271 4225 3468 4294; x_wconf 87' lang='grc' dir='ltr'>λέγων,</span> <span class='ocrx_word' id='word_1_636' title='bbox 3496 4224 3621 4286; x_wconf 80' lang='grc' dir='ltr'>ἄνες</span> <span class='ocrx_word' id='word_1_637' title='bbox 3653 4240 3747 4294; x_wconf 91' lang='grc' dir='ltr'><strong>μοι</strong></span> <span class='ocrx_word' id='word_1_638' title='bbox 3766 4238 3784 4256; x_wconf 76' lang='grc' dir='ltr'><strong>ο</strong></span> 
     </span>
    </p>
   </div>
   <div class='ocr_carea' id='block_1_89' title="bbox 2201 4316 3776 4390">
    <p class='ocr_par' dir='ltr' id='par_1_89' title="bbox 2201 4316 3776 4390">
     <span class='ocr_line' id='line_1_89' title="bbox 2201 4316 3776 4390; baseline -0.003 -18"><span class='ocrx_word' id='word_1_639' title='bbox 2201 4320 2300 4373; x_wconf 82' lang='grc' dir='ltr'>καὶ</span> <span class='ocrx_word' id='word_1_640' title='bbox 2330 4318 2683 4390; x_wconf 84' lang='grc' dir='ltr'>συγχώρησιν</span> <span class='ocrx_word' id='word_1_641' title='bbox 2714 4319 2949 4389; x_wconf 87' lang='grc' dir='ltr'>εἰλήφει,</span> <span class='ocrx_word' id='word_1_642' title='bbox 2980 4319 3076 4372; x_wconf 85' lang='grc' dir='ltr'>καὶ</span> <span class='ocrx_word' id='word_1_643' title='bbox 3105 4318 3216 4372; x_wconf 85' lang='grc' dir='ltr'>τῶν</span> <span class='ocrx_word' id='word_1_644' title='bbox 3252 4318 3467 4388; x_wconf 85' lang='grc' dir='ltr'>ἐχθρῶν</span> <span class='ocrx_word' id='word_1_645' title='bbox 3509 4316 3776 4388; x_wconf 80' lang='grc' dir='ltr'>ἐρρύσθη,</span> 
     </span>
    </p>
   </div>
   <div class='ocr_carea' id='block_1_90' title="bbox 2201 4404 3782 4481">
    <p class='ocr_par' dir='ltr' id='par_1_90' title="bbox 2201 4404 3782 4481">
     <span class='ocr_line' id='line_1_90' title="bbox 2201 4404 3782 4481; baseline -0.005 -17"><span class='ocrx_word' id='word_1_646' title='bbox 2201 4411 2296 4464; x_wconf 84' lang='grc' dir='ltr'>καὶ</span> <span class='ocrx_word' id='word_1_647' title='bbox 2352 4411 2448 4481; x_wconf 87' lang='grc' dir='ltr'>τῆς</span> <span class='ocrx_word' id='word_1_648' title='bbox 2501 4411 2778 4481; x_wconf 85' lang='grc' dir='ltr'>βασιλείας</span> <span class='ocrx_word' id='word_1_649' title='bbox 2835 4406 2992 4473; x_wconf 82' lang='grc' dir='ltr'>αὖθις</span> <span class='ocrx_word' id='word_1_650' title='bbox 3029 4410 3253 4478; x_wconf 85' lang='grc' dir='ltr'>γέγονεν</span> <span class='ocrx_word' id='word_1_651' title='bbox 3285 4407 3586 4478; x_wconf 85' lang='grc' dir='ltr'>ἐγκρατής.</span> <span class='ocrx_word' id='word_1_652' title='bbox 3631 4404 3689 4457; x_wconf 79' lang='grc'><strong>’0</strong></span> <span class='ocrx_word' id='word_1_653' title='bbox 3721 4404 3782 4456; x_wconf 88' lang='grc' dir='ltr'><strong>δέ</strong></span> 
     </span>
    </p>
   </div>
   <div class='ocr_carea' id='block_1_91' title="bbox 510 4493 2094 4579">
    <p class='ocr_par' dir='ltr' id='par_1_91' title="bbox 510 4493 2092 4565">
     <span class='ocr_line' id='line_1_91' title="bbox 510 4493 2092 4565; baseline 0.008 -22"><span class='ocrx_word' id='word_1_654' title='bbox 510 4501 690 4544; x_wconf 86' lang='lat' dir='ltr'><strong>autem</strong></span> <span class='ocrx_word' id='word_1_655' title='bbox 720 4501 950 4545; x_wconf 80' lang='lat' dir='ltr'><strong>exactor</strong></span> <span class='ocrx_word' id='word_1_656' title='bbox 1005 4493 1350 4562; x_wconf 84' lang='lat' dir='ltr'><strong>vectigalium</strong></span> <span class='ocrx_word' id='word_1_657' title='bbox 1405 4497 1747 4565; x_wconf 85' lang='lat' dir='ltr'><strong>publicanus,</strong></span> <span class='ocrx_word' id='word_1_658' title='bbox 1807 4513 1935 4554; x_wconf 91' lang='lat' dir='ltr'><strong>cum</strong></span> <span class='ocrx_word' id='word_1_659' title='bbox 1989 4503 2092 4557; x_wconf 90' lang='lat' dir='ltr'><strong>sibi</strong></span> 
     </span>
    </p>
   </div>
   <div class='ocr_carea' id='block_1_92' title="bbox 2197 4493 3786 4579">
    <p class='ocr_par' dir='ltr' id='par_1_92' title="bbox 2197 4502 3786 4576">
     <span class='ocr_line' id='line_1_92' title="bbox 2197 4502 3786 4576; baseline -0.007 -17"><span class='ocrx_word' id='word_1_660' title='bbox 2197 4506 2492 4576; x_wconf 87' lang='grc' dir='ltr'>φορολόγος</span> <span class='ocrx_word' id='word_1_661' title='bbox 2523 4508 2732 4568; x_wconf 85' lang='grc' dir='ltr'>ἐκεῖνος</span> <span class='ocrx_word' id='word_1_662' title='bbox 2765 4504 3008 4576; x_wconf 83' lang='grc' dir='ltr'>τελώνης</span> <span class='ocrx_word' id='word_1_663' title='bbox 3037 4505 3267 4574; x_wconf 80' lang='grc' dir='ltr'>ἱλασμὸν</span> <span class='ocrx_word' id='word_1_664' title='bbox 3288 4502 3544 4572; x_wconf 87' lang='grc' dir='ltr'>αἰτήσας,</span> <span class='ocrx_word' id='word_1_665' title='bbox 3574 4502 3786 4553; x_wconf 87' lang='grc' dir='ltr'>δικαιο-</span> 
     </span>
    </p>
   </div>
   <div class='ocr_carea' id='block_1_93' title="bbox 511 4585 2091 4658">
    <p class='ocr_par' dir='ltr' id='par_1_93' title="bbox 511 4585 2091 4658">
     <span class='ocr_line' id='line_1_93' title="bbox 511 4585 2091 4658; baseline 0.011 -24"><span class='ocrx_word' id='word_1_666' title='bbox 511 4585 803 4653; x_wconf 79' lang='lat' dir='ltr'><strong>prapitium</strong></span> <span class='ocrx_word' id='word_1_667' title='bbox 858 4585 1030 4640; x_wconf 90' lang='lat' dir='ltr'><strong>Deum</strong></span> <span class='ocrx_word' id='word_1_668' title='bbox 1088 4596 1356 4658; x_wconf 87' lang='lat' dir='ltr'><strong>rogasset,</strong></span> <span class='ocrx_word' id='word_1_669' title='bbox 1426 4590 1692 4658; x_wconf 80' lang='lat' dir='ltr'><strong>justitiam</strong></span> <span class='ocrx_word' id='word_1_670' title='bbox 1766 4606 2091 4652; x_wconf 86' lang='lat' dir='ltr'><strong>consecutus</strong></span> 
     </span>
    </p>
   </div>
   <div class='ocr_carea' id='block_1_94' title="bbox 507 4678 2091 4754">
    <p class='ocr_par' dir='ltr' id='par_1_94' title="bbox 507 4678 2091 4754">
     <span class='ocr_line' id='line_1_94' title="bbox 507 4678 2091 4754; baseline 0.008 -23"><span class='ocrx_word' id='word_1_671' title='bbox 507 4679 689 4732; x_wconf 73' lang='lat' dir='ltr'><strong>est”.</strong></span> <span class='ocrx_word' id='word_1_672' title='bbox 723 4678 812 4732; x_wconf 91' lang='lat' dir='ltr'><strong>llle</strong></span> <span class='ocrx_word' id='word_1_673' title='bbox 835 4689 1133 4734; x_wconf 84' lang='lat' dir='ltr'><strong>nocturnus</strong></span> <span class='ocrx_word' id='word_1_674' title='bbox 1167 4682 1454 4738; x_wconf 88' lang='lat' dir='ltr'><strong>insidiator</strong></span> <span class='ocrx_word' id='word_1_675' title='bbox 1503 4693 1558 4737; x_wconf 91' lang='lat' dir='ltr'><strong>et</strong></span> <span class='ocrx_word' id='word_1_676' title='bbox 1587 4685 1751 4750; x_wconf 90' lang='lat' dir='ltr'><strong>latro,</strong></span> <span class='ocrx_word' id='word_1_677' title='bbox 1776 4685 1885 4754; x_wconf 79' lang='lat' dir='ltr'><strong>jam</strong></span> <span class='ocrx_word' id='word_1_678' title='bbox 1937 4699 2091 4743; x_wconf 86' lang='lat' dir='ltr'><strong>actus</strong></span> 
     </span>
    </p>
   </div>
   <div class='ocr_carea' id='block_1_95' title="bbox 508 4766 2086 4846">
    <p class='ocr_par' dir='ltr' id='par_1_95' title="bbox 508 4766 2086 4846">
     <span class='ocr_line' id='line_1_95' title="bbox 508 4766 2086 4846; baseline 0.009 -24"><span class='ocrx_word' id='word_1_679' title='bbox 508 4766 806 4823; x_wconf 88' lang='lat' dir='ltr'><strong>incrucem</strong></span> <span class='ocrx_word' id='word_1_680' title='bbox 836 4779 891 4824; x_wconf 90' lang='lat' dir='ltr'><strong>et</strong></span> <span class='ocrx_word' id='word_1_681' title='bbox 944 4782 1243 4826; x_wconf 81' lang='lat' dir='ltr'><strong>extremam</strong></span> <span class='ocrx_word' id='word_1_682' title='bbox 1304 4790 1470 4843; x_wconf 74' lang='lat' dir='ltr'><strong>agens</strong></span> <span class='ocrx_word' id='word_1_683' title='bbox 1522 4779 1784 4846; x_wconf 85' lang='lat' dir='ltr'><strong>animam,</strong></span> <span class='ocrx_word' id='word_1_684' title='bbox 1834 4795 1957 4834; x_wconf 90' lang='lat' dir='ltr'><strong>cum</strong></span> <span class='ocrx_word' id='word_1_685' title='bbox 2003 4783 2086 4838; x_wconf 90' lang='lat' dir='ltr'><strong>sui</strong></span> 
     </span>
    </p>
   </div>
   <div class='ocr_carea' id='block_1_96' title="bbox 513 4862 2088 4938">
    <p class='ocr_par' dir='ltr' id='par_1_96' title="bbox 513 4862 2088 4938">
     <span class='ocr_line' id='line_1_96' title="bbox 513 4862 2088 4938; baseline 0.01 -26"><span class='ocrx_word' id='word_1_686' title='bbox 513 4862 836 4914; x_wconf 82' lang='lat' dir='ltr'><strong>memoriam</strong></span> <span class='ocrx_word' id='word_1_687' title='bbox 858 4862 1028 4916; x_wconf 89' lang='lat' dir='ltr'><strong>solum</strong></span> <span class='ocrx_word' id='word_1_688' title='bbox 1054 4877 1308 4932; x_wconf 89' lang='lat' dir='ltr'><strong>precatus</strong></span> <span class='ocrx_word' id='word_1_689' title='bbox 1337 4877 1502 4935; x_wconf 88' lang='lat' dir='ltr'><strong>esset,</strong></span> <span class='ocrx_word' id='word_1_690' title='bbox 1550 4871 1863 4938; x_wconf 89' lang='lat' dir='ltr'><strong>paradisum</strong></span> <span class='ocrx_word' id='word_1_691' title='bbox 1917 4881 2088 4928; x_wconf 92' lang='lat' dir='ltr'><strong>totum</strong></span> 
     </span>
    </p>
   </div>
   <div class='ocr_carea' id='block_1_97' title="bbox 513 4954 2091 5032">
    <p class='ocr_par' dir='ltr' id='par_1_97' title="bbox 513 4954 2091 5032">
     <span class='ocr_line' id='line_1_97' title="bbox 513 4954 2091 5032; baseline 0.01 -26"><span class='ocrx_word' id='word_1_692' title='bbox 513 4954 727 5022; x_wconf 90' lang='lat' dir='ltr'><strong>accepit</strong></span> <span class='ocrx_word' id='word_1_693' title='bbox 750 4957 818 5010; x_wconf 76' lang='lat'><strong>&quot;.</strong></span> <span class='ocrx_word' id='word_1_694' title='bbox 860 4956 926 5010; x_wconf 83' lang='lat' dir='ltr'><strong>Et</strong></span> <span class='ocrx_word' id='word_1_695' title='bbox 973 4959 1397 5026; x_wconf 90' lang='lat' dir='ltr'><strong>adolescentem,</strong></span> <span class='ocrx_word' id='word_1_696' title='bbox 1445 4961 1536 5030; x_wconf 89' lang='lat' dir='ltr'><strong>qui</strong></span> <span class='ocrx_word' id='word_1_697' title='bbox 1577 4976 1608 5015; x_wconf 84' lang='lat' dir='ltr'><strong>a</strong></span> <span class='ocrx_word' id='word_1_698' title='bbox 1656 4972 1878 5032; x_wconf 85' lang='lat' dir='ltr'><strong>paterna</strong></span> <span class='ocrx_word' id='word_1_699' title='bbox 1929 4965 2091 5021; x_wconf 90' lang='lat' dir='ltr'><strong>domo</strong></span> 
     </span>
    </p>
   </div>
   <div class='ocr_carea' id='block_1_98' title="bbox 510 5047 2089 5126">
    <p class='ocr_par' dir='ltr' id='par_1_98' title="bbox 510 5047 2089 5126">
     <span class='ocr_line' id='line_1_98' title="bbox 510 5047 2089 5126; baseline 0.01 -29"><span class='ocrx_word' id='word_1_700' title='bbox 510 5047 768 5102; x_wconf 89' lang='lat' dir='ltr'><strong>recedens</strong></span> <span class='ocrx_word' id='word_1_701' title='bbox 791 5060 983 5117; x_wconf 91' lang='lat' dir='ltr'><strong>sponte</strong></span> <span class='ocrx_word' id='word_1_702' title='bbox 1016 5066 1074 5107; x_wconf 83' lang='lat' dir='ltr'><strong>se</strong></span> <span class='ocrx_word' id='word_1_703' title='bbox 1139 5053 1414 5122; x_wconf 88' lang='lat' dir='ltr'><strong>abjecerat</strong></span> <span class='ocrx_word' id='word_1_704' title='bbox 1473 5056 1539 5108; x_wconf 89' lang='lat' dir='ltr'><strong>ad</strong></span> <span class='ocrx_word' id='word_1_705' title='bbox 1594 5057 1854 5124; x_wconf 89' lang='lat' dir='ltr'><strong>pecudum</strong></span> <span class='ocrx_word' id='word_1_706' title='bbox 1899 5058 2089 5126; x_wconf 81' lang='lat' dir='ltr'><strong>vitam,</strong></span> 
     </span>
    </p>
   </div>
   <div class='ocr_carea' id='block_1_99' title="bbox 507 5144 2087 5211">
    <p class='ocr_par' dir='ltr' id='par_1_99' title="bbox 507 5144 2087 5211">
     <span class='ocr_line' id='line_1_99' title="bbox 507 5144 2087 5211; baseline 0.011 -21"><span class='ocrx_word' id='word_1_707' title='bbox 507 5148 785 5207; x_wconf 82' lang='lat' dir='ltr'><strong>rogantem</strong></span> <span class='ocrx_word' id='word_1_708' title='bbox 833 5144 1202 5211; x_wconf 87' lang='lat' dir='ltr'><strong>postmodum,</strong></span> <span class='ocrx_word' id='word_1_709' title='bbox 1263 5155 1320 5200; x_wconf 88' lang='lat' dir='ltr'><strong>ut</strong></span> <span class='ocrx_word' id='word_1_710' title='bbox 1370 5145 1422 5200; x_wconf 92' lang='lat' dir='ltr'><strong>in</strong></span> <span class='ocrx_word' id='word_1_711' title='bbox 1476 5148 1936 5205; x_wconf 70' lang='lat' dir='ltr'><strong>mercennariorum</strong></span> <span class='ocrx_word' id='word_1_712' title='bbox 1985 5167 2087 5206; x_wconf 84' lang='lat' dir='ltr'><strong>nu-</strong></span> 
     </span>
    </p>
   </div>
   <div class='ocr_carea' id='block_1_100' title="bbox 579 5269 1263 5340">
    <p class='ocr_par' dir='ltr' id='par_1_100' title="bbox 579 5269 1263 5340">
     <span class='ocr_line' id='line_1_100' title="bbox 579 5269 1263 5340; baseline 0.009 -16"><span class='ocrx_word' id='word_1_713' title='bbox 579 5269 620 5300; x_wconf 74' lang='grc' dir='ltr'>’ί</span> <span class='ocrx_word' id='word_1_714' title='bbox 656 5269 858 5326; x_wconf 83' lang='lat' dir='ltr'><strong>Ezech.</strong></span> <span class='ocrx_word' id='word_1_715' title='bbox 900 5287 1057 5340; x_wconf 83' lang='lat' dir='ltr'><strong>xvut,</strong></span> <span class='ocrx_word' id='word_1_716' title='bbox 1087 5273 1144 5339; x_wconf 73' lang='grc'>4,</span> <span class='ocrx_word' id='word_1_717' title='bbox 1171 5273 1263 5330; x_wconf 74' lang='lat'><strong>20.</strong></span> 
     </span>
    </p>
   </div>
   <div class='ocr_carea' id='block_1_101' title="bbox 1358 5273 2138 5348">
    <p class='ocr_par' dir='ltr' id='par_1_101' title="bbox 1358 5273 2138 5348">
     <span class='ocr_line' id='line_1_101' title="bbox 1358 5273 2138 5348; baseline 0.01 -20"><span class='ocrx_word' id='word_1_718' title='bbox 1358 5275 1403 5308; x_wconf 84' lang='grc'><strong><em>²²</em></strong></span> <span class='ocrx_word' id='word_1_719' title='bbox 1433 5273 1478 5330; x_wconf 88' lang='lat' dir='ltr'><strong>ll</strong></span> <span class='ocrx_word' id='word_1_720' title='bbox 1506 5275 1685 5333; x_wconf 83' lang='lat' dir='ltr'><strong>Paral.</strong></span> <span class='ocrx_word' id='word_1_721' title='bbox 1709 5295 1902 5348; x_wconf 78' lang='lat' dir='ltr'><strong>xxxnt,</strong></span> <span class='ocrx_word' id='word_1_722' title='bbox 1931 5283 2018 5348; x_wconf 86' lang='grc'><strong>18,</strong></span> <span class='ocrx_word' id='word_1_723' title='bbox 2050 5283 2138 5338; x_wconf 86' lang='lat' dir='ltr'><strong>l9.</strong></span> 
     </span>
    </p>
   </div>
   <div class='ocr_carea' id='block_1_102' title="bbox 2201 4588 3781 4667">
    <p class='ocr_par' dir='ltr' id='par_1_102' title="bbox 2201 4588 3781 4667">
     <span class='ocr_line' id='line_1_102' title="bbox 2201 4588 3781 4667; baseline -0.006 -17"><span class='ocrx_word' id='word_1_724' title='bbox 2201 4598 2370 4667; x_wconf 89' lang='grc' dir='ltr'>σύνης</span> <span class='ocrx_word' id='word_1_725' title='bbox 2427 4597 2698 4665; x_wconf 83' lang='grc' dir='ltr'>ἐπέτυχεν</span> <span class='ocrx_word' id='word_1_726' title='bbox 2717 4607 2733 4624; x_wconf 89' lang='grc'>⁶</span> <span class='ocrx_word' id='word_1_727' title='bbox 2759 4598 2789 4649; x_wconf 92' lang='lat'><strong>6</strong></span> <span class='ocrx_word' id='word_1_728' title='bbox 2837 4594 3153 4664; x_wconf 86' lang='grc' dir='ltr'>νυκτιλόχος</span> <span class='ocrx_word' id='word_1_729' title='bbox 3179 4594 3383 4665; x_wconf 79' lang='grc' dir='ltr'>λῃστὴς</span> <span class='ocrx_word' id='word_1_730' title='bbox 3413 4588 3781 4645; x_wconf 82' lang='grc' dir='ltr'>ἀνασκολοπι-</span> 
     </span>
    </p>
   </div>
   <div class='ocr_carea' id='block_1_103' title="bbox 2201 4682 3869 4761">
    <p class='ocr_par' dir='ltr' id='par_1_103' title="bbox 2201 4682 3869 4761">
     <span class='ocr_line' id='line_1_103' title="bbox 2201 4682 3869 4761; baseline 0.002 -18"><span class='ocrx_word' id='word_1_731' title='bbox 2201 4690 2369 4756; x_wconf 75' lang='grc' dir='ltr'>σθεὶς,</span> <span class='ocrx_word' id='word_1_732' title='bbox 2402 4690 2496 4742; x_wconf 74' lang='grc' dir='ltr'><strong>καὶ</strong></span> <span class='ocrx_word' id='word_1_733' title='bbox 2523 4689 2623 4761; x_wconf 77' lang='grc' dir='ltr'><strong>ήδη</strong></span> <span class='ocrx_word' id='word_1_734' title='bbox 2653 4689 2831 4742; x_wconf 83' lang='grc' dir='ltr'>πνέων</span> <span class='ocrx_word' id='word_1_735' title='bbox 2856 4688 2924 4740; x_wconf 81' lang='grc' dir='ltr'>τὰ</span> <span class='ocrx_word' id='word_1_736' title='bbox 2953 4686 3178 4756; x_wconf 78' lang='grc' dir='ltr'>ἔσχατα,</span> <span class='ocrx_word' id='word_1_737' title='bbox 3205 4686 3429 4757; x_wconf 86' lang='grc' dir='ltr'>μνήμην</span> <span class='ocrx_word' id='word_1_738' title='bbox 3462 4683 3632 4753; x_wconf 82' lang='grc' dir='ltr'>μόνην</span> <span class='ocrx_word' id='word_1_739' title='bbox 3679 4682 3782 4752; x_wconf 81' lang='grc' dir='ltr'><strong>ζη-</strong></span> <span class='ocrx_word' id='word_1_740' title='bbox 3848 4690 3869 4709; x_wconf 78' lang='grc'><strong><em>⁸</em></strong></span> 
     </span>
    </p>
   </div>
   <div class='ocr_carea' id='block_1_104' title="bbox 2198 4778 3781 4852">
    <p class='ocr_par' dir='ltr' id='par_1_104' title="bbox 2198 4778 3781 4852">
     <span class='ocr_line' id='line_1_104' title="bbox 2198 4778 3781 4852; baseline -0.005 -18"><span class='ocrx_word' id='word_1_741' title='bbox 2198 4783 2392 4852; x_wconf 85' lang='grc' dir='ltr'>τήσας,</span> <span class='ocrx_word' id='word_1_742' title='bbox 2431 4782 2556 4836; x_wconf 86' lang='grc' dir='ltr'>ὅλον</span> <span class='ocrx_word' id='word_1_743' title='bbox 2586 4782 2799 4850; x_wconf 84' lang='grc' dir='ltr'>εἰλήφει</span> <span class='ocrx_word' id='word_1_744' title='bbox 2829 4780 3183 4852; x_wconf 86' lang='grc' dir='ltr'>παράδεισον.</span> <span class='ocrx_word' id='word_1_745' title='bbox 3219 4778 3330 4832; x_wconf 78' lang='grc' dir='ltr'><strong>Καὶ</strong></span> <span class='ocrx_word' id='word_1_746' title='bbox 3363 4778 3550 4844; x_wconf 65' lang='grc' dir='ltr'>νεανίᾳ</span> <span class='ocrx_word' id='word_1_747' title='bbox 3577 4791 3781 4844; x_wconf 82' lang='grc' dir='ltr'>πατρι-</span> 
     </span>
    </p>
   </div>
   <div class='ocr_carea' id='block_1_105' title="bbox 2200 4867 3781 4943">
    <p class='ocr_par' dir='ltr' id='par_1_105' title="bbox 2200 4867 3781 4943">
     <span class='ocr_line' id='line_1_105' title="bbox 2200 4867 3781 4943; baseline -0.003 -18"><span class='ocrx_word' id='word_1_748' title='bbox 2200 4873 2304 4942; x_wconf 83' lang='grc' dir='ltr'>κῆς</span> <span class='ocrx_word' id='word_1_749' title='bbox 2333 4873 2524 4937; x_wconf 81' lang='grc' dir='ltr'>ἑστίας</span> <span class='ocrx_word' id='word_1_750' title='bbox 2579 4874 3085 4943; x_wconf 84' lang='grc' dir='ltr'>ἀποσκιρτήσαντι,</span> <span class='ocrx_word' id='word_1_751' title='bbox 3113 4871 3208 4924; x_wconf 73' lang='grc' dir='ltr'><strong>καί¹</strong></span> <span class='ocrx_word' id='word_1_752' title='bbox 3258 4868 3396 4939; x_wconf 76' lang='grc' dir='ltr'>πρὸς</span> <span class='ocrx_word' id='word_1_753' title='bbox 3423 4868 3514 4920; x_wconf 80' lang='grc' dir='ltr'><strong>τὸν</strong></span> <span class='ocrx_word' id='word_1_754' title='bbox 3541 4867 3781 4937; x_wconf 75' lang='grc' dir='ltr'>χοιρώδη</span> 
     </span>
    </p>
   </div>
   <div class='ocr_carea' id='block_1_106' title="bbox 2196 4958 3784 5035">
    <p class='ocr_par' dir='ltr' id='par_1_106' title="bbox 2196 4958 3784 5035">
     <span class='ocr_line' id='line_1_106' title="bbox 2196 4958 3784 5035; baseline -0.004 -19"><span class='ocrx_word' id='word_1_755' title='bbox 2196 4963 2314 5032; x_wconf 83' lang='grc' dir='ltr'>βίον</span> <span class='ocrx_word' id='word_1_756' title='bbox 2350 4963 2790 5035; x_wconf 86' lang='grc' dir='ltr'>αύτομολήσαντι</span> <span class='ocrx_word' id='word_1_757' title='bbox 2823 4964 2881 5017; x_wconf 90' lang='grc' dir='ltr'><strong>ἐν</strong></span> <span class='ocrx_word' id='word_1_758' title='bbox 2912 4965 3070 5034; x_wconf 87' lang='grc' dir='ltr'>μέρει</span> <span class='ocrx_word' id='word_1_759' title='bbox 3103 4959 3392 5031; x_wconf 80' lang='grc' dir='ltr'>μισθωτῶν</span> <span class='ocrx_word' id='word_1_760' title='bbox 3423 4958 3662 5024; x_wconf 82' lang='grc' dir='ltr'>ἀξιοῦντι</span> <span class='ocrx_word' id='word_1_761' title='bbox 3695 4974 3784 5010; x_wconf 88' lang='grc' dir='ltr'>τε-</span> 
     </span>
    </p>
   </div>
   <div class='ocr_carea' id='block_1_107' title="bbox 2194 5050 3779 5127">
    <p class='ocr_par' dir='ltr' id='par_1_107' title="bbox 2194 5050 3779 5127">
     <span class='ocr_line' id='line_1_107' title="bbox 2194 5050 3779 5127; baseline -0.005 -18"><span class='ocrx_word' id='word_1_762' title='bbox 2194 5057 2416 5127; x_wconf 88' lang='grc' dir='ltr'>τάχθαι,</span> <span class='ocrx_word' id='word_1_763' title='bbox 2458 5056 2751 5126; x_wconf 76' lang='grc' dir='ltr'>χαρίζεται</span> <span class='ocrx_word' id='word_1_764' title='bbox 2808 5055 2908 5125; x_wconf 84' lang='grc' dir='ltr'>τὴν</span> <span class='ocrx_word' id='word_1_765' title='bbox 2966 5053 3195 5124; x_wconf 88' lang='grc' dir='ltr'>πρώτην</span> <span class='ocrx_word' id='word_1_766' title='bbox 3255 5052 3561 5120; x_wconf 80' lang='grc' dir='ltr'>εὐγένειαν,</span> <span class='ocrx_word' id='word_1_767' title='bbox 3621 5050 3779 5103; x_wconf 79' lang='grc' dir='ltr'><strong>καὶὸ</strong></span> 
     </span>
    </p>
   </div>
   <div class='ocr_carea' id='block_1_108' title="bbox 2197 5145 3778 5222">
    <p class='ocr_par' dir='ltr' id='par_1_108' title="bbox 2197 5145 3778 5222">
     <span class='ocr_line' id='line_1_108' title="bbox 2197 5145 3778 5222; baseline -0.003 -19"><span class='ocrx_word' id='word_1_768' title='bbox 2197 5149 2390 5222; x_wconf 81' lang='grc' dir='ltr'>παρὼν</span> <span class='ocrx_word' id='word_1_769' title='bbox 2444 5151 2664 5220; x_wconf 87' lang='grc' dir='ltr'>οἰκέτης</span> <span class='ocrx_word' id='word_1_770' title='bbox 2723 5147 3112 5220; x_wconf 88' lang='grc' dir='ltr'>μακροθυμίαν</span> <span class='ocrx_word' id='word_1_771' title='bbox 3172 5147 3341 5217; x_wconf 83' lang='grc' dir='ltr'>μόνην</span> <span class='ocrx_word' id='word_1_772' title='bbox 3402 5146 3622 5217; x_wconf 78' lang='grc' dir='ltr'>ᾐτήκει,</span> <span class='ocrx_word' id='word_1_773' title='bbox 3678 5145 3778 5198; x_wconf 80' lang='grc' dir='ltr'>καὶ</span> 
     </span>
    </p>
   </div>
   <div class='ocr_carea' id='block_1_109' title="bbox 2216 5281 3331 5352">
    <p class='ocr_par' dir='ltr' id='par_1_109' title="bbox 2216 5281 3331 5352">
     <span class='ocr_line' id='line_1_109' title="bbox 2216 5281 3331 5352; baseline -0.001 -15"><span class='ocrx_word' id='word_1_774' title='bbox 2216 5283 2262 5316; x_wconf 78' lang='grc'><strong>’³</strong></span> <span class='ocrx_word' id='word_1_775' title='bbox 2297 5282 2428 5338; x_wconf 91' lang='lat' dir='ltr'><strong>Luc.</strong></span> <span class='ocrx_word' id='word_1_776' title='bbox 2459 5299 2613 5352; x_wconf 86' lang='lat' dir='ltr'><strong>xvnt,</strong></span> <span class='ocrx_word' id='word_1_777' title='bbox 2644 5283 2732 5340; x_wconf 71' lang='lat' dir='ltr'><strong>li.</strong></span> <span class='ocrx_word' id='word_1_778' title='bbox 2809 5282 2856 5314; x_wconf 74' lang='lat'><strong><em>“</em></strong></span> <span class='ocrx_word' id='word_1_779' title='bbox 2891 5281 3028 5338; x_wconf 89' lang='lat' dir='ltr'><strong>Luc.</strong></span> <span class='ocrx_word' id='word_1_780' title='bbox 3059 5295 3222 5346; x_wconf 79' lang='lat' dir='ltr'><strong>mn,</strong></span> <span class='ocrx_word' id='word_1_781' title='bbox 3243 5281 3331 5336; x_wconf 77' lang='lat'><strong>43.</strong></span> 
     </span>
    </p>
   </div>
   <div class='ocr_carea' id='block_1_110' title="bbox 1743 5398 2535 5464">
    <p class='ocr_par' dir='ltr' id='par_1_110' title="bbox 1743 5398 2535 5464">
     <span class='ocr_line' id='line_1_110' title="bbox 1743 5398 2535 5464; baseline 0.009 -8"><span class='ocrx_word' id='word_1_782' title='bbox 1743 5398 2067 5462; x_wconf 83' lang='lat' dir='ltr'><strong>Francisci</strong></span> <span class='ocrx_word' id='word_1_783' title='bbox 2104 5400 2310 5464; x_wconf 87' lang='lat' dir='ltr'><strong>Scorsi</strong></span> <span class='ocrx_word' id='word_1_784' title='bbox 2348 5409 2535 5463; x_wconf 68' lang='lat' dir='ltr'><strong>notae.</strong></span> 
     </span>
    </p>
   </div>
   <div class='ocr_carea' id='block_1_111' title="bbox 559 5487 2090 5562">
    <p class='ocr_par' dir='ltr' id='par_1_111' title="bbox 559 5487 2090 5562">
     <span class='ocr_line' id='line_1_111' title="bbox 559 5487 2090 5562; baseline 0.01 -20"><span class='ocrx_word' id='word_1_785' title='bbox 559 5487 957 5562; x_wconf 61' lang='lat' dir='ltr'><strong>(169)1lliserere2</strong></span> <span class='ocrx_word' id='word_1_786' title='bbox 971 5489 1231 5556; x_wconf 86' lang='lat' dir='ltr'><strong>Quamvis</strong></span> <span class='ocrx_word' id='word_1_787' title='bbox 1245 5494 1580 5562; x_wconf 73' lang='lat' dir='ltr'><strong>pmnitentiae</strong></span> <span class='ocrx_word' id='word_1_788' title='bbox 1599 5495 1863 5555; x_wconf 86' lang='lat' dir='ltr'><strong>Manassis</strong></span> <span class='ocrx_word' id='word_1_789' title='bbox 1885 5505 2090 5558; x_wconf 90' lang='lat' dir='ltr'><strong>mentio</strong></span> 
     </span>
    </p>
   </div>
   <div class='ocr_carea' id='block_1_112' title="bbox 508 5559 2088 5637">
    <p class='ocr_par' dir='ltr' id='par_1_112' title="bbox 508 5559 2088 5637">
     <span class='ocr_line' id='line_1_112' title="bbox 508 5559 2088 5637; baseline 0.011 -27"><span class='ocrx_word' id='word_1_790' title='bbox 508 5559 603 5637; x_wconf 62' lang='lat' dir='ltr'><strong>[int</strong></span> <span class='ocrx_word' id='word_1_791' title='bbox 618 5575 915 5627; x_wconf 78' lang='lat' dir='ltr'><strong>cap.xxxtu</strong></span> <span class='ocrx_word' id='word_1_792' title='bbox 935 5559 1381 5637; x_wconf 73' lang='lat' dir='ltr'><strong>Paralip.,oratio</strong></span> <span class='ocrx_word' id='word_1_793' title='bbox 1396 5576 1573 5637; x_wconf 85' lang='lat' dir='ltr'><strong>tamen</strong></span> <span class='ocrx_word' id='word_1_794' title='bbox 1599 5568 1707 5632; x_wconf 86' lang='lat' dir='ltr'><strong>illa,</strong></span> <span class='ocrx_word' id='word_1_795' title='bbox 1723 5585 1842 5637; x_wconf 72' lang='lat' dir='ltr'><strong>quae</strong></span> <span class='ocrx_word' id='word_1_796' title='bbox 1854 5574 2088 5628; x_wconf 82' lang='lat' dir='ltr'><strong>circurn-</strong></span> 
     </span>
    </p>
   </div>
   <div class='ocr_carea' id='block_1_113' title="bbox 506 5629 2084 5706">
    <p class='ocr_par' dir='ltr' id='par_1_113' title="bbox 506 5629 2084 5706">
     <span class='ocr_line' id='line_1_113' title="bbox 506 5629 2084 5706; baseline 0.012 -26"><span class='ocrx_word' id='word_1_797' title='bbox 506 5629 703 5706; x_wconf 71' lang='lat' dir='ltr'><strong>fertur,</strong></span> <span class='ocrx_word' id='word_1_798' title='bbox 749 5646 854 5706; x_wconf 77' lang='lat' dir='ltr'><strong>non</strong></span> <span class='ocrx_word' id='word_1_799' title='bbox 896 5643 980 5706; x_wconf 83' lang='lat' dir='ltr'><strong>est</strong></span> <span class='ocrx_word' id='word_1_800' title='bbox 1015 5633 1408 5706; x_wconf 14' lang='lat' dir='ltr'><strong>exhC‘aAnonicis</strong></span> <span class='ocrx_word' id='word_1_801' title='bbox 1456 5636 1644 5704; x_wconf 84' lang='lat' dir='ltr'><strong>libris;</strong></span> <span class='ocrx_word' id='word_1_802' title='bbox 1681 5629 1860 5695; x_wconf 56' lang='lat' dir='ltr'><strong>ex&#39;stat</strong></span> <span class='ocrx_word' id='word_1_803' title='bbox 1904 5653 2084 5699; x_wconf 87' lang='lat' dir='ltr'><strong>tamen</strong></span> 
     </span>
    </p>
   </div>
   <div class='ocr_carea' id='block_1_114' title="bbox 511 5699 2084 5775">
    <p class='ocr_par' dir='ltr' id='par_1_114' title="bbox 511 5699 2084 5775">
     <span class='ocr_line' id='line_1_114' title="bbox 511 5699 2084 5775; baseline 0.014 -30"><span class='ocrx_word' id='word_1_804' title='bbox 511 5699 708 5775; x_wconf 60' lang='lat' dir='ltr'><strong>reiecta</strong></span> <span class='ocrx_word' id='word_1_805' title='bbox 747 5699 802 5751; x_wconf 88' lang='lat' dir='ltr'><strong>in</strong></span> <span class='ocrx_word' id='word_1_806' title='bbox 833 5702 1034 5755; x_wconf 89' lang='lat' dir='ltr'><strong>calcem</strong></span> <span class='ocrx_word' id='word_1_807' title='bbox 1082 5700 1400 5775; x_wconf 62' lang='lat' dir='ltr'><strong>Bibliorum,</strong></span> <span class='ocrx_word' id='word_1_808' title='bbox 1441 5722 1507 5760; x_wconf 92' lang='lat' dir='ltr'><strong>eo</strong></span> <span class='ocrx_word' id='word_1_809' title='bbox 1544 5699 1686 5775; x_wconf 84' lang='lat' dir='ltr'><strong>quod</strong></span> <span class='ocrx_word' id='word_1_810' title='bbox 1729 5724 1760 5762; x_wconf 88' lang='lat' dir='ltr'><strong>a</strong></span> <span class='ocrx_word' id='word_1_811' title='bbox 1810 5714 2084 5769; x_wconf 87' lang='lat' dir='ltr'><strong>nonnullis</strong></span> 
     </span>
    </p>
   </div>
   <div class='ocr_carea' id='block_1_115' title="bbox 511 5762 2080 5854">
    <p class='ocr_par' dir='ltr' id='par_1_115' title="bbox 511 5762 2080 5854">
     <span class='ocr_line' id='line_1_115' title="bbox 511 5762 2080 5854; baseline 0.015 -38"><span class='ocrx_word' id='word_1_812' title='bbox 511 5762 762 5821; x_wconf 75' lang='lat' dir='ltr'><strong>Pati-ibus</strong></span> <span class='ocrx_word' id='word_1_813' title='bbox 797 5782 862 5822; x_wconf 79' lang='lat' dir='ltr'><strong>cx</strong></span> <span class='ocrx_word' id='word_1_814' title='bbox 902 5785 964 5824; x_wconf 88' lang='lat' dir='ltr'><strong>ea</strong></span> <span class='ocrx_word' id='word_1_815' title='bbox 997 5772 1137 5826; x_wconf 87' lang='lat' dir='ltr'><strong>sumi</strong></span> <span class='ocrx_word' id='word_1_816' title='bbox 1168 5775 1370 5832; x_wconf 91' lang='lat' dir='ltr'><strong>dictum</strong></span> <span class='ocrx_word' id='word_1_817' title='bbox 1387 5762 1626 5846; x_wconf 50' lang='lat' dir='ltr'><strong>&#39;aliquod</strong></span> <span class='ocrx_word' id='word_1_818' title='bbox 1655 5762 2080 5854; x_wconf 29' lang='lat' dir='ltr'><strong>soleat—aquarii:</strong></span> 
     </span>
    </p>
   </div>
   <div class='ocr_carea' id='block_1_116' title="bbox 2197 5500 3771 5571">
    <p class='ocr_par' dir='ltr' id='par_1_116' title="bbox 2197 5500 3771 5571">
     <span class='ocr_line' id='line_1_116' title="bbox 2197 5500 3771 5571; baseline 0.003 -18"><span class='ocrx_word' id='word_1_819' title='bbox 2197 5518 2359 5570; x_wconf 86' lang='lat' dir='ltr'><strong>quam</strong></span> <span class='ocrx_word' id='word_1_820' title='bbox 2399 5518 2572 5571; x_wconf 82' lang='lat' dir='ltr'><strong>neque</strong></span> <span class='ocrx_word' id='word_1_821' title='bbox 2616 5516 2779 5557; x_wconf 80' lang='lat' dir='ltr'><strong>verba</strong></span> <span class='ocrx_word' id='word_1_822' title='bbox 2825 5503 2961 5566; x_wconf 71' lang='lat' dir='ltr'><strong>haec,</strong></span> <span class='ocrx_word' id='word_1_823' title='bbox 2993 5515 3112 5570; x_wconf 72' lang='lat' dir='ltr'><strong>qua!</strong></span> <span class='ocrx_word' id='word_1_824' title='bbox 3137 5500 3495 5568; x_wconf 85' lang='lat' dir='ltr'><strong>Theophanes</strong></span> <span class='ocrx_word' id='word_1_825' title='bbox 3529 5501 3684 5557; x_wconf 82' lang='lat' dir='ltr'><strong>allert</strong></span> <span class='ocrx_word' id='word_1_826' title='bbox 3717 5503 3771 5558; x_wconf 92' lang='lat' dir='ltr'><strong>in</strong></span> 
     </span>
    </p>
   </div>
   <div class='ocr_carea' id='block_1_117' title="bbox 2195 5572 3771 5638">
    <p class='ocr_par' dir='ltr' id='par_1_117' title="bbox 2195 5572 3771 5638">
     <span class='ocr_line' id='line_1_117' title="bbox 2195 5572 3771 5638; baseline 0.001 -12"><span class='ocrx_word' id='word_1_827' title='bbox 2195 5573 2448 5626; x_wconf 70' lang='lat' dir='ltr'><strong>Miserere</strong></span> <span class='ocrx_word' id='word_1_828' title='bbox 2482 5574 2631 5638; x_wconf 83' lang='lat' dir='ltr'><strong>mihi,</strong></span> <span class='ocrx_word' id='word_1_829' title='bbox 2671 5572 2912 5635; x_wconf 80' lang='lat' dir='ltr'><strong>Domine,</strong></span> <span class='ocrx_word' id='word_1_830' title='bbox 2959 5575 3238 5636; x_wconf 83' lang='lat' dir='ltr'><strong>miserere,</strong></span> <span class='ocrx_word' id='word_1_831' title='bbox 3287 5572 3380 5625; x_wconf 86' lang='lat' dir='ltr'><strong>sed</strong></span> <span class='ocrx_word' id='word_1_832' title='bbox 3405 5585 3550 5627; x_wconf 76' lang='lat' dir='ltr'><strong>certe</strong></span> <span class='ocrx_word' id='word_1_833' title='bbox 3570 5574 3771 5628; x_wconf 87' lang='lat' dir='ltr'><strong>similia</strong></span> 
     </span>
    </p>
   </div>
   <div class='ocr_carea' id='block_1_118' title="bbox 2191 5644 3773 5713">
    <p class='ocr_par' dir='ltr' id='par_1_118' title="bbox 2191 5644 3773 5713">
     <span class='ocr_line' id='line_1_118' title="bbox 2191 5644 3773 5713; baseline 0.001 -16"><span class='ocrx_word' id='word_1_834' title='bbox 2191 5653 2320 5697; x_wconf 91' lang='lat' dir='ltr'><strong>sunt</strong></span> <span class='ocrx_word' id='word_1_835' title='bbox 2371 5645 2476 5709; x_wconf 88' lang='lat' dir='ltr'><strong>iis,</strong></span> <span class='ocrx_word' id='word_1_836' title='bbox 2533 5658 2654 5713; x_wconf 55' lang='lat' dir='ltr'><strong>quae</strong></span> <span class='ocrx_word' id='word_1_837' title='bbox 2713 5645 2784 5696; x_wconf 90' lang='lat' dir='ltr'><strong>ibi</strong></span> <span class='ocrx_word' id='word_1_838' title='bbox 2841 5644 3114 5702; x_wconf 88' lang='lat' dir='ltr'><strong>dicuntur,</strong></span> <span class='ocrx_word' id='word_1_839' title='bbox 3167 5652 3228 5694; x_wconf 91' lang='lat' dir='ltr'><strong>ut</strong></span> <span class='ocrx_word' id='word_1_840' title='bbox 3275 5657 3384 5713; x_wconf 83' lang='lat' dir='ltr'><strong>non</strong></span> <span class='ocrx_word' id='word_1_841' title='bbox 3442 5653 3548 5713; x_wconf 75' lang='lat' dir='ltr'><strong>tam</strong></span> <span class='ocrx_word' id='word_1_842' title='bbox 3606 5647 3773 5699; x_wconf 85' lang='lat' dir='ltr'><strong>verba</strong></span> 
     </span>
    </p>
   </div>
   <div class='ocr_carea' id='block_1_119' title="bbox 2189 5712 3768 5838">
    <p class='ocr_par' dir='ltr' id='par_1_119' title="bbox 2189 5712 3768 5838">
     <span class='ocr_line' id='line_1_119' title="bbox 2189 5712 3768 5838; baseline 0.003 -73"><span class='ocrx_word' id='word_1_843' title='bbox 2189 5715 2343 5838; x_wconf 50' lang='lat' dir='ltr'><strong>ipsa,</strong></span> <span class='ocrx_word' id='word_1_844' title='bbox 2389 5712 2566 5784; x_wconf 16' lang='lat' dir='ltr'><strong>quam,</strong></span> <span class='ocrx_word' id='word_1_845' title='bbox 2598 5729 2817 5769; x_wconf 87' lang='lat' dir='ltr'><strong>sensum</strong></span> <span class='ocrx_word' id='word_1_846' title='bbox 2853 5728 2920 5768; x_wconf 79' lang='lat' dir='ltr'><strong>ex</strong></span> <span class='ocrx_word' id='word_1_847' title='bbox 2963 5714 3049 5768; x_wconf 87' lang='lat' dir='ltr'><strong>illa</strong></span> <span class='ocrx_word' id='word_1_848' title='bbox 3081 5715 3332 5782; x_wconf 78' lang='lat' dir='ltr'><strong>excipere</strong></span> <span class='ocrx_word' id='word_1_849' title='bbox 3364 5712 3453 5767; x_wconf 90' lang='lat' dir='ltr'><strong>hic</strong></span> <span class='ocrx_word' id='word_1_850' title='bbox 3484 5712 3642 5768; x_wconf 80' lang='lat' dir='ltr'><strong>Pater</strong></span> <span class='ocrx_word' id='word_1_851' title='bbox 3677 5730 3768 5771; x_wconf 84' lang='lat' dir='ltr'><strong>vo-</strong></span> 
     </span>
     <span class='ocr_line' id='line_1_120' title="bbox 2211 5798 2369 5838; baseline 0 0"><span class='ocrx_word' id='word_1_852' title='bbox 2211 5798 2369 5838; x_wconf 82' lang='lat' dir='ltr'><strong>uet‘tt.</strong></span> 
     </span>
    </p>
   </div>
   <div class='ocr_carea' id='block_1_120' title="bbox 2211 5798 2369 5840">
    <p class='ocr_par' dir='ltr' id='par_1_120' title="bbox 2211 5798 2369 5840">
     <span class='ocr_line' id='line_1_121' title="bbox 2211 5798 2369 5840; baseline -0.013 0"><span class='ocrx_word' id='word_1_853' title='bbox 2211 5798 2369 5840; x_wconf 70' lang='grc' dir='ltr'>σει-ιι.</span> 
     </span>
    </p>
   </div>
   <div class='ocr_carea' id='block_1_121' title="bbox 3153 5900 3186 5918">
    <p class='ocr_par' dir='ltr' id='par_1_121' title="bbox 3153 5900 3186 5918">
     <span class='ocr_line' id='line_1_122' title="bbox 3153 5900 3186 5918; baseline 0 0"><span class='ocrx_word' id='word_1_854' title='bbox 3153 5900 3186 5918; x_wconf 53' lang='grc' dir='ltr'><strong>κ</strong></span> 
     </span>
    </p>
   </div>
  </div>
