4122 6416
402 319 504 385 169

1790 328 2116 389 HOMILIA
2164 328 2247 387 II.

3577 334 3678 399 170

391 436 602 498 παντὸς
624 436 715 488 τοῦ
744 435 943 507 χρέους
988 438 1205 509 δέχεο.αι
1248 440 1349 510 τὴν
1395 439 1766 511 συγχώρησιν.
1823 442 1982 513 Ὀρᾷς

2096 453 2246 496 mero
2279 446 2619 506 censeretur,
2645 455 2696 494 .n
2729 440 3015 510 pristinam
3041 443 3211 515 gratis
3238 446 3477 505 restituit
3520 454 3680 507 nobi-

388 531 703 598 οἰκτιρμων
748 532 980 600 ἄπειρον
1004 533 1245 599 πέλαγος
1271 548 1283 561 ·
1320 549 1406 595 τις
1448 529 1592 585 οὕτω
1622 532 1986 599 νωθέστατος,

390 617 493 673 καὶ
530 620 677 688 πέρα
714 620 812 674 τοῦ
843 621 1085 689 δέοντος,
1122 622 1197 688 ὼς
1229 622 1303 694 μὴ
1345 623 1483 695 πρὸς
1512 623 1760 678 τοιοῦτον
1786 625 1991 677 Δεσπό-

388 727 499 779 την
523 710 759 781 δραμεῖν
784 715 1098 781 κραιπνοῖς,
1129 714 1156 766 ὁ
1179 713 1418 781 λέγεται,
1448 715 1565 777 τοῖς
1597 715 1862 779 ποσὶ,κᾶν
1884 732 1989 784 μυ-

390 802 549 873 ρὲαις
602 803 820 873 κηλῖσιν
865 804 1158 875 ἁμαρτιῶν
1193 806 1597 872 καταστίςοιτο,
1629 807 1735 859 κᾶν
1770 806 1989 869 πολλοῖς

386 893 687 957 ταλάντοις
716 895 1005 965 ἁμαρτιῶν
1032 896 1359 967 βαρύνοιτο;
1389 898 1679 967 Θαρσεῖτε,
1716 900 1829 952 ὅσοι
1860 900 1986 952 κατ’

386 986 497 1055 ἐμὲ
530 986 779 1057 ῥᾴθυμον
812 987 961 1060 ζωὴν
1013 988 1303 1047 ὲϐιώσατε.
1345 991 1526 1044 Μόνον
1564 992 1639 1059 μὴ
1676 990 1766 1043 τὸν
1791 991 1988 1062 ἀχάρι·-

390 1096 522 1131 στον
544 1079 737 1134 τοῦτον
771 1080 1051 1150 δραπέτην
1086 1080 1451 1152 ζηλώσωμεν,
1498 1083 1557 1145 ὃς
1588 1081 1767 1153 τυχὼν
1795 1082 1986 1137 τοσού-

387 1188 490 1223 του
542 1174 737 1243 χρέους
776 1174 1026 1243 ἀφέσεως
1060 1176 1117 1228 ὲν
1170 1176 1330 1240 ἰδίαις
1360 1176 1659 1247 ἀφραδίαις
1696 1176 1796 1248 τὴν
1824 1178 1987 1249 χάριν

387 1263 702 1320 ἀπώλεσεν.

2092 531 2326 586 litatem.
2366 531 2431 585 Et
2468 530 2555 586 hic
2576 531 2762 587 itidem
2784 548 2974 590 servus
2992 537 3306 605 patientiam
3336 542 3494 597 modo
3522 559 3676 614 roga-

2089 630 2264 691 verat,
2304 631 2360 678 et
2384 625 2548 677 totius
2571 622 2735 678 debiti
2760 625 3139 684 remissionem
3199 631 3453 688 obtinuit.
3507 633 3674 691 Vides

2088 713 2502 768 miserationum
2533 714 2757 785 pelagus
2787 716 3171 775 inexhaustum
3203 739 3216 774 :
3249 726 3372 793 quis
3421 735 3527 779 tam
3584 742 3676 782 sc-

2087 807 2227 876 gnis,
2258 816 2311 863 et
2341 806 2477 861 ultra
2509 822 2673 877 quam
2701 820 2949 880 oporteat
2990 815 3234 879 timidus,
3263 818 3355 887 qui
3396 819 3462 873 ad
3514 819 3677 876 talem

2088 898 2379 954 Dominum
2420 901 2696 957 velocibus
2743 902 2878 974 (40),
2917 914 2976 960 ιιι
3009 908 3231 975 dicitur,
3285 912 3512 980 pedibus
3571 930 3678 969 non

2087 999 2357 1057 accurrat,
2401 993 2614 1048 etiamsi
2647 998 2832 1050 decem
2883 998 3119 1055 millibus
3156 1014 3503 1069 peccatorum
3537 1007 3682 1059 notis

2094 1083 2331 1150 inustus,
2373 1086 2639 1139 etmultis
2693 1087 2855 1141 etiam
2914 1090 3178 1143 scelerum
3234 1094 3561 1161 ponderibus
3611 1098 3683 1152 sit

2089 1176 2426 1245 oppressus?
2461 1174 2732 1232 Conﬁdite
2756 1187 3025 1247 quotquot
3049 1180 3210 1235 sicuti
3265 1192 3321 1236 et
3370 1198 3468 1255 ego
3507 1185 3684 1240 disso-

2087 1270 2254 1325 lutam
2294 1272 2465 1326 vitam
2500 1272 2711 1343 egistis.
2750 1272 2910 1328 Modo
2942 1273 3215 1345 ingratum
3255 1276 3400 1333 hunc
3457 1294 3677 1334 servum

387 1370 462 1409 ne
530 1358 823 1425 imitemur,
861 1360 953 1428 qui
1024 1368 1133 1414 tam
1180 1361 1402 1432 grandis
1454 1363 1697 1433 pecunia:
1757 1363 1951 1419 debita:
1991 1363 2309 1419 remissione
2375 1373 2615 1434 accepta,
2648 1367 2716 1419 ob
2788 1376 3057 1423 suammet
3121 1368 3407 1439 stultitiam
3448 1372 3678 1441 gratiam

382 1447 651 1517 perdidit.

467 1561 487 1593 ι
520 1541 793 1607 Ἐξελθὼν
838 1546 866 1598 ὁ
895 1543 1082 1609 δοῦλος
1113 1548 1321 1612 ἐκεῖνος
1384 1542 1545 1619 εὗρεν
1600 1547 1697 1601 ἕνα
1728 1548 1835 1600 τῶν
1864 1564 1989 1599 συν-

381 1635 596 1688 δούλων
643 1635 830 1701 αύτοῦ,
892 1636 951 1701 ὃς
982 1636 1217 1707 ὤφειλεν
1256 1640 1409 1711 αὐτῷ
1463 1642 1662 1695 ἑκατὸν
1709 1640 1941 1711 δηνάρια
1968 1654 1984 1671 ·

380 1732 485 1780 καὶ
524 1729 813 1799 κρατήσας
847 1729 1012 1783 αύτὸν
1054 1730 1249 1800 ἐπνιγε
1279 1732 1453 1801 λέγων
1475 1749 1489 1763 ·
1541 1733 1766 1797 Ἀπόδος
1792 1750 1883 1803 μοι
1935 1734 1988 1785 ετ
2016 1761 2059 1819 Β

379 1836 437 1871 τι
466 1819 726 1887 ὀφείλεις.
763 1839 782 1871 ι
820 1821 950 1875 Δέον
982 1825 1295 1893 παρασχεῖν
1326 1823 1404 1894 τῷ
1427 1823 1706 1895 ὁμοδούλῳ
1743 1823 1979 1895 μερικῆς

380 1914 634 1983 χάριτος,
660 1911 728 1986 ἦς
752 1917 963 1979 ἐκεῖνος
984 1917 1065 1978 εἰς
1096 1916 1261 1988 κόρον
1284 1917 1594 1988 ἀπήλαυσε,
1622 1919 1741 1972 δέον
1776 1918 1981 1987 εὐγνώ-

381 2022 529 2075 μονα
572 2006 825 2073 γενέσθαι
856 2007 992 2077 πρὸς
1023 2007 1115 2060 τὸν
1162 2010 1472 2078 ὁμόδουλον,
1506 2010 1539 2081 ἢ
1587 2010 1858 2079 ὁμότυχον
1889 2026 1902 2039 ·
1951 2011 1979 2062 ὁ

378 2096 465 2160 δὲ,
508 2098 652 2149 κατὰ
677 2098 736 2150 τὸ
759 2098 1075 2167 λεγόμενον,
1110 2101 1205 2170 ἅμ’
1236 2100 1488 2170 ἠλέηται,
1522 2102 1615 2154 καὶ
1642 2101 1907 2172 τέθνηκεν
1941 2103 1974 2171 ᾖ

380 2190 552 2260 χάρις
578 2206 593 2221 ο
623 2194 744 2245 κατ’
776 2192 946 2263 αὐτὴν
977 2193 1086 2263 γὰρ
1121 2195 1222 2264 τὴν
1249 2192 1399 2266 ὥραν
1429 2198 1457 2248 ὁ
1491 2195 1728 2259 δείλαιος
1750 2195 1843 2250 τὸν
1884 2196 1980 2250 αύ-

378 2281 476 2333 τὸν
503 2275 680 2350 ἦγχεν
736 2282 1025 2352 ὑπόχρεων
1077 2283 1337 2352 οὐδεμίαν
1364 2286 1549 2340 ἄνεσιν
1577 2287 1975 2357 παρεχόμενος,

377 2370 571 2424 καίτοι
602 2372 697 2425 καὶ
741 2374 769 2425 ὁ
803 2373 1092 2438 σύνδουλος
1118 2378 1229 2438 τοῖς
1258 2377 1440 2439 αὐτοῖς
1467 2378 1744 2447 ἐχρήσατο
1772 2378 1974 2446 λόγοις,

377 2456 466 2524 οἷς
501 2464 668 2527 αὐτὸς
697 2464 835 2534 πρὸς
882 2465 975 2518 τὸν
1009 2465 1235 2535 βασιλέα
1292 2470 1599 2539 ἐχρήσατο·
1628 2470 1741 2524 ἀλλ’
1785 2472 1845 2523 ού
1878 2473 1976 2542 τῆς

380 2554 509 2623 ἴσης
558 2553 754 2625 ἐκείνῳ
808 2554 1078 2625 τετύχηκε
1115 2557 1363 2627 χάριτος,
1419 2559 1609 2631 ἐπειδὴ
1643 2561 1742 2631 οὺχ
1773 2561 1977 2631 ὁμοίων

376 2645 690 2715 ἀμφότεροι
719 2646 1042 2704 δανειστῶν.
1074 2649 1270 2713 Καλῶς
1308 2652 1365 2704 δὲ
1392 2651 1420 2704 ὁ
1455 2652 1615 2721 λόγος
1666 2656 1975 2726 προσέθηκε

376 2736 482 2788 καὶ
506 2736 571 2788 τὸ
600 2736 887 2806 Ἐξελθὼν,
912 2741 1220 2811 ἐμφαίνων,
1247 2743 1322 2806 ὡς
1361 2744 1587 2815 ἐξῆλθεν
1619 2745 1727 2799 ἀπὸ
1760 2747 1973 2801 δικαίου

376 2824 481 2876 καὶ
526 2826 860 2896 πρέποντος.

461 3026 480 3058 ι
521 3006 751 3071 Ἰδόντες
771 3007 827 3063 δὲ
854 3009 904 3063 οἱ
935 3010 1216 3067 σύνδουλοι
1243 3012 1409 3068 αὐτοῦ
1441 3017 1511 3070 τὰ
1542 3018 1815 3087 γενόμενα
1846 3019 1971 3073 ἐλυ-

380 3098 668 3166 πήθησαν,
688 3101 785 3153 καὶ
818 3101 1065 3165 ἐλθόντες
1095 3104 1440 3178 διεσάφησαν
1473 3107 1551 3179 τῷ
1580 3109 1757 3180 κυρίῳ
1793 3111 1974 3166 αὐτῶν
1999 3127 2046 3190 C

378 3189 452 3241 τὰ
479 3190 779 3259 γενόμενα.
824 3210 842 3244 ι
882 3193 1266 3249 Μυσὰττονται
1291 3196 1485 3251 τοῦτον
1513 3203 1615 3271 τῆς
1644 3201 1975 3274 ἀγριότητος

378 3282 431 3333 οἱ
478 3281 842 3353 μισοπόνηροι
922 3283 1218 3339 σύνδουλοι.
1280 3288 1576 3357 Ἀγγελους
1631 3291 1688 3344 δὲ
1752 3293 1977 3358 τούτους

382 3374 660 3442 προσήκει
683 3377 824 3428 νοεῖν
854 3375 1176 3441 συνδούλους
1196 3380 1339 3432 κατὰ
1369 3382 1460 3433 τὸν
1483 3382 1581 3453 τῆς
1614 3382 1976 3456 δημιουργίας

379 3462 547 3531 λόγον
569 3466 939 3536 ὑπάρχοντας,
967 3470 1062 3521 καὶ
1095 3469 1206 3522 τῶν
1230 3469 1483 3542 πράξεων
1514 3474 1673 3545 ήμῶν
1706 3476 1975 3546 τηρητάς.

383 3556 606 3623 Ὠσπερ
630 3557 689 3610 δὲ
717 3559 860 3630 χαρὰ
888 3560 1098 3627 γίνεται
1133 3564 1190 3615 ὲν
1214 3564 1289 3633 τῷ
1310 3565 1526 3635 οὐρανῷ
1562 3568 1653 3619 ἐπὶ
1686 3567 1767 3620 ἑνὶ
1794 3570 1979 3640 ἁμαρο

380 3647 548 3718 τωλῷ
600 3650 981 3718 μετανοοῦντι,
1023 3652 1201 3717 οὕτως
1237 3656 1300 3707 ὲκ
1359 3655 1455 3709 τοῦ
1510 3657 1758 3710 ἐναντίου
1791 3658 1979 3711 λυπεῖ-

383 3738 513 3792 σθαι
553 3738 776 3807 λέγεται
804 3742 1017 3813 σφόδρα
1048 3744 1116 3797 τὰ
1156 3745 1525 3817 καθαρώτατα
1561 3748 1849 3818 πνεύματα
1889 3750 1976 3819 ἐφ’

382 3833 519 3901 ἡμῖν
554 3831 959 3903 ἁμαρτάνουσι.
996 3835 1110 3889 Καὶ
1136 3837 1200 3909 δὴ
1245 3841 1338 3893 καὶ
1379 3839 1458 3910 τῷ
1490 3841 1725 3912 δεσπότῃ
1757 3842 1856 3912 τὴν
1883 3842 1975 3895 τοῦ

385 3926 535 3996 ἀμνὴ
547 3942 708 3991 μονος
731 3925 993 3997 ὠμότητα
1016 3945 1082 3998 με
1092 3930 1419 3999 μηνύκασιν,
1443 3932 1540 4002 οὐχ
1569 3933 1644 3995 ὡς
1666 3933 1976 4000 ἀγνοούντι,

383 4012 525 4064 ἀλλὰ
557 4013 772 4067 Ξιιιαίαν
811 4015 1258 4087 ἐπιδεικνύμενοι
1284 4020 1663 4092 ἀγανάκτησιν
1698 4024 1843 4077 κατὰ
1880 4023 1976 4077 τοῦ

386 4105 466 4174 μὴ
494 4109 843 4176 τηρήσαντος
879 4109 1016 4179 πρὸς
1044 4110 1137 4162 τὸν
1157 4112 1434 4182 ὁμόφυλον
1458 4116 1519 4166 τὸ
1549 4114 1898 4185 φιλάλληλον.

461 4387 482 4420 ι
523 4370 662 4423 Τότε
716 4373 1239 4446 προσκαλεσάμενος
1277 4379 1442 4433 αὐτὸν
1495 4382 1521 4433 ὁ
1569 4382 1756 4452 κύριος
1808 4384 1975 4437 αὐτοῦ

2171 1564 2191 1597 ι
2249 1547 2512 1618 Egressus
2561 1558 2739 1604 autem
2785 1567 2976 1606 servus
3019 1553 3105 1607 ille
3155 1554 3359 1609 invenit
3397 1568 3562 1612 unum
3611 1561 3680 1614 de

2090 1641 2368 1695 conservis
2403 1641 2514 1696 suis
2535 1682 2549 1707 ,
2579 1644 2668 1711 qui
2704 1643 2934 1698 debebat
2961 1646 3009 1699 ei
3041 1654 3260 1700 centum
3291 1647 3545 1704 denarios
3576 1667 3590 1704 :
3624 1662 3681 1705 et

2092 1739 2280 1784 tenens
2318 1731 2617 1788 suﬂ'ocabat
2649 1749 2771 1788 eum
2807 1736 3015 1801 dicens,
3046 1736 3234 1793 Redde
3264 1742 3406 1809 quod
3434 1743 3619 1799 debes.
3654 1762 3706 1796 ι.

2084 1820 2323 1893 Equum
2351 1823 2550 1891 fuerat,
2574 1835 2633 1882 ut
2656 1842 2774 1881 eam
2802 1842 3064 1885 conservo
3090 1833 3321 1901 gratiam
3352 1835 3678 1905 impertiret,

2081 1930 2244 1985 quam
2275 1916 2389 1985 ipse
2421 1918 2633 1973 abunde
2662 1930 3010 1989 perceperat;
3048 1938 3259 1993 aequum
3295 1935 3352 1979 ut
3384 1927 3675 1997 benignum

2082 2022 2139 2060 se
2168 2022 2295 2077 erga
2326 2024 2447 2063 eum
2481 2012 2764 2079 praeberet,
2796 2014 2886 2082 qui
2920 2012 2973 2066 in
3003 2016 3189 2070 eadem
3231 2025 3375 2072 esset
3413 2019 3678 2075 servitute

2082 2109 2242 2168 atque
2268 2099 2512 2167 fortuna;
2546 2111 2785 2157 attamen
2816 2104 2977 2157 simul
3010 2120 3073 2159 ac
3100 2107 3530 2165 misericordiam
3559 2111 3677 2182 (M)

2080 2200 2411 2246 consecutus
2442 2202 2545 2257 est,
2581 2193 2743 2260 periit
2780 2194 2853 2248 illi
2888 2195 3087 2266 gratia,
3123 2206 3182 2250 ut
3213 2198 3445 2266 dicitur;
3482 2203 3677 2257 eadem

2088 2286 2235 2338 enim
2266 2285 2399 2340 bora
2434 2286 2622 2342 infelix
2655 2287 2743 2343 ille
2768 2288 3066 2345 debitorem
3095 2294 3331 2363 angebat
3357 2311 3513 2351 suum
3542 2299 3677 2354 nihil

2082 2377 2305 2431 omnino
2333 2379 2614 2432 remittens
2645 2396 2659 2432 :
2696 2389 2749 2434 et
2774 2379 3018 2449 profecto
3047 2385 3233 2439 eadem
3264 2388 3509 2442 oratione
3533 2393 3677 2459 apud

2083 2464 2231 2518 illum
2269 2481 2563 2524 conservus
2592 2483 2722 2524 usus
2752 2479 2856 2534 est,
2888 2486 2992 2541 qua
3031 2472 3122 2527 ille
3154 2477 3295 2544 apud
3344 2492 3548 2548 regem,
3579 2483 3674 2537 sed

2081 2569 2190 2609 non
2240 2558 2484 2610 eamdem
2535 2567 2750 2624 tamen,
2805 2569 2969 2629 atque
3023 2562 3113 2617 ille
3159 2565 3388 2632 gratiam
3441 2576 3669 2635 nactus;

2081 2648 2517 2717 quandoquidem
2548 2664 2653 2705 non
2682 2651 2889 2707 similes
2917 2654 3079 2708 ambo
3107 2656 3283 2710 sortiti
3312 2655 3529 2713 fuerant
3555 2675 3675 2715 cre-

2081 2740 2305 2795 dilores.
2344 2740 2410 2796 Et
2451 2750 2602 2798 recte
2643 2757 2773 2800 sane
2818 2759 2998 2801 sermo
3035 2747 3380 2818 evangelicus
3423 2752 3677 2819 apposuit

2078 2830 2229 2897 illud,
2257 2831 2542 2903 Egressus,
2569 2845 2628 2889 ut
2651 2835 2906 2891 nimirum
2934 2840 3245 2894 ostenderet
3290 2853 3414 2895 eum
3446 2842 3673 2912 justitiaa

2078 2932 2130 2977 et
2161 2924 2432 2993 aequitatis
2459 2925 2596 2982 ﬁnes
2626 2941 2926 2997 egressum.

2156 3031 2175 3064 ι
2214 3013 2474 3074 νίόρηιοε
2501 3028 2682 3073 autem
2712 3020 2854 3075 servi
2888 3021 3025 3091 ejus,
3057 3036 3179 3091 quae
3208 3025 3430 3092 fiebant,
3461 3029 3672 3084 contri~

2079 3100 2205 3154 stati
2231 3110 2357 3156 sunt
2378 3103 2561 3171 valde;
2588 3114 2642 3158 et
2668 3118 2951 3172 venerunt,
2979 3120 3032 3163 et
3057 3124 3418 3170 narraverunt
3444 3115 3675 3172 Domino

2084 3207 2184 3248 suo
2224 3195 2437 3260 omnia,
2467 3210 2588 3266 qua:
2627 3196 2770 3253 facta
2812 3198 3044 3257 fuerant.
3085 3220 3103 3253 ι
3146 3203 3484 3261 Aversantur
3528 3207 3675 3264 hunc

2081 3294 2305 3355 propter
2376 3303 2591 3343 morum
2662 3292 3010 3348 acerbitatem
3084 3297 3332 3353 conservi
3406 3301 3672 3356 malorum

2084 3391 2294 3433 osores.
2321 3378 2380 3432 ln
2411 3381 2502 3435 liis
2529 3396 2659 3437 vero
2690 3383 2908 3452 angelos
2957 3400 3054 3455 par
3099 3396 3182 3443 est
3228 3388 3551 3460 intelligere,
3579 3393 3671 3461 qui

2084 3469 2295 3524 ratione
2319 3472 2621 3526 creationis
2652 3476 2900 3529 conservi
2933 3487 3082 3543 sunt,
3110 3488 3168 3534 et
3198 3477 3339 3535 facta
3374 3486 3673 3537 observant

2083 3570 2265 3615 nostra
2297 3579 2311 3616 :
2350 3576 2411 3617 ae
2440 3563 2600 3619 sicuti
2642 3584 2660 3616 ι
2698 3568 2952 3636 gaudium
2987 3578 3068 3623 est
3118 3569 3172 3623 in
3208 3572 3347 3627 coelo
3379 3587 3541 3643 super
3567 3589 3677 3628 uno

2083 3660 2370 3721 peccatore
2400 3657 2776 3724 paenitentiam
2810 3673 3003 3729 agente
3026 3663 3093 3728 ’⁸,
3126 3683 3146 3716 ι
3184 3666 3257 3718 ita
3289 3667 3454 3721 etiam
3479 3679 3673 3723 contra

2085 3745 2439 3812 peccantibus
2484 3747 2674 3813 nobis,
2723 3751 2886 3805 iidem
2938 3754 3215 3821 purissimi
3262 3757 3486 3825 spiritus
3531 3759 3672 3815 allici

2084 3847 2321 3890 moerere
2368 3837 2643 3895 dicuntur.
2679 3840 2822 3908 Quin
2866 3844 3027 3898 etiam
3079 3847 3348 3903 diritatem
3398 3849 3517 3920 ejus
3567 3852 3672 3922 12

2083 3928 2290 3997 accepti
2330 3928 2578 3986 beneﬁcii
2618 3932 2957 3993 immemoris
2992 3937 3218 3993 domino
3268 3944 3671 4009 renuntiarunt,

2084 4033 2189 4074 non
2231 4020 2375 4089 quod
2423 4022 2512 4077 ille
2562 4026 2780 4083 nescius
2828 4028 2947 4098 ejus
2994 4040 3169 4096 esset,
3203 4032 3297 4087 sed
3343 4033 3421 4088 uti
3466 4033 3671 4104 justam

2085 4110 2510 4181 indignationem
2546 4130 2862 4189 conceptam
2893 4122 3157 4179 adversus
3185 4139 3311 4179 eum
3344 4126 3674 4193 indicarent,

2085 4204 2177 4272 qui
2215 4207 2385 4260 mutui
2424 4210 2629 4266 amoris
2664 4211 2833 4281 legem
2871 4228 2996 4284 erga
3036 4216 3347 4284 popularem
3378 4231 3534 4273 suum
3566 4234 3673 4275 non

2084 4295 2446 4353 observasset.

2170 4408 2188 4440 ι
2233 4390 2387 4447 Tunc
2424 4395 2632 4449 vocavit
2668 4395 2814 4450 illum
2850 4398 3104 4456 dominus
3140 4415 3292 4469 suus,
3343 4410 3399 4456 et
3430 4402 3505 4456 ait
3541 4401 3615 4457 illi
3656 4423 3669 4457 :

380 4461 535 4531 λέγει
567 4462 736 4532 αὐτῷ·
758 4465 921 4519 Δοῦλε
945 4468 1173 4540 πονηρὲ,
1200 4471 1380 4524 πᾶσαν
1406 4473 1505 4542 τὴν
1522 4473 1746 4545 ὀφειλὴν
1765 4475 1982 4546 ἐκείνην

2091 4482 2260 4539 Serve
2298 4498 2551 4554 nequam,
2589 4500 2748 4541 omne
2776 4486 3012 4541 debitum
3056 4489 3234 4545 dimisi
3279 4490 3392 4555 tibi,
3419 4492 3673 4562 quoniam

383 4555 586 4624 ὁ.φῆκά
641 4574 749 4621 σοι,
802 4561 927 4612 ἐπεὶ
975 4561 1356 4632 παρεκάλεσάς
1389 4582 1457 4635 με
1481 4582 1494 4595 ο
1526 4566 1626 4620 οὐκ
1656 4567 1766 4621 ἔδει
1793 4571 1888 4623 καὶ
1921 4570 1981 4623 σὲ

383 4645 615 4713 ἐλεῆσαι
661 4646 752 4699 τὸν
789 4648 1082 4703 σύνδουλόν
1137 4668 1233 4705 σου
1262 4652 1338 4718 ὡς
1373 4656 1529 4723 κάγώ
1575 4673 1635 4710 σε
1666 4658 1907 4729 meum;
1958 4680 1975 4712 ι

384 4736 592 4789 Σκόπει
628 4756 721 4807 μοι
752 4739 985 4794 ἐνταῦθα
1019 4742 1112 4795 τοῦ
1151 4743 1417 4813 βασιλέως
1452 4748 1865 4821 φιλανθρωπίας
1903 4752 1981 4806 δι-

384 4829 692 4899 καιοσύνην
732 4832 1049 4903 ἰσόρροπον.
1079 4836 1191 4890 Καὶ
1227 4837 1436 4907 ταύτην
1469 4841 1570 4893 οὐκ
1619 4845 1829 4913 ἀκριτὶ,
1860 4843 1978 4898 ἀλλ’

385 4921 619 4989 ἀγαγὼν
674 4922 770 4975 ἐπὶ
824 4925 1073 4995 βήματος
1126 4927 1219 4980 τὸν
1257 4931 1581 4999 μαστιγίαν,
1635 4938 1728 4986 καὶ
1782 4936 1976 4991 τοῦτον

383 5013 641 5083 ἐλέγξας,
668 5018 764 5069 καὶ
793 5017 1204 5089 ἀναπολόγητον
1243 5022 1517 5095 δεδειχὼς,
1545 5028 1636 5079 καὶ
1665 5027 1975 5093 δικαιωοεὶς

384 5108 445 5159 ἐν
472 5109 587 5170 τοῖς
635 5107 817 5177 λόγοις
854 5110 1046 5175 αὑτοῦ,
1080 5114 1177 5164 καὶ
1201 5114 1434 5183 νικήσας
1466 5116 1622 5185 ἐντῷ
1666 5119 1974 5188 κρίνεσθαι,

380 5194 416 5265 ᾖ
447 5216 619 5268 φησιν
660 5204 688 5251 ὁ
744 5200 929 5268 Δαόὶδ,
963 5203 1220 5273 ἐπιφέρει
1279 5204 1377 5275 τὴν
1423 5207 1642 5261 δικαίαν
1673 5208 1973 5277 ἀπόφασιν.

460 5327 506 5359 ³⁸
529 5324 662 5382 Luc.
693 5349 779 5397 xv,
808 5334 899 5390 lO.
980 5337 1026 5367 “
1048 5337 1190 5393 Psal.
1218 5356 1270 5405 L,
1297 5340 1351 5399 9.

2084 4576 2286 4645 rogasti
2335 4591 2422 4631 me
2466 4593 2481 4630 :
2534 4592 2715 4632 nonne
2762 4594 2891 4649 ergo
2934 4582 3171 4649 oportuit
3216 4592 3273 4636 et
3316 4590 3367 4639 te
3427 4583 3673 4639 misereri

2085 4667 2330 4720 conservi
2366 4666 2466 4732 tui,
2499 4677 2557 4721 ut
2585 4682 2683 4737 ego
2718 4669 2789 4721 tui
2826 4670 3084 4725 misertus
3119 4671 3277 4725 sum?
3311 4690 3329 4723 ι
3373 4672 3672 4728 Considera

2082 4756 2171 4813 hic
2226 4757 2357 4812 mihi
2420 4761 2562 4830 regis
2616 4760 2882 4829 justitiam
2946 4777 3009 4816 ex
3073 4778 3227 4832 aequo
3286 4764 3673 4820 misericordia:

2085 4853 2493 4921 respondentem
2531 4861 2693 4921 atque
2738 4854 3011 4910 libratam.
3062 4854 3213 4911 lianc
3244 4858 3380 4912 adeo
3415 4873 3518 4913 non
3554 4858 3673 4913 sine

2081 4940 2289 5010 judicio
2318 4951 2555 5008 exercet,
2589 4945 2683 4998 sed
2715 4945 3067 5000 verberonem
3105 4946 3257 5002 illum
3292 4949 3346 5002 in
3374 4953 3462 5018 jus
3494 4960 3670 5016 vocat,

2087 5043 2140 5089 et
2181 5034 2355 5103 ipsum
2403 5038 2602 5105 arguit,
2634 5044 2687 5093 et
2726 5038 2928 5093 nullum
2971 5041 3192 5095 obtendi
3242 5057 3398 5109 posse
3442 5058 3672 5097 excusa-
3736 5044 3745 5049 ’

2090 5128 2288 5182 tionem
2321 5130 2591 5196 ostendit;
2629 5141 2681 5186 et
2710 5131 3042 5203 justiticatus
3075 5134 3127 5189 in
3159 5137 3503 5192 sermonibus
3535 5139 3670 5205 suis,

2089 5227 2142 5272 et
2168 5219 2390 5273 vincens
2418 5221 2470 5274 in
2495 5219 2808 5288 iudicando,
2836 5234 2893 5278 ut
2924 5224 3163 5295 loquitur
3188 5226 3357 5283 David
3375 5229 3440 5295 ",
3466 5229 3667 5298 justam

1631 5441 1952 5504 Francisci
1988 5445 2201 5506 Scorsi
2241 5455 2426 5510 notua.

456 5547 569 5617 (40)
615 5546 1240 5640 νείρεὶὁιιεηᾲιιιιιίῐιίιιί
1281 5560 1405 5613 illud
1437 5562 1803 5632 Homericum,
1832 5570 1973 5640 quod

383 5618 434 5701 in
470 5620 862 5701 proverbit‘tnt‘
881 5624 1092 5701 videtur
1119 5628 1335 5701 abiisse,
1366 5618 1968 5701 κραιπνοῖσιᾞίδεισσιί

380 5688 539 5776 Iliad.
560 5709 617 5762 χ.
656 5689 939 5776 finisﬁnis.
959 5688 1472 5776 8“.ér:dpouas_'rtoa‘t
1520 5688 1848 5776 κροιιιινοξσι⁷
1866 5688 1970 5762 ira:

381 5759 605 5828 ποιθὼς,
638 5774 692 5815 et
726 5762 860 5813 alibi
889 5759 1033 5814 Ποσὶ
1061 5759 1376 5835 κραιπνοῖσι
1405 5759 1715 5840 μετασπών.

696 5855 984 5919 ΡΔτιιοι..
1034 5860 1078 5919 G
1094 5880 1151 5923 ιι.
1206 5864 1491 5933 CXXXII.

2157 5574 2269 5645 (Η)
2308 5576 2359 5629 Μ
2368 5577 2753 5635 isericordiam.
3350 5616 3387 5631 —

2158 5646 2288 5726 Ἀμς
2319 5646 2569 5728 ὴλέηται,
2590 5648 2709 5719 ἅμα
2740 5649 3003 5731 τέθνηκεν
3096 5650 3276 5719 χάρις.
3528 5718 3540 5731 Ι
3621 5720 3631 5731 _

2080 5715 2338 5789 senarius
2370 5715 2579 5787 integer
2610 5715 2675 5774 ex
2705 5715 2901 5774 vetere'
2939 5715 3127 5787 poeta,
3149 5715 3259 5789 quo
3293 5732 3441 5789 quas:
3478 5718 3675 5789 adagio

2085 5788 2252 5840 utitur
2303 5795 2512 5855 auctor,
2561 5802 2682 5845 cum
2734 5790 3026 5860 [immittat
3061 5788 3205 5843 κατὰ
3244 5788 3673 5861 τὸλεγόμενον.

3233 5884 3269 5945 6
