4122 6422
471 342 575 407 1ῗὸ

1687 330 2179 395 TlIEOPHANlS
2220 331 2568 393 CERAMEI

3649 325 3761 392 176

475 453 894 524 abditarumque
917 446 1224 507 doctrinam
1251 444 1600 516 inspiciamus
1627 453 1857 509 attente,
1885 444 2076 501 distin-

2188 442 2293 515 πὴν
2323 440 2419 495 τοῦ
2466 437 2751 510 βασιλικοῦ
2790 439 3076 512 σκήπτρου
3128 440 3444 510 ποιούμενοι
3472 440 3571 505 τὰς
3604 442 3774 514 εὐαγι

471 553 668 616 cteque
715 541 1092 613 explicemus,
1139 551 1369 606 eamque
1423 536 1588 609 regali
1644 547 1861 609 sceptro
1910 539 2064 609 quasi

474 639 792 694 comitatuin
836 646 1196 704 pompamque
1242 630 1656 701 prtemittamus.
1692 630 1837 686 Dixit
1881 632 2065 686 iiomi-

474 743 576 784 nus
610 746 623 783 :
665 746 683 781 ι
718 724 889 782 Nemo
918 724 1167 779 ascendit
1198 720 1249 773 in
1282 718 1633 787 coelum,‘nisi
1662 720 1753 791 qui
1790 721 2071 776 descendit

474 817 543 873 de
598 816 772 880 coelo,
818 811 989 868 Filius
1041 808 1312 874 hominis,
1357 807 1453 878 qui
1504 818 1591 864 est
1646 808 1699 862 in
1760 807 1987 864 coelo".
2046 826 2063 858 ι

474 908 753 979 Principio
788 902 1186 975 exquirendum
1221 909 1326 965 est,
1360 900 1489 970 quid
1524 899 1832 966 Dominum,
1865 911 1921 952 ιιι
1957 900 2070 953 haec

476 1002 818 1073 loqueretur,
877 997 1195 1053 adduxerit.
1252 996 1495 1055 Praesens
1563 995 1759 1065 quippe
1823 993 2071 1049 lectionis

472 1093 800 1164 evangelica)
832 1107 1046 1149 summa
1086 1106 1277 1149 eorum
1318 1093 1479 1147 modo
1515 1087 1918 1150 commeminit,
1952 1101 2073 1153 «iure

474 1187 544 1241 ad
574 1185 802 1257 hujusce
830 1184 939 1239 diei
974 1183 1254 1254 pertinent
1279 1182 1680 1245 celebritatem,
1707 1178 2070 1250 praecedentia

473 1290 606 1334 vero
670 1274 911 1333 reticuit.
963 1272 1195 1340 Quando
1251 1273 1417 1347 igitur
1472 1274 1539 1327 ad
1599 1269 1886 1325 Dominum
1944 1271 2078 1324 adiit

475 1379 778 1427 nocturnus
815 1369 905 1425 ille
946 1369 1246 1441 discipulus
1279 1367 1652 1439 (Nicodemum
1693 1365 1843 1420 illum
1878 1363 2074 1421 Phari-

476 1478 649 1521 sacum
694 1462 854 1532 plane
881 1462 1187 1534 intelligis),
1217 1462 1628 1533 generationem
1671 1473 1792 1530 quae
1831 1459 1898 1513 de
1937 1457 2075 1515 (uelo

475 1565 557 1611 εει
580 1554 888 1624 expiicante
916 1552 1169 1619 Domino,
1191 1552 1283 1609 ille
1304 1550 1543 1609 Judaicae
1567 1552 1735 1609 etiam
1764 1560 1876 1605 tum
1909 1551 2075 1607 hebe-

480 1647 680 1703 tndinis
726 1649 997 1723 particeps
1040 1649 1094 1704 in
1141 1660 1449 1707 maternUm
1496 1657 1707 1705 uterum
1748 1646 2077 1717 cogitatione

484 1740 836 1808 trahebatur,
871 1742 1258 1813 carnalemqne
1298 1741 1709 1815 generationem
1751 1753 1913 1795 sensu
1956 1738 2077 1793 ani-

2176 535 2403 603 γελικὰς
2436 533 2807 603 ἐκφαντορίας
2866 535 3357 606 περιαθρήσωμεν.
3405 529 3572 589 Εἶπεν
3595 538 3623 589 6
3659 536 3778 589 Κύ-

2179 640 2325 699 ριος⁸
2369 645 2386 677 ι
2428 625 2622 689 Οὐδεὶς
2653 624 2997 695 ἀναϐέϐηκεν
3027 631 3106 701 εις
3136 628 3226 679 τὸν
3260 628 3511 698 οὐρανὸν,
3559 629 3606 682 εί
3633 627 3708 699 μὴ
3743 630 3777 681 6

2176 723 2243 773 ἐκ
2274 720 2369 774 τοῦ
2401 719 2636 791 οὐρανοῦ
2666 719 2915 784 καταϐὰς
2946 723 2974 773 6
3009 721 3136 782 Υἱὸς
3167 720 3261 774 τοῦ
3300 718 3615 792 ἀνθρώπου,
3639 725 3666 777 6
3695 722 3776 774 ὢν

2177 813 2338 886 ἐντῷ
2369 812 2608 885 οὐρανῷ.
2656 831 2673 864 ι
2712 812 2991 883 Προσήκει
3057 811 3334 879 ἐξετάζειν
3389 815 3678 885 πρότερον,
3720 812 3779 865 τί

2177 906 2239 961 τὸ
2275 906 2715 976 παρασκευάσαν
2746 903 2840 957 τὸν
2874 904 3080 975 Κύριον
3112 905 3287 958 ταῦτα
3320 908 3519 959 εἰπεῖν.
3568 904 3633 960 'll
3664 906 3777 976 γὰρ

2182 996 2437 1067 παροῦσα
2508 995 2785 1070 περικοπὴ
2845 995 2942 1065 τῆς
2986 996 3352 1068 εὐαγγελικῆς
3412 998 3781 1065 ἀναγνώσεως

2185 1090 2348 1160 μόνον
2385 1091 2792 1162 ὲπιμνησθείσα
2818 1093 2929 1145 τῶν
2967 1094 3367 1146 συντεινόντων
3394 1091 3532 1162 πρὸς
3558 1089 3647 1144 τὸν
3676 1089 3781 1158 τῆς

2182 1182 2406 1256 ἡμέρας
2431 1183 2659 1247 σκοπὸν,
2692 1184 2753 1236 τὸ
2779 1184 3054 1252 προλαϐὸν
3088 1183 3457 1254 σεσιώπηκεν.
3505 1182 3782 1254 ὐπηνξκα

2180 1276 2361 1330 τοίνυν
2394 1278 2624 1347 ἀφίκετο
2644 1279 2779 1348 πρὸς
2805 1281 2898 1332 τὸν
2923 1277 3130 1350 Κύριον
3161 1280 3368 1340 ἐκεῖνος
3399 1279 3426 1330 ὁ
3459 1278 3783 1346 νυκτερινός

2186 1368 2435 1441 μαθητὴς
2463 1370 2642 1442 (νοεῖς
2662 1371 2716 1424 δὲ
2751 1372 2971 1434 πάντως
2991 1372 3082 1425 τδν
3106 1371 3403 1441 Φαρισαῖον
3440 1365 3779 1439 Νικόδημον)

2180 1460 2276 1514 τοῦ
2303 1462 2555 1532 Σωτῆρος
2581 1463 2929 1527 διδάσκοντος
2962 1462 3060 1534 τὴν
3090 1463 3301 1518 ἄνωθεν
3328 1462 3605 1533 γέννησιν,
3638 1462 3785 1513 ἐκεῖ-

2189 1571 2303 1621 νος,
2338 1554 2419 1607 ἔτι
2452 1556 2753 1625 Ἰουδαϊκῆς
2777 1558 3023 1628 μετέχων
3063 1554 3402 1625 παχύτητος,
3427 1553 3563 1623 πρὸς
3598 1552 3689 1604 τὸν
3719 1553 3786 1604 ὲν

2188 1650 2371 1719 μήτρᾳ
2410 1648 2614 1701 κόλπον
2653 1652 2765 1712 τοῖς
2817 1648 3102 1718 λογισμοῖς
3136 1648 3474 1717 κατεσύρετο
3507 1643 3791 1715 σαρκικὴν

2185 1738 2599 1812 φανταζόμενος
2632 1741 2915 1812 γέννησιν.
2968 1741 3059 1812 Τῷ
3087 1742 3197 1812 γὰρ
3227 1740 3419 1812 ὑψηλῷ
3450 1739 3544 1793 τοῦ
3576 1740 3796 1808 δόγμα-

482 1843 682 1900 meque
739 1831 996 1901 tingebat.
1057 1831 1192 1889 Cum
1255 1833 1445 1907 itaque
1502 1847 1627 1891 cum
1690 1839 1799 1887 tam
1856 1828 2078 1885 sublimi

2188 1850 2279 1897 τος
2338 1834 2400 1886 οὐ
2454 1835 2597 1887 πάνυ
2653 1834 2982 1906 πειθόμενον
3014 1834 3138 1888 ἰδὼν
3166 1836 3193 1888 ό
3244 1834 3436 1905 Σωτήρ
3461 1849 3474 1863 ο
3514 1852 3532 1883 ι
3566 1833 3792 1896 Οὐδεὶς,

479 1921 740 1981 doctrina:
790 1937 894 1978 non
944 1922 1195 1981 assentiri
1248 1923 1512 1981 Dominus
1559 1920 2017 1979 animadverteret
2064 1938 2079 1974 :

483 2029 504 2062 ι
568 2011 773 2076 Nemo,
821 2012 1033 2084 inquit,
1089 2013 1334 2068 ascendit
1397 2012 1451 2067 in
1522 2012 1758 2077 caelum,
1816 2012 1918 2067 nisi
1984 2011 2079 2081 qui

481 2104 761 2163 descendit
802 2105 871 2160 de
936 2105 1098 2161 caelo.
1141 2123 1161 2160 ι
1214 2104 1444 2160 Perinde
1489 2119 1554 2159 ac
1613 2105 1657 2160 si
1702 2105 1907 2159 diceret
1946 2119 1961 2159 :
2005 2101 2085 2157 Τιι

479 2198 724 2268 quidem,
753 2196 1074 2269 Nicodeme,
1094 2199 1370 2257 cmlestem
1392 2199 1534 2255 lianc
1564 2213 1667 2257 non
1700 2198 1850 2267 capis
1884 2197 2085 2255 instru-

480 2291 748 2356 ctionem,
777 2306 837 2347 ac
870 2289 1012 2349 forte
1053 2291 1295 2349 humano
1328 2290 1640 2349 testimonio
1677 2289 1917 2362 postulas
1945 2290 2086 2344 dieta

481 2381 795 2457 conﬁrmari
846 2400 861 2438 :
909 2385 1003 2441 sed
1057 2408 1081 2436 τ
1128 2399 1288 2441 nemo
1328 2385 1570 2441 ascendit
1612 2384 1662 2438 in
1703 2382 1921 2451 coelum,
1962 2402 1979 2434 ι
2029 2391 2087 2436 ιιι

481 2474 597 2531 haec
622 2474 881 2539 disceret,
920 2493 939 2526 ι
981 2474 1085 2531 nisi
1113 2475 1205 2546 qui
1238 2474 1514 2535 descendit
1546 2480 1611 2533 de
1638 2474 1798 2542 coelo,
1838 2492 1857 2526 ι
1895 2475 1990 2546 qui
2022 2489 2086 2529 ea

482 2579 602 2635 Qua:
633 2566 705 2621 ibi
737 2577 897 2629 sunt,
955 2567 1239 2638 perspicue
1285 2581 1348 2625 ac
1380 2577 1529 2625 certe
1566 2567 1863 2639 explanare
1897 2567 2079 2632 novit,

492 2676 513 2710 ι
551 2657 723 2716 Filius
750 2658 1013 2723 hominis,
1042 2660 1133 2730 qui
1162 2669 1246 2717 est
1276 2659 1330 2715 in
1361 2659 1522 2717 casio.
1561 2678 1581 2713 ι

562 2754 632 2805 At
666 2751 899 2813 fortasse
932 2752 1054 2823 quis
1088 2751 1327 2811 dixerit:
1362 2752 1612 2811 Nondum
1656 2766 1780 2811 cum
1807 2764 2084 2822 assumpta

492 2852 688 2901 natura
719 2858 970 2903 reversus
997 2843 1049 2899 in
1079 2843 1273 2903 caelum
1307 2844 1483 2901 fuerat
1505 2844 1789 2912 Dominus,
1810 2859 1935 2900 cum
1967 2845 2084 2901 hanc

492 2932 725 3001 dicebat,
758 2948 928 3003 quare
972 2934 1136 2988 etiam
1179 2944 1465 3005 postquam
1513 2935 1707 2991 revixit
1750 2950 1779 2989 a
1831 2939 2084 3002 mortuis,

495 3024 733 3080 divinam
786 3024 1161 3097 Hagdaienam
1218 3026 1514 3095 prohibens
1564 3041 1594 3080 a
1656 3026 1738 3082 sui
1792 3038 2080 3093 contactu,

493 3135 726 3191 eamque
760 3121 1020 3191 apostolis
1054 3122 1302 3175 nuntiam
1339 3121 1581 3191 allegans
1615 3122 1684 3177 ita
1718 3121 1795 3177 ait
1823 3139 1837 3177 :
1877 3141 1895 3174 ι
1936 3122 2082 3177 Nmi-

2192 1923 2382 1990 φησιν,
2414 1923 2763 1995 ἀναϐέϐηκεν
2792 1927 2872 1987 εἰς
2905 1924 2997 1977 τὸν
3028 1925 3283 1996 οὐρανῆν,
3329 1926 3376 1977 εἰ
3411 1924 3485 1996 μὴ
3517 1927 3544 1978 6
3582 1925 3646 1977 ἐκ
3687 1922 3793 1977 τοῦ

2190 2015 2427 2086 ούρανοῦ
2489 2016 2760 2085 καταϐὰς,
2803 2037 2820 2070 ι
2854 2017 3057 2071 ὡσανεὶ
3111 2016 3322 2087 λέγων·
3353 2017 3424 2071 Σὺ
3465 2019 3585 2087 μὲν,
3618 2016 3799 2070 Νικό-

2187 2105 2351 2176 δημε,
2398 2107 2654 2177 οὐρανίου
2713 2109 3113 2179 μυσταγωγίας
3158 2108 3539 2182 ἀπαράδεκτος
3594 2102 3663 2169 εἴ,
3693 2108 3801 2160 ἀν-

2188 2196 2468 2268 θρωπίνην
2501 2199 2809 2270 μαρτυρίαν
2856 2198 2967 2251 τῶν
3021 2198 3337 2269 λεγομένων
3393 2199 3528 2261 ἴσως
3559 2196 3742 2268 ζητῶν
3775 2214 3792 2227 ⁸

2187 2289 2303 2344 ἀλλ’
2344 2308 2362 2342 ι
2404 2290 2594 2354 Οὐδεὶς
2626 2290 2973 2363 ἀναϐέϐηκεν
3012 2293 3095 2355 εἰς
3152 2291 3247 2345 τὸν
3286 2291 3539 2364 οὐρανὸν,
3585 2309 3603 2341 ι
3640 2289 3795 2343 ὥστε

2186 2381 2363 2437 ταῦτα
2422 2382 2699 2454 μυηθῆναι
2754 2383 2939 2451 αὐτὸν,
2996 2402 3015 2437 ι
3056 2386 3104 2438 εἰ
3138 2385 3212 2457 μὴ
3263 2386 3291 2438 ὁ
3322 2386 3384 2437 ὲκ
3414 2383 3509 2438 τοῦ
3549 2381 3794 2454 οὐρανοῦ

2189 2481 2458 2547 καταϐὰς,
2498 2498 2515 2533 ι
2572 2479 2666 2533 καὶ
2717 2477 3065 2550 δογματίζων
3120 2477 3335 2532 τάκεῖθι
3398 2475 3647 2550 τρανῶς,
3701 2494 3725 2528 τι
3762 2478 3797 2529 6

2191 2572 2319 2637 Υἱὸς
2349 2570 2442 2625 τοῦ
2480 2571 2797 2642 ἀνθρώπου,
2828 2574 2853 2625 6
2883 2570 2960 2624 ὢν
2991 2574 3047 2625 ἐν
3080 2570 3158 2641 τῷ
3192 2568 3431 2643 οὐρανῷ.
3473 2588 3491 2622 ι

2266 2728 2462 2784 Καίτοι
2495 2729 2631 2801 φαίη
2671 2746 2756 2793 τις
2784 2728 2850 2784 ἄν
2870 2741 2886 2757 ·
2910 2727 3079 2783 Οὔπω
3113 2728 3248 2799 πρὸς
3268 2728 3535 2798 οὐρανοὺς
3562 2729 3801 2797 ἀναφοι-

2187 2824 2359 2893 τήσας
2387 2817 2457 2894 ἦν
2487 2822 2629 2892 μετά
2662 2822 2755 2876 τοῦ
2784 2821 3221 2893 προσλήμματος
3252 2823 3343 2875 ὅτε
3383 2820 3559 2875 ταῦτα
3590 2821 3801 2890 ἐφθέγς

2189 2933 2338 2984 γετο,
2399 2916 2535 2969 ὅπου
2590 2904 2684 2968 καὶ
2743 2914 2883 2984 μετὰ
2938 2917 3041 2983 τὴν
3094 2918 3159 2968 ὲκ
3216 2913 3429 2984 νεκρῶν
3486 2914 3799 2968 ἀναϐίωσιν

2187 3007 2469 3077 ἁπεὶργων
2500 3007 2885 3077 ἐπιθιγγάνειν
2917 3007 3068 3078 αὐτῷ
3122 3008 3222 3079 τὴν
3264 3006 3526 3077 θεοφόρον
3558 3006 3800 3073 Μαγδα-

2187 3099 2374 3171 ληνὴν,
2408 3101 2506 3155 καὶ
2536 3101 2777 3170 πέμπων
2801 3100 2975 3171 αὐτὴν
3023 3101 3139 3164 τοῖς
3183 3099 3505 3161 ἀποστόλοις
3548 3099 3799 3153 ἀπόστο-

488 3209 617 3265 dum
662 3209 807 3264 enim
848 3209 1067 3264 ascendi
1097 3213 1163 3264 ad
1204 3208 1416 3264 Patrem
1450 3226 1628 3265 meum
1652 3212 1755 3266 ".i
1798 3210 2082 3279 Quomodo

2188 3192 2300 3258 λον,
2339 3189 2483 3245 οὕτω
2516 3191 2680 3261 φησίν
2703 3208 2716 3220 '
2753 3211 2769 3243 ι
2813 3189 2985 3245 Οὔπω
3011 3191 3120 3261 γὰρ
3159 3190 3482 3260 ἀναϐέϐηκα
3530 3189 3664 3260 πρὸς
3690 3189 3795 3243 τὸν

498 3301 658 3370 igitur
704 3299 794 3355 hic
837 3301 1045 3355 nullum
1088 3303 1404 3357 ascendisse
1451 3302 1581 3357 dicit
1622 3304 1673 3357 in
1720 3304 1946 3371 caelum,
1983 3306 2086 3361 nisi

492 3392 640 3445 illum
679 3391 874 3460 ipsum,
903 3391 994 3461 qui
1031 3393 1082 3445 in
1118 3403 1318 3446 terram
1353 3408 1382 3445 e
1416 3393 1554 3448 cmlo
1588 3396 1847 3449 venerat?
1885 3395 2086 3467 Dogma

492 3482 736 3553 proiecto
767 3483 856 3538 hic
885 3484 1124 3539 insinuat
1154 3484 1443 3541 inellabilis
1474 3486 1692 3543 unionis
1721 3489 1890 3543 divini
1919 3487 2086 3544 Verbi

491 3592 613 3630 cum
652 3585 838 3631 nostra
879 3586 1097 3631 natura.
1130 3576 1267 3633 Cum
1311 3579 1454 3632 enim
1497 3587 1684 3634 essent
1724 3579 1845 3635 dua:
1885 3591 2091 3637 uatum:

494 3669 547 3722 in
602 3670 1154 3741 unam-hypnstasim
1203 3670 1487 3725 inconi'tise
1540 3673 1871 3742 conjunctae,
1919 3675 2090 3730 altera

492 3772 616 3826 quae
666 3756 893 3813 alterius
941 3767 1069 3812 sunt
1115 3757 1493 3829 participavit,
1527 3769 1588 3813 ut
1626 3759 1728 3830 15
1778 3771 2088 3817 naturarum

493 3849 855 3918 proprietates
911 3849 1026 3921 (44)
1083 3853 1149 3904 de
1204 3866 1310 3904 uno
1366 3851 1668 3922 eodemque
1722 3854 2091 3909 communiter

491 3939 596 3992 dici
638 3940 867 4008 possint.
898 3938 1031 3993 Cum
1077 3940 1243 4010 igitur
1288 3940 1445 3995 audis
1482 3941 1535 3995 in
1580 3942 1776 3998 emittm
1819 3945 2089 4000 neminem

493 4029 822 4095 ascendisse,
850 4028 954 4082 nisi
985 4043 1107 4083 eum
1134 4030 1227 4098 qni
1259 4030 1327 4084 de
1354 4030 1499 4085 caelo
1525 4031 1903 4101 descenderat,
1926 4031 2091 4089 Verbi

494 4119 829 4173 divinitatem
875 4119 1156 4190 intellige;
1203 4121 1325 4175 ideo
1369 4123 1514 4176 enim
1555 4124 1815 4181 continuo
1854 4126 2089 4193 addidit,

499 4229 519 4263 ι
558 4213 649 4281 qui
707 4221 793 4265 est
849 4212 901 4266 in
947 4212 1087 4267 casio
1131 4229 1147 4267 :
1202 4230 1220 4265 ι
1269 4214 1489 4268 stultum
1532 4216 1731 4285 quippe
1777 4225 1863 4273 est
1905 4218 1979 4273 ita
2024 4224 2091 4273 de

494 4319 659 4360 carne
691 4304 964 4374 cogitare,
991 4303 1145 4374 quasi
1175 4319 1238 4359 ea
1271 4305 1323 4359 in
1354 4306 1497 4361 ccelo
1523 4308 1793 4363 exstiterit
1823 4308 2093 4377 simulque

494 4409 617 4450 cum
638 4394 935 4455 Nicodemo
953 4396 1289 4463 disseruerit,
1322 4412 1446 4452 cum
1475 4398 1671 4453 trinam
1698 4399 2089 4459 dimensionetn

2195 3284 2416 3355 Πατέρα
2442 3301 2597 3353 μου.»
2632 3284 2754 3349 Πῶς
2774 3282 2866 3338 οὖν
2896 3284 3131 3341 ἐνταῦθα
3156 3300 3313 3355 φησι,
3354 3282 3558 3352 μηδενὰ
3585 3282 3798 3335 ἀναϐε-

2192 3376 2418 3447 ϐηκέναι
2445 3378 2524 3440 εἰς
2560 3378 2651 3430 τὸν
2680 3377 2934 3448 οὐρανὸν,
2958 3379 3006 3429 εἰ
3044 3374 3119 3447 μὴ
3159 3377 3367 3428 ἐκεῖνον
3394 3374 3561 3427 αὐτὸν
3598 3374 3693 3426 τὸν
3725 3374 3793 3427 ὲν

2191 3471 2257 3539 τῇ
2282 3471 2351 3540 γῇ
2379 3469 2677 3539 οὐρανόθεν
2701 3469 3041 3541 φοιτήσαντα
3064 3486 3078 3535 ;
3109 3467 3302 3537 Δόγμα
3332 3465 3562 3522 ἐνταῦθα
3587 3465 3800 3537 ἐμφαί-

2193 3580 2274 3616 νει
2302 3564 2401 3634 τῆς
2424 3563 2673 3634 ἀρρήτου
2703 3563 2838 3634 πρὸς
2864 3563 3013 3633 ἡμᾶς
3029 3561 3123 3616 τοῦ
3149 3561 3288 3615 Θεοῦ
3313 3561 3490 3628 Λόγου
3513 3559 3794 3624 ένώσεως,

2191 3661 2341 3723 ὅπως
2385 3659 2495 3712 τῶν
2540 3658 2634 3712 δύο
2666 3658 2883 3728 φύσεων
2918 3656 3180 3727 ἁφύρτως
3209 3655 3516 3711 ἑνωθεισῶν
3548 3656 3629 3716 είς
3655 3655 3795 3723 μίαν

2194 3749 2516 3813 ὑπόστασιν,
2552 3749 2762 3821 θατέρα
2792 3747 3028 3819 θατέρας
3056 3747 3405 3817 μετείληφεν,
3438 3745 3513 3807 ὡς
3543 3743 3794 3797 κοινολο-

2192 3841 2407 3911 γεῖσθαι
2426 3842 2494 3894 τὰ
2527 3841 2637 3894 τῶν
2666 3841 2885 3910 φύσεων
2918 3838 3207 3909 ἰδιώματα.
3237 3840 3408 3892 Ὅταν
3432 3833 3526 3892 οὖν
3556 3836 3791 3907 ἀκούῃς·

2199 3951 2216 3983 ι
2256 3932 2444 3993 Οὐδεὶς
2475 3932 2817 4001 ἀναϐέϐηκεν
2844 3934 2922 3994 εις
2946 3931 3040 3984 τὸν
3069 3930 3318 4001 οὐρανὸν,
3346 3932 3397 3983 si
3431 3931 3506 3999 μὴ
3542 3930 3571 3982 6
3593 3929 3658 3981 ἐκ
3689 3927 3792 3981 τοῦ

2191 4023 2425 4095 οὐρανοῦ
2450 4024 2717 4088 καταϐὰς,
2759 4042 2776 4077 ι
2818 4022 2919 4095 τὴν
2944 4023 3039 4077 τοῦ
3073 4024 3251 4091 Λόγου
3281 4021 3518 4092 θεότητα
3550 4020 3745 4089 νόησον
3770 4035 3788 4050 ·

2192 4116 2281 4170 διὰ
2309 4117 2469 4171 τοῦτο
2498 4116 2608 4185 γὰρ
2646 4118 2898 4188 ἐπήγαγε
2928 4116 3079 4185 μάλα
3098 4113 3340 4185 γοργῶς,
3387 4132 3405 4164 ι
3441 4114 3470 4165 6
3497 4111 3575 4165 ὢν
3618 4114 3676 4163 ἐν
3708 4110 3794 4180 τῷ

2192 4209 2412 4280 οὐρανῷ
2434 4226 2446 4239 ·
2488 4228 2506 4261 ι
2545 4208 2744 4279 εὔηθες
2770 4209 2881 4279 γὰρ
2911 4212 3042 4280 περὶ
3067 4209 3169 4278 τῆς
3203 4206 3407 4278 σαρκὸς
3443 4205 3570 4277 τῇδε
3621 4206 3790 4269 νοεῖν,

2192 4302 2267 4364 ὡς
2328 4304 2384 4354 ἐν
2414 4300 2630 4370 οὐρανῷ
2661 4317 2720 4353 τε
2747 4296 2838 4371 ἦν,
2868 4301 2963 4353 καὶ
3013 4297 3091 4369 τῷ
3120 4298 3421 4367 Νικοδήμῳ
3457 4295 3789 4365 ἐφθέγγετο,

2193 4394 2358 4463 τριχῆ
2382 4391 2629 4462 φυσικῶς
2662 4390 2894 4461 ἐχούσης
2925 4389 3233 4452 διάστασιν,
3272 4386 3366 4440 καὶ
3398 4385 3497 4458 τὴν
3527 4386 3586 4436 ὲν
3634 4385 3792 4453 τόπῳ

494 4496 551 4542 et
577 4487 1139 4557 circumscriptionem
1167 4488 1220 4542 in
1252 4489 1367 4544 loco
1387 4490 1708 4545 naturaliter
1757 4490 1975 4546 habeat.
2019 4491 2082 4544 At

2198 4485 2576 4554 περιγραφήν.
2634 4483 2709 4537 Τὸ
2753 4482 2811 4537 δὲ
2861 4481 3004 4552 ὑπὲρ
3028 4479 3129 4549 τῆς
3162 4478 3509 4550 ὑπεραρχίου
3533 4477 3793 4546 θεότητος

499 4592 631 4631 vero
664 4579 766 4633 hoc
796 4580 862 4632 de
890 4579 1172 4635 divinitate
1201 4580 1378 4634 omnis
1402 4592 1624 4650 experte
1654 4581 1944 4653 principii,
1971 4596 2082 4652 qua:

2194 4578 2294 4646 τῆς
2351 4576 2548 4639 όλικῶς
2599 4573 2769 4645 οὐσης
2824 4576 2881 4627 ὲν
2929 4573 3008 4645 τῷ
3065 4573 3229 4626 παντὶ
3263 4571 3360 4624 καὶ
3391 4571 3531 4642 ὑπὲρ
3559 4570 3621 4622 τὸ
3652 4570 3791 4635 πᾶν,

499 4675 608 4722 tota
641 4679 726 4723 est
753 4668 806 4723 in
834 4669 1085 4729 omnibus
1110 4678 1164 4724 et
1190 4686 1353 4741 super
1377 4673 1581 4741 omnia,
1614 4676 1835 4730 credere
1862 4689 2090 4730 consen-

501 4770 720 4815 taneum
764 4773 850 4817 est
896 4764 1135 4817 maxime
1180 4765 1385 4835 pietati.
1418 4764 1561 4834 Ergo
1604 4767 1804 4821 dictum
1846 4766 1979 4821 illud
2020 4766 2089 4827 ad

501 4853 937 4923 unguentileram
962 4853 1330 4925 Magdalenam
1353 4875 1367 4910 :
1393 4876 1411 4909 ι
1438 4855 1686 4912 Nondum
1705 4858 1847 4913 enim
1867 4859 2088 4913 ascendi

500 4945 571 5001 ad
603 4944 815 4999 Patrem
853 4961 1068 5014 meum,
1106 4965 1125 5000 ι
1163 4946 1498 5019 corporalem
1534 4948 1780 5021 signabat
1811 4949 2087 5007 ascensio—

502 5052 649 5091 nem.
683 5036 945 5109 Deinceps
979 5055 1108 5111 ιιι-κο
1139 5041 1388 5111 praedicit
1416 5055 1481 5094 ea
1512 5054 1633 5109 quae
1660 5040 1728 5096 ad
1770 5040 2086 5096 Passionem

501 5129 571 5184 et'
604 5130 835 5185 Crucem
891 5142 1142 5200 speetant
1191 5149 1205 5185 :
1266 5150 1286 5184 ι
1338 5132 1839 5199 Quemadmodum,
1887 5132 2094 5205 inquit,

501 5219 713 5293 Moyses
749 5224 1005 5279 exultavit
1050 5235 1358 5297 serpentem
1394 5226 1449 5282 in
1478 5225 1717 5290 deserto,
1750 5225 1829 5281 ita
1861 5226 2091 5283 exaltari

498 5327 715 5387 Oportet
759 5316 957 5374 Filium
1003 5319 1261 5375 hominis.
1300 5339 1320 5373 ι
1371 5319 1584 5376 Norunt
1628 5335 1849 5385 omnes,
1880 5321 2092 5389 opinor,

572 5433 613 5462 ³¹
638 5431 794 5488 Juan.
816 5448 902 5497 tu,
930 5433 1018 5487 15.
1096 5432 1322 5493 "Joan.
1348 5449 1439 5500 xx,
1468 5435 1556 5490 i7.

2188 4669 2360 4732 οὕτως
2389 4667 2532 4739 ἔχειν
2568 4664 2848 4721 πιστεύειν
2880 4664 3167 4736 ἀραρότως
3195 4661 3471 4727 θεοσεϐὲς.
3497 4661 3570 4713 Τὸ
3600 4660 3792 4730 μέντοι.

2190 4761 2329 4832 πρὸς
2351 4761 2448 4829 τὴν
2481 4757 2796 4829 μυροφόρον
2829 4757 2997 4828 ῥηθέν
3019 4773 3032 4785 ·
3068 4775 3085 4807 ι
3123 4753 3293 4811 Οὔπω
3322 4753 3432 4824 γὰρ
3458 4750 3791 4819 ἀναϐέϐηκα

2189 4852 2325 4922 πρὸς
2351 4851 2447 4904 τὸν
2471 4850 2692 4919 Πατέρα
2719 4865 2845 4918 μου,
2882 4865 2901 4900 ι
2936 4848 3038 4917 τήν
3072 4846 3402 4917 σωματικὴν
3433 4842 3624 4915 ἐδήλου
3652 4842 3793 4895 ἀνά-

2189 4945 2373 4999 ϐασιν.
2442 4941 2673 5013 Ἐφεξῆς
2722 4936 2818 4994 οὖν
2865 4939 3122 5010 προλέγει
3152 4938 3221 4992 τὰ
3262 4936 3393 5006 περὶ
3431 4933 3524 4987 τοῦ
3577 4930 3793 4993 πάθους

2190 5033 2405 5091 καὶτοῦ
2435 5029 2696 5103 σταυροῦ.
2754 5049 2774 5082 ι
2818 5031 3056 5100 Ὥσπερ,
3106 5030 3265 5099 φησι,
3324 5025 3571 5096 Μωῦσῆς
3601 5022 3793 5092 ὖψωσε

2190 5131 2283 5184 τόν
2312 5129 2434 5198 ὅφιν
2465 5131 2525 5180 ὲν
2546 5129 2611 5199 τῇ
2650 5129 2869 5197 ὲρημῳ,
2910 5123 3087 5187 οὕτως
3128 5121 3416 5192 ὑψωθῆναι
3438 5120 3518 5172 δεῖ
3541 5117 3635 5171 τὸν
3656 5115 3795 5170 Υίὺν

2194 5224 2289 5279 τοῦ
2321 5221 2641 5293 ἀνθρώπου.
2662 5239 2680 5271 ι
2718 5218 2905 5291 Σαφὴς
2946 5217 3045 5289 μὲν
3074 5218 3188 5279 τοῖς
3218 5215 3461 5279 πολλοῖς,
3495 5211 3572 5272 ὡς
3597 5203 3782 5277 οἶμαι,

2196 5320 2224 5371 ὁ
2261 5318 2361 5387 τῆς
2398 5312 2647 5385 ἱστορίας
2680 5311 2865 5379 λόγος,
2898 5309 3013 5364 ἀλλ’
3035 5308 3113 5373 ὡς
3140 5309 3207 5363 ἂν
3249 5303 3623 5376 εὐληπτοτέρα
3649 5296 3790 5367 ἡμῖν

1739 5536 2070 5599 Francisei
2100 5532 2313 5597 Scorsi
2346 5539 2534 5594 ιιοιω.

508 5660 686 5738 “(44)
732 5662 1063 5720 Nalurarum
1121 5668 1488 5735 proprietates.
1528 5665 2088 5738 Communieationem

506 5728 845 5809 imputatum,
909 5728 1229 5809 secundutn'
1271 5755 1431 5808 quant
1496 5754 1619 5804 qius
1680 5750 1811 5793 sunt
1866 5736 2088 5809 ιιιόντὶα

508 5807 667 5854 unius
729 5813 953 5869 naturae,
989 5807 1053 5861 de
1085 5809 1249 5864 altera
1292 5807 1408 5865 dici
1460 5818 1685 5875 possunt
1715 5810 1784 5864 ob
1825 5808 2087 5863 unitatem

2193 5660 2480 5733 suppositi,
2541 5661 2744 5733 diserte
2779 5653 3016 5733 explicat
3046 5651 3140 5733 hic
3164 5647 3360 5733 Pater;
3482 5654 3587 5733 illi?
3617 5647 3794 5733 δέψει

2194 5716 2791 5856 titedlogiifelwlastici
2824 5716 2944 5783 c'um
2994 5730 3181 5777 sancto
3245 5716 3479 5780 'l‘ltoma,
3528 5726 3585 5766 ιιι
3637 5719 3788 5781 part.

2194 5813 2389 5856 numsL
2498 5839 2513 5854 .

2192 5813 2389 5875 quaest.
2426 5813 2513 5856 te.
