4122 6426
418 405 562 486 ,πρ

1666 422 2166 485 THEOPHANIS
2204 424 2547 486 CERAMEI

3615 418 3716 481 1ἓο

449 540 506 581 at.
555 541 769 583 morsus
818 529 1055 586 nondum
1091 532 1313 587 omnino
1343 545 1646 592 cesserunt.
1678 537 1885 593 Etenim
1944 537 2020 592 illa

2136 541 2164 592 6
2193 540 2255 592 ἐκ
2291 539 2399 592 τῶν
2442 539 2511 607 ὖφ
2545 554 2623 590 ων
2673 535 2925 599 θάνατος,
2969 533 3106 602 ὅπερ
3135 530 3342 601 suam,
3376 529 3622 593 ἀσέϐεια,
3650 534 3713 584 οὗ

450 619 910 684 concupiscentia,
946 636 1070 691 quae
1099 625 1249 677 carni
1282 623 1546 681 adversus
1577 626 1836 695 Spiritum
1862 631 2024 694 inest,

450 708 684 763 nondum
743 711 981 779 perfecte
1023 728 1333 782 compressa
1378 726 1481 772 est.
1530 715 1664 773 Nam
1713 731 1767 774 et
1825 721 1880 775 in
1927 723 2030 779 illis

449 802 540 871 qui
586 804 785 857 virtute
837 806 1071 861 maxime
1132 806 1331 875 pollent
1384 825 1527 880 saepe
1574 815 2028 883 concupiscenti:e

449 908 661 948 morsus
692 894 981 963 insurgunt
1012 914 1025 951 :
1061 900 1153 953 sed
1181 901 1273 969 qui
1307 901 1360 954 in
1401 918 1546 967 cum,
1573 906 1665 973 qui
1698 907 1942 962 sublatus
1974 909 2025 962 in

447 998 665 1042 crucem
702 997 805 1052 est,
834 991 1022 1046 oculos
1053 993 1275 1063 coniicit
1297 1037 1311 1061 ,
1345 995 1685 1053 aﬂ‘ectionem
1719 999 1860 1054 illam
1909 1018 2025 1057 mo-

449 1087 672 1150 tumque
727 1083 1143 1141 immoderatum
1193 1089 1448 1159 depellit,
1518 1100 1574 1147 et
1633 1093 1878 1149 timorem
1934 1094 2025 1150 Dei

448 1172 610 1227 veluti
656 1176 927 1244 quoddam
969 1179 1323 1247 pharmacum
1367 1181 1419 1235 in
1458 1198 1722 1239 venenum
1763 1186 2022 1257 aspergit.

451 1263 685 1319 Crucem
735 1283 900 1335 porro
956 1271 1200 1340 aspicere
1244 1273 1377 1328 nihil
1430 1285 1513 1329 est
1559 1276 1702 1329 aliud
1747 1292 1908 1346 quam
1954 1280 2025 1333 ita

452 1357 736 1413 instituere
767 1360 958 1425 vitam,
992 1373 1054 1417 ut
1082 1366 1283 1421 mundo
1319 1377 1532 1421 mortua
1563 1377 1619 1422 et
1642 1370 1900 1423 crucitixa
1933 1371 2025 1433 sit,

449 1454 506 1500 et
542 1452 609 1502 ad
646 1465 807 1505 omne
857 1465 1138 1522 peccatum
1177 1457 1472 1513 immobilis
1514 1471 1858 1529 perseveret,
1900 1478 2027 1531 pro-

449 1542 735 1613 priamque
769 1560 987 1601 carnem
1014 1549 1208 1606 timore
1244 1550 1333 1605 Dei
1356 1552 1647 1623 conligere,
1676 1555 1835 1621 juxta
1876 1556 2029 1612 Psal-

448 1634 624 1689 mistae
648 1647 828 1691 votum
852 1639 936 1708 ³⁸;
973 1640 1155 1697 clavus
1189 1658 1317 1697 vero
1359 1659 1577 1700 carnem
1606 1647 1866 1703 cohibens
1899 1663 2029 1702 con-

448 1727 674 1782 tinentia
706 1730 889 1787 fuerit.

513 1815 634 1873 Jam
673 1836 801 1877 vero
831 1835 1136 1895 serpentem
1182 1830 1483 1900 symbolum
1523 1847 1647 1888 esse
1686 1837 1928 1905 mysterii
1972 1838 2022 1891 iu

444 1906 617 1964 Crnce
642 1911 893 1981 perfecti,
936 1915 1039 1969 alia
1079 1916 1206 1971 item
1242 1920 1478 1975 ostendit
1528 1922 1779 1979 historia.
1831 1925 2023 1983 Missus

442 2003 586 2056 etiim
642 2021 668 2058 a
723 2005 833 2060 Deo
874 2008 1107 2080 Moyses,
1163 2022 1221 2067 ut
1271 2028 1335 2067 ex
1391 2016 1652 2072 servitute
1701 2017 2020 2089 Egyptiaca

442 2092 796 2151 Israeliticutn
824 2100 1077 2168 populum
1102 2103 1380 2168 eximeret,
1405 2107 1557 2161 aitad
1586 2109 1901 2164 Dominum:
1923 2130 1941 2163 ι
1966 2111 2022 2165 Si

441 2198 549 2238 non
576 2186 903 2243 crediderint
928 2192 1059 2245 mihi
1093 2202 1147 2247 et
1172 2195 1434 2250 audierint
1459 2212 1644 2253 vocem
1676 2215 1871 2266 nteant,
1894 2203 2022 2272 quid

439 2275 618 2332 dicam
668 2279 736 2333 ad
788 2281 946 2338 illos?
980 2284 1069 2338 Ait
1103 2285 1177 2340 illi
1215 2285 1473 2345 Dominus
1513 2308 1526 2345 :
1584 2289 1721 2356 Quid
1760 2295 1861 2348 hoc
1920 2305 2019 2362 est,

438 2370 581 2435 quod
608 2380 757 2428 tenes
777 2373 828 2428 in
857 2391 1015 2430 manu
1048 2378 1216 2433 tua?»
1253 2380 1552 2451 Respondit
1580 2385 1690 2448 ille,
1736 2407 1754 2437 ι
1787 2387 1965 2457 Virga.
1998 2408 2018 2443 ι

439 2461 691 2534 Dixitque
724 2467 984 2525 Dominus
1016 2487 1032 2526 :
1066 2469 1281 2542 Projice
1330 2490 1451 2530 eam
1486 2477 1538 2530 iu
1576 2487 1797 2535 terram.
1834 2500 1852 2533 ι
1889 2481 2023 2538 Pro-

433 2552 604 2619 jecit,
627 2564 683 2611 et
718 2573 872 2614 versa
921 2568 1000 2615 est
1031 2561 1082 2615 in
1114 2575 1442 2633 serpentem.
1470 2566 1726 2638 Dixitque
1760 2569 2021 2628 Dominus

437 2647 503 2702 ad
540 2646 763 2720 Moysen
795 2670 810 2708 :
851 2653 1092 2710 Extende
1129 2672 1349 2713 manum
1388 2669 1559 2725 tttam,
1594 2670 1645 2715 et
1676 2648 2022 2733 apprehende

435 2741 662 2794 caudam
693 2742 834 2812 ejus,
881 2754 937 2800 et
989 2763 1177 2802 rursus
1229 2750 1376 2818 virga
1426 2751 1564 2807 facta
1612 2765 1694 2809 est
1748 2756 1801 2810 in
1857 2773 2019 2811 manu

434 2830 555 2895 ejus
616 2833 680 2888 ³⁸.
723 2853 742 2884 ι
812 2835 1047 2891 Adverte
1104 2839 1270 2907 igitur
1347 2842 1448 2896 hoc
1518 2845 1680 2907 loco,
1751 2862 1872 2900 eum
1928 2850 2019 2917 qui

435 2940 501 2979 ex
550 2925 656 2981 Deo
694 2931 992 2984 secundum
1039 2943 1288 2988 naturam
1346 2951 1469 2990 vere
1522 2935 1689 2992 Filius
1721 2949 1840 3005 est,
1902 2956 2021 2997 esse

434 3017 603 3072 veluti
642 3022 934 3088 quamdam
965 3023 1145 3082 Patris
1192 3028 1441 3097 virgam:
1483 3030 1586 3101 17
1630 3032 1778 3101 regni
1826 3035 2023 3102 quippe

437 3121 492 3163 et
542 3114 825 3177 po:eslatis
873 3116 1086 3184 signum
1126 3126 1206 3173 est
1259 3118 1448 3190 virga;
1512 3122 1655 3175 unde
1689 3133 1742 3176 et
1798 3123 2016 3180 David:

2135 631 2241 702 μὴν
2273 631 2342 684 τΞι
2401 632 2657 701 δήγματα
2716 629 3014 682 πέπαυται.
3080 628 3145 679 Ἢ
3171 627 3281 695 γὰρ
3312 624 3610 694 ὲγκειμένη
3644 627 3711 694 τῇ

2135 725 2300 794 σαρκὶ
2324 724 2468 776 κατὰ
2493 720 2588 776 τοῦ
2621 721 2932 790 πνεύματος
2954 718 3222 787 ἐπιθυμία
3253 719 3334 779 εἰς
3358 719 3416 769 τὸ
3448 714 3715 776 παντελὲς

2131 815 2232 867 οὐκ
2270 812 2539 867 ἀπόλωλε.
2565 811 2679 867 Καὶ
2701 812 2809 880 γὰρ
2847 810 2940 863 καὶ
2963 811 3021 862 ὲν
3057 811 3171 872 τοῖς
3201 808 3480 877 ἑναρέτοις
3508 804 3714 857 πολλὰ·

2130 925 2217 968 κι;
2243 907 2549 975 ἐνεργεῖται
2594 906 2693 976 τῆς
2744 903 3043 973 ἐπιθυμίας
3074 901 3143 955 τὰ
3182 901 3455 970 δήγματα.
3512 898 3653 951 Ἀλλ’
3686 897 3713 946 6

2129 999 2264 1069 πρὸς
2299 1000 2389 1051 τὸν
2414 1000 2508 1052 ἐπὶ
2550 996 2711 1064 ξύλου
2763 994 3050 1065 ύψωθέντα
3077 994 3291 1065 βλέπων
3317 990 3619 1044 ἀπωθεῖται
3653 989 3716 1040 τὸ

2129 1093 2326 1155 πάθος,
2367 1085 2480 1143 οἶόν
2533 1107 2643 1142 τινι
2693 1089 2974 1159 φαρμᾶκτρ
3021 1085 3099 1156 τῷ
3137 1084 3289 1153 φόϐῳ
3333 1082 3425 1135 τοῦ
3457 1080 3593 1134 Θεοῦ
3623 1080 3715 1131 τὸν

2134 1185 2211 1236 ἱὸν
2234 1183 2480 1253 διαχέας.
2511 1182 2585 1235 Τὸ
2615 1181 2671 1234 δὲ
2706 1180 2846 1251 πρὸς
2876 1180 2965 1232 τὸν
3003 1176 3239 1248 σταυρὸν
3269 1175 3517 1246 βλέπειν,
3549 1171 3713 1224 τοῦτο

2129 1276 2248 1330 ἐστι
2274 1277 2336 1328 τὸ
2364 1276 2541 1329 πάντα
2569 1275 2661 1328 τὸν
2691 1269 2888 1328 ἑαυτοῦ
2910 1272 3047 1342 βίον,
3073 1271 3148 1333 ὡς
3177 1269 3371 1337 νεκρὸν
3398 1268 3478 1335 τῷ
3497 1267 3711 1333 κόσμῳ,

2130 1371 2224 1423 καὶ
2257 1368 2674 1438 ἐσταυρωμένον
2728 1369 2952 1436 ποιῆσαι
3025 1365 3154 1435 προς
3189 1366 3393 1415 οπᾶσαν
3433 1358 3713 1428 ἁμαρτίαν

2130 1462 2391 1533 ἀκίνητον
2448 1460 2706 1531 μένοντα,
2766 1457 3111 1526 καθη).οῦντα
3154 1455 3233 1526 τῷ
3268 1453 3400 1522 Οείῳ
3435 1451 3585 1520 φόϐῳ
3610 1452 3713 1512 τὰς

2132 1556 2265 1618 ἰδίας
2305 1554 2535 1625 σάρκας,
2581 1552 2722 1605 κατὰ
2749 1550 2841 1603 τὸν
2877 1548 3205 1619 Ψαλμῳδόν.
3232 1542 3402 1608 Ἶιλος
3437 1547 3479 1597 δ’
3520 1543 3585 1597 ἂν
3622 1544 3714 1610 εἴη

2132 1647 2355 1718 σαρκῶν
2387 1643 2715 1708 καθεκτικδς
2744 1645 2777 1714 ἡ
2819 1643 3138 1713 ἐγκράτεια.

2205 1828 2279 1881 Τὸ
2317 1826 2375 1880 δὲ
2406 1825 2677 1897 σύμϐολον
2709 1819 2852 1877 εἶναι
2884 1822 2980 1877 τοῦ
3022 1822 3166 1875 κατὰ
3199 1821 3289 1872 τὸν
3342 1816 3577 1888 σταυρὸν
3606 1833 3713 1885 μυ-

2132 1923 2359 1994 στηρίου
2392 1921 2484 1974 τὸν
2512 1921 2659 1988 ὅφιν,
2688 1918 2785 1971 καὶ
2814 1916 2948 1987 ἄλλη
2984 1932 3068 1977 τις
3106 1913 3320 1980 ἱστορία
3369 1909 3713 1979 παρέδειξεν.

2141 2016 2638 2084 Ἀποστελλόμενος
2665 2011 2772 2081 γὰρ
2800 2010 2905 2063 ὑπὸ
2930 2009 3065 2060 Θεοῦ
3096 2009 3123 2059 6
3150 2006 3394 2076 Μωῦσῆς
3421 2003 3717 2069 ἐξαγαγεῖν

2128 2111 2222 2164 τὸν
2268 2108 2493 2179 Ἰσραὴλ
2546 2104 2867 2174 Αἰγυπτίοις
2928 2100 3250 2171 θητεύοντα,
3285 2099 3415 2167 φησὶ
3455 2095 3589 2164 πρὸς
3620 2094 3716 2145 τὸν

2127 2202 2280 2256 Θεόν·
2307 2220 2325 2253 ι
2351 2200 2475 2253 Ἐὰν
2495 2198 2557 2251 ού
2577 2193 2912 2250 πιστεύσωσί
2939 2209 3050 2262 μοι,
3074 2189 3211 2260 μηδὲ
3228 2190 3592 2242 εἰσακούσωσι
3615 2185 3716 2252 τῆς

2128 2294 2316 2365 φωνῆς
2350 2310 2476 2363 μου,
2517 2291 2570 2344 τί
2600 2288 2712 2361 ἐρῶ
2744 2288 2881 2357 πρὸς
2921 2285 3157 2351 αὐτού;;
3196 2300 3215 2334 ι
3256 2279 3378 2335 εἷπε
3412 2280 3466 2333 δὲ
3506 2277 3657 2345 αὑτῴ
3684 2279 3716 2328 6

2127 2388 2287 2451 Θεός·
2328 2406 2345 2438 ι
2376 2385 2441 2438 Τί
2467 2383 2629 2438 τοῦτό
2687 2384 2804 2434 ἐστι
2839 2379 2899 2433 τὸ
2936 2381 2992 2432 ὲν
3042 2381 3107 2449 τῇ
3143 2376 3288 2448 χειρί
3352 2390 3485 2430 σονς
3546 2391 3564 2423 ι
3597 2372 3623 2422 6
3652 2371 3714 2422 δὲ

2125 2476 2279 2533 εἷπε·
2324 2495 2343 2523 ι
2394 2476 2637 2537 Ῥάϐδος.
2672 2493 2690 2526 ι
2748 2472 2859 2526 Καὶ
2903 2466 3058 2522 εἶπεν
3118 2487 3136 2519 ι
3197 2466 3386 2535 Ῥίψον
3417 2462 3588 2533 αὐτὴν
3619 2461 3715 2512 ἐπὶ

2128 2576 2228 2643 τὴν
2254 2572 2376 2641 γῆν.
2407 2570 2519 2623 Καὶ
2550 2566 2775 2640 ἔρῥιψεν
2815 2564 3009 2625 αὐτὴν,
3047 2562 3140 2614 καὶ
3166 2559 3386 2627 ἐγένετο
3425 2557 3568 2625 ὖφις.
3603 2553 3715 2605 Καὶ

2128 2662 2249 2719 εἷπε
2282 2664 2489 2732 Κύριος
2523 2661 2658 2731 πρὸς
2687 2660 2779 2710 τὸν
2804 2656 3048 2723 Μωῦσῆν
3073 2669 3087 2683 ·
3118 2654 3400 2705 Ἔκτεινον
3430 2647 3527 2717 τὴν
3553 2644 3716 2716 χεῖρά

2129 2776 2245 2819 σου,
2276 2758 2371 2811 καὶ
2405 2752 2667 2807 ἐπιλαϐοῦ
2709 2751 2810 2820 τῆς
2858 2748 3085 2816 κέρκου.
3123 2745 3231 2797 Kal.
3258 2742 3477 2811 ἐγένετο
3514 2737 3714 2809 ῥάϐρίος

2127 2854 2185 2905 ἐν
2213 2853 2279 2921 τῇ
2314 2849 2458 2919 χειρὶ
2498 2844 2687 2899 αὐτοῦ.
2729 2862 2747 2895 ι
2787 2843 2927 2912 Ὅρα
2957 2839 3022 2910 δὴ
3059 2837 3294 2892 ἐνταῦθα
3335 2834 3427 2887 τὸν
3468 2833 3533 2884 ὲκ
3571 2828 3713 2921 Θεοῦ

2126 2919 2278 2998 κατα.
2299 2941 2462 3011 φύσιν
2493 2936 2711 3007 ἀληθῶς
2744 2935 2896 2998 Υἰὸν,
2930 2930 3043 2986 οἷόν
3064 2947 3187 2983 τινα
3227 2927 3422 3000 ῥάϐδον
3450 2924 3578 2978 ὄντα
3611 2919 3712 2974 τοῦ

2127 3036 2341 3107 Πατρός
2364 3050 2376 3064 ο
2435 3027 2715 3102 βασιλείας
2762 3026 2819 3080 δὲ
2848 3027 2943 3078 καὶ
2971 3022 3259 3091 δυνάμεως
3288 3019 3515 3086 σημεῖον
3544 3011 3717 3107 ῄᾲρέι-

2126 3105 2271 3193 ϐδοςῄ.
2311 3126 2421 3180 Καὶ
2456 3123 2588 3193 γοῦν
2621 3136 2789 3191 φησιν
2824 3118 2852 3170 6
2895 3116 3061 3169 Δαϐἱδ
3087 3131 3101 3145 ·
3143 3132 3160 3163 ι
3213 3110 3439 3171 Ῥἁϐδος
3474 3105 3714 3173 εὐθύτη-

442 3221 462 3254 ι
497 3202 654 3274 Virga
685 3208 1028 3275 directionis,
1056 3212 1205 3281 virga
1243 3214 1395 3282 regni
1432 3215 1507 3268 tui
1532 3215 1599 3268 ³⁷.
1642 3235 1658 3268 ι
1682 3216 1771 3270 ’Ᾱῑ
1801 3218 2022 3286 quando
2049 3221 2092 3280 α
2129 3241 2219 3287 τος
2245 3226 2279 3294 ὴ
2319 3221 2511 3294 ῥάϐδος
2540 3218 2641 3286 τῆς
2672 3212 2948 3286 βασιλείας
2986 3226 3104 3263 σουο
3132 3227 3151 3260 ν
3199 3204 3341 3258 Ἀλλ’
3367 3204 3453 3255 ὅτε
3485 3200 3714 3294 ἔρῤιξῖξὲν

435 3293 580 3347 illam
617 3309 712 3362 per
738 3305 943 3352 natura:
973 3299 1220 3356 humanae
1248 3304 1674 3373 assumptionem
1711 3306 1931 3374 abjecit,
1968 3317 2023 3364 et

433 3400 663 3454 corpore
702 3398 918 3445 terreno
952 3392 1362 3458 circumcinxit,
1402 3406 1528 3452 tunc
1553 3406 1861 3453 nostrarum
1913 3400 2019 3455 ini-

434 3477 705 3543 quitatum
747 3482 1156 3540 similitudinem
1208 3487 1398 3555 gessit.
1433 3488 1741 3560 Iniquitatis
1788 3494 1932 3546 enim
1966 3500 2023 3550 et

336 3564 337 3567 “
433 3569 656 3626 malitia:
675 3573 888 3641 signum
912 3583 995 3630 est
1016 3591 1261 3644 serpens.
1295 3579 1356 3634 Et
1381 3582 1839 3650 quemadmodum
1869 3585 2019 3655 virga

432 3660 596 3717 Mosae
623 3662 676 3717 in
721 3663 889 3719 feram
925 3676 1129 3722 mutata
1178 3669 1397 3727 fallaces
1429 3688 1707 3742 magorum
1738 3675 2023 3747 Egyptia-

431 3768 554 3809 rum
586 3755 765 3823 virgas
799 3758 1006 3825 exedit,
1042 3759 1237 3833 deinde
1266 3764 1319 3817 in
1372 3780 1569 3820 manus
1605 3777 1819 3834 recepta
1869 3770 1934 3823 ad
1969 3771 2019 3825 id

429 3849 573 3914 quod
606 3850 759 3919 prius
789 3851 986 3917 fuerat,
1030 3856 1192 3912 rediit
1226 3875 1241 3911 :
1273 3858 1344 3912 ita
1383 3859 1544 3913 etiam
1590 3858 1684 3923 Dei
1744 3870 1798 3915 et
1842 3861 2020 3917 Patris

427 3943 606 4013 virga,
642 3945 745 3999 hoc
786 3961 865 4001 est
898 3946 1088 4014 Filius,
1122 3964 1216 4018 per
1240 3967 1398 4021 quem
1435 3952 1615 4007 omnia
1648 3955 1785 4025 regit
1812 3968 1861 4010 et
1903 3972 2021 4011 mo-

430 4035 674 4102 deratnr,
728 4037 854 4092 licet
881 4039 1076 4095 similis
1107 4043 1264 4097 nobis
1301 4042 1479 4100 factus
1509 4054 1658 4099 esset
1702 4057 1758 4100 ut
1792 4062 2018 4117 serpen-

432 4137 512 4181 tes
549 4128 668 4183 illos
714 4130 804 4198 qui
854 4134 956 4185 sub
990 4132 1397 4204 intelligentiam
1430 4136 1653 4201 cadunt.
1689 4138 2015 4207 eliminaret,

430 4234 499 4273 ne
545 4221 776 4288 amplius
806 4224 880 4280 dii
925 4227 1167 4296 gentium
1213 4238 1400 4284 essent
1439 4230 1724 4299 daemonia,
1762 4232 2019 4301 perfectis

432 4322 612 4368 tamen
656 4317 911 4372 omnibus
957 4332 1080 4387 quae
1134 4328 1294 4373 erant
1340 4320 1632 4390 disposita',
1682 4325 1904 4377 revertit
1965 4325 2015 4379 in

429 4406 650 4471 uelum,
685 4417 738 4463 et
784 4410 979 4464 iterum
1022 4409 1197 4466 factus
1234 4421 1319 4467 est
1349 4413 1491 4469 velut
1540 4414 1593 4468 in
1640 4432 1801 4469 manu
1843 4414 2020 4470 Patris

427 4499 581 4569 virga
616 4501 934 4557 directionis
960 4513 1016 4558 et
1063 4505 1251 4575 regni,
1291 4506 1454 4561 etiam
1514 4521 1680 4562 carne
1716 4508 1934 4562 indutus
1964 4508 2015 4562 in

428 4594 650 4648 dextera
691 4596 979 4652 considcns
1010 4596 1207 4654 Patris.

498 4684 669 4740 Aliter
702 4686 855 4752 item,
887 4695 943 4743 et
961 4688 1065 4746 alia
1100 4690 1312 4745 ratione
1357 4705 1582 4761 serpens
1611 4693 1788 4764 imago
1828 4693 2018 4750 Salva-

428 4778 564 4832 toris
589 4777 714 4833 fuit.
748 4778 1218 4846 Quemadmodum
1247 4783 1389 4837 enim
1422 4798 1649 4853 serpens
1675 4785 1764 4840 ille
1795 4800 2018 4854 serpens

428 4871 649 4939 quidem
709 4886 831 4927 esse
866 4873 1183 4942 videbatur,
1239 4891 1301 4930 re
1331 4884 1509 4931 tamen
1558 4890 1685 4930 vera
1738 4893 1844 4931 non
1899 4888 2018 4934 erat

427 4976 694 5031 serpens;
732 4965 811 5019 sic
837 4965 1096 5021 Dominus
1141 4978 1422 5036 peccatum
1462 4984 1568 5023 non
1621 4969 1791 5024 fecit:
1843 4985 2018 5041 neque

428 5054 575 5108 enim
603 5055 682 5110 las
727 5067 845 5113 erat
889 5072 1033 5122 eum,
1072 5059 1164 5128 qui
1216 5071 1406 5114 natura
1466 5063 1641 5116 bonus
1679 5071 1782 5127 est,
1824 5077 2020 5133 capere

427 5150 860 5221 experimentum
882 5153 1026 5207 mali.
1051 5153 1320 5224 improbis
1348 5156 1563 5224 quidem
1591 5167 1843 5226 peccator
1872 5159 2021 5214 vide-

434 5240 628 5308 batur;
669 5243 811 5297 unde
847 5258 991 5298 caeco
1016 5244 1088 5298 illi
1107 5256 1300 5300 sanato
1322 5247 1610 5302 dicebant:
1643 5267 1662 5299 ι
1687 5249 1759 5303 Da
1787 5248 2015 5321 gloriam

429 5334 576 5400 Deo;
628 5334 793 5390 homo
838 5336 940 5391 iste
974 5346 1226 5405 peccator
1255 5346 1337 5393 est
1369 5337 1433 5393 ³⁸.
1470 5358 1491 5392 ι
1534 5339 1673 5407 Quin
1708 5349 1763 5396 et
1794 5344 2015 5396 edacem

429 5434 484 5480 et
534 5425 779 5482 bibacem
830 5427 1097 5496 petulanti
1155 5430 1337 5499 lingua
1394 5431 1741 5500 appellabant
1783 5434 1850 5489 ".
1895 5434 2019 5491 Alio

431 5528 693 5584 prteterea
727 5522 889 5577 modo
925 5522 1167 5592 serpenti
1208 5524 1548 5579 assimilalus
1575 5524 1680 5579 fuit
1720 5524 2015 5595 Salvator;

433 5624 558 5663 nam
600 5626 827 5682 serpens
873 5630 982 5669 non
1030 5617 1192 5671 modo
1236 5617 1434 5673 lethale
1469 5634 1769 5685 venenum,
1820 5622 1915 5676 sed
1963 5632 2017 5676 et

432 5698 790 5771 pharmacum
830 5707 990 5762 habet
1033 5716 1224 5778 potens
1276 5708 1472 5765 lcthalc
1505 5726 1773 5766 venenum
1826 5714 2014 5784 expel-

2128 3292 2421 3386 cometa
2460 3311 2559 3380 τῆς
2593 3305 3085 3376 ὲνανϐρωπήσεως,
3144 3299 3241 3354 καὶ
3271 3297 3448 3394 γτγῖνῳ
3481 3292 3713 3394 περιϐεο

2126 3408 2298 3477 ϐληκε
2349 3404 2585 3473 σώματι,
2645 3399 2769 3452 τότε
2829 3399 2887 3451 ὲν
2919 3394 3230 3466 ὁμοιώματι
3279 3388 3392 3442 τῶν
3432 3388 3714 3477 πονηριῶν

2124 3474 2286 3572 ἡμων
2322 3496 2540 3566 γέγονε.
2600 3488 2878 3561 Πονηρίας
2913 3488 3025 3558 γὰρ
3070 3484 3304 3554 σημεῖον
3330 3481 3359 3533 6
3401 3477 3546 3572 ὄφις.
3597 3474 3715 3527 Καὶ

2126 3568 2317 3662 ὥσπερ
2349 3591 2383 3659 ἡ
2417 3585 2615 3659 ῥάϐδος
2656 3582 2749 3636 τοῦ
2778 3578 3066 3640 Μωῦσέως
3097 3572 3435 3646 θηριωοεῖσα
3459 3568 3555 3628 τὰς
3581 3583 3718 3635 γοη-

2122 3684 2283 3747 τικὰς
2345 3680 2578 3753 ῥάϐδους
2631 3676 2741 3728 τῶν
2774 3671 3090 3741 Αἰγυπτίων
3128 3666 3335 3753 μάγων
3368 3662 3713 3729 κατέφαγεν,

2125 3774 2248 3832 εἶτα
2280 3752 2444 3830 πάλιν
2473 3767 2849 3839 ἀναληφθεῖσα
2876 3764 3102 3832 γέγονεν
3150 3762 3288 3828 ὅπερ
3317 3752 3389 3827 ἦν
3417 3754 3712 3825 πρότερον,

2122 3869 2267 3923 οὕτω
2298 3866 2395 3920 καὶ⁵
2427 3866 2459 3932 ἡ
2491 3861 2587 3915 τοῦ
2613 3859 2750 3913 Θεοῦ
2791 3858 2886 3910 καὶ
2916 3854 3133 3924 Πατρδς
3170 3850 3385 3923 ῥάϐδος,
3426 3846 3716 3901 τουτέστιν

2121 3966 2150 4017 6
2176 3961 2327 4024 Υἱὸς,
2368 3957 2436 4011 δι’
2468 3948 2529 4010 οῦ
2582 3952 2849 4023 κατάρχει
2877 3948 2985 4001 τῶν
3031 3947 3192 4011 ὅλων,
3231 3945 3280 3996 εί
3333 3942 3429 3996 καὶ
3484 3939 3715 4008 γέγονεν

2121 4051 2383 4124 ὁμοιώσει
2430 4050 2496 4117 τῇ
2547 4044 2670 4100 καθ’
2706 4043 2877 4114 ἡμᾶς,
2914 4040 3000 4108 ἐφ’
3036 4031 3081 4107 ᾧ
3113 4038 3241 4098 τοὺς
3294 4034 3521 4105 νοητοὺς
3550 4031 3711 4124 ὄφεις

2122 4123 2470 4214 ἐξαφανίσαι,
2489 4139 2577 4194 ἵνα
2599 4135 2798 4209 μηκέτι
2831 4130 2935 4189 ὦσι
2963 4131 3076 4185 θεοὶ
3101 4128 3209 4182 τῶν
3235 4127 3405 4181 ἐθνῶν
3425 4125 3495 4179 τὰ
3519 4123 3710 4193 δαιμό-

2123 4256 2232 4301 νια,
2268 4233 2383 4289 ἀλλ’
2410 4232 2505 4287 οὖν
2534 4232 2714 4286 ἀποπε
2726 4228 2891 4301 ρὰνας
2914 4226 3012 4295 τὴν
3042 4221 3380 4290 οἰκονομίαν,
3408 4214 3711 4283 ἀναπεφοί-

2120 4346 2287 4399 τηκεν
2310 4328 2391 4390 εἰς
2418 4328 2511 4378 τὸν
2537 4323 2790 4395 οὐρανὸν,
2826 4319 2924 4373 καὶ
2949 4318 3142 4387 γέγονε
3164 4316 3349 4376 πάλιν,
3385 4312 3461 4374 ὡς
3484 4313 3542 4362 ὲν
3564 4307 3713 4378 χειρὶ

2119 4425 2215 4478 τοῦ
2280 4420 2492 4491 Πατρὸς
2555 4417 2749 4489 ῥάϐδος
2812 4412 3108 4481 εὐθύτητος
3160 4409 3256 4461 καὶ
3317 4403 3621 4475 βασιλείας,
3654 4401 3717 4453 ὲν

2120 4516 2273 4586 δεξιᾷ
2298 4514 2394 4567 τοῦ
2425 4508 2822 4580 γεγεννηκότος
2877 4501 3215 4566 κεκαθικὼς,
3260 4499 3351 4551 καὶ
3399 4495 3539 4566 μετὰ
3574 4509 3717 4564 σαρ-

2124 4608 2239 4663 κός.

2192 4626 2413 4762 ῗλλὶως
2444 4698 2539 4751 καὶ
2593 4695 2718 4748 κατ’
2749 4692 2912 4747 ἄλλον
2943 4689 2998 4742 δὲ
3033 4685 3236 4757 τρόπον
3263 4686 3289 4738 6
3316 4683 3442 4751 ὄφις
3471 4679 3566 4733 τδν
3601 4677 3719 4730 Σω·

2124 4794 2267 4864 τῆρα
2310 4790 2600 4853 εἰκόνιζεν.
2632 4783 2855 4853 Ἐπειδὴ
2900 4781 3091 4851 ὥσπερ
3129 4780 3338 4839 ἐκεῖνος
3383 4773 3559 4827 ἐδόκει

2124 4861 2247 4953 ὄφις
2270 4879 2432 4947 εἶναι,
2466 4881 2588 4949 ὄφις
2609 4879 2666 4932 δὲ
2695 4879 2760 4948 τῇ
2809 4874 3041 4945 ἀληθείᾳ
3074 4871 3175 4924 ούκ
3360 4865 3504 4969 οὕτω
3686 4861 3716 4914 6

2127 4976 2331 5046 Κύριοε
2358 4972 2635 5043 ἁμαρτίαν
2665 4971 2767 5042 μὲν
2797 4969 2897 5021 οὐκ
2926 4965 3181 5034 ἐποίησεν
3202 4978 3217 4993 ο
3235 4961 3297 5013 οὐ
3330 4959 3438 5027 γὰρ
3463 4953 3529 5027 ἦν
3553 4955 3717 5046 Θέμις

2128 5045 2231 5121 τὸν
2252 5067 2411 5135 φύσει
2445 5062 2648 5133 ἀγαθὸν
2678 5058 2773 5113 τοῦ
2804 5056 2979 5111 κακοῦ
3014 5055 3211 5124 πεῖραν
3250 5049 3458 5102 λαϐεῖν.
3504 5045 3715 5097 Ἐδόκει

2134 5161 2319 5229 μέντοι
2368 5158 2483 5219 τοῖς
2528 5155 2755 5223 φαύλοις
2787 5145 3115 5221 ἁμαρτωλός
3150 5158 3165 5172 '
3201 5143 3295 5196 καὶ
3346 5140 3478 5210 γοῦν
3528 5137 3719 5203 ἔλεγον

2126 5252 2206 5322 τῷ
2237 5252 2442 5305 ίαθέντι
2465 5247 2654 5318 τυφλῷ
2676 5263 2689 5277 ’
2723 5244 2850 5307 «Δὸς
2879 5242 3038 5308 δόξαν
3056 5238 3134 5309 τῷ
3162 5235 3284 5307 θεῷ
3315 5250 3329 5263 ·
3362 5237 3389 5288 6
3423 5231 3719 5322 ἄνθρωπος

2126 5317 2283 5407 οῦτος
2335 5339 2662 5413 ἁμαρτωλός
2708 5340 2878 5390 ἐστιν.
2919 5353 2937 5385 ι
3007 5330 3171 5384 Ἀλλὰ
3242 5328 3339 5381 καὶ
3393 5323 3567 5395 φάγον
3616 5317 3719 5413 κα)

2129 5410 2419 5504 οἰνοπόττγν
2463 5410 2629 5485 αὑτὸν
2676 5423 3182 5496 ἀϐυροστομοῦντες
3229 5419 3543 5487 ὠνόμασαν.
3597 5410 3716 5466 Καὶ

2129 5528 2307 5589 ἄλλως
2337 5527 2394 5579 δὲ
2420 5525 2496 5595 τῷ
2528 5524 2651 5594 ὄφει
2681 5521 3046 5591 περείκασται
3079 5516 3106 5567 6
3139 5513 3328 5582 Σωτήρ
3365 5526 3377 5540 ·
3400 5512 3429 5563 6
3453 5507 3562 5578 γὰρ
3588 5505 3714 5575 ὄφις

2127 5618 2189 5671 οὐ
2224 5618 2384 5689 μόνον
2414 5617 2528 5688 ἔχει
2561 5613 2943 5683 Θανατηφὸρον
2981 5610 3081 5672 ἰὴν,
3114 5605 3249 5659 ἀλλὰ
3280 5602 3375 5656 καὶ
3417 5600 3714 5703 φάρμακον

2123 5713 2474 5784 ἀναιρετικὶν
2518 5710 2613 5764 τοῦ
2647 5709 3032 5778 Θανατηφόρου
3067 5702 3147 5758 ίοῦ
3169 5719 3184 5734 ο
3221 5701 3250 5755 ὃ
3278 5699 3465 5758 παῖδες
3504 5696 3712 5765 ἰατρῶν

505 5854 551 5891 ³⁸
570 5852 714 5916 Psal.
753 5877 945 5931 cxvnt,
990 5868 1109 5925 120.
1190 5870 1233 5903 ³⁸
1266 5872 1433 5929 Exod.
1466 5889 1537 5940 tv,
1572 5871 1687 5928 1-4.
1770 5875 1812 5905 ³⁷
1842 5874 1980 5930 Psal.
2012 5890 2020 5927 ι

2127 5890 2155 5945 ἰ
2198 5876 2252 5931 7ο
2332 5875 2373 5906 ³³
2401 5872 2558 5931 Joau.
2601 5886 2750 5939 επις,
2785 5868 2875 5926 ‘29.
2957 5867 3000 5900 ³⁹
3041 5864 3234 5922 Matth.
3263 5859 3438 5926 Μ,19
