4072 6418
430 366 434 370 Α
520 302 627 367 199
1724 303 2227 366 THEOPHANIS
2265 304 2610 371 CERAMEI
3122 319 3151 351 ⁸
3683 313 3788 377 200

510 432 630 472 rum
660 415 775 472 haec
800 428 869 472 ex
908 414 1176 481 historiis,
1207 429 1327 485 quae
1379 415 1609 486 gratiam
1656 430 1721 474 ac
1775 418 2098 487 mysterium

2211 414 2668 487 περιληψώμεθα.
2701 415 2775 470 Τὸ
2804 417 2915 489 γὰρ
2948 404 3130 475 πάντα
3158 420 3482 494 περιλαϐεῖν
3511 425 3621 481 τῶν
3650 431 3793 502 ἀμη-

516 507 698 564 crucis
718 506 1115 578 signiﬁcarent,
1153 506 1314 561 veluti
1349 521 1414 562 ex
1445 505 1635 575 pelago
1669 505 1947 562 beminam
1978 506 2100 578 (78)

2211 510 2390 579 χάνων
2423 510 2567 564 ὶστί.
2832 516 2836 521 ’

516 616 673 671 aqua:
696 598 1065 669 desumpsisse
1120 599 1187 653 sit
1258 597 1414 654 satis.
1476 604 1591 668 Age
1651 613 1780 668 ergo
1829 614 1895 654 ex
1951 602 2339 671 prophetarum
2394 602 2633 658 oraculis
2704 603 2930 673 paucula
2980 605 3228 677 quaedam
3307 607 3493 666 itidem
3537 613 3798 687 decerpa-

519 707 660 746 mus.
708 689 903 746 Omnia
954 690 1097 745 enim
1144 690 1394 760 persequi
1442 691 1694 749 immensi
1760 691 1942 761 operis
2007 708 2094 750 res
2132 702 2237 751 est.

580 784 755 837 Moses
792 781 957 850 igitur
978 795 1197 835 crucem
1232 796 1341 835 non
1380 781 1538 836 lactis
1564 782 1766 848 solum,
1790 784 1886 839 sed
1931 785 2094 840 etiam

2268 786 2513 857 Μωῦσῆς
2540 785 2722 840 τοίνυν
2766 786 2828 840 ού
2861 787 3152 859 πράγμασι
3205 791 3368 862 μόνον
3407 794 3503 850 τὸν
3559 803 3796 872 σταυρὸν

505 873 729 928 oraculo
805 870 1168 926 adumbravit.
1230 891 1250 924 ι
1323 873 1585 928 Videbitis
1639 875 1809 940 enim,
1892 878 2093 946 inquit,

2211 877 2663 947 περοῦπέγραψεν,
2721 877 2840 933 ἀλλ’
2898 879 3002 950 ἤδη
3059 882 3156 935 καὶ⁵
3188 883 3657 958 προθεσπίσματι.
3695 870 3797 947 ἱὈ-

509 967 671 1019 vitam
719 975 953 1020 vestram
1011 963 1180 1034 (79)e
1207 963 1355 1035 ligno
1396 964 1721 1033 pendentem
1751 965 1820 1022 ⁸⁸.
1856 985 1877 1019 ι
1927 966 2097 1023 David

2211 968 2370 1038 ιιεσθε
2401 968 2533 1037 γὰρ,
2565 969 2726 1041 φησὶ,
2754 969 2857 1041 τὴν
2885 971 3031 1043 ζωὴν
3064 973 3221 1043 ὑμῶν
3253 976 3348 1030 ἐπὶ
3399 978 3557 1044 ξύλον
3586 998 3801 1053 κρεμα-

501 1065 684 1110 autem
714 1055 897 1109 statim
934 1055 1089 1109 initio
1128 1052 1448 1110 Psalmodiae
1478 1057 1543 1111 dc
1577 1071 1739 1111 cruce
1769 1056 1877 1128 a5
1905 1060 2088 1128 posuit

2211 1059 2395 1130 aéqu.
2427 1061 2601 1115 Δαὸὶδ
2629 1058 2687 1115 δὲ
2741 1061 2845 1133 τῆς
2881 1063 3165 1135 ψαλμικῆς
3214 1066 3526 1139 φόρμιγγος
3554 1052 3805 1143 ἀπαρξ’-

502 1147 844 1216 prophetiam
874 1146 942 1202 δ’.
976 1145 1191 1201 Etenim
1223 1146 1428 1216 lignum
1466 1147 1609 1218 quod
1637 1146 1715 1202 ait
1766 1163 1887 1204 esse
1940 1150 2095 1219 plan-

2211 1166 2391 1219 μενος,
2423 1151 2523 1220 τὴν
2548 1153 2681 1222 περὶ
2712 1154 2957 1224 σταυροῦ
2986 1158 3330 1225 προφητείαν
3383 1161 3690 1233 ἐκτίθησιν.
3728 1165 3801 1222 Ὀ

505 1250 673 1294 tatum
707 1254 868 1295 secus
893 1238 1159 1295 decursus
1185 1254 1450 1309 aquarum
1483 1248 1540 1294 et
1567 1239 1701 1296 dare
1743 1239 1982 1295 fructum
2040 1240 2093 1296 in

2211 1240 2303 1310 γὰρ
2356 1237 2478 1295 εἷπε
2512 1241 2671 1309 ξύλον
2712 1243 3172 1313 ὲμπεφυτεῦσθαι
3210 1248 3311 1317 μὲν
3352 1252 3504 1322 παρὰ
3551 1254 3650 1318 τὰς
3686 1257 3801 1310 τῶν

500 1340 766 1400 tempore,
792 1340 848 1386 et
878 1332 1067 1387 lolium
1121 1332 1238 1401 ejus
1277 1346 1496 1400 semper
1546 1334 1742 1400 virere,
1793 1335 1909 1405 ipsa
1961 1349 2095 1390 crux

2211 1331 2414 1388 ύδάτων
2480 1334 2633 1405 ῥοὰς,
2672 1335 2864 1405 φέρειν
2917 1336 2974 1389 δὲ
3005 1336 3097 1392 τὸν
3134 1341 3347 1409 καρπὸν
3397 1345 3456 1396 ἐν
3487 1345 3564 1415 τῷ
3592 1349 3800 1418 καιρῷ,

501 1435 586 1481 est
625 1426 739 1498 (80)
767 1443 783 1481 :
814 1441 938 1481 nam
966 1426 1168 1496 alioqui
1190 1428 1335 1496 quod
1376 1426 1676 1494 plantatum
1705 1427 1859 1492 dicit,
1886 1425 2092 1494 lignum

2211 1420 2324 1488 τόγε
2389 1423 2497 1493 μὴν
2563 1424 2762 1493 φύλλον
2817 1426 2965 1498 ἔχειν
3021 1429 3312 1497 ἀειθαλὲς,
3375 1436 3540 1501 αὑτός
3588 1438 3741 1492 ἐστιν
3772 1441 3803 1493 ὁ

505 1535 609 1574 non
633 1518 995 1587 appellasset:
1029 1533 1178 1581 nam,
1220 1527 1279 1572 ut
1330 1533 1493 1588 supra
1530 1517 1734 1572 dictum
1768 1531 1873 1583 est,
1895 1517 2097 1587 lignum

2211 1515 2444 1583 σταυρὸς
2473 1530 2486 1543 ·
2525 1516 2587 1569 ού
2621 1518 2730 1588 γὰρ
2758 1516 2825 1572 ἂν
2849 1517 3008 1584 ξύλον
3038 1524 3452 1593 πεφυτευμένον
3485 1525 3799 1597 ὠνόμασεν.

503 1624 626 1684 post
651 1615 949 1669 sectionem
985 1611 1098 1683 (8|)
1129 1611 1294 1666 habet
1338 1612 1444 1667 hoc
1479 1627 1698 1667 nomen.
1756 1610 1872 1667 Hoc
1936 1613 2100 1682 igitur

2222 1604 2309 1667 Ὠς
2367 1607 2476 1676 γὰρ
2543 1608 2636 1662 καὶ
2674 1610 2869 1681 πρώην
2903 1629 2997 1682 μοι
3049 1612 3326 1681 λέλεκται,
3376 1617 3438 1670 τὸ
3462 1618 3622 1685 ξύλον
3655 1622 3802 1691 μετὰ

511 1709 720 1781 lignum
753 1709 1054 1778 plantatuin
1080 1714 1162 1760 est
1192 1715 1408 1774 propter
1436 1718 1590 1773 aquae
1613 1703 1951 1769 illiusrivos,
1976 1716 2096 1771 qua!

2211 1696 2298 1770 τὴν
2332 1700 2508 1771 τομὴν
2538 1702 2889 1773 ὀνομάζεται.
2930 1705 3103 1760 Τοῦτο
3122 1708 3187 1778 δὴ
3219 1708 3313 1763 οὖν
3337 1712 3609 1784 ἐφυτεύθη
3639 1717 3803 1787 παρᾶ

502 1816 574 1857 ex
605 1802 773 1857 latere
806 1802 994 1857 divino
1018 1798 1293 1869 proﬂuxit.
1330 1797 1609 1854 Christum
1634 1813 1790 1862 vero,
1845 1795 1926 1852 uti
1980 1796 2101 1863 pul-

503 1896 697 1950 chrum
750 1894 986 1949 fructum
1054 1894 1359 1963 praestituto
1413 1901 1657 1961 tempore
1724 1891 1895 1946 tulit:
1960 1888 2105 1957 quod

503 1998 639 2039 vero
669 1982 861 2039 folium
894 1998 1025 2040 usus
1054 1997 1279 2039 numero
1311 1982 1574 2051 singulari
1640 1980 1799 2047 dixit,
1845 1981 2101 2035 virtutem

506 2077 687 2131 crucis
741 2075 1002 2138 ostendit,
1064 2089 1188 2146 qua:
1248 2090 1356 2130 non
1416 2072 1650 2140 deﬁciet,
1711 2088 1811 2128 nec
1862 2086 2102 2141 unquam

505 2168 694 2224 ﬁdeles
720 2169 1050 2224 obumbrare
1100 2167 1336 2231 desinet,
1369 2176 1424 2222 et
1469 2183 1498 2220 a
1525 2165 1725 2221 diaboli
1752 2171 1887 2221 aestu
1917 2162 2105 2219 delen-

506 2262 656 2323 dere,
684 2277 752 2315 ne
779 2260 993 2315 fructus
1028 2259 1198 2314 nostri
1231 2258 1323 2315 illo
1355 2259 1550 2314 ardore
1583 2258 1883 2322 siccentur,
1935 2255 2098 2311 sicuti

505 2351 576 2407 de
613 2354 819 2408 semine
873 2352 1178 2415 didicimus,
1205 2350 1349 2420 quod
1413 2350 1611 2406 cecidit
1657 2363 1824 2419 super
1852 2358 2098 2418 petram,

508 2445 605 2501 sed
643 2455 698 2500 ut
729 2446 892 2500 veluti
928 2444 1266 2513 umbraculo,
1300 2454 1358 2498 ut
1383 2458 1506 2498 cum
1533 2442 1673 2497 Isaia
1724 2441 1938 2512 loquar,
1963 2455 2092 2511 pro-

505 2547 759 2607 tegantur
805 2538 962 2604 signo
1020 2537 1222 2601 crucis,
1271 2536 1415 2606 quod
1468 2545 1660 2590 aestum
1711 2536 1762 2590 vi
1818 2549 1918 2591 sua
1956 2534 2105 2590 valet

503 2629 875 2697 exstinguere.
901 2625 1148 2683 Salutem
1175 2628 1339 2683 etiam
1373 2637 1619 2682 nostram
1644 2641 1744 2696 per
1773 2640 1997 2684 crucem
2028 2626 2098 2682 ad

508 2733 610 2775 nos
626 2720 953 2783 derivatum,
990 2718 1417 2786 daemonumque
1447 2717 1720 2787 prascivit
1741 2718 2101 2774 eversionem.

507 2810 820 2880 Aliquando
846 2810 1065 2880 quidem
1094 2823 1110 2864 :
1146 2826 1167 2862 ι
1198 2809 1342 2865 Deus
1377 2817 1583 2876 noster,
1617 2809 1815 2881 inquit,
1847 2819 2105 2881 operatus

507 2913 594 2961 est
613 2903 849 2960 salutem
872 2903 928 2958 in
958 2902 1139 2959 medie
1185 2910 1345 2958 terra:
1368 2901 1436 2968 ὀ,
1469 2919 1489 2954 ι
1551 2901 1845 2972 aliquando
1879 2911 2102 2960 autem:

517 3018 537 3053 ι
566 2998 751 3056 Infixae
773 3004 900 3053 sunt
924 3004 1115 3068 gentes
1145 2996 1201 3050 in
1231 2995 1454 3050 interitu
1492 3009 1653 3063 quem
1685 2992 1935 3051 fecerunt
1963 2997 2032 3049 ⁸⁸.
2077 3014 2097 3050 ›

506 3092 649 3159 Quid
687 3091 770 3146 bis
801 3063 985 3145 verbis
1019 3088 1232 3144 innuit?
1265 3085 1325 3143 ln
1352 3087 1527 3145 Cruce
1580 3087 1839 3142 nimirum
1894 3088 2100 3146 daemo-
2130 3063 2176 3125 C

506 3197 605 3241 nes
637 3183 750 3248 (ixi,
775 3186 831 3236 in
861 3197 964 3251 qua
995 3181 1343 3236 interiturum
1410 3180 1701 3235 Dominum
1746 3180 2097 3236 arbitraban-

509 3285 619 3336 tur,
654 3272 897 3327 funditus
928 3273 1231 3341 perierunt.
1259 3272 1397 3338 Quin
1427 3271 1595 3327 etiam
1616 3285 1710 3341 per
1733 3271 1862 3326 illud
1894 3289 1909 3327 :
1950 3289 1970 3325 ι
1999 3273 2103 3327 As-

509 3366 696 3421 cendit
730 3365 800 3438 in
825 3365 1015 3429 altum,
1047 3364 1317 3434 captivam
1365 3363 1516 3419 duxit
1547 3363 1914 3433 captivitatem
1953 3364 2022 3429 ³⁵,
2076 3381 2095 3416 ι

510 3472 780 3515 ascensus
801 3457 854 3511 in
889 3455 1142 3522 Crucem,
1177 3466 1232 3510 et
1251 3455 1593 3524 captivorum
1628 3454 1876 3510 liberatio
1926 3455 2096 3511 intel-

503 3550 709 3621 ligitur.
755 3549 896 3615 Quid
930 3563 1058 3604 vero
1094 3548 1246 3614 illud,
1279 3565 1300 3600 ι
1331 3545 1612 3616 Signatum
1654 3556 1738 3602 est
1779 3561 1943 3615 super
2001 3561 2101 3602 nos

503 3641 690 3696 lumen
726 3639 908 3693 vultus
970 3637 1051 3692 tui
1088 3637 1174 3690 “‘2
1216 3655 1237 3690 ι
1290 3650 1475 3691 nonne
1532 3649 1753 3691 crucem
1805 3632 2099 3704 signiﬁcat,

503 3746 612 3800 qua
635 3728 958 3801 signamur?
984 3726 1099 3784 Hoc
1128 3728 1296 3783 etiam
1331 3729 1512 3783 crucis
1539 3725 1755 3795 signum
1806 3725 2098 3795 descripsit

505 3822 614 3878 illis
636 3822 852 3879 verbis:
890 3838 910 3873 ι
942 3821 999 3876 Si
1030 3821 1326 3876 ascendere
1354 3818 1667 3881 in'caelum,
1709 3827 1764 3872 tu
1792 3816 1901 3873 illic
1924 3832 2017 3883 es;
2048 3816 2096 3871 si

2206 1792 2307 1855 τὰς
2336 1792 2603 1858 διεξόδους
2668 1795 2765 1849 τοῦ
2795 1798 2861 1850 ἐκ
2898 1798 2998 1869 τῆς
3030 1797 3180 1864 θείας
3230 1801 3471 1873 πλευρᾶς
3501 1805 3803 1876 ρεύσαντος

2208 1880 2421 1947 ὕδατος.
2456 1884 2665 1955 Ἔφερε
2724 1886 2783 1940 δὲ
2835 1888 2927 1941 τὸν
2961 1889 3200 1960 Χριστὸν
3226 1894 3303 1957 ὡς
3343 1894 3549 1965 ὡραῖον
3580 1902 3803 1969 καρπὸν

2206 1979 2266 2030 ὲν
2321 1977 2399 2049 τῷ
2455 1982 2861 2053 προωρισμένῳ
2908 1985 3112 2057 καιρῷ.
3146 1987 3219 2040 Τὸ
3270 1988 3471 2057 φύλλον
3514 1992 3571 2047 δὲ
3596 1995 3805 2059 ἑνικῶς

2204 2070 2304 2139 τὴν
2337 2070 2494 2141 ἰσχὺν
2525 2071 2622 2125 τοῦ
2655 2075 2899 2145 σταυροῦ
2924 2077 3476 2153 παρεδήλωσεν,ἥτις
3497 2085 3596 2138 οὐκ
3626 2087 3805 2160 ἀπορ-

2209 2162 2492 2229 ρυήσεται,
2551 2162 2672 2218 οὐδὲ
2714 2164 2986 2235 ἐπιλείψει
3035 2170 3341 2235 σκιάζουσα
3404 2176 3531 2239 τοὺς
3562 2180 3799 2242 πιστοὺς

2205 2252 2302 2305 τοῦ
2329 2254 2393 2308 ἐκ
2421 2254 2698 2324 δαιμόνων
2729 2258 3000 2329 φλογμοῦ,
3027 2257 3103 2325 ὡς
3141 2262 3217 2334 μὴ
3263 2264 3355 2319 τὸν
3394 2267 3605 2338 καρπὸν
3636 2271 3803 2339 ήμῶν

2207 2344 2545 2419 ξηρανθῆναι
2609 2348 2687 2420 τῷ
2723 2350 2989 2419 καύσωνι,
3039 2356 3222 2423 καθὼς
3254 2360 3384 2430 περὶ
3412 2361 3506 2414 τοῦ
3532 2364 3803 2429 πεσόντος

2208 2438 2416 2509 σπόρου
2469 2441 2565 2493 ἐπὶ
2602 2441 2702 2513 τὴν
2736 2442 2947 2514 πέτραν
3004 2446 3307 2519 ἐμάθομεν,
3345 2451 3463 2504 ἀλλ’
3489 2448 3604 2506 οἷον
3636 2471 3804 2509 σκια-

2208 2527 2332 2599 δίῳ,
2367 2530 2515 2584 κατὰ
2551 2530 2642 2586 τὸν
2692 2531 2924 2588 Ἡσαΐαν
2957 2538 3159 2602 εἰπεῖν,
3193 2539 3497 2596 σκέπεσθαι
3523 2544 3602 2615 τῷ
3654 2543 3805 2619 ξύλῳ

2205 2619 2284 2692 τῷ
2304 2620 2399 2675 τοῦ
2431 2622 2692 2695 σταυροῦ,
2728 2626 2795 2696 τῇ
2832 2625 3001 2680 αὑτοῦ
3024 2626 3252 2700 δυνάμει
3283 2633 3804 2706 κατασϐεννυμένου

2209 2712 2306 2768 τοῦ
2333 2713 2642 2772 καύσωνος.
2677 2717 2991 2789 Προμηνύει
3023 2718 3081 2773 δὲ
3104 2723 3198 2775 καὶ
3215 2721 3314 2793 τὴν
3348 2724 3504 2794 ἡμῶν
3520 2726 3612 2782 διὰ
3633 2744 3808 2785 σταυ-

2211 2803 2305 2875 ροῦ
2336 2805 2636 2880 σωτηρίαν,
2672 2809 2770 2862 καὶ
2803 2810 2904 2880 τὴν
2938 2811 3003 2864 ἐκ
3026 2811 3305 2880 δαιμόνων
3330 2816 3631 2884 ἀπώλειαν,
3668 2824 3808 2878 ποτε

2211 2894 2311 2965 μὲν
2337 2895 2529 2951 εἰπών·
2565 2919 2584 2949 ι
2606 2898 2739 2953 Ὀδὲ
2770 2898 2904 2965 Θεὸς
2926 2903 2955 2971 ἡ
2965 2903 3084 2972 μῶν
3113 2905 3221 2975 πρὸ
3250 2906 3468 2963 αἰώνων
3493 2912 3808 2981 εἰργάσατο

2215 2988 2489 3059 σωτηρίαν
2521 2990 2579 3044 ἐν
2612 2991 2764 3063 μέσῳ
2802 2992 2902 3062 τῆς
2939 2994 3046 3065 γῆς
3072 3011 3088 3026 °
3121 3015 3139 3049 ι
3176 2998 3309 3051 ποτὲ
3354 2999 3448 3053 δέ’
3498 3020 3518 3053 ι
3570 3004 3808 3063 Ἐνεπά-

2207 3094 2387 3150 γησαν
2417 3079 2546 3151 ἔθνη
2572 3082 2631 3137 ἐν
2653 3083 2853 3157 φθορᾷ,
2937 3088 3226 3159 ἐποίησαν.
3259 3110 3279 3143 ι
3310 3093 3374 3146 Τί
3398 3092 3559 3149 τοῦτο
3574 3096 3762 3166 λέγων
3788 3118 3805 3167 ;

2221 3173 2313 3227 Ἐν
2343 3174 2422 3246 τῷ
2460 3180 2684 3250 σταυρῷ
2740 3182 3089 3249 ἑμπαγέντες
3127 3186 3176 3237 ei
3204 3185 3479 3257 δαίμονες,
3512 3191 3570 3245 ἐν
3601 3186 3646 3261 ᾧ
3683 3194 3810 3250 δια-

2208 3264 2427 3337 φθεῖραι
2458 3270 2552 3320 τὶν
2586 3268 2795 3339 Κύριον
2818 3269 3009 3342 ᾤοντο,
3045 3273 3264 3340 ἐξώλεις
3298 3277 3596 3336 ἀπώλοντο.
3636 3283 3809 3339 Ἀλλὰ

2207 3356 2302 3409 καὶ
2332 3357 2391 3409 τό
2415 3373 2429 3386 ·
2472 3374 2491 3408 ι
2531 3359 2722 3429 Ἀνέϐη
2755 3360 2834 3422 είς
2873 3359 3028 3429 ὕψος,
3062 3364 3490 3434 ᾐχμαλώτευσεν
3521 3372 3813 3441 αἰχμαλω-

2209 3447 2361 3513 σίαν,
2400 3466 2419 3499 s
2460 3450 2493 3518 ἡ
2530 3450 2589 3503 ἐν
2614 3449 2692 3519 τῷ
2709 3452 2930 3523 σταυρῷ
2963 3457 3168 3508 νοεῖται
3196 3459 3483 3526 ἀνάϐασις,
3510 3464 3601 3515 καὶ
3625 3466 3658 3533 ή
3689 3466 3811 3519 τῶν

2215 3538 2585 3609 αἰχμαλώτων
2617 3543 2940 3615 ἀνάκλησις.
2973 3547 3037 3599 Τί
3068 3548 3245 3602 δὲκαὶ
3279 3550 3359 3616 τὸ,
3395 3571 3413 3604 ι
3448 3553 3807 3629 Ἐσημείωθη

2215 3633 2304 3704 ἐφ’
2331 3636 2483 3705 ἡμᾶς
2509 3634 2572 3688 τὸ
2599 3636 2716 3705 φῶς
2739 3637 2833 3691 τοῦ
2871 3638 3171 3710 προσώπου
3200 3659 3294 3695 σου
3318 3659 3333 3709 ;
3364 3662 3383 3696 ι
3417 3645 3480 3698 οὒ
3514 3647 3607 3700 τὸν
3633 3663 3809 3702 σταυ-

2210 3726 2301 3798 ρὸν
2353 3727 2609 3798 σημαίνει
2667 3728 2737 3782 δι’
2767 3723 2829 3783 οὗ
2856 3731 3282 3803 σημειούμεθας
3317 3738 3413 3791 καὶ
3456 3738 3616 3792 τοῦτο
3644 3739 3699 3792 δὲ
3739 3742 3809 3793 τὸ

2207 3818 2396 3889 σχῆμα
2439 3819 2730 3891 ὑπέγραψε
2764 3821 2857 3875 τοῦ
2919 3825 3158 3893 σταυροῦ
3181 3843 3197 3861 ι
3228 3827 3377 3896 λέγει
3424 3832 3568 3903 γάρ·
3604 3850 3623 3884 ι
3671 3833 3809 3889 Ἐὰν

506 3915 840 3970 descendere
871 3914 927 3967 in
948 3913 1246 3979 infernum,
1284 3911 1453 3978 ades;
1478 3913 1524 3966 si
1556 3922 1847 3979 sumpsero
1887 3923 2096 3978 pennas

2211 3910 2394 3964 ἀνασῶ
2442 3912 2522 3976 εἰς
2579 3913 2672 3966 τὸν
2723 3914 2976 3985 οὐρανὸν,
3006 3917 3070 3970 σὺ
3115 3919 3236 3973 ἐκεῖ
3294 3916 3382 3973 εἷ’
3418 3922 3515 3979 ἐὰν
3568 3924 3811 3979 καταϐῶ

506 4021 660 4061 ineas
678 4005 943 4069 diluculo,
969 4013 1026 4059 et
1052 4003 1375 4059 habitavere
1403 4004 1458 4058 in
1487 4001 1749 4059 extremis
1778 4002 1947 4057 maris
1980 4018 1995 4056 :
2044 4008 2100 4057 et

2211 4000 2293 4064 εις
2345 4002 2441 4055 τὸν
2480 4002 2638 4074 ᾅδην,
2669 4003 2835 4076 πάρει
2857 4021 2873 4037 ο
2908 4006 3007 4060 ἐὰν
3037 4008 3369 4081 ἀναλάϐοιμι
3388 4015 3487 4077 τὰς
3518 4015 3807 4087 πτέρυγάς

506 4099 654 4153 enim
689 4097 818 4153 illuc
843 4112 1034 4151 manus
1065 4105 1154 4149 tua
1186 4096 1417 4150 deducet
1446 4108 1532 4149 me
1567 4093 1634 4148 “.
1674 4113 1694 4147 ι
1731 4092 1837 4149 Per
1873 4094 2099 4149 verbum

2214 4109 2317 4164 μου
2379 4094 2501 4148 κατ’
2535 4093 2758 4165 ὕρθρον,
2812 4098 2911 4153 καὶ
2946 4102 3358 4171 κατασκηνώσω
3385 4109 3465 4170 εἰς
3494 4107 3562 4160 τὰ
3592 4106 3810 4177 ἔσχατα

509 4190 731 4260 quidem
756 4187 1077 4243 ascendendi
1124 4200 1243 4242 eam
1267 4187 1445 4242 crucis
1474 4195 1684 4257 partem
1707 4188 1966 4252 innuens,
1983 4198 2104 4255 quae

2211 4185 2313 4255 τῆς
2367 4183 2668 4258 θαλάσσης,
2704 4187 2800 4241 καὶ
2844 4188 2956 4260 γὰρ
3009 4191 3130 4243 ἐκεῖ
3174 4194 3208 4264 ἠ
3252 4194 3375 4265 χείρ
3411 4212 3506 4249 σου
3537 4197 3811 4268 ὁδηγήσει

581 4335 626 4369 ⁸⁸
656 4336 814 4393 Deut.
848 4351 1035 4401 ιχνιιι,
1059 4333 1149 4389 66.
1229 4334 1273 4368 ⁸⁸
1295 4334 1441 4393 Psal.
1482 4351 1522 4403 ι,
1552 4335 1609 4391 ’5.
1682 4334 1729 4369 ⁸⁰
1749 4332 1892 4393 Psal.
1922 4336 2104 4391 Lxxni.

510 4406 557 4445 ιδ
618 4406 764 4465 Ρςοι.
819 4421 1085 4471 cxxxvm,
1137 4406 1192 4461 8.

2214 4372 2229 4388 .
2303 4332 2349 4365 "
2373 4332 2517 4389 Psal.
2544 4350 2621 4403 Ix,
2650 4334 2738 4390 l8.
2814 4334 3021 4392 "Psal.
3042 4350 3213 4403 vau,
3246 4335 3332 4393 l9.
3410 4340 3454 4374 ¹³
3482 4339 3628 4396 Psal.
3651 4356 3723 4407 tv,
3747 4343 3808 4401 7.

1742 4502 2074 4564 Fraucisci
2110 4503 2322 4565 Scorsi
2359 4512 2551 4565 notis.

583 4631 698 4703 (78)
736 4628 816 4683 Ea:
848 4629 1032 4703 pelago
1071 4628 1359 4703 heminam.
1391 4627 1627 4703 _Dic_tum__
1660 4627 2093 4703 liyperbolicum,
2128 4635 2174 4693 Ι)
2201 4633 2267 4686 ei.
2324 4630 2472 4685 ldem
2530 4626 2853 4684 Damascen.
2897 4628 3214 4702 Pr000pius,
3270 4641 3325 4686 et
3356 4630 3447 4687 hic
3474 4642 3657 4690 noster
3685 4635 3803 4692 Ceo

506 4698 654 4772 quod
681 4698 1027 4770 proverbium
1054 4700 1215 4767 sapit,
1243 4701 1328 4772 cui
1362 4698 1704 4772 simileillud
1731 4698 1970 4772 alterum
1998 4699 2098 4752 θὰ-
2204 4715 2443 4772 τειηευε.

510 4767 722 4843 λασσαν
770 4773 1009 4835 ἀντλεῖν,
1069 4770 1480 4843 ηιᾳνε-ιιαιινὶνε.
1529 4767 1663 4843 [ﬁam
1703 4768 1934 4843 nemina
1994 4785 2098 4822 vox
2280 4770 2392 4842 (80)
2431 4767 2557 4839 Ipsa
2591 4770 3048 4843 cruaest.Et_hic
3076 4772 3377 4828 versiculus
3409 4774 3600 4841 psalmi
3635 4778 3804 4843 primi

512 4842 724 4898 Latinis
776 4845 999 4907 usitata,
1051 4840 1138 4911 ubi
1195 4839 1391 4911 Graeci
1422 4838 1664 4911 κοτύλην
1685 4838 1893 4911 dicunt,
1944 4852 2106 4911 parva
2207 4838 2302 4909 per
2333 4838 2890 4896 acconunodationem
2921 4841 2985 4896 de
3020 4857 3183 4897 cruce
3228 4838 3529 4911 explicatur
3563 4838 3805 4907 aTheo-

513 4927 767 4966 mensura
804 4921 889 4964 est
939 4909 1241 4964 sextarium
1288 4909 1538 4978 dividens
1586 4908 1763 4978 primo
1809 4907 2105 4965 bifariam:

512 4981 774 5041 Hemina,
810 4983 982 5047 inquit
1036 4978 1255 5049 Festus,
1306 4993 1370 5033 ea;
1425 4976 1609 5031 (ἐγείναο
1649 4978 1823 5049 ἥμισυ
1852 4982 1991 5049 qvod
2034 4990 2110 5032 est

512 5051 736 5105 dimidia
766 5046 894 5119 pars
916 5051 1159 5104 sextarii.
1185 5046 1423 5103 Fannius
1441 5052 1653 5103 duobus
1674 5046 1964 5104 versiculis
1989 5063 2105 5104 rem

514 5134 678 5178 totam
720 5121 981 5188 explicuit
1020 5136 1035 5176 :

511 5198 577 5249 At
610 5190 853 5260 Cotytas,
878 5207 1015 5258 quas
1039 5191 1085 5244 si
1113 5188 1317 5253 placeat
1350 5188 1548 5245 dixisse
1584 5190 1757 5243 licebit

512 5261 795 5326 ﬂeminas,
849 5261 1037 5331 recipit
1068 5261 1327 5329 geminas,
1359 5260 1630 5313 sextarius
1663 5272 1825 5315 unus.

585 5332 700 5403 (79)
756 5331 1009 5403 Videbitis
1062 5332 1499 5403 vitisatrvestram.
1543 5330 1917 5403 Dletutn‘illud
1950 5330 2112 5387 Mosa

512 5400 688 5458 Deut.’
724 5415 893 5456 nvnt
916 5400 1022 5461 :Et
1053 5400 1156 5453 erit
1190 5402 1296 5453 vita
1327 5413 1420 5453 tua
1458 5401 1610 5471 quasi
1636 5400 1863 5467 prudens
1890 5413 2011 5456 ante
2036 5411 2110 5466 te,

515 5473 726 5528 timebis
757 5483 928 5537 nocte,
982 5482 1028 5525 et
1069 5472 1173 5534 die,
1205 5479 1255 5522 et
1287 5486 1393 5524 non
1417 5476 1596 5525 credes
1618 5472 1775 5536 vitta;
1803 5473 1866 5526 ad
1890 5487 2108 5526 crucem

517 5544 905 5614 gltristumque
932 5543 1119 5614 inuea
1139 5540 1415 5614 conﬁxum
1446 5542 1795 5614 accommoda
1806 5552 1867 5596 nt
1890 5541 2105 5614 Patres.

517 5609 929 5668 'l‘lteodoretus:
967 5609 1122 5681 Nihil
1160 5610 1310 5681 pejus
1353 5613 1493 5664 inter
1526 5611 1833 5679 maledicta,
1862 5628 1979 5680 qua:
1999 5613 2106 5667 Ju-

2208 4913 2424 4982 pliane:
2477 4924 2640 4982 quem
2703 4912 2871 4982 refert
2910 4911 3143 4966 Larinus
3174 4913 3225 4967 in
3279 4915 3443 4982 hujus
3465 4914 3667 4972 Psalmi
3696 4933 3804 4972 ex-

2210 4981 2526 5049 plicatione,
2556 4980 2811 5052 itemque
2857 4981 3201 5052 Philotlieum
3271 4980 3633 5052 patriarcham
3683 4987 3800 5042 (ΣΡ.

2212 5053 2405 5123 eodeni
2445 5049 2607 5103 modo
2659 5049 3041 5123 explicantem.
3073 5049 3426 5108 Cassiodorus
3465 5061 3605 5123 apud
3638 5073 3803 5113 eum-

2214 5121 2335 5173 dem
2388 5118 2650 5173 Lorinum
2681 5118 2887 5183 omnia,
2942 5136 3062 5189 qua:
3085 5123 3141 5175 in
3176 5123 3269 5177 ille
3301 5118 3595 5190 psalma'de
3639 5132 3806 5184 beato

2214 5190 2332 5264 viro
2383 5190 2657 5264 dicuntur.
2693 5190 2791 5243 soli
2820 5191 3039 5264 Christo
3071 5194 3184 5247 vult
3219 5192 3453 5264 maxime
3471 5200 3795 5264 convenire,

2213 5260 2457 5329 adeoque
2489 5270 2544 5337 et
2577 5259 2779 5329 lignum
2807 5277 2834 5313 a
2884 5262 3104 5337 Christo
3162 5262 3385 5325 habere,
3442 5273 3499 5316 ut
3530 5259 3810 5337 signiticet

2212 5344 2430 5404 erucem
2490 5329 2793 5404 plantatam
2838 5346 2997 5387 secus
3056 5334 3314 5387 decursus
3376 5329 3681 5404 aquaru'm;
3741 5348 3807 5391 et

2212 5398 2490 5472 Qbristum
2548 5401 2725 5472 ipsum
2762 5400 2908 5470 ligno
2934 5404 3235 5472 comparari
3268 5398 3486 5471 propter
3533 5398 3800 5460 Crucem.

2209 5468 2356 5543 idem
2388 5483 2517 5524 vero
2558 5470 2630 5523 sit
2661 5468 2979 5543 adnotatum
3018 5468 3089 5527 de
3145 5468 3417 5527 nonnullis
3446 5477 3806 5543 sequentibus

2208 5537 2572 5614 Psalmorum,
2622 5541 2704 5593 vel
2755 5543 3139 5614 prophetarum
3195 5544 3350 5607 locis,
3385 5560 3508 5612 quae
3526 5537 3805 5614 ρει-κουο-

2204 5583 2445 5680 ᾇᾶἶιίἱὶῖξ
2463 5583 2572 5664 τὲ(
2605 5583 3171 5680 agitataagitata“
3195 5583 3294 5667 ’ὖέ
3325 5583 3507 5670 nili-'3”
3531 5583 3802 5669 ἔἽΓιῖἔξ-

522 5681 652 5733 diris
678 5685 860 5735 merito
895 5678 1167 5750 superbiai
1189 5678 1525 5750 acciderunt,
1556 5696 1714 5749 quanam
1744 5678 1923 5736 videre
1938 5684 2101 5735 vitam
2205 5678 2393 5750 phane
2422 5679 2680 5750 explicari
2710 5678 3043 5736 censendum
3071 5695 3171 5739 est.

525 5760 695 5815 suam,
722 5749 776 5802 id
812 5761 887 5805 est
913 5748 1117 5806 Filium
1174 5749 1273 5808 Dei
1302 5748 1637 5821 pendentem,
1664 5760 1713 5805 et
1755 5767 1861 5809 non
1881 5753 2097 5809 credere

2270 5750 2384 5822 (81')
2415 5749 2641 5822 Lignea:
2674 5752 3118 5821 postsectienem.
3181 5754 3309 5812 Vide
3363 5768 3525 5828 supra
3551 5764 3673 5812 net.
3699 5753 3804 5816 56.
