4072 6440
344 354 451 418 201

1756 353 2085 414 HOMILIA
2128 354 2226 413 IV.

3518 353 3625 415 202

353 484 445 535 με.
484 485 504 518 ι
550 466 651 520 Διά
687 469 790 536 μὲν
820 464 915 518 τοῦ
949 465 1218 534 ἀναϐῆναι
1259 465 1320 520 τὸ
1353 465 1578 520 ἀπὸτοῦ
1635 463 1801 536 μέσου
1832 465 1936 518 ἄνω

2053 480 2268 518 sursum
2325 466 2492 520 tendit
2522 480 2550 520 e
2581 465 2759 520 medio
2783 482 2797 518 :
2823 480 2918 535 per
2943 463 3303 520 descendendi
3343 479 3472 520 vero
3503 482 3623 520 ver-

348 555 444 607 τοῦ
481 554 725 623 σταυροῦ
761 553 1048 623 σημαίνων
1075 569 1088 583 ·
1121 553 1208 606 διὰ
1261 554 1316 606 δὲ
1359 555 1454 606 τοῦ
1500 553 1845 622 καταϐῆναι,
1880 554 1941 606 τὸ

351 649 463 701 ἀπὸ
518 649 609 700 τοῦ
672 647 844 715 μέσου
907 646 1059 699 κάτω
1111 646 1298 716 διῆκον
1319 664 1333 678 ·
1362 647 1448 700 διὰ
1480 649 1536 700 δὲ
1561 648 1668 700 τῶν
1695 648 1941 717 ἐσχάτων

352 743 453 806 τῆς
489 737 792 806 θαλάσσης,
823 735 892 788 τὰ
920 737 985 788 ἐκ
1042 736 1275 804 πλαγίου
1312 737 1760 807 παρατεινόμενα
1803 738 1941 806 μετὰ

349 832 454 899 τὴν
491 829 770 899 συμὸολὴν
823 827 1187 896 ἑκατέρωθεν·
1227 831 1335 880 Καὶ
1383 831 1415 899 ἡ
1462 828 1556 882 τοῦ
1593 829 1940 900 Σολομῶντος

356 924 523 991 σοφία
580 923 710 991 περὶ
760 924 859 991 τῆς
886 921 1124 992 ἀληθοῦς
1168 921 1398 974 εἰποῦσα
1433 923 1647 991 σοφίας,
1676 923 1752 986 ὡς
1784 923 1940 990 ξύλον

353 1015 502 1082 ζωῆς
533 1017 705 1074 ἐστιν,
737 1013 903 1066 αὑτὸν
933 1013 1174 1083 ἐδήλωσε
1209 1013 1300 1065 τὸν
1335 1015 1592 1084 σταυρόν.
1616 1014 1818 1066 Τοῦτον
1849 1013 1940 1068 καὶ

361 1106 595 1167 Ἡσαΐας
632 1106 1008 1174 αἰνιττόμενος
1051 1104 1272 1172 ἔλεγεν·
1315 1124 1334 1156 ι
1384 1106 1536 1172 ’Λρεῑ
1589 1109 1818 1176 σημεῖον
1860 1107 1940 1171 εἰς

347 1198 420 1249 τὰ
449 1196 604 1265 ἔθνη,
651 1217 670 1249 ι
715 1198 806 1249 καὶ
836 1196 935 1248 τοῦ
967 1196 1200 1266 σημείου
1223 1198 1546 1267 ἑρμηνεύων
1563 1199 1661 1267 τὴν
1683 1197 1937 1267 δυνάμιν,

353 1309 370 1339 ι
403 1291 660 1354 Συνὰξει,
703 1288 858 1358 φησὶ,
892 1287 1020 1349 τοὺς
1057 1289 1416 1356 ἀπωσμένους
1465 1289 1682 1359 Ἰσραὴλ
1735 1291 1797 1341 ἐκ
1831 1289 1940 1340 τῶν

346 1383 642 1450 τεσσάρων
682 1382 972 1450 πτερύγων
1001 1381 1102 1450 τῆς
1134 1382 1256 1449 γῆς,
1297 1400 1316 1431 ι
1360 1381 1459 1444 τὰς
1492 1366 1767 1451 τέσσαρας
1805 1398 1940 1451 προ-

345 1475 515 1537 δολὰς
555 1474 650 1526 τοῦ
685 1473 924 1543 σταυροῦ
973 1473 1372 1542 αἰνιττόμενος.
1428 1471 1590 1524 Ἀλλὰ
1635 1473 1730 1525 καὶ
1796 1471 1940 1524 αὐτὰ

344 1567 454 1619 τῶν
489 1567 665 1632 ξύλων
695 1566 763 1619 τὰ
780 1566 894 1634 εἴδη
920 1564 978 1631 ἐξ
1005 1557 1080 1617 ὧν
1110 1567 1142 1636 ἡ
1174 1564 1268 1616 τοῦ
1323 1565 1560 1634 σταυροῦ
1595 1565 1787 1634 γέγονε
1815 1565 1940 1618 σύν-

347 1657 527 1722 θεσις,
583 1659 676 1710 καὶ
711 1657 811 1728 τὴν
841 1660 899 1708 ὲν
944 1656 1094 1727 αὐτῷ
1128 1655 1286 1721 δόξαν
1327 1656 1669 1724 Μονογενοῦς
1701 1659 1938 1728 προεσή-

348 1768 543 1818 μανεν.
589 1751 678 1804 Ἐν
704 1748 1034 1820 κυπαρίσσῳ
1094 1748 1300 1816 λέγων,
1341 1748 1433 1800 καὶ
1478 1748 1678 1820 πεύκη,
1713 1749 1806 1802 καὶ
1839 1749 1935 1801 κέ-

342 1843 460 1914 ὅρῳ
503 1841 619 1912 ἅμα
641 1843 853 1906 δοξάσω
881 1842 972 1894 τὸν
1006 1842 1172 1894 τόπον
1198 1842 1289 1894 τὸν
1311 1841 1467 1910 ἆγιόν
1491 1859 1616 1912 μου.
1662 1821 1934 1912 Ἱερεμίας
1968 1831 2011 1889 Β

344 1937 404 1990 δὲ
438 1939 466 1989 ό
487 1937 599 1988 τῶν
632 1936 932 2006 προφητῶν
987 1934 1402 2005 ὲμπαθέστατος
1463 1935 1777 2005 ὑπογράφει
1813 1935 1939 1998 τοὺς

343 2032 769 2101 χριστοκτόνους
843 2029 1234 2101 προτροπάδην
1291 2027 1618 2092 κελεύοντας
1669 2027 1934 2088 ἑαυτούς’

351 2136 373 2169 s
412 2117 581 2169 Δεῦτε
608 2119 703 2170 καὶ
730 2117 1064 2186 ὲμόἀλωμεν
1091 2115 1248 2182 ξύλον
1281 2117 1362 2180 είς
1412 2116 1504 2169 τὸν
1538 2117 1705 2187 ἄρτον
1730 2116 1934 2183 aurati;

344 2208 442 2259 τὸν
477 2207 717 2278 σταυρὸν
779 2207 879 2277 μὲν
928 2207 1016 2259 διὰ
1056 2205 1152 2259 τοῦ
1202 2205 1386 2272 ξύλου,
1415 2207 1505 2259 διὰ
1537 2208 1594 2260 δὲ
1630 2207 1725 2260 τοῦ
1764 2207 1933 2278 ἄρτου

342 2301 448 2369 τὴν
512 2300 788 2370 σωτήριον
824 2299 1008 2368 σάρκα
1057 2298 1227 2370 δηλοῖ.
1262 2299 1435 2361 Αὐτὸς
1463 2299 1572 2369 γάρ
1599 2301 1748 2352 ἐστιν
1775 2300 1803 2351 ὁ
1833 2300 1930 2370 ἄρ-

346 2409 463 2459 τος,
509 2395 535 2445 ὁ
568 2396 634 2446 ὲκ
673 2393 784 2446 τῶν
843 2391 1090 2461 οὐρανῶν
1123 2391 1392 2454 καταϐάς.
1427 2393 1708 2463 Ζαχαρίας
1743 2392 1801 2445 δὲ
1841 2392 1935 2445 τοῦ

347 2482 624 2552 σωτηρίου
679 2482 887 2545 πάθους
928 2486 985 2534 ἐν
1021 2483 1296 2553 φαντασία
1324 2483 1645 2552 γενόμενος,
1683 2483 1778 2536 καὶ
1806 2481 1936 2551 βλέ-

342 2575 656 2628 πειναὺτον
689 2575 943 2646 ἐναργῶς
981 2578 1230 2647 οἰόμενος
1257 2575 1350 2629 τὸν
1394 2577 1628 2648 Σωτῆρα
1657 2577 1735 2647 τῷ
1776 2595 1940 2631 σταυ-

346 2667 429 2736 ρῶ
486 2666 1008 2737 προσπηγνύμενον,
1074 2665 1220 2719 οὕτω
1275 2665 1667 2734 φιλοπευστεί·
1704 2687 1720 2718 ι
1756 2667 1820 2718 Τί
1880 2668 1937 2720 al

346 2761 563 2829 πληγαὶ
596 2753 780 2820 αὗται,
817 2759 872 2810 αί
913 2761 1193 2828 ἀναμέσον
1217 2759 1326 2811 τῶν
1352 2759 1550 2830 χειρῶν
1587 2775 1680 2811 σου
1711 2778 1726 2824 ;
1769 2777 1787 2809 ι
1827 2759 1936 2811 Καὶ

343 2855 446 2923 τῆς
479 2851 730 2914 πεύσεως
759 2852 978 2922 δέχεται
1016 2852 1116 2922 τὴν
1150 2852 1467 2921 ἀπόκρισιν,
1491 2851 1558 2914 ἃς
1599 2852 1847 2922 ἐπλήγην
1877 2855 1934 2905 ὲν

343 2946 426 3015 τῷ
484 2943 622 3015 οίκῳ
696 2943 1008 3013 ἀγαπητοῦ.
1057 2943 1212 2995 Ἐπεὶ
1269 2943 1402 3010 γοῦν
1436 2945 1493 2996 ὲν
1522 2944 1601 3013 τῷ
1636 2945 1808 3014 νόμῳ,
1841 2946 1936 2998 καὶ

347 3041 468 3101 τοῖς
521 3039 834 3108 προτήταις
859 3036 918 3088 τὸ
944 3036 1087 3090 κατὰ
1117 3035 1206 3088 τὸν
1241 3036 1476 3106 σταυρὸν
1510 3035 1797 3104 θεωρεῖται
1831 3054 1936 3104 μυ-

346 3134 600 3200 στήριον,
655 3129 884 3190 εἰκότως
940 3128 1093 3196 λέγει
1151 3129 1214 3180 τὸ
1241 3128 1600 3196 Εὑαγγέλιον,
1633 3129 1714 3180 ὅτι
1743 3131 1807 3180 ὲκ
1840 3126 1934 3179 τοῦ

345 3223 521 3292 νόμου
556 3221 690 3272 ἰῶτα
731 3220 826 3271 καὶ
868 3220 902 3288 ἡ
934 3219 1130 3288 κεραία
1163 3219 1224 3270 οὑ
1253 3220 1617 3289 παρέρχεται,
1638 3217 1753 3271 ἀλλ’
1785 3218 1933 3270 ἔστιν

343 3313 606 3385 οὐρανοῦ,
636 3311 731 3366 καὶ⁵
765 3312 869 3382 γῆς
912 3310 1323 3381 σταθερώτερον
1347 3328 1361 3342 ·
1402 3312 1686 3382 σημαίνων
1715 3312 1804 3364 διὰ
1822 3311 1933 3365 τῶν

343 3404 659 3476 εἰρημένων
691 3404 790 3472 τὴν
817 3407 883 3456 ἐκ
941 3403 1034 3456 τοῦ
1072 3405 1300 3472 πλαγίου
1343 3406 1633 3474 γραμμὴν,
1694 3405 1787 3457 καὶ
1833 3406 1934 3474 τὴν

341 3499 601 3559 κάθετον,
626 3497 697 3549 δι’
721 3491 796 3549 ὧν
819 3496 880 3547 τὸ
933 3497 1118 3566 σχῆμα
1149 3496 1244 3548 τοῦ
1280 3497 1518 3566 σταυροῦ
1573 3497 1932 3567 καταγράφε-

339 3609 456 3644 ται.
488 3590 638 3642 Ἔδει
668 3590 798 3658 γὰρ,
843 3587 950 3639 ἔδει
998 3587 1074 3656 μὴ
1127 3589 1288 3656 μόνον
1318 3587 1386 3640 δι’
1426 3588 1597 3656 ἀκοῆς
1641 3588 1738 3659 τὴν
1770 3589 1934 3656 φύσιν

342 3681 820 3753 χειραγωγεῖσθαι
860 3679 996 3748 πρὸς
1029 3679 1131 3747 τὴν
1160 3678 1260 3746 τῆς
1291 3679 1546 3748 θεότητος
1574 3680 1927 3748 κατανόησιν,

341 3781 482 3833 ἀλλὰ
515 3779 609 3830 καὶ
633 3777 730 3846 τὴν
757 3774 880 3844 ὄψιν
905 3772 1162 3840 γενέσθαι
1187 3773 1297 3825 τῶν
1344 3772 1696 3844 ὑψηλοτέρων
1720 3789 1812 3842 νοη
1824 3772 1930 3840 μά-

340 3889 451 3926 των
486 3870 829 3929 διδασκαλον,
863 3868 951 3920 ἵνα
998 3869 1110 3929 τοῖς
1147 3866 1624 3936 διορατικωτέροις
1672 3864 1932 3932 Θεολόγος

341 3967 574 4035 γένηται
609 3963 637 4014 ὁ
660 3965 914 4031 σταυρὸς,
943 3961 1018 4023 ὡς
1063 3959 1346 4030 ἐμφαίνων
1395 3962 1578 4012 πᾶσαν
1620 3958 1719 4029 τὴν
1754 3958 1932 4010 κτίσιν

413 4107 462 4138 ⁸⁸
505 4106 666 4158 I’rov.
703 4117 786 4166 ιιι,
815 4103 904 4157 18.

342 4179 387 4209 ⁴¹
429 4176 629 4229 Matth.
663 4189 715 4238 v,
767 4173 855 4227 18.

982 4102 1158 4158 “15a.
1193 4117 1246 4170 ν,
1279 4101 1371 4156 26.
1401 4103 1444 4134 ⁵⁷
1479 4101 1585 4157 Isa.
1614 4118 1689 4168 ιι,
1755 4100 1844 4156 12.

1943 4101 1990 4137 ⁵⁸
2027 4099 2232 4155 Jerem.
2263 4100 2420 4166 x1,I.
2487 4097 2532 4131 ⁸⁹
2556 4096 2714 4152 Joan.
2752 4113 2827 4163 Vl,
2871 4096 2959 4150 41.

2047 557 2193 622 bunt,
2214 571 2331 608 eam
2361 573 2478 625 quae
2499 556 2746 610 deorsum
2779 571 2807 609 a
2836 557 3010 609 medio
3032 555 3238 624 vergit;
3264 570 3359 624 per
3382 568 3623 610 extrema

2045 647 2261 702 demum
2301 650 2580 701 mariscas
2605 665 2721 715 qua:
2749 657 2868 717 post
2911 650 3202 701 commissa
3245 649 3398 717 signa
3445 649 3623 702 utrin-

2044 756 2149 810 que
2181 742 2590 810 protenduntur.
2624 740 2854 810 Sapiens
2881 750 3142 810 praeterea
3191 741 3466 808 Salomon,
3500 757 3622 796 cum

2044 833 2110 885 de
2144 847 2268 886 vera
2299 833 2562 900 sapientia
2593 833 2803 901 signum
2831 834 2952 887 vitae
2999 848 3119 888 esse
3164 834 3621 902 pronuntiavit”,

2046 922 2215 992 ipsam
2256 939 2473 976 crucem
2507 925 2852 992 signiﬁcavit,
2881 927 2944 978 de
2965 940 3069 993 qua
3120 935 3176 978 et
3227 924 3394 980 Isaias
3437 927 3626 982 vatici-

2044 1023 2204 1068 natus
2237 1024 2324 1069 est
2359 1034 2371 1068 :
2422 1034 2439 1066 ι
2479 1015 2743 1079 Elcvabit,
2772 1016 2964 1084 inquit,
3009 1019 3221 1087 signum
3280 1019 3334 1071 in
3393 1020 3628 1074 nationi-

2043 1106 2142 1159 bus
2172 1105 2254 1170 ⁸⁶;
2287 1123 2304 1155 ι
2341 1113 2394 1159 et
2417 1105 2642 1175 hujusce
2674 1106 2808 1176 signi
2840 1107 2946 1159 vim
2974 1109 3285 1174 exprimens
3329 1108 3568 1162 Subdidit
3603 1127 3618 1163 :

2050 1217 2068 1250 ι
2088 1196 2448 1268 Congregabit
2465 1200 2738 1268 dispersos
2755 1197 2914 1254 Israel
2934 1217 2960 1251 ει
2977 1210 3212 1268 quatuor
3226 1200 3576 1266 alisterrae",
3600 1222 3620 1255 ι

2043 1300 2273 1358 quatuor
2292 1292 2471 1343 crucis
2491 1305 2617 1344 oras
2640 1291 2754 1344 sive
2778 1289 2928 1344 initia
2960 1289 3265 1352 insinuans.
3287 1291 3424 1357 Quin
3458 1295 3623 1346 etiam

2043 1381 2159 1448 ipsa
2220 1380 2484 1452 lignorum
2533 1396 2730 1450 genera
2785 1397 2849 1436 ex
2911 1383 3111 1452 quibus
3156 1394 3464 1451 compaCIa,
3518 1384 3630 1455 23

2044 1489 2176 1527 crux
2215 1473 2336 1538 fuit,
2373 1483 2426 1527 ct
2457 1473 2684 1542 gloriam
2720 1473 2991 1543 Unigeniti
3024 1474 3074 1526 itt
3103 1475 3213 1542 ipsa
3247 1484 3458 1543 partam
3486 1489 3628 1542 prae-

2043 1567 2216 1620 cittuit
2246 1567 2329 1620 bis
2359 1567 2538 1620 verbis
2569 1579 2584 1626 :
2611 1567 2665 1620 In
2707 1583 2966 1636 cupressu
2997 1567 3134 1639 (82),
3171 1579 3224 1620 et
3253 1569 3406 1637 pinu,
3447 1578 3500 1621 et
3538 1583 3630 1622 ce-

2043 1661 2143 1713 dro
2192 1660 2509 1728 glorilicabo
2557 1661 2730 1716 locum
2778 1672 3028 1716 sanctum
3099 1677 3298 1714 meum.
3362 1661 3628 1714 Jeremias

2043 1767 2193 1816 vero,
2233 1752 2324 1821 qui
2373 1754 2756 1821 prophetarum
2813 1753 3056 1806 omnium
3117 1754 3354 1808 maxime
3388 1753 3628 1808 abundat

2041 1843 2345 1907 aﬂ‘ectibus,
2404 1844 2606 1898 Christi
2658 1844 3046 1898 interfectores
3101 1844 3308 1898 inducit
3369 1860 3430 1899 se
3482 1846 3628 1914 ipsos

2041 1946 2227 1990 mutuo
2255 1936 2540 1990 hortantes
2587 1955 2600 1990 :
2643 1953 2662 1987 ι
2714 1933 2930 2000 Venite,
2963 1935 3374 2001 ait,_tnittatnus
3423 1936 3625 2005 lignum

2043 2025 2094 2080 itt
2127 2043 2317 2092 panem
2361 2026 2479 2097 ejus
2507 2027 2588 2093 ⁸⁸;
2625 2045 2643 2078 ι
2673 2041 2891 2080 crucem
2918 2025 3170 2080 videlicet
3206 2027 3334 2095 ligni
3379 2030 3624 2090 nomine,

2039 2121 2195 2190 panis
2221 2134 2350 2174 vero
2371 2119 2572 2172 iudicat
2603 2118 2969 2172 Salvatorem.
2992 2119 3111 2188 Ipse
3139 2120 3283 2173 enim
3327 2129 3410 2174 est
3447 2121 3624 2190 panis.

2041 2213 2130 2282 qui
2166 2215 2231 2267 de
2264 2212 2403 2267 caelo
2427 2211 2710 2266 descendit
2739 2211 2808 2264 ".
2846 2209 3145 2267 Zacharias
3179 2223 3358 2266 autem
3405 2228 3525 2269 cum
3569 2215 3626 2268 itt

2040 2303 2320 2358 Passionis
2390 2301 2683 2357 salutiferae
2768 2303 3229 2372 contemplatione
3290 2315 3624 2366 versaretur.

2042 2397 2218 2466 ipsum
2248 2395 2586 2450 Salvatorem
2617 2395 2670 2448 in
2709 2408 2871 2448 cruce
2896 2396 3170 2448 conlixum
3203 2395 3389 2450 videre
3418 2410 3476 2449 se
3537 2410 3628 2448 ra-

2043 2500 2147 2552 tus,
2180 2488 2260 2542 sic
2295 2497 2544 2542 amanter
2570 2487 2911 2553 interrogat:
2951 2503 2969 2535 ι
3006 2483 3149 2551 Quid
3183 2496 3310 2540 sunt
3341 2487 3512 2556 plaga:
3550 2487 3626 2542 is-

2039 2590 2106 2636 ta:
2130 2581 2183 2633 itt
2221 2579 2401 2634 medio
2419 2591 2673 2632 manuum
2709 2575 3036 2630 tuarum“?
3071 2595 3089 2627 ι
3126 2575 3192 2630 Ει
3241 2577 3625 2648 interrogatio-

2040 2671 2126 2728 nis
2153 2686 2264 2724 suae
2301 2684 2621 2739 responsum
2653 2665 2957 2723 hocreI'ert
2990 2684 3003 2721 :
3047 2685 3066 2719 ι
3117 2668 3324 2734 Quibus
3379 2669 3627 2738 Plagatus

2040 2780 2159 2820 sum
2200 2765 2249 2817 in
2281 2759 2440 2818 domo
2471 2761 2678 2816 dilecti.
2709 2777 2726 2810 ι
2751 2760 2886 2814 Cum
2917 2761 3078 2828 igitur
3100 2763 3280 2816 crucis
3305 2765 3624 2833 mysterium

2038 2857 2166 2909 etin
2206 2855 2342 2924 lege,
2368 2863 2423 2908 et
2453 2853 2504 2907 itt
2538 2851 2819 2921 prophetis
2849 2851 3078 2912 eluceat,
3131 2854 3326 2907 merito
3375 2853 3624 2925 Evange-

2037 2948 2170 3001 liutn
2195 2948 2432 3011 dicit,ex
2465 2944 2580 3013 lege
2604 2958 2672 2997 ne
2707 2958 2872 2996 unum
2907 2943 3124 3011 quidem
3180 2945 3311 3008 iota,
3370 2958 3462 3000 aut
3514 2949 3630 3018 api-

2039 3054 2156 3092 cem
2184 3037 2587 3104 praeteriturum
2617 3034 2686 3100 ⁶¹,
2729 3035 2870 3089 coelo
2925 3035 3155 3098 scilicet,
3225 3046 3481 3106 terraque
3538 3042 3628 3094 lir-

2041 3129 2244 3181 miore:
2275 3142 2369 3194 per
2396 3126 2510 3179 haec
2540 3124 2706 3178 verba
2733 3124 3048 3178 describens
3112 3125 3311 3179 lineam
3341 3128 3474 3199 (85),
3509 3147 3628 3197 quae

2039 3219 2257 3288 obliqua
2287 3229 2392 3281 est,
2426 3227 2478 3271 et
2502 3231 2624 3270 eam
2659 3231 2778 3286 qua:
2816 3216 2884 3270 ad
2926 3217 3388 3285 perpendiculum,
3428 3223 3626 3291 quibus

2037 3311 2216 3365 crucis
2251 3310 2422 3378 figura
2472 3308 2801 3378 depingitur.
2851 3305 3148 3376 Oportebat
3199 3313 3369 3375 enim,
3409 3325 3628 3380 oporte-

2037 3406 2131 3460 bat
2158 3420 2262 3459 nou
2302 3405 2475 3459 solum
2501 3404 2687 3458 auditu
2726 3413 2976 3457 naturam
3024 3414 3265 3460 nostram
3308 3407 3374 3459 ad
3423 3405 3629 3460 Divinia

2040 3497 2170 3552 tatis
2201 3496 2616 3566 intelligentiam
2649 3497 2803 3566 quasi
2838 3512 2998 3550 manu
3025 3497 3174 3562 duci,
3217 3498 3308 3552 sed
3333 3499 3495 3552 etiam
3527 3516 3623 3552 ne-

2041 3604 2197 3644 cesse
2223 3599 2344 3642 erat
2381 3597 2441 3642 ut
2487 3589 2639 3642 visus
2676 3588 2930 3641 altiorum
2981 3603 3240 3643 sensuum
3304 3591 3458 3646 ﬁeret
3512 3608 3615 3645 nta-

2040 3681 2228 3749 gister,
2268 3682 2682 3749 adeoquecrux,
2731 3680 2960 3748 theologi
3013 3693 3195 3748 partes
3242 3695 3427 3750 ageret
3485 3689 3623 3755 apud

2040 3787 2134 3826 eos
2160 3771 2250 3840 qui
2285 3771 2690 3841 perspicaciore
2747 3781 2872 3824 sunt
2934 3782 3115 3825 mente
3155 3774 3385 3842 przediti,
3443 3787 3628 3848 utpote

2041 3873 2349 3917 creaturam
2410 3876 2628 3916 omnem
2678 3864 2858 3931 specie
2900 3875 2998 3916 sua
3062 3877 3479 3930 repraesentans.
3549 3869 3624 3922 Ex

2042 3954 2196 4021 cujus
2230 3955 2513 4024 disciplina
2547 3968 2773 4022 magnus
2828 3969 3045 4024 quoque
3099 3958 3390 4023 Apostolus
3440 3961 3625 4026 prole-

3064 4100 3108 4128 ⁶⁰
3143 4098 3371 4156 Z-tcltat'.
3408 4115 3524 4167 xm,
3567 4102 3620 4160 ϐ.

1590 4262 1916 4325 Francisci
1947 4261 2148 4323 Scorsi
2191 4267 2378 4322 notat.

417 4390 535 4460 (εἰ)
572 4386 640 4441 In
682 4401 951 4460 cupressu.
986 4386 1060 4438 Dc
1089 4384 1338 4460 materia,
1377 4399 1442 4460 ex
1471 4400 1574 4451 qua
1603 4400 1734 4437 crux
1764 4383 1952 4460 Cltri_-’

345 4452 758 4526 sti‘co'ntpacta,
809 4458 1047 4522 disputat
1095 4457 1339 4526 lacubus
1377 4454 1663 4508 Gretserus
1692 4525 1697 4526 ν
1722 4465 1852 4526 ιυιιι.
1887 4452 1928 4517 I,

2038 4383 2318 4445 tabulam;
2358 4381 2546 4434 cedrus
2575 4380 2628 4430 in
2665 4391 3023 4442 tmnsursum,
3065 4381 3219 4446 pinus
3237 4396 3466 4435 sursmn.
3493 4383 3620 4441 Haec

2039 4452 2206 4506 Beda.
2268 4452 2426 4504 I’lura
2462 4452 2510 4502 itt
2549 4452 2686 4502 hanc
2723 4449 3045 4502 sententiam
3090 4452 3203 4518 lege
3232 4456 3370 4518 apud
3403 4453 3624 4511 διοιδο-

458 4514 645 4592 (imre,
678 4514 770 4582 lib.
806 4543 841 4589 ι,
873 4514 994 4593 εἰιρ.
1027 4526 1082 4589 4,
1123 4526 1183 4578 5|
1219 4535 1270 4576 et
1319 4525 1372 4588 6,
1423 4539 1579 4591 quem
1616 4525 1758 4577 vide.
1788 4514 1929 4576 Inter

2041 4540 2154 4576 rttm
2195 4525 2243 4574 itt
2279 4522 2397 4593 loco
2423 4523 2585 4573 dicto.

347 4600 660 4670 probabiles
699 4597 981 4662 opiniones
1036 4605 1645 4670 reCettseteatntquattt
1679 4595 1931 4670 sequitur

349 4664 440 4726 Itic
480 4681 661 4722 noster
725 4677 953 4730 auctor;
1009 4681 1169 4732 quam
1216 4666 1378 4716 etiam
1441 4665 1500 4719 ὃ.
1563 4664 1932 4732 Cltt'ysnstonti

350 4744 521 4795 fuisse
574 4737 726 4801 dicit,
764 4737 854 4801 qui
901 4741 978 4788 sic
1015 4738 1215 4788 habet:
1259 4733 1424 4787 Isaias
1467 4736 1628 4786 etiam
1662 4732 1802 4785 ttttde
1842 4748 1933 4785 es-

350 4821 500 4871 sent,
559 4816 614 4859 et
662 4808 835 4874 qualia
874 4808 1054 4858 crucis
1089 4805 1258 4871 ligna,
1294 4805 1516 4872 exponit
1577 4807 1659 4856 his
1709 4807 1931 4856 verbis:

353 4884 421 4934 In
457 4893 730 4942 cupressu,
771 4876 920 4941 pinu,
963 4887 1012 4927 et
1067 4877 1220 4937 cedro
1267 4875 1423 4927 simul
1477 4876 1646 4926 locum
1695 4885 1934 4925 sanctum

350 4951 638 5004 celebrate.
690 4947 862 4998 Lucus
903 4957 1080 5000 autem
1111 4945 1265 4997 Isaia:
1305 4955 1386 4997 est
1420 4961 1484 4998 ex
1549 4961 1667 5009 cap.
1707 4959 1813 5008 1.x;
1847 4944 1934 4995 ubi

351 5027 499 5073 enim
535 5020 590 5070 itt
633 5027 818 5068 nostra
871 5015 1094 5083 \ulgata
1159 5015 1462 5068 habemus:
1503 5012 1687 5066 Gloria
1750 5013 1935 5064 Libani

353 5095 425 5142 ad
480 5097 532 5140 te
576 5087 739 5138 veniet
787 5101 806 5137 :
851 5086 1016 5146 abies,
1057 5095 1106 5137 et
1144 5085 1335 5146 buxus,
1380 5098 1424 5137 et
1484 5086 1632 5152 pinus
1671 5085 1832 5136 simul
1869 5084 1934 5135 ml

351 5172 658 5211 ornanuum
693 5159 864 5207 locum
908 5157 1346 5222 sanctiﬁcationis
1373 5171 1521 5216 mete,
1550 5152 1692 5206 LXX
1726 5157 1793 5205 ita
1821 5169 1936 5204 ver-

353 5243 472 5282 tunt
497 5231 558 5279 ἑν
584 5226 936 5297 κυπαρίσσιρ,
967 5227 1062 5276 καὶ
1093 5225 1273 5297 πεύκῃ
1303 5222 1745 5297 κ-αὶκέδρῳᾷἆμα,
1783 5223 1938 5297 δοξά-

353 5317 447 5351 σαι
493 5299 587 5349 τὸν
636 5298 804 5349 τόπον
834 5296 926 5363 τὸν
958 5297 1114 5360 ἅγιόν
1153 5295 1275 5363 μου.
1327 5295 1384 5347 Ιιι
1417 5312 1574 5361 quem
1603 5295 1937 5363 Iucmnivide

349 5373 701 5436 interpretes,
754 5366 832 5417 Ex
910 5362 1118 5419 Latinis
1164 5365 1415 5418 l’atribus
1448 5364 1767 5417 venerabilis
1793 5362 1935 5436 Ileda

348 5433 510 5494 addit
535 5449 698 5490 ettant
757 5436 928 5486 tribus
962 5437 1084 5501 ligni
1120 5440 1410 5502 genertbus
1434 5445 1710 5501 quartum.
1766 5433 1931 5495 Crux,

349 5513 525 5576 inquit
573 5513 624 5560 in
678 5504 930 5568 Collect.,
976 5508 1040 5557 de
1063 5516 1288 5570 quatuor
1322 5507 1478 5574 lignis
1510 5504 1652 5572 facta
1694 5513 1792 5566 est,
1821 5518 1938 5571 quae

346 5594 600 5634 uocantur
663 5591 962 5644 cypressus,
1013 5583 1222 5640 cedrus,
1259 5592 1451 5642 pinus,
1501 5583 1550 5626 et
1588 5576 1778 5626 buxus.
1829 5577 1935 5626 Sed

346 5657 515 5702 buxus
561 5665 667 5700 non
722 5650 822 5714 [tut
861 5645 913 5696 in
954 5661 1125 5708 cruce,
1167 5663 1266 5698 nm
1305 5647 1482 5697 tabula
1532 5645 1595 5695 de
1659 5645 1750 5695 illo
1796 5644 1935 5711 ligno

345 5738 496 5789 super
537 5729 778 5788 [mutent
816 5714 1233 5789 Claristilutt,in
1272 5732 1372 5789 quo
1400 5714 1933 5789 circumscripserunt

342 5783 547 5847 Junci
575 5794 848 5850 ltlulum;
889 5800 1160 5853 cypressus
1200 5783 1300 5854 fuit
1349 5788 1403 5837 in
1457 5795 1596 5839 terra
1655 5799 1816 5852 usque
1864 5783 1933 5836 ad

666 5883 948 5941 l’ATRUL.
992 5882 1108 5941 Gn.
1159 5878 1460 5940 CXXXII.

2113 4594 2224 4662 (85)
2268 4591 2588 4662 Desrrtbcns
2616 4589 2831 4662 lineam.
2885 4587 3001 4652 Qua
3045 4591 3252 4662 ratione
3281 4606 3374 4662 per
3407 4593 3510 4646 iota
3567 4611 3622 4652 et

2039 4658 2245 4731 apicem
2305 4678 2434 4713 crux
2465 4661 2668 4713 Christi
2705 4661 3016 4731 designetur
3072 4658 3234 4731 Greg.
3295 4661 3454 4730 Nyss.
3485 4667 3619 4720 insi-

2040 4729 2157 4802 gnis
2189 4741 2381 4784 ant-tur
2430 4732 2550 4802 fuse
2580 4730 2814 4794 expliCat
2843 4741 2980 4780 orat.
3008 4743 3045 4792 ι,
3077 4729 3130 4802 in
3164 4729 3363 4783 Christi
3393 4750 3616 4801 resurr.,

2039 4801 2198 4872 (ptent
2258 4803 2434 4854 locum
2467 4801 2554 4852 ubi
2585 4803 2722 4872 legi,
2765 4811 3060 4872 statueram
3114 4801 3217 4872 huc
3257 4805 3620 4872 transcribere

2041 4869 2105 4925 ad
2151 4872 2528 4924 illustrandum
2583 4869 2990 4944 Theophanem,
3020 4871 3109 4935 qui
3143 4871 3390 4924 l‘ortaSsis
3412 4875 3480 4928 ab
3503 4877 3620 4944 ipso

2040 4944 2360 4996 sententiam
2387 4945 2525 4994 hanc
2548 4948 2605 4992 ut
2628 4939 2914 5006 plerasque
2955 4950 3232 4993 mutuatus
3263 4952 3380 4995 est:
3404 4947 3497 4998 sed
3525 4939 3621 5002 ubi

2042 5014 2238 5064 iterum
2270 5012 2368 5082 legi
2418 5027 2539 5062 eum
2580 5010 2757 5083 locum
2817 5011 3082 5077 integrum
3118 5027 3145 5062 a
3179 5009 3434 5067 Gt'etsero
3491 5031 3620 5083 pro-

2040 5083 2237 5145 latum,-
2280 5094 2334 5134 et
2373 5095 2468 5135 sua
2501 5081 2866 5152 explicatione
2923 5087 3166 5143 auctum,
3221 5085 3285 5134 ad
3333 5081 3506 5152 ipsum
3537 5088 3617 5141 le-

2040 5165 2246 5206 etorem
2291 5154 2565 5204 remittere
2603 5151 2928 5221 visum_es_t,
2964 5165 3028 5202 ne
3080 5161 3260 5203 aetum
3296 5151 3534 5221 agerem,
3568 5169 3625 5212 et.

2042 5223 2232 5290 lungus
2262 5235 2440 5274 essent
2485 5221 2729 5290 ingratis.
2779 5217 2924 5271 Satis
2955 5221 3059 5273 erit
3097 5221 3186 5273 hic
3222 5217 3384 5277 breve
3414 5217 3618 5280 dictum

2040 5288 2339 5366 Chium-atii
2371 5328 2388 5356 ,
2419 5289 2658 5366 episc0p_i
2705 5288 3112 5366 judicioetiatn
3182 5292 3240 5345 S.
3303 5293 3616 5366 Hieronynn

2041 5363 2340 5416 doctissimi
2381 5370 2436 5414 et
2474 5359 2949 5431 sanctissimi,qui
3002 5358 3281 5428 Nyssazno,
3317 5367 3469 5431 cujus
3507 5358 3620 5419 'fuit

2041 5434 2285 5500 aequalis,
2343 5431 2651 5483 consentit:
2696 5433 2764 5480 In
2823 5430 2955 5490 iota,
3013 5435 3112 5490 ait,
3155 5433 3232 5484 uel
3279 5430 3427 5499 apice
3463 5434 3615 5503 legis,

2040 5504 2211 5556 crucis
2257 5517 2458 5570 quoque
2507 5511 2898 5553 sacramentum
2945 5509 3124 5571 potest
3187 5503 3450 5571 intelligi;
3491 5521 3618 5571 qum

2038 5576 2146 5624 iota
2186 5585 2231 5624 et
2268 5569 2405 5639 apex
2451 5581 2706 5640 quantum
2730 5571 2782 5620 in
2818 5585 2878 5622 se
2936 5569 3215 5637 imaginem
3249 5569 3420 5623 crucis
3449 5569 3618 5626 esten.

2039 5647 2191 5697 dunt.
2237 5642 2404 5695 I’orro
2437 5641 2845 5712 ltac_sententia
2876 5654 2940 5692 ex
2965 5641 3617 5712 auctoritateTheOpha-

2041 5715 2126 5766 nis
2158 5714 2326 5766 nostri
2348 5716 2516 5766 utitur
2545 5709 2781 5763 Jacobus
2815 5708 3006 5762 Ptntus
3047 5709 3139 5761 lib.
3167 5712 3231 5763 de
3251 5708 3618 5768 Christo'cru-

2013 5783 2222 5839 'cilixo.
2268 5782 2398 5838 Vide
2433 5780 2756 5852 protrmiun‘t
2795 5781 2911 5848 Isag

3225 5871 3258 5933 7
