4072 6458
410 349 516 412 921

1813 354 2147 415 HOMILIA
2185 357 2290 420 VI.

3586 357 3708 418 222

411 454 595 512 τοίνυν
625 461 923 530 πατρικαῖς
950 459 1384 526 ἀκολουθοῦντες
1409 465 1641 530 φωναῖς,
1681 463 1759 529 ὡς
1792 467 1892 534 μὲν
1921 468 2002 519 ol-

2114 469 2354 525 Dieimus
2413 470 2596 540 igitur,
2645 469 2863 524 Patrum
2919 469 3062 525 dicta
3124 480 3437 539 sequentes,
3487 470 3590 525 hoc
3644 488 3708 528 ex

412 551 650 618 κονομία
682 551 776 604 τοῦ
812 552 950 604 Θεοῦ
987 555 1084 608 καὶ
1130 554 1388 624 Σωτῆρος
1433 551 1524 624 ἦν,
1583 557 1765 625 ἔργοις
1805 556 2013 611 πιστώ-

417 644 621 696 σασθαι
682 644 780 715 τὴν
835 646 1159 708 ἀνάστασιν,
1216 645 1307 700 ἵνα
1362 647 1435 716 μὴ
1471 647 1562 700 διὰ
1590 647 1769 716 λόγων
1809 650 2010 718 μόνων,

415 736 557 790 ἀλλὰ
583 737 680 788 καὶ
719 737 792 790 δι’
827 737 1010 807 ἔργων
1054 739 1362 808 ἐπιδειχθῇ.
1411 738 1566 791 Ἐπεὶ
1611 740 1669 792 δὲ
1719 741 1865 808 μέγα
1919 742 2013 794 καὶ⁴

418 832 567 900 ὑπὲρ
597 832 784 883 πίστιν
817 829 886 903 ἦν
918 834 980 885 τὸ
1010 831 1198 900 θαῦμα
1225 833 1328 901 τῆς
1360 832 1739 896 ἀναστάσεως,
1771 833 1859 886 διὰ
1903 834 2012 886 τῶν

415 924 749 992 κατωτέρων
778 923 1089 994 ἀρξάμενος
1126 924 1316 994 ἠρέμα
1350 924 1489 989 πῶς,
1526 925 1626 994 τὴν
1667 926 1855 978 πίστιν
1902 927 2013 978 τῶν

416 1016 730 1086 ἀνθρώπιον
785 1015 1179 1086 προσερεθίζει
1215 1001 1330 1079 τοῖς
1368 1015 1606 1085 μείζοσι,
1668 1016 1925 1088 καθάπερ
1963 1018 2014 1070 oi

413 1108 530 1161 τῶν
563 1109 873 1178 μειρακίων
911 1109 1228 1163 διδάσκαλοι
1284 1108 1644 1178 καταλλὴλως
1688 1110 1818 1172 τοὺς
1865 1110 2012 1162 διδα-

417 1201 728 1268 σκομένους
759 1200 1080 1267 ἀνάγοντες,
1126 1200 1266 1264 τέως
1303 1203 1403 1271 μὲν
1451 1202 1604 1256 ἀπλᾶ
1646 1201 1715 1254 ut
1772 1205 2014 1273 στοιχεῖα

414 1291 738 1344 διδάσκουσι
771 1307 786 1322 ο
823 1291 1238 1360 προεθισοὲντα.
1253 1292 1310 1346 δὲ
1343 1293 1444 1356 τὰς
1486 1293 1759 1356 συλλαϐὰς
1817 1295 2014 1349 ἐκπαι-

413 1382 662 1446 δεύουσι,
711 1384 807 1436 καὶ
851 1383 996 1436 οὕτω
1028 1385 1124 1437 ἐπὶ
1158 1384 1258 1446 τὰς
1286 1385 1488 1450 λέξεις,
1531 1389 1626 1440 καὶ
1652 1387 1783 1448 τοὺς
1819 1386 2014 1455 λόγους

413 1476 744 1543 ἀνάγουσιν.
791 1475 950 1529 Οὕτω
990 1479 1089 1530 καὶ
1140 1478 1168 1528 ὁ
1231 1478 1438 1548 Κύριος
1480 1479 1750 1548 πρότερον
1776 1479 1884 1546 ’μὲν
1913 1479 2012 1542 τὰς

414 1570 610 1633 νόσους
641 1569 960 1639 θεραπεύει,
995 1570 1089 1622 καὶ
1123 1570 1421 1638 φυγαδεύει
1451 1571 1730 1641 δαιμόνια,
1764 1567 1887 1625 εἶτα
1912 1574 2013 1640 τὴν

417 1664 568 1714 tactv
589 1661 776 1714 δίδωσι
808 1665 921 1724 τοῖς
951 1661 1359 1731 βεδλαμμένοις
1393 1663 1463 1714 τά
1493 1663 1726 1733 αἰσθητή
1738 1681 1848 1734 ρια⁶
1874 1665 2013 1734 μετὰ

413 1749 594 1802 ταῦτα
624 1749 722 1822 τὴν
759 1750 954 1817 ὑγείαν
981 1750 1272 1820 χαρίζεται
1297 1753 1412 1815 τοῖς
1439 1751 1529 1804 διὰ
1555 1753 1731 1804 νόσων
1759 1755 2011 1822 ἀπεγνω-

415 1843 640 1912 σμένων
671 1842 749 1912 τῷ
781 1841 1000 1913 Θανάτῳ
1030 1844 1427 1910 γειτνιάσασιν,
1453 1844 1528 1908 ὡς
1568 1849 1633 1914 τῇ
1663 1846 1758 1897 τοῦ
1796 1847 2004 1915 Πέτρου

416 1929 686 2000 πενθερῷ
741 1931 836 1982 καὶ
883 1931 965 2002 τῷ
1012 1931 1108 1984 τοῦ
1158 1933 1563 2002 ἑκατοντάρχου
1617 1935 1794 1988 παιδί.
1848 1935 2007 1989 Οὕτω

413 2020 856 2090 προοδοποιῆσας
914 2021 1016 2090 τῆς
1061 2022 1422 2084 ἀναστάσεως
1463 2024 1525 2076 τὸ
1574 2026 1879 2095 μυστήριον
1917 2027 2006 2079 διὰ

413 2110 512 2164 τοῦ
550 2114 816 2182 παρόντος
847 2114 1130 2184 Θαύματος
1161 2114 1539 2168 ἁνακαλύπτει
1577 2115 1739 2168 τοῦτο
1793 2117 2006 2188 τρανὼ-

412 2225 602 2279 τερον.

487 2297 596 2356 Ἦν
629 2320 716 2365 τις
741 2305 897 2367 πόλις
935 2305 1077 2359 κατά
1118 2305 1214 2376 τὴν
1254 2306 1520 2360 Ἰουδαίαν
1552 2306 1692 2360 Ναΐν
1717 2325 1732 2338 ο
1766 2309 1896 2370 παῖς
1931 2303 2000 2378 ἦν

412 2395 474 2447 ἐν
499 2395 641 2466 αὐτῇ
680 2397 981 2466 μονογενὴς
1012 2398 1162 2469 χήρᾳ
1200 2399 1310 2452 τινί
1338 2413 1350 2426 ·
1388 2399 1688 2468 μαινοίμην
1717 2400 1826 2471 γὰρ
1857 2399 2007 2453 ἄντι-

413 2503 557 2556 κρυς
622 2489 670 2540 εί
717 2491 820 2552 τὰς
859 2491 918 2542 ἐν
950 2491 1128 2558 τούτῳ
1159 2491 1343 2559 φωνὰς
1383 2491 1476 2546 τοῦ
1512 2493 1816 2554 Naso-asto;
1841 2491 2004 2562 ἀμείο

410 2579 610 2648 ψαιμι.
640 2576 750 2632 Ἦν
775 2580 870 2635 οὖν
899 2584 928 2634 ὁ
957 2585 1088 2644 παῖς
1114 2584 1215 2637 οὐκ
1250 2583 1328 2637 ἔτι
1359 2585 1628 2649 τοιοῦτος,
1657 2581 1768 2646 οἷος
1791 2586 1848 2637 ὲν
1883 2602 2008 2653 ρει-

415 2672 634 2739 ρακίοις
663 2669 826 2736 εἶναι,
866 2675 986 2728 ἀλλ’
1017 2675 1117 2747 ήδη
1152 2677 1217 2728 ὲκ
1251 2676 1458 2730 παίδων
1489 2678 1571 2738 είς
1597 2677 1772 2746 ἄνδρα
1793 2675 1967 2729 τελῶν
1987 2713 2003 2728 .

412 2763 654 2816 Νεανίαν
713 2766 876 2820 αὐτὸν
929 2767 1187 2838 ὀνομάζει
1217 2769 1277 2822 τὸ
1337 2769 1698 2838 Εὐαγγέλιον,
1737 2769 1909 2822 πολλά
1936 2769 2006 2822 δι’

410 2856 615 2924 ὀλίγων
638 2858 908 2929 διηγεῖται
941 2862 973 2931 ἡ
1005 2862 1240 2932 ἱστορία.
1295 2862 1505 2933 Θρῆνος
1564 2863 1825 2933 ἄντικρύς
1866 2865 2004 2929 ἐστι,

412 2949 476 3000 τὸ
496 2949 766 3021 διήγημα.
788 2954 966 3023 Χήρα,
995 2954 1184 3025 φησὶν,
1233 2956 1268 3025 ἡ
1290 2956 1384 3009 τοῦ
1414 2955 1744 3028 τεθνηκότος
1777 2957 1968 3028 μήτηρ
1989 2973 2004 2987 ⁸

2119 565 2543 631 dispensatione,
2570 580 2634 617 ac
2657 575 2808 619 certo
2830 565 3058 619 consilio
3094 566 3182 618 Dci
3210 581 3272 619 ac
3305 563 3608 619 Salvatoris
3631 569 3708 636 (7)

2116 655 2345 721 factum,
2398 665 2460 709 ut
2509 657 2964 710 resurrectionem
3022 659 3278 726 operibus
3337 659 3712 720 c0nlirnmret.

2119 761 2218 800 nec
2247 763 2369 802 eam
2402 747 2574 801 solum
2615 749 2814 811 verbis,
2849 750 2942 804 sed
2977 753 3140 805 etiam
3177 749 3336 804 factis
3369 755 3710 808 OSienliPl'f‘l.

2117 839 2381 906 Quoniam
2447 842 2594 895 enim
2640 858 2893 910 maguum
2933 859 2994 897 ac
3039 860 3200 908 supra
3257 844 3414 898 (idem
3469 861 3713 897 resurre-

2118 930 2316 984 ctionis
2367 929 2691 983 miraculum
2747 943 2851 993 est,
2901 947 2930 986 a
2991 933 3296 987 minoribus
3347 949 3576 987 exorsus
3618 951 3712 1000 per

2117 1021 2327 1091 majora
2360 1022 2566 1075 sensim
2602 1023 2896 1078 humanam
2927 1026 3114 1078 incitat
3143 1026 3321 1079 fidem.
3352 1027 3716 1092 Quemadmo-

2117 1115 2242 1169 dum
2281 1115 2524 1184 magistri
2571 1131 2890 1184 puerorutn,
2940 1118 3022 1169 via
3068 1120 3328 1186 quadam,
3382 1134 3446 1171 ac
3499 1119 3712 1171 ratione

2117 1218 2454 1273 congruente
2491 1209 2752 1263 ducentes
2793 1210 3044 1263 alumnos
3090 1226 3243 1271 suos,
3300 1210 3452 1263 initio
3487 1211 3709 1279 quidem

2117 1298 2383 1367 simplicia
2440 1301 2662 1353 tradunt
2710 1298 3016 1366 elementa,
3080 1300 3278 1368 quibus
3333 1300 3420 1353 ubi
3485 1301 3709 1352 excitati

2117 1389 2345 1454 fuerint,
2403 1391 2638 1461 syllabas
2691 1392 2920 1446 edocent
2964 1409 2979 1447 :
3025 1401 3188 1459 atque
3237 1392 3307 1444 ita
3350 1391 3610 1460 deinceps
3641 1392 3706 1444 ad

2117 1482 2389 1536 dictiones
2481 1481 2907 1550 orationemque
2961 1488 3304 1550 promovent.
3370 1479 3482 1532 lloc
3553 1490 3711 1545 pacto

2115 1574 2280 1628 etiam
2313 1572 2574 1628 Dominus
2601 1575 2751 1642 prius
2781 1574 3001 1642 quidem
3036 1574 3258 1626 morbos
3295 1581 3474 1632 curat,
3503 1587 3567 1624 ac
3602 1571 3713 1624 dte-

2117 1680 2308 1720 mones
2340 1665 2518 1735 fugat;
2549 1665 2744 1720 deinde
2779 1680 3004 1719 mancos
3053 1679 3119 1718 ac
3150 1664 3352 1718 debiles
3381 1663 3434 1716 in
3475 1666 3712 1730 integros

2119 1755 2360 1808 restituit
2383 1745 2581 1809 sensus
2615 1773 2629 1809 :
2663 1765 2775 1808 tum
2812 1755 3110 1824 deploratis
3139 1754 3366 1819 morbis,
3411 1755 3569 1807 morti
3598 1755 3709 1823 jam

2117 1847 2380 1916 proximis
2400 1847 2631 1916 benigne
2652 1849 2882 1902 salutem
2907 1846 3056 1901 aﬂ'crt
3084 1865 3096 1900 :
3119 1848 3260 1914 quod
3286 1848 3338 1900 in
3362 1847 3502 1901 Petri
3526 1863 3708 1912 socru,

2117 1950 2170 1992 et
2209 1957 2377 2007 puero
2394 1939 2500 2009 33
2532 1938 2881 1994 Centurionis
2913 1939 3185 2008 praistitit.
3222 1941 3400 2008 Atque
3428 1937 3497 1990 ita
3519 1939 3584 1990 ad
3621 1953 3709 1989 re—

2113 2033 2466 2086 surrectionis
2490 2037 2804 2102 mystcrimn
2828 2034 2911 2086 via
2938 2034 3041 2088 sibi
3069 2033 3298 2100 munita,
3325 2033 3575 2103 pratscnti
3610 2032 3710 2086 mi-

2120 2124 2302 2177 raculo
2328 2123 2380 2177 id
2411 2124 2651 2179 ostendit
2683 2127 2947 2194 apertius.

2190 2305 2317 2359 Erat
2351 2306 2401 2358 in
2429 2305 2616 2361 Judata
2650 2305 2842 2359 civitas
2878 2305 3031 2359 Naim
3066 2305 3245 2372 dicta;
3302 2305 3354 2360 in
3387 2320 3560 2374 eaque
3589 2305 3706 2360 cui-

2116 2398 2240 2451 dam
2273 2398 2446 2451 vidum
2481 2398 2620 2452 tilins
2653 2397 2843 2452 unicus
2882 2410 3022 2452 erat.
3049 2397 3190 2453 Sane
3219 2399 3261 2452 si
3298 2398 3397 2452 hoc
3429 2399 3544 2450 loco
3572 2396 3707 2468 Nys-

2113 2491 2229 2546 seui
2265 2490 2427 2544 verba
2483 2490 2560 2558 (8)
2598 2490 2896 2556 demutem,
2944 2507 3132 2545 amens
3181 2492 3338 2558 plane
3388 2491 3512 2544 sim.
3569 2491 3697 2544 Erat

2111 2587 2274 2651 igitur
2306 2584 2390 2636 ille
2424 2600 2526 2636 non
2551 2584 2663 2653 jam
2699 2599 2764 2636 ex
2794 2599 3087 2651 puerorum
3144 2598 3326 2651 grege,
3353 2583 3444 2635 sed
3479 2581 3700 2659 quiiam

2111 2695 2176 2732 ex
2203 2678 2426 2746 ephebis
2457 2687 2790 2740 excesserat,
2825 2676 2985 2742 atque
3019 2676 3084 2727 ad
3121 2675 3326 2727 virilem
3363 2683 3576 2727 aetatem
3611 2687 3704 2726 ac-

2115 2775 2356 2825 cederet.
2393 2752 2805 2824 Adolesceintem
2838 2783 2991 2821 sacra
3020 2782 3143 2822 eum
3179 2766 3409 2835 appellat
3437 2766 3702 2822 historia:

2116 2875 2170 2916 et
2210 2864 2394 2932 paucis
2421 2861 2588 2915 multa
2619 2859 3017 2926 complectitur,
3047 2874 3112 2914 ac
3147 2858 3308 2912 modo
3359 2875 3462 2913 non
3495 2860 3702 2912 lamen-

2120 2956 2272 3020 tatio,
2306 2955 2548 3009 narratio
2577 2963 2678 3007 est.
2715 2951 2917 3018 Vidua,
2950 2951 3145 3020 inquit,
3178 2961 3297 3006 erat
3322 2950 3480 3020 hujus
3502 2951 3702 3005 mortui

1654 3094 1984 3156 Francisei
2017 3095 2224 3157 Scorsi
2265 3101 2454 3155 notat.

491 3221 568 3289 (7)
615 3221 688 3275 Ac
723 3222 1046 3278 Saluatoris.
1077 3224 1134 3277 lu
1186 3223 1460 3278 reddenda
1493 3224 1679 3279 Grmca
1710 3240 1844 3277 voce
1887 3225 2000 3275 Σωο
2034 3229 2078 3284 C
2113 3225 2359 3279 scribere.
2403 3233 2545 3278 esset
2601 3237 2764 3292 opera
2805 3223 2973 3276 abuti.
3010 3220 3143 3275 illul
3179 3234 3308 3272 vero
3339 3217 3429 3292 hic
3463 3217 3696 3271 adnota-

413 3294 544 3362 τὴρ,
572 3308 702 3344 usus
743 3307 1003 3363 perpetuo
1033 3311 1150 3347 sum
1197 3295 1388 3348 Latina
1433 3313 1537 3347 non
1577 3293 1870 3350 Servatoris
1903 3295 1994 3347 sed

415 3363 742 3426 Saluatoris,
795 3378 973 3417 motus
1008 3366 1243 3419 maxime
1288 3367 1596 3418 hortatione
1645 3367 1703 3419 P.
1748 3363 1870 3417 Juli
1907 3364 1999 3417 Ni-

414 3433 593 3501 gronii
621 3448 732 3488 soc.
764 3433 917 3499 Jesu,
955 3436 1045 3503 qui
1076 3436 1126 3488 in
1161 3437 1362 3493 libello,
1397 3452 1505 3504 quo
1543 3436 1776 3502 Regulos
1815 3435 1998 3487 socie-

416 3505 550 3558 tatis
580 3515 775 3557 ttostrte
807 3505 1082 3572 explanat,
1125 3505 1566 3561 diSserlationetn
1605 3508 1761 3560 habet
1789 3506 1856 3559 de
1897 3507 1996 3558 hac

416 3591 479 3629 re
518 3573 864 3637 luculentam,
909 3587 960 3629 et
1002 3592 1109 3630 non
1143 3577 1318 3631 solum
1352 3576 1666 3641 scrupulum
1705 3575 1889 3628 eximit
1931 3577 1998 3628 iis

415 3644 510 3707 qui
541 3642 842 3696 Salvatoris
866 3647 1082 3698 nomine
1112 3657 1168 3699 nt
1201 3649 1378 3699 minus
1416 3646 1632 3705 Latino.
1661 3661 1755 3698 sua
1793 3655 1996 3703 scripta

415 3713 710 3769 deformari
749 3724 961 3780 putant,
991 3717 1082 3770 sed
1125 3718 1288 3770 etiam
1322 3717 1634 3784 religionem
1681 3716 1765 3768 his
1799 3714 1995 3782 injiett,

413 3786 563 3850 qum]
598 3785 648 3836 in
682 3785 1022 3840 Salvatoretn
1057 3787 1230 3854 ipsum
1257 3788 1440 3840 minus
1490 3787 1560 3854 pii
1619 3795 1670 3839 et
1705 3785 1844 3854 grati
1875 3800 1996 3839 esse

417 3854 726 3925 videantur.
760 3857 998 3925 Primum
1036 3867 1256 3925 praestat
1293 3858 1520 3911 dicendo
1569 3855 1871 3909 Salvatoris
1905 3872 2000 3907 vo-

418 3939 540 3976 cem
573 3924 641 3978 ab
685 3941 780 3978 usu
818 3924 1254 3993 Latinte’lingute
1284 3943 1390 3980 non
1421 3927 1646 3980 omnino
1679 3927 1994 3988 abhorrere,

415 3995 641 4062 quando
670 4011 731 4048 ea
785 3997 836 4048 in
876 3997 1100 4064 antiquo
1128 4000 1362 4066 quodam
1398 3997 1572 4064 lapide
1602 3997 1814 4059 legatur
1847 4013 1861 4049 :
1912 4012 1999 4048 se-

415 4066 656 4118 cundum
688 4066 1027 4120 ostendendo
1047 4069 1257 4120 etiamsi
1295 4069 1471 4120 minus
1505 4067 1823 4121 latinitatem
1849 4081 2003 4133 sape-

419 4145 505 4188 ret
531 4134 583 4186 id
620 4136 965 4198 vocabulum,
1000 4138 1367 4203 usurpandum
1404 4147 1604 4202 tamen,
1639 4138 1764 4205 quia
1801 4133 1998 4189 Serva-

417 4206 783 4275 torisinomen
818 4209 996 4259 minus
1026 4209 1285 4275 exprimit
1327 4209 1434 4260 vim
1472 4207 1719 4261 beneficii
1758 4222 1784 4258 τι
1837 4205 1998 4259 Chri-

418 4285 508 4345 sto
564 4274 792 4329 Domino
835 4280 1066 4344 accepti.
1104 4274 1164 4330 ’Id
1215 4287 1413 4344 pra-ter
1465 4279 1706 4331 rationes
1759 4278 1827 4328 ab
1881 4277 1999 4345 ipso

418 4344 638 4407 allatas,
665 4360 803 4416 quas
837 4346 925 4400 hic
976 4362 1081 4402 non
1116 4363 1374 4416 congero.
1427 4349 1768 4414 perspicuum
1807 4347 1863 4400 lit
1901 4344 2000 4400 au-

418 4417 677 4469 ctoritate
705 4415 773 4470 11.
820 4416 1004 4486 Tullii,
1037 4419 1125 4486 qui
1171 4417 1378 4486 Latina;
1436 4418 1632 4480 linguae
1663 4431 1900 4486 parens,
1944 4425 1999 4470 et

417 4497 707 4554 patronus,
743 4498 884 4540 Orat.
911 4485 967 4550 2,
996 4485 1103 4540 act.
1132 4488 1187 4548 2,
1222 4490 1276 4540 in
1331 4485 1566 4550 Verrem,
1598 4488 1677 4539 sic
1709 4487 1783 4537 ait
1810 4502 1824 4538 :
1862 4485 1998 4539 Eum

420 4571 528 4607 non
554 4557 726 4608 solum
750 4571 1030 4622 patronum
1071 4560 1221 4611 istius
1251 4559 1477 4624 insulae;
1506 4560 1596 4611 sed
1624 4558 1780 4609 etiam
1822 4567 2000 4610 sotera

417 4627 735 4697 inscriptum
767 4629 871 4680 vidi
899 4627 1200 4697 Syracusis.
1228 4628 1337 4682 Hoc
1355 4638 1611 4696 quantum
1640 4625 1759 4678 est?
1788 4627 1864 4680 ita
1889 4643 2005 4680 ma-

418 4711 582 4765 gnum
619 4710 670 4747 ut
703 4694 891 4750 Latino
923 4694 1026 4752 uno
1062 4699 1214 4752 verba
1244 4694 1466 4766 exprimi
1490 4715 1588 4750 non
1621 4699 1826 4764 possit:
1861 4699 1904 4748 is
1927 4705 2005 4750 est

420 4767 784 4837 enimgsoran,
818 4771 908 4836 qui
939 4770 1161 4820 salutem
1189 4769 1353 4821 dedit.
1388 4769 1442 4821 In
1472 4784 1632 4837 quem
1660 4767 1837 4820 locum
1865 4767 2006 4820 Pau-

423 4835 514 4889 lus
538 4835 846 4891 Manutius:
882 4838 1036 4894 Solcr
1082 4839 1327 4892 Gra’cum
1367 4835 1554 4892 nomen
1597 4854 1728 4901 esse,
1787 4847 1833 4888 et
1884 4853 2003 4890 eum

420 4906 750 4978 signiﬁcare,
777 4911 866 4978 qui
893 4911 1115 4963 salutem
1153 4911 1295 4962 dedit
1343 4913 1456 4977 ipso
1488 4920 1692 4962 constat
1725 4909 2006 4978 interprete

422 4973 718 5046 Cicerone;
763 4973 865 5044 quo
898 4989 1040 5044 putet
1070 4973 1373 5034 communis
1399 4995 1546 5031 error
1579 4995 1760 5031 eorum
1788 4981 1874 5046 qui
1903 4977 2003 5030 Je-

422 5061 541 5096 sum
585 5045 877 5118 Christum,
914 5050 1066 5118 cujus
1102 5050 1427 5103 immortalia
1468 5053 1654 5118 nterim
1689 5045 1834 5100 nullo
1875 5049 2004 5100 satis

421 5130 530 5188 uno
551 5117 698 5168 rcibo
728 5120 952 5188 exprimi
977 5117 1179 5174 Latine
1203 5130 1420 5188 queunt.
1453 5117 1786 5172 Set-natarent
1821 5119 2006 5184 appel-

425 5186 577 5249 lant;
608 5190 755 5240 aliud
797 5186 940 5241 mm
989 5201 1063 5242 est
1117 5186 1350 5250 seruare,
1388 5191 1536 5241 aliud
1571 5192 1800 5243 salutem
1851 5190 2000 5241 dare.

424 5255 612 5309 Servat
640 5259 702 5320 is,
725 5261 818 5329 qui
847 5277 908 5312 ne
937 5261 1083 5313 salus
1108 5264 1408 5320 amittatur,
1433 5261 1610 5328 aliqua
1636 5259 1840 5311 ratione
1865 5275 2004 5322 prte-

422 5335 569 5391 stat;
612 5331 837 5382 salutem
861 5331 975 5391 dat,
1009 5333 1097 5396 qui
1128 5333 1376 5384 amissam
1405 5331 1655 5389 restituit.
1695 5330 1847 5383 lianc
1890 5345 2000 5381 tto—

425 5407 537 5448 tam
571 5400 622 5450 in
661 5402 894 5452 nominis
923 5398 1070 5460 Jesu,
1106 5405 1204 5454 hoc
1251 5415 1334 5454 est
1367 5401 1663 5461 Salvatoris
1687 5399 1912 5461 cultmn,
1947 5407 2002 5452 et

423 5479 931 5539 reemnrperzeque,
963 5482 1018 5524 et
1042 5472 1186 5539 pium
1213 5487 1366 5524 usum
1398 5471 1810 5536 impendendam
1848 5469 1998 5521 duxi.

496 5538 576 5606 (8)
621 5538 852 5609 Nysseni
883 5538 1057 5594 verba.
1091 5540 1214 5595 llaec
1241 5558 1361 5606 quze
1392 5541 1628 5595 mutuari
1657 5554 1755 5591 nec
1791 5552 2001 5609 mutare

423 5622 484 5660 se
516 5609 652 5661 Velle
681 5607 1047 5674 Theophanes
1103 5616 1404 5678 prolitetur.
1449 5613 1592 5679 leges
1647 5612 1700 5662 in
1739 5609 1878 5679 li_bro
1929 5607 2001 5679 De

423 5679 690 5733 creatione
717 5681 970 5744 hominis,
995 5674 1115 5748 cap;
1143 5683 1235 5746 26,
1269 5697 1333 5734 ett
1371 5682 1478 5735 illis
1503 5674 1686 5734 verbis
1717 5696 1730 5731 :
1759 5674 1874 5748 illv
1908 5677 2001 5730 οὖν

423 5749 453 5799 ό
491 5753 622 5821 παῖς
659 5752 766 5803 οὐκ
798 5752 880 5802 ἔτι
919 5747 1194 5817 τοιοῦτος,
1242 5767 1414 5821 usque
1445 5752 1510 5806 ad
1541 5751 1626 5804 illa
1657 5769 1669 5803 :
1702 5747 1766 5801 Τί
1822 5749 2002 5802 τοίνυν

427 5818 606 5892 πάσχε
637 5839 694 5889 ν;
733 5837 858 5892 qua:
889 5838 1009 5877 cum
1038 5825 1224 5881 eadem
1256 5818 1404 5893 legas
1430 5824 1483 5878 in
1529 5821 1632 5891 hoc
1659 5829 1865 5892 nostra,
1915 5835 2001 5875 rt:-

2115 3297 2217 3350 rim
2269 3289 2688 3362 descriptionum
2740 3294 3103 3353 adolescentis
3157 3289 3375 3362 mortui,
3408 3301 3694 3362 {atteram-

2109 3380 2254 3420 nosa:
2285 3357 2474 3419 matris
2510 3380 2537 3415 a
2580 3363 2842 3434 Nysseno,
2891 3364 3040 3417 velut
3072 3360 3380 3434 inchoatam
3410 3357 3700 3434 Theopha-

2108 3453 2230 3489 nem
2279 3451 2343 3488 ex
2403 3430 2642 3501 ingenio'
2675 3451 2774 3487 suo
2813 3434 3024 3501 longius
3082 3433 3339 3488 dilatare.
3382 3440 3435 3481 et
3489 3430 3692 3501 tragica

2106 3507 2266 3574 plane
2326 3500 2646 3574 hypotyposi
2680 3545 2695 3569 ,
2738 3500 2928 3558 multis
2996 3502 3236 3574 insertis,
3269 3500 3696 3574 prosopopmiis,

2107 3570 2447 3630 auditoribus
2496 3570 2614 3629 suis
2649 3575 2824 3628 vidua:
2861 3576 3050 3627 matris
3102 3572 3369 3639 subjicere
3408 3570 3696 3622 calamita-

2109 3657 2242 3699 tem.
2291 3645 2347 3698 [tl
2398 3646 2539 3714 quod
2594 3661 2698 3698 non
2753 3646 2818 3697 ad
2872 3645 3295 3698 ostentationem
3349 3641 3695 3714 e'°ﬂ_"“mi_m.

2108 3711 2635 3776 delectationemque
2685 3716 2994 3768 auditorum
3049 3716 3208 3766 modo
3246 3711 3568 3778 captandam
3615 3711 3698 3762 fa-

2108 3795 2252 3838 ctum
2292 3802 2318 3835 a
2368 3785 2516 3849 gravi
2548 3784 2878 3838 Ecclesiaste
2912 3785 3073 3836 velim
3120 3783 3446 3844 existimari,
3485 3782 3578 3833 sed
3641 3793 3698 3832 ut

2106 3871 2170 3910 ea
2223 3855 2508 3908 evidenter
2562 3855 2839 3924 proposita
2893 3855 3248 3920 intelligatur,
3303 3865 3462 3915 quam
3501 3866 3697 3917 magum

2108 3926 2316 3979 ratione
2353 3924 2602 3978 Christus
2632 3925 2696 3976 ad
2742 3924 3174 3978 misericordiam
3214 3928 3390 3972 motus
3425 3929 3694 3970 mortuum

2107 3995 2508 4048 adolescentem
2545 3997 2706 4048 etiam
2756 4011 2862 4047 non
2913 4001 3128 4058 rogatus
3171 3990 3449 4044 suscitarit
3497 4005 3510 4041 :
3550 3991 3694 4057 quod

2105 4066 2270 4119 etiam
2301 4064 2465 4117 fuisse
2527 4065 2808 4118 consilium
2873 4066 2931 4118 S.
2991 4063 3147 4117 Lucas
3207 4060 3413 4129 optime
3466 4061 3701 4122 advertit

2106 4134 2344 4188 Joannes
2375 4135 2713 4188 MaIdOnatus
2745 4136 3022 4187 societatis
3077 4141 3276 4185 nostra:
3325 4129 3702 4186 iiIClliCIliiSSi-g

2109 4221 2230 4258 tuus
2261 4205 2679 4273 Evangeliorum
2717 4205 3020 4272 interpres;
3059 4219 3178 4255 nam
3217 4209 3270 4254 et
3297 4201 3701 4273 ipsecvange—

2109 4275 2233 4329 lista
2266 4269 2510 4330 eatntletn
2544 4269 2910 4328 calamitatem
2959 4276 3174 4342 paucis,
3217 4270 3312 4325 sed
3346 4269 3512 4324 multa
3545 4286 3699 4323 com-

2111 4346 2577 4413 prehendentibus
2603 4347 2784 4399 verbis
2812 4347 3100 4411 descripsit
3129 4363 3140 4397 :
3175 4355 3228 4396 et
3256 4351 3491 4408 quatuor
3517 4343 3698 4408 attigit.

2108 4409 2552 4469 circumsta‘ntias
2581 4417 2778 4481 quibus
2838 4409 3028 4483 ingens
3089 4413 3258 4466 videri
3309 4420 3494 4483 posset
3551 4415 3692 4476 quod

2110 4484 2469 4547 adolescens,
2529 4495 2692 4552 atque
2746 4486 2879 4540 adeo
2901 4481 3254 4538 illorescente
3306 4481 3485 4534 adlmc
3540 4489 3700 4534 aetate

2039 4587 2082 4642 υ
2111 4556 2460 4642 decessisset,
2485 4557 2628 4642 quod
2661 4557 2850 4642 tltlilt'T-IIS
2883 4565 3029 4610 eSset
3072 4553 3457 4642 ιιιειι-ιῆιςειιιξξξε

2112 4626 2252 4680 alios
2287 4628 2400 4690 haec
2431 4621 2712 4678 habuisset
2745 4626 2964 4686 liberos.
2997 4639 3104 4678 non
3136 4632 3342 4676 tantum
3381 4621 3458 4673 illi
3491 4621 3696 4676 doloris

2110 4698 2269 4750 unius
2303 4711 2449 4749 mors
2480 4697 2788 4752 attulisset:
2817 4695 2956 4764 quod
2992 4707 3164 4748 mater
3194 4703 3338 4746 esset
3370 4690 3550 4764 vidua,
3578 4707 3699 4759 quze

2109 4775 2163 4818 et
2193 4767 2327 4829 viro,
2375 4775 2428 4818 et
2477 4765 2668 4817 liberis
2697 4761 2854 4828 orba,
2886 4776 3050 4833 atque
3109 4769 3322 4816 deserta
3362 4761 3699 4828 relinquere,

2109 4845 2202 4890 tur
2234 4853 2247 4888 :
2282 4837 2423 4904 quod
2459 4835 2699 4902 locuples
2755 4847 2811 4891 et
2844 4836 3097 4906 primaria
3126 4834 3350 4906 fantium,
3379 4847 3552 4906 quam
3581 4848 3694 4906 tiu...

2109 4922 2214 4976 gua
2251 4902 2434 4976 populi
2468 4909 2625 4960 turba
2677 4902 3096 4976 prosequeretur
3130 4906 3181 4957 in
3230 4902 3436 4976 funere
3465 4902 3553 4954 lilii
3575 4918 3602 4976 ;7
3625 4903 3696 4954 ita

2110 4974 2215 5030 non
2250 4974 2498 5042 habebat,
2529 4991 2690 5044 quem
2743 4974 2868 5047 post
2920 4989 3148 5029 mortem
3212 4989 3364 5026 Suam
3426 4974 3695 5047 literedcnt

2111 5047 2437 5104 institueret,
2463 5049 2604 5112 quod
2631 5045 2822 5112 magna
2855 5065 2972 5099 esse
3001 5048 3140 5098 solet
3167 5047 3389 5096 divitum
3429 5045 3480 5094 in
3514 5056 3688 5094 morti:

2104 5118 2426 5171 consolatio.
2467 5117 2610 5178 ηερ,
2641 5118 2817 5185 inquit.
2851 5119 3205 5176 Malnlouatus,
3241 5131 3305 5166 eo
3352 5116 3420 5166 ab
3455 5129 3691 5184 evange-

2101 5187 2227 5241 lista
2277 5196 2385 5240 tam
2451 5188 2658 5240 minute
2707 5198 3024 5248 narrantur,
3088 5200 3144 5239 ttt
3205 5190 3435 5245 doceat,
3497 5185 3695 5251 quibus

2103 5258 2287 5312 causis
2335 5255 2591 5311 Chrisuts
2640 5270 2832 5323 sponte
2897 5259 2964 5309 ad
3015 5272 3140 5310 eum
3177 5273 3242 5310 ex
3304 5264 3478 5306 morte
3540 5269 3694 5309 rettu-

2104 5328 2340 5380 caudam
2397 5340 2684 5381 accesserit
2721 5345 2734 5382 :
2775 5345 2883 5395 quo
2937 5329 3099 5380 etiam
3145 5325 3390 5395 cauailio
3444 5333 3690 5376 nostrum

2104 5396 2487 5465 Theophanem
2549 5399 2600 5449 in
2658 5399 2760 5451 hac
2794 5394 3043 5453 oratoria
3081 5394 3505 5465 ampliﬁcatione
3537 5408 3692 5444 usum

2109 5464 2435 5534 interpretor
2482 5483 2498 5522 :
2545 5472 2690 5534 quod
2719 5471 2948 5536 ipsemet
2979 5469 3083 5520 illis
3121 5467 3300 5519 verbis
3329 5464 3460 5516 satis
3501 5473 3687 5536 osten-

2107 5541 2205 5598 dit,
2238 5531 2358 5601 qme
2391 5546 2509 5601 post
2536 5531 2920 5605 ampliﬁcatam
2953 5538 3191 5593 dolorem
3233 5538 3417 5585 matris
3446 5531 3645 5605 adjecit
3676 5549 3689 5583 :

2114 5607 2173 5678 Et
2207 5607 2299 5659 ubi
2365 5608 2491 5660 vidit
2527 5601 2726 5678 (.IesuS)
2784 5610 2993 5662 ridumn
3032 5605 3385 5678 seminudqm,
3436 5601 3693 5670 sanguine

2106 5675 2457 5746 lacrymisque
2486 5675 2774 5746 perfusam,
2807 5687 3067 5731 commota
3100 5683 3221 5728 sunt
3252 5675 3299 5725 ei
3346 5688 3570 5750 vacem,
3600 5685 3692 5750 ut:

2106 5743 2334 5814 potevqui
2373 5743 2912 5818 uatttra’inisericors,
2964 5764 3058 5818 pro
3113 5762 3173 5800 ea
3207 5759 3323 5814 qua
3375 5744 3543 5797 iuerat
3602 5743 3688 5798 illi

2107 5835 2231 5894 erga
2260 5817 2520 5874 hominem
2543 5817 2884 5892 benignitate.
