4072 6410
390 330 496 394 223

1594 324 2097 388 THEOPHANIS
2136 324 2486 386 CERAMEI

3570 324 3679 388 εει

392 456 588 501 tnater.
616 445 950 499 Gravitatem
985 442 1316 499 calamitatis
1353 442 1537 509 vides;
1569 451 1625 498 et
1650 458 1759 511 quo
1790 443 1986 497 verbo«

2093 440 2225 519 δρᾷς
2255 441 2316 493 τὸ
2356 440 2524 511 βάρος
2558 438 2659 507 τῆς
2691 439 3018 510 συμφορᾶς
3054 438 3171 502 πῶς
3204 440 3263 491 ἐν
3297 438 3500 507 ὀλίγοις
3533 443 3562 493 δ
3592 442 3683 495 λό-

392 555 514 592 rum
553 537 876 607 compendio
910 553 1020 590 rem
1047 534 1411 589 miserabilem
1444 535 1647 604 tragice
1682 547 1988 603 repraesen-

401 631 561 683 tavit.
591 628 731 695 Quid
765 628 909 682 enim
943 627 1089 680 aliud
1124 626 1227 679 dici
1259 625 1562 687 existimas,
1595 639 1756 693 quam
1788 622 1986 677 nullam

393 722 855 791 procreandorum
888 721 1183 774 liberorum
1215 734 1366 785 spem
1403 720 1665 786 reliquam
1691 732 1834 778 esse,
1870 731 1989 786 quae

394 815 578 869 amissi
608 814 699 867 filii
729 812 1077 868 acerbitatem
1108 812 1362 881 mitigare
1386 811 1611 880 posset?
1640 809 1812 864 Vidua
1841 811 1986 864 enim

395 908 591 961 mulier
638 917 777 960 erat.
817 905 930 959 Non
987 904 1241 968 habebat,
1296 905 1349 957 in
1401 920 1562 971 quem
1614 903 1851 957 defuncti
1897 902 1986 956 lilii

394 1000 513 1054 loco
536 1008 876 1052 converteret
898 997 1124 1063 oculos;
1157 996 1386 1065 unigena
1417 996 1617 1066 quippe
1645 1004 1783 1049 erat.
1809 994 1991 1060 Quan—

394 1102 506 1145 tnm
543 1106 671 1145 vero
725 1092 776 1144 in
823 1090 927 1144 hoc
960 1090 1032 1144 sit
1085 1089 1232 1154 mali,
1276 1089 1538 1159 intelliget
1595 1087 1753 1141 facile
1795 1086 1887 1157 qui
1922 1088 1989 1139 ah

393 1185 629 1238 humana
663 1192 855 1235 natura
888 1197 994 1235 non
1026 1181 1428 1250 peregrinatur.
1468 1182 1521 1233 In
1548 1195 1612 1233 eo
1663 1180 1777 1234 solo
1804 1179 1988 1235 fuerat

393 1274 610 1328 dolores
641 1283 829 1341 partus
874 1282 1131 1341 experta;
1179 1273 1302 1326 huic
1338 1272 1435 1327 soli
1483 1273 1784 1342 praebuerat
1817 1290 1989 1327 mam-

393 1382 548 1431 mas;
596 1366 741 1421 solus
792 1380 1030 1420 mensam
1078 1365 1436 1429 exhilarabat,
1483 1368 1630 1420 solus
1680 1376 1798 1420 erat
1842 1366 1986 1420 domi

394 1458 594 1512 laetitiae
642 1472 838 1525 Sages;
888 1457 1002 1511 sive
1053 1457 1281 1522 ludicra,
1332 1458 1444 1511 sive
1492 1457 1634 1512 seria
1681 1470 1887 1527 ageret,
1935 1469 1990 1512 et

395 1550 811 1618 quibuscuuque
857 1549 1339 1602 exercitationibus
1387 1550 1539 1603 daret
1583 1565 1838 1617 operam;
1875 1552 1990 1604 sive

396 1643 451 1695 in
494 1640 639 1707 foro,
678 1643 794 1697 sive
827 1644 876 1694 in
916 1642 1192 1710 palaestra,
1217 1643 1331 1693 sive
1381 1641 1431 1694 in
1471 1641 1756 1710 tequalium
1790 1655 1987 1695 corona

394 1735 833 1801 conspiceretur;
861 1734 1122 1802 quidquid
1150 1733 1340 1786 matris
1357 1733 1526 1786 oculis
1548 1732 1707 1787 dulce
1730 1734 1989 1786 charum-

2091 546 2187 599 γος
2217 531 2278 582 τὸ
2317 530 2488 592 πάθος
2540 529 2976 599 ἐξετραγῴδησε.
3012 529 3054 581 Τ
3064 530 3080 581 ί
3131 529 3240 599 γάρ
3281 530 3399 583 ἐστι
3421 530 3482 582 τὸ
3529 531 3686 600 λεγό-

2094 639 2256 693 μενον
2281 638 2296 687 ;
2324 622 2439 676 Οὐκ
2471 618 2539 693 ἦν
2571 622 2741 691 αὐτῆς
2775 622 3123 685 παιδοποιΐας
3157 621 3318 685 ἐλπὶς
3346 624 3445 693 τὴν
3477 625 3571 676 ἐπὶ
3605 626 3686 693 τῷ

2091 716 2400 769 ἐκλείποντι
2462 716 2754 784 συμφορὰν
2832 716 3426 787 θεραπεύουσαοχήρα
3492 720 3603 789 γὰρ
3652 720 3686 789 ή

2092 806 2234 875 γυνή
2262 820 2277 835 ⁸
2306 807 2409 858 οὑκ
2442 803 2554 876 εἶχε
2580 806 2718 875 πρὸς
2743 806 2934 873 ἓτερον
2962 808 3083 859 ἀντί
3104 806 3200 859 τοῦ
3250 811 3687 875 κατοιχουμὲνου

2094 896 2315 966 βλέπειν
2342 914 2355 927 ·
2392 900 2689 967 μονογενὴς
2746 898 2856 966 γὰρ
2904 898 2932 950 δ
2990 898 3169 960 τόκος.
3208 899 3376 953 Ὅσον
3413 900 3470 952 δὲ
3500 902 3562 952 τὸ
3598 901 3691 953 ἐπὶ

2089 985 2280 1038 τούτου
2316 986 2509 1047 κακὸν,
2545 986 2729 1056 ῥᾴδιον
2785 987 3018 1039 συνιδεῖν
3058 987 3134 1056 τῷ
3182 988 3257 1058 μὴ
3301 989 3689 1061 άποξενομένῳ

2090 1077 2191 1145 τῆς
2222 1074 2462 1142 φύσεως.
2495 1076 2674 1128 Μόνον
2706 1077 2763 1128 ἐν
2783 1075 2973 1128 ὠδῖσιν
3005 1078 3212 1131 ἐκεῖνον
3266 1079 3556 1149 ἐγνώρισε,
3593 1083 3692 1149 μό-

2091 1187 2182 1222 νον
2203 1172 2329 1232 ταίς
2352 1169 2547 1238 θηλαῖς
2578 1169 2773 1223 τοῦτον
2805 1170 3173 1242 ἐτιθηνίσατο,
3199 1154 3355 1240 μόνος
3392 1175 3529 1245 αὐτῇ
3558 1192 3691 1244 φαι-

2090 1258 2227 1326 δρὰν
2278 1260 2456 1312 ἐποίει
2500 1260 2599 1330 τὴν
2650 1261 2956 1329 τράπεζαν,
3005 1262 3168 1332 μόνος
3200 1258 3269 1326 ἦν
3299 1263 3399 1329 τῆς
3423 1266 3565 1318 κατὰ
3596 1265 3692 1319 τὸν

2090 1346 2240 1402 οἷκον
2274 1349 2639 1420 φαιδρότητος
2675 1353 2708 1421 ή
2745 1351 3026 1417 ὑπόθεσις,
3055 1352 3295 1417 παίζων.
3342 1356 3688 1419 σπουδάζων,

2090 1440 2458 1510 ἀσκούμενος,
2517 1442 2949 1512 φαιδρυνόμενος
2971 1445 3030 1495 ἐν
3071 1444 3348 1515 προόδοις,
3383 1447 3442 1498 ἐν
3490 1447 3694 1501 παλαί-

2093 1551 2310 1604 στραις,
2337 1535 2396 1587 ἐν
2422 1535 2709 1604 συλλόγοις
2739 1536 3011 1606 νεότητος.
3042 1538 3176 1590 Πᾶν
3218 1538 3302 1592 ὃτι
3347 1540 3553 1611 μητρὸς
3587 1542 3693 1611 ὀφ-

2092 1626 2319 1692 θαλμοῖς
2372 1627 2547 1695 γλυκύ
2610 1644 2691 1689 τε,
2752 1629 2848 1681 καὶ
2884 1628 3087 1698 τίμιον,
3138 1630 3302 1699 μόνος
3353 1632 3563 1695 ἐκεῖνος
3594 1629 3690 1687 ἦν.

2096 1722 2237 1791 Ἤδη
2262 1720 2358 1775 τοῦ
2382 1720 2567 1791 γάμου
2623 1721 2723 1788 τὴν
2758 1720 2910 1791 ὥραν
2946 1722 3115 1788 ἄγων,
3148 1725 3177 1775 ὁ
3206 1722 3303 1776 τοῦ
3363 1723 3556 1791 γένους
3591 1724 3694 1796 δρ-

396 1840 504 1893 que
534 1837 715 1893 posset
758 1839 1068 1888 occurrere,
1101 1825 1152 1879 in
1185 1841 1247 1879 eo
1280 1826 1399 1879 solo
1427 1825 1663 1894 positum
1695 1836 1834 1879 erat.
1864 1823 1982 1878 Jam

2095 1814 2229 1884 πηξ,
2263 1815 2292 1867 ὁ
2324 1814 2423 1884 τῆς
2449 1814 2702 1885 διαδοχῆς
2725 1814 2943 1878 κλάδος,
2980 1815 3014 1884 ή
3041 1814 3321 1885 βακτηρία
3351 1815 3448 1868 τοῦ
3477 1817 3692 1886 γήρως.

395 1919 652 1972 ducenda:
674 1919 857 1971 uxoris
889 1928 1156 1981 maturus,
1209 1919 1372 1971 totius
1396 1918 1607 1986 generis
1645 1919 1810 1986 stirps
1843 1918 1990 1986 ejus-

396 2025 500 2077 que
541 2008 868 2078 propagandi
908 2024 1113 2071 ramus,
1149 2021 1203 2061 et
1252 2009 1643 2062 adminiculum
1693 2008 1991 2061 senectutis

395 2112 534 2155 erat.
565 2101 669 2154 Sed
703 2101 879 2154 :etatis
912 2100 1346 2154 additamentum
1379 2100 1525 2154 aliud
1558 2102 1858 2154 lamentum
1884 2108 1988 2153 est.

394 2193 531 2246 Cum
565 2194 708 2246 enim
738 2194 1136 2247 adolescentem
1170 2193 1328 2255 dixit,
1366 2192 1553 2246 florem
1583 2195 1761 2245 artatis
1808 2207 1989 2246 emar—

395 2285 577 2338 coisse
605 2285 899 2339 denotavit.
938 2284 1038 2338 Cui
1085 2284 1302 2355 quidem
1339 2287 1511 2354 prima
1558 2285 1754 2353 lanugo
1796 2286 1989 2339 vestie-

393 2386 480 2430 rat
516 2391 704 2444 genas,
742 2379 978 2432 nondum
1010 2379 1076 2431 ad
1103 2378 1306 2446 justam
1343 2378 1521 2432 barba:
1558 2379 1987 2448 magnitudinem

394 2481 573 2535 aucta,
611 2480 665 2523 et
694 2471 745 2523 in
772 2472 925 2540 genis
960 2472 1124 2525 etiam
1174 2479 1301 2526 tunc
1331 2471 1736 2540 pulchritudine
1772 2473 1993 2526 interlu-

395 2573 575 2616 cente.
611 2560 670 2615 In
714 2578 900 2616 amore
956 2579 1019 2616 ac
1053 2563 1327 2617 desiderio
1375 2565 1616 2616 omnium
1670 2579 1804 2633 puer
1849 2572 1987 2618 erat.

394 2653 641 2723 Itutuptac
675 2653 798 2706 talis
834 2653 1021 2723 sponsi
1077 2653 1427 2722 coojngium;
1483 2653 1743 2722 cuttjnges
1793 2655 1988 2724 progi-

393 2757 560 2811 gnere
599 2741 735 2794 tales
766 2742 903 2795 filius
933 2743 1068 2796 votis
1095 2744 1389 2811 Optahaut;
1425 2757 1583 2797 senes
1617 2743 1742 2797 huic
1775 2744 1990 2796 adoles-

392 2834 562 2897 centi,
591 2844 650 2887 ut
681 2834 897 2902 proprio
929 2834 1058 2897 lilio,
1096 2833 1407 2887 studebant.
1442 2831 1615 2887 Vidua
1653 2849 1784 2888 vero
1815 2842 1992 2888 mater

394 2925 677 2992 complexu
710 2941 769 2980 se
798 2926 908 2978 lilio
939 2926 1226 2995 implieans
1268 2925 1563 2981 identidem
1593 2926 1906 2991 laetabatur,
1938 2938 1990 2981 et

393 3031 459 3071 ex
490 3017 649 3071 labiis
678 3016 890 3083 liorem,
938 3020 1191 3071 ruborem
1223 3034 1288 3072 ex
1319 3018 1492 3088 genis,
1540 3018 1750 3073 osculis
1798 3021 1990 3074 decer-

2107 1905 2269 1959 Ἀλλὰ
2297 1906 2392 1959 καὶ
2443 1907 2544 1975 τῆς
2576 1907 2799 1976 ἡλικίας
2835 1906 3128 1975 προσθήκη
3170 1905 3331 1969 ἄλλος
3365 1906 3587 1976 θρῆνος.
3631 1907 3695 1959 ’0

2092 2000 2202 2069 γὰρ
2226 2000 2449 2051 νεανίαν
2481 1996 2677 2061 εἰπὼν,
2706 1998 2768 2049 τὸ
2797 1998 2959 2059 ἄνθος
2998 1992 3120 2049 εἷπε
3165 1999 3266 2067 τῆς
3310 2000 3695 2069 μαρανθείσης

2094 2090 2265 2160 ὥρας..
2302 2091 2465 2159 Ἀρτι
2520 2091 2633 2150 τοῖς
2689 2088 2886 2149 ἰούλοις
2917 2089 3347 2160 ὑποχλοάζοντα,
3389 2090 3544 2144 οὔπω
3592 2092 3696 2146 τοῦ

2096 2183 2360 2252 πώγωνος
2412 2184 2500 2237 διὰ
2540 2183 2739 2254 βάθους
2772 2184 3293 2252 ὑποπιμπλάμενον,
3327 2183 3406 2239 ἔτι
3451 2189 3529 2252 τῷ
3556 2186 3698 2240 κάλ-

2093 2275 2176 2329 λει
2208 2276 2318 2330 τῶν
2367 2276 2614 2348 παρειῶν
2665 2276 3059 2330 ἀποστίόοντα,
3103 2278 3404 2347 Ἐράσμιος
3460 2274 3553 2349 ἦν,
3592 2282 3697 2332 καὶ

2096 2367 2444 2439 ποθούμενος
2500 2370 2668 2422 πᾶσιν
2719 2370 2746 2421 ὀ
2780 2371 2931 2432 παῖς.
2971 2370 3037 2422 Ai
3070 2369 3336 2440 παρθένοι
3383 2371 3698 2441 ἐπηύχοντο

2099 2461 2348 2513 τοιούτου
2375 2461 2615 2529 νυμφίου
2646 2460 2907 2529 γενέσθαι
2929 2461 3202 2530 ὀμόζυγες
3226 2477 3240 2492 ·
3278 2462 3335 2514 αί
3373 2461 3478 2515 ὑπὸ
3501 2462 3697 2531 ζυγὸν,

2098 2552 2382 2617 τοιούτους
2415 2553 2564 2623 ἔχειν
2596 2552 2769 2615 υἱούς.
2806 2555 2869 2607 οι
2906 2554 3165 2622 γέροντες
3190 2553 3267 2621 τῷ
3302 2553 3489 2625 νεανίᾳ
3517 2570 3699 2624 προσ-

2094 2651 2259 2718 εῖχον,
2317 2648 2393 2707 ὡς
2441 2649 2630 2719 οἰκείῳ
2670 2650 2844 2702 παιδί.
2887 2648 2952 2703 Ἢ
2999 2650 3055 2703 δὲ
3090 2652 3239 2720 χήρα
3279 2651 3465 2722 μήτηρ
3498 2651 3697 2723 ἔχαιρε

2054 2739 2062 2745 ’
2096 2739 2305 2810 θαμινὰ
2337 2741 2786 2812 περιπλεκομένη
2816 2742 2895 2811 τῷ
2929 2742 3053 2812 υἱῷ,
3087 2742 3182 2797 καὶ
3217 2743 3448 2813 φιλοῦσα
3493 2744 3573 2816 τῷ
3596 2746 3699 2798 ἐπὶ

2094 2834 2191 2887 τοῦ
2233 2833 2445 2904 χείλους
2479 2835 2642 2898 ἄνθος
2667 2835 2763 2888 καὶ
2789 2835 2892 2905 τῆς
2920 2838 3159 2907 παρειᾶς
3193 2837 3253 2891 τὸ
3281 2839 3563 2909 ἐρύθημα,
3594 2841 3699 2893 καὶ

2093 2928 2221 2990 τοὺς
2255 2926 2592 2997 βοστρύχους
2624 2925 2757 2979 ποτὲ
2786 2927 2887 2998 μὲν
2911 2927 3317 2994 άναπλέκουσα,
3354 2931 3486 2984 ποτέ
3505 2930 3563 2983 δέ
3585 2932 3690 2983 άν-

2097 3021 2223 3072 εἴσα
2253 3020 2376 3081 ταῖς
2397 3017 2601 3087 αὔραις
2652 3018 3056 3087 περισοϐολεῖν.
3086 3020 3244 3091 Τάχα
3285 3038 3388 3074 που
3429 3022 3461 3092 ἡ
3498 3022 3696 3088 ἀθλία,

393 3108 575 3175 pebat.
620 3110 914 3163 Cincinnos
968 3110 1126 3163 modo
1162 3109 1425 3179 illigabat,
1463 3114 1620 3165 modo
1671 3110 1988 3179 quatiendos

2096 3113 2193 3167 καὶ
2247 3112 2471 3182 νύμφην
2523 3114 2756 3180 ἀγαγεῖν
2800 3111 3143 3181 ἐφαντάςετο
3172 3113 3251 3183 τῷ
3284 3113 3436 3183 καλῷ
3476 3113 3693 3186 νεανίᾳ,

396 3199 713 3253 remittebat
742 3200 912 3265 auris,
948 3212 998 3253 et
1037 3200 1286 3254 fortassis
1314 3200 1477 3255 etiam
1512 3200 1699 3256 infelix
1746 3199 1987 3255 formoso

387 3289 571 3358 juveni
615 3307 871 3361 sponsam
922 3295 1259 3363 despondere
1307 3297 1601 3363 cogitabat,
1667 3295 1987 3348 etcircum-

394 3382 663 3451 apiciebat
694 3384 934 3453 virgines
964 3401 1028 3439 ex
1063 3388 1258 3454 quibus
1298 3388 1805 3455 prestantissimam
1837 3387 1988 3458 lege-

394 3484 512 3529 ret:
538 3485 592 3530 et
615 3476 874 3529 corollam
904 3476 1004 3545 (9),
1026 3489 1075 3530 et
1103 3477 1428 3546 thalamum,
1448 3476 1627 3550 e135
1644 3481 1985 3549 hymenaeum

395 3568 723 3623 somniabat.
746 3567 887 3635 Quin
923 3571 1087 3624 etiam
1120 3569 1164 3624 si
1193 3571 1323 3641 qttid
1349 3572 1400 3625 in
1433 3586 1688 3626 sermone
1712 3571 1986 3626 communi

396 3658 621 3713 dubium
652 3660 1011 3731 jurejurando
1062 3662 1496 3717 confirmandum
1553 3664 1853 3728 accideret,
1891 3679 1990 3733 per

397 3760 564 3818 eaput
593 3750 724 3805 illttd
758 3751 996 3821 jurahat.
1030 3750 1109 3807 Ita
1143 3752 1295 3807 fruar
1344 3754 1506 3807 unico
1553 3763 1681 3808 nato
1718 3767 1862 3820 meo,
1909 3754 1989 3807 sic

395 3844 519 3913 ejus
547 3860 804 3900 coronam
835 3846 1070 3903 osculari
1110 3849 1291 3911 detur,
1324 3847 1404 3902 sic
1424 3848 1543 3916 ejus
1567 3846 1708 3903 filios
1735 3852 1985 3913 edacem,

399 3938 472 3990 ita
515 3938 657 3993 inter
709 3938 826 4006 ejus
877 3955 1073 3994 manus
1101 3938 1215 4011 (10)
1246 3939 1642 4008 iucundissime
1690 3940 1987 4009 exspirem.

397 4030 577 4100 Atque
603 4030 677 4084 ita
704 4040 875 4084 mater
897 4030 1071 4084 solum
1095 4031 1336 4099 spirabat
1366 4031 1536 4085 lilium
1560 4049 1574 4086 :
1621 4031 1786 4101 idque
1814 4031 1988 4087 solum

398 4121 637 4176 habebat
667 4120 790 4175 vita:
829 4121 1107 4176 solatium.
1144 4121 1215 4176 At
1252 4135 1383 4175 vero
1421 4121 1693 4177 horrenda
1744 4137 1892 4177 mors
1927 4121 1993 4177 il-

398 4215 511 4268 lum
545 4214 828 4279 invadens,
875 4228 1001 4282 Spes
1038 4215 1290 4269 meliores
1318 4214 1587 4284 praecidit,
1620 4214 1672 4267 in
1713 4215 1826 4284 ipsa
1853 4215 1990 4270 ado-

398 4310 657 4366 lescentia
678 4327 801 4364 eum
820 4327 851 4366 e
869 4311 980 4365 vita
1005 4310 1343 4381 praeripiens.
1372 4309 1546 4367 Grave
1572 4325 1734 4381 porro
1758 4309 1990 4379 parenti,

397 4419 462 4457 ac
491 4405 651 4474 plane
697 4404 962 4474 tragicum
1024 4403 1382 4458 infortunium
1437 4403 1643 4457 illatmn
1700 4412 1801 4458 est.
1864 4400 1989 4468 Quo

2093 3206 2187 3258 καὶ
2238 3203 2338 3268 τὰς
2399 3204 2709 3272 παρθένους
2768 3205 3133 3274 περιεσκόπει
3190 3204 3530 3275 ἑκλεγομένη
3590 3208 3698 3276 τὴν

2092 3298 2409 3367 κρείττονα,
2464 3295 2561 3349 καὶ
2616 3296 2709 3349 τὸν
2758 3296 3028 3364 στέφανον
3061 3297 3423 3368 ὀνειροπόλει,
3462 3299 3558 3351 καὶ
3587 3298 3698 3369 τὴν

2093 3388 2367 3454 παστάδα,
2419 3388 2515 3441 καὶ
2583 3388 2677 3441 τὸν
2728 3388 3012 3457 ὑμέναιον.
3044 3386 3228 3444 Ἦπου
3272 3390 3366 3444 καὶ
3403 3389 3568 3461 ὅρκος
3619 3385 3698 3462 ἦν

2091 3482 2230 3553 αὐτῇ
2282 3482 2340 3534 ἐν
2391 3481 2505 3542 τοῖς
2533 3478 2645 3533 τῶν
2694 3479 2873 3548 λόγων
2900 3481 3231 3551 ἀμφιϐόλοις
3269 3483 3297 3535 ὁ
3326 3484 3479 3546 παῖς,
3514 3481 3697 3545 οὕτως

2090 3571 2329 3641 ὀναίμην
2359 3570 2454 3623 τοῦ
2489 3569 2817 3639 μονογενοῦς
2856 3589 2955 3640 μου
3006 3571 3147 3635 υἱοῦ,
3171 3572 3317 3626 οὕτω
3341 3573 3434 3627 τὸν
3470 3573 3694 3627 ἐκείνου

2095 3666 2394 3735 φιλήσαιμι
2433 3663 2727 3733 στέφανον,
2770 3662 2918 3718 οὓτω
2941 3664 3150 3718 παίδων
3179 3666 3390 3719 ἐκείνου
3425 3666 3698 3736 γενοίμην

2091 3757 2321 3829 τροφὸς,
2371 3755 2517 3809 οὕτω
2576 3758 2698 3818 ταῖς
2718 3756 2815 3808 τοῦ
2844 3755 2964 3809 υἱοῦ
2988 3759 3183 3829 χερσὶν
3215 3759 3387 3827 ἡδέως
3410 3759 3698 3830 ἐναποψύ-

2092 3847 2273 3915 ξαιμι.
2330 3844 2475 3899 Ἀλλ’
2506 3845 2541 3916 ή
2568 3845 2669 3915 μὲν
2708 3847 2895 3916 μήτηρ
2918 3845 3094 3909 οὕτως
3136 3848 3363 3901 άνέπνει
3407 3849 3569 3918 μόνον
3603 3866 3701 3919 μυ-

2090 3937 2307 4007 νονουχὶ
2336 3936 2429 3991 τὸν
2458 3937 2651 4003 παῖδα,
2686 3938 2748 3990 τὸ
2783 3936 2959 4005 γλυκὺ
2994 3939 3133 4010 αὐτῇ
3162 3938 3531 4010 παραμύθιον.
3564 3940 3698 3995 ’0δέ

2092 4030 2255 4100 φόνος
2276 4028 2537 4101 ῥαγδαῖος
2564 4027 2867 4094 ἐπιπεσὼν,
2898 4028 3227 4084 ἐπισκόπτει
3252 4030 3354 4095 τὰς
3389 4031 3696 4102 χρηστοτέ-

2096 4140 2200 4195 ρας
2230 4121 2458 4184 ἐλπίδας
2481 4121 2811 4191 ἀναρπάσας
2844 4121 3011 4175 αύτδν
3034 4122 3137 4191 τῆς
3175 4121 3324 4192 ζωῆς
3367 4124 3427 4176 ἐν
3460 4125 3597 4195 αὐτῇ
3624 4127 3697 4197 τῇ

2095 4215 2337 4287 νεότητι.
2386 4214 2540 4283 Βαρὶ)
2592 4213 2649 4267 δέ
2703 4232 2756 4266 τι
2792 4214 2888 4267 καὶ
2929 4214 3199 4286 τραγικὸν
3225 4215 3401 4279 πάθος
3422 4219 3489 4287 τῇ
3520 4217 3699 4288 μητρὶ

2098 4306 2425 4379 συνηνέχθη.
2456 4306 2593 4361 Τίνα
2617 4307 2726 4377 γὰρ
2753 4304 2936 4376 ψυχὴν
2988 4307 3286 4377 ἐσχηκέναι
3311 4308 3565 4379 νομίζετε
3592 4310 3699 4379 τὴν

2094 4400 2340 4454 δειλαίαν
2365 4399 2587 4470 ἐκείνην
2618 4399 2857 4471 μητέρα,
2890 4400 2939 4453 εί
2977 4401 3118 4464 τέως
3146 4395 3261 4471 εἶχε
3312 4401 3514 4473 ψυχὴν,
3549 4401 3697 4470 ὁρῶ-

396 4493 540 4546 enitn
584 4495 770 4547 animo
821 4493 990 4549 fuisse
1039 4494 1371 4549 existimatis
1420 4509 1783 4549 aerumnosam
1842 4493 1986 4547 illam

2099 4511 2199 4547 σαν
2242 4491 2710 4565 ψυχορραγοῦντα
2765 4491 2857 4545 τὸν
2915 4491 3195 4561 φίλτατον,
3230 4494 3427 4547 καὶτὰ
3484 4495 3698 4564 ἔσχατα

397 4593 650 4649 matrem,
680 4586 724 4639 si
760 4594 939 4639 tamen
972 4586 1152 4639 anima
1186 4586 1239 4639 in
1271 4601 1334 4639 ea
1363 4585 1657 4651 residebat,
1693 4601 1814 4641 cum
1838 4585 1988 4639 vide-

401 4684 482 4730 ret
516 4680 899 4733 charissimum
944 4688 1130 4732 natum
1170 4679 1280 4747 jam
1316 4679 1678 4739 deiicientem,
1711 4688 1766 4732 et
1803 4686 1987 4733 extre-

399 4785 515 4823 mos
544 4771 773 4826 cientem
798 4771 1044 4839 spiritus,
1075 4782 1129 4826 et
1164 4770 1527 4842 \ixsuprema
1553 4770 1714 4825 matri
1740 4772 1991 4825 mandata

399 4860 512 4932 (ll)
552 4862 1026 4918 committentem?
1071 4865 1188 4930 Qua
1220 4864 1471 4919 oratione
1521 4863 1846 4930 describam,
1884 4877 1991 4932 quo

2099 4584 2358 4647 πνέοντα,
2421 4584 2519 4635 καί⁵
2540 4581 2709 4652 ’μόλις
2752 4582 3174 4653 ἐπισκήπτοντα
3204 4585 3269 4653 τῇ
3301 4582 3476 4653 μητρὶ
3505 4585 3573 4638 τά
3600 4601 3696 4636 τε-

2097 4676 2349 4739 λευταῖα,
2401 4676 2498 4729 καὶ
2561 4675 2941 4744 συντακτήρια
2971 4692 2987 4740 ;
3017 4673 3144 4737 Πῶς
3208 4678 3556 4746 παραστήσω
3613 4676 3699 4746 τῷ

2097 4770 2243 4841 λόγῳ
2272 4770 2420 4833 ὅπως
2442 4770 2470 4822 ὁ
2505 4769 2603 4839 μὲν
2643 4768 2763 4831 νέος
2791 4766 2871 4839 τῷ
2903 4768 3124 4839 σφοδρῷ
3144 4768 3368 4841 πυρετῷ
3391 4770 3534 4822 κατὰ
3555 4768 3694 4839 βραο

2099 4865 2167 4935 χῦ
2204 4861 2560 4933 ἐμαραίνετο,
2593 4861 2628 4933 ἡ
2661 4860 2718 4914 δέ
2750 4859 2935 4932 μήτηρ
2958 4860 3269 4932 παρίστατο
3298 4859 3578 4932 περιδεὴς,
3598 4860 3696 4913 καὶ

1644 5016 1967 5078 Francisci
2002 5018 2213 5080 Scorsi
2252 5024 2441 5079 noue.

473 5144 552 5216 (9)
582 5142 649 5197 Et
683 5143 1206 5216 corollatn.ACorollaa
1234 5143 1566 5216 mentionem
1589 5143 1766 5216 inlicit
1795 5152 1986 5197 auctor

399 5232 464 5272 ex
488 5214 649 5269 more
688 5216 904 5281 rituque
947 5214 1256 5269 Graecorum
1290 5214 1384 5282 qui
1447 5215 1857 5267 matrimonium
1896 5228 1986 5265 so-

401 5290 582 5341 lemne
608 5301 730 5339 cum
784 5285 994 5349 ineunt,
1033 5286 1282 5338 coronari
1332 5284 1530 5338 solent.
1565 5283 1620 5337 In
1657 5283 1987 5351 Enchologio

400 5360 642 5427 ipsorum
666 5357 819 5421 longa
850 5366 934 5408 est
954 5354 1251 5408 ἀκολουθία
1276 5353 1377 5427 τοῦ,
1400 5355 1850 5427 στεφάνωμα-ξος,
1886 5358 1987 5406 hoc

400 5426 483 5483 est
524 5429 676 5489 ordo,
726 5443 817 5479 seu
856 5426 993 5479 ritus
1046 5426 1408 5479 carouatiouis
1451 5426 1631 5495 sponsi
1677 5436 1724 5478 et
1758 5440 1986 5493 spousw.

475 5521 585 5589 (10)
632 5519 715 5573 Ita
751 5520 897 5589 inter
930 5519 1044 5588 ejus
1078 5535 1307 5589 ntunus._
1346 5518 1695 5572 Notissimum
1751 5528 1983 5589 matrum

403 5587 605 5641 votum.
641 5589 833 5643 Senec.
862 5587 1134 5642 Consolat.
1164 5589 1231 5641 ad
1260 5587 1516 5650 Helviam,
1550 5604 1670 5656 cap.
1702 5590 1770 5642 16
1799 5606 1811 5640 :
1846 5587 1981 5641 Deos

406 5673 519 5714 oro.
551 5659 818 5721 contingat
845 5662 984 5711 hunc
1038 5661 1182 5711 nobis
1220 5661 1411 5711 habere
1435 5660 1793 5724 superstitem.
1832 5660 1984 5711 Alter

410 5727 605 5794 Senet'.
633 5726 818 5781 Contr.
845 5743 874 5775 ν
902 5744 915 5779 :
944 5727 1030 5779 Ita
1056 5730 1181 5780 mihi
1211 5730 1489 5790 superstite
1511 5728 1622 5794 ﬁlio
1647 5729 1780 5780 mori
1801 5727 1979 5782 liceat.

412 5793 536 5848 lude
563 5796 778 5857 querela
814 5796 864 5849 in
898 5800 1065 5851 veteri
1093 5799 1453 5867 inscriptione
1483 5793 1744 5856 Solemnis
1787 5814 1800 5851 :

2203 5142 2581 5210 Quodidecuit
2625 5150 2805 5193 natum
2856 5140 3000 5207 patri
3040 5149 3293 5193 ura’slare
3348 5139 3577 5210 sepulto,

2316 5213 2427 5265 Hoc
2462 5221 2648 5265 contra
2673 5220 2800 5264 nato
2839 5211 3087 5278 prwslitit
3114 5211 3224 5278 ipse
3255 5226 3472 5276 parens.

2169 5305 2282 5377 (ll)
2319 5303 2579 5369 Suprema
2628 5302 2791 5377 matri
2836 5300 3113 5377 mandata.
3173 5300 3247 5353 Ita
3280 5301 3689 5377 interpretatus

2097 5370 2218 5430 sunt
2259 5370 2443 5429 vocem
2478 5374 2900 5441 συντακτήριον,
2935 5371 3169 5440 primum
3202 5370 3425 5441 quidem
3458 5385 3522 5423 ex
3549 5387 3685 5423 con-

2094 5448 2331 5513 jecutra,
2383 5444 2580 5498 deinde
2618 5439 2750 5495 eum
2783 5444 2850 5495 ad
2900 5439 3056 5513 notas
3107 5441 3271 5493 hasce
3323 5439 3689 5493 elaboramlas

2100 5516 2321 5571 Patrum
2361 5514 2590 5569 aliorum
2622 5514 2848 5577 scripta,
2897 5520 2952 5566 et
2983 5512 3340 5579 interpretum
3376 5520 3531 5563 notas
3564 5525 3691 5576 per-

2094 5587 2435 5648 volutarem,
2507 5583 2821 5638 conlirmari
2883 5580 3391 5646 interpretationem
3465 5594 3686 5648 tineam,

2094 5671 2324 5722 eamque
2359 5647 2545 5709 vocem
2584 5666 2745 5708 sensu
2774 5667 2800 5705 a
2832 5668 2919 5706 me
2950 5651 3163 5705 reddito
3189 5666 3230 5722 Aa
3268 5649 3473 5722 Grajcis
3510 5647 3687 5722 Patri-

2096 5730 2195 5780 hus
2229 5717 2543 5794 usurpatam
2575 5723 2851 5794 comperi;
2902 5738 3026 5777 nam
3063 5717 3685 5794 apudnprofa‘nosseri-

2093 5806 2277 5867 plores
2319 5790 2476 5863 huius
2516 5792 2760 5849 vocabuli
2791 5794 3096 5863 exemplum
3131 5790 3356 5847 nullum.
3398 5791 3453 5846 ιιι
3486 5791 3680 5846 obser-
