4072 6410
437 404 552 469 225

1844 405 2178 466 HOMILIA
2218 407 2322 470 Vl.

3631 409 3738 472 17.26

446 516 783 588 ὑπότρομος,
850 517 1343 592 ἀπηνθρσκωμένη
1370 521 1439 575 τὰ
1481 519 1791 589 σπλάγχνα,
1843 534 2042 587 πεφρι-

2155 524 2313 585 pacto
2360 514 2500 569 ﬁlius
2549 515 2766 585 quidem
2806 517 3108 572 rebemeuti
3165 519 3300 574 l‘ebri
3345 521 3545 576 sensim
3586 525 3753 579 absu-

444 611 629 681 γμὲνη
689 611 758 664 τὰ
784 611 969 681 χείλη,
1020 615 1343 686 κεκαρμένη
1387 614 1486 684 τὴν
1522 614 1726 684 κόμην,
1760 610 1948 682 γυμνὴ
1976 610 2046 663 τὰ

445 707 674 776 στέρνα,
706 707 1186 776 ἁπαρακὰλυπτος
1225 709 1326 779 τὴν
1375 707 1644 778 κεφαλὴν,
1689 706 1894 769 ἐλπίδι,
1951 707 2047 758 καὶ

445 798 602 868 φόϐῳ
633 797 993 872 μεριζομὲνη,
1025 799 1410 862 ὲνατενίξουσα
1445 799 1522 870 τῷ
1552 799 1706 853 παιδὶ
1748 799 2036 869 ἀσκαρδα-

449 890 648 962 μύκτῳ
683 893 778 944 καὶ
811 893 1070 963 κεχηνότι
1096 892 1173 962 τῷ
1201 875 1514 962 βλέμματι,
1549 892 1644 945 καὶ
1675 891 1869 961 ὥσπερ
1895 892 2045 960 αὐτῷ
2093 891 2096 894 ’

449 983 887 1048 συνεκπνέουσα,
922 984 1027 1048 ’ἑως
1063 985 1203 1037 κατὰ
1246 984 1420 1054 βραχὺ
1455 984 1836 1056 ὑποῤῥεούσης
1880 983 2046 1038 αὑτοῦ

442 1077 548 1146 τῆς
583 1075 680 1131 τοῦ
735 1075 990 1146 σώματος
1044 1076 1232 1142 ἕξεως,
1269 1078 1363 1131 καὶ
1429 1077 1538 1130 τῶν
1575 1078 1824 1146 φυσικῶν
1869 1078 2040 1131 τόνων

443 1170 891 1240 ἐλαττουμένων,
922 1170 1018 1224 καὶ
1068 1171 1481 1241 ἓαπανουμένου
1529 1171 1623 1224 τοῦ
1682 1171 1994 1241 πνεύματος
2022 1175 2049 1223 ὁ

445 1263 579 1322 παῖς
627 1261 976 1331 ὲναπέψυξε;
1011 1262 1137 1324 Πῶς
1173 1257 1316 1328 εἷδε;
1354 1264 1470 1326 πῶς
1497 1263 1762 1333 ὑπέμεινε
1789 1281 1803 1329 ;
1835 1264 1955 1326 πῶς
1986 1262 2047 1315 οὐ

444 1353 773 1418 συναπῆλϐε
838 1353 918 1422 τῷ
965 1354 1398 1424 τελευτήσαντι;
1446 1353 1580 1424 Ἐμὲ
1615 1353 1748 1422 γοῦν
1794 1354 2049 1407 τοσοῦτον

444 1445 771 1512 ἐπτέρωσεν
803 1445 836 1511 ἡ
867 1443 1196 1513 ἀνάμνησις,
1240 1443 1313 1508 ὡς
1337 1445 1518 1498 δοκεῖν
1547 1447 1813 1514 παρεῖναι
1849 1443 1928 1513 τῷ
1962 1446 2049 1497 τό·

451 1556 566 1608 πῳ,
599 1539 694 1590 καὶ
718 1539 852 1608 ὁρᾷν
890 1536 961 1590 τὰ
1012 1537 1109 1591 τοῦ
1176 1538 1482 1609 δράματος.
1527 1539 1592 1591 'H
1642 1538 1742 1608 μὲν
1772 1537 1865 1592 οὖν
1893 1537 2050 1601 πόλις

448 1628 594 1681 Ναῖν
631 1630 785 1682 πᾶσα.
818 1629 1074 1702 σννέρῤει
1105 1629 1200 1682 ἐπὶ
1224 1633 1290 1700 τῇ
1322 1631 1612 1700 εἰσκομιδῇ
1641 1630 1736 1683 τοῦ
1767 1631 1916 1693 νέου,
1954 1632 2051 1684 καὶ

451 1723 623 1794 θροῦς
664 1723 912 1792 ἐγεγόνει
973 1721 1166 1788 πολὺς,
1214 1723 1311 1776 καὶ
1368 1722 1567 1794 Θρῆνος
1619 1718 1688 1794 ἦν
1741 1723 2047 1794 συμμιγὴς,

447 1816 664 1886 ἀνδρῶν
691 1815 906 1884 οἰμωγὴ
931 1815 1214 1884 γυναικῶν
1240 1815 1499 1885 ὀλολυγὴ.
1535 1817 1828 1885 παρθένων
1865 1833 2048 1870 κωκυ-

445 1912 567 1976 τὸς,
601 1910 808 1963 παίδων
862 1907 1344 1980 κλαυθμυρισμὺς,
1383 1908 1560 1961 πάντα
1610 1907 1868 1979 δακρύων
1913 1909 2046 1962 ἀνά-

449 2017 656 2070 μεστσ..
704 2001 762 2054 Ὀ
788 2000 847 2055 δὲ
878 2001 1044 2064 νέκυς
1079 2000 1259 2053 ἔκειτο
1289 1999 1544 2062 ἐκταθεὶς
1570 1999 1662 2052 ἐπὶ
1681 2000 1774 2053 τοῦ
1803 2001 2041 2070 σκίμπο-

451 2095 548 2158 δος
582 2094 793 2158 ὕπτιος,
825 2087 916 2146 οἷα
950 2092 1133 2164 πεύκη
1172 2110 1256 2155 τις
1301 2093 1592 2163 ὑψίκομος,
1624 2094 1657 2164 ἦ
1704 2094 2046 2162 κυπάρισσος

449 2189 524 2256 ῆν
577 2189 798 2258 ἀνέμων
853 2187 1087 2242 διέσεισε
1145 2186 1449 2259 προσϐολὴ,
1478 2188 1571 2241 καὶ
1619 2187 1812 2249 αὑταῖς
1863 2185 2044 2256 ῥίζαις

2152 618 2420 672 meretur;
2451 618 2625 662 mater
2660 624 2786 664 vero
2815 619 3020 664 astaret
3061 613 3402 680 exanimata,
3447 623 3502 669 et
3540 617 3752 685 trepida

2152 701 2363 756 exustis
2404 703 2723 765 visceribus,
2765 703 3044 758 arentibus
3090 705 3272 770 labiis,
3308 706 3535 761 disciss:i
3571 723 3750 772 coma,

2153 795 2295 848 nudo
2324 807 2544 864 pectore
2577 795 2716 864 (12),
2737 796 2930 864 capitis
2963 798 3446 866 rejectovelamine
3479 798 3748 854 ﬂuctuans

2154 903 2307 958 spem
2360 890 2502 941 inter
2538 900 2592 942 et
2648 900 2894 956 metum;
2945 889 2997 944 in
3049 892 3159 946 ﬁlio
3207 892 3428 947 immoto
3458 904 3620 962 atque
3666 894 3748 948 in-

2153 981 2338 1036 hiante
2375 984 2565 1036 obtutu
2601 982 2797 1048 deﬁxa,
2834 992 2890 1035 et
2919 999 3022 1038 una
3053 999 3175 1038 cuiu
3211 985 3327 1053 ipso
3353 987 3746 1054 propemodum

2153 1076 2390 1128 animam
2424 1073 2649 1132 elllans:
2704 1077 2875 1129 donec
2907 1076 3182 1133 dilabente
3213 1079 3475 1148 paulatim
3505 1081 3752 1150 corporis

2154 1167 2493 1232 habitudine,
2536 1179 2592 1222 et
2623 1179 2832 1222 naturae
2870 1167 3128 1225 ﬁrmitate
3159 1173 3415 1237 contrita,
3451 1173 3753 1227 exhausto-

2153 1275 2260 1328 que
2302 1261 2414 1328 jam
2470 1262 2663 1330 Spiritu
2705 1261 2845 1317 ﬁlius
2881 1265 3200 1332 exspiravit.
3251 1265 3352 1330 Qui
3414 1266 3593 1320 vidit?
3658 1267 3750 1336 qui

2153 1353 2462 1408 sustinuit?
2489 1354 2578 1423 qui
2609 1369 2733 1408 cum
2763 1367 3027 1422 pereunte
3060 1356 3172 1410 ﬁlio
3215 1373 3318 1411 non
3351 1359 3631 1412 decessit?
3683 1375 3750 1414 ac

2155 1462 2242 1502 me
2289 1461 2421 1501 sane
2456 1447 2525 1500 ita
2557 1447 2782 1517 hujusce
2814 1448 2888 1501 rei
2920 1452 3370 1505 commemoratio
3410 1452 3577 1506 veluti
3627 1453 3750 1520 qui-

2154 1537 2383 1592 busdam
2421 1539 2524 1592 alis
2548 1538 2743 1601 erexit,
2780 1551 2836 1592 ut
2871 1539 3000 1594 inibi
3031 1554 3274 1606 praesens
3300 1555 3444 1603 esse,
3473 1551 3526 1595 et
3557 1541 3746 1594 drama

2153 1636 2403 1697 spectare
2437 1630 2568 1684 mihi
2629 1629 2834 1685 videar.
2890 1630 3027 1685 Nam
3073 1633 3270 1686 civitas
3312 1631 3466 1686 Naiin
3507 1633 3573 1684 ad
3627 1633 3746 1702 ejus

2153 1721 2520 1776 adolescentis
2578 1721 2741 1778 funus
2804 1731 2913 1778 tota
2970 1739 3028 1779 se
3076 1723 3362 1792 ell‘iiderai,
3412 1725 3752 1794 multumque

2156 1815 2476 1869 tnrbabatur
2499 1815 2928 1884 comploratione
2951 1815 3213 1876 confusa:
3250 1817 3488 1872 virorum
3509 1818 3742 1888 gemitu,

2155 1906 2448 1961 mulierum
2469 1907 2696 1973 ululatu,
2726 1908 2996 1976 virginum
3025 1909 3177 1974 ﬁetu,
3197 1925 3488 1980 puerorum
3518 1911 3748 1980 ejulatu,

2152 1999 2335 2052 omnia
2355 1997 2513 2067 plena
2531 1996 2783 2066 lacrymis
2804 2007 2982 2052 erant.
3001 1998 3248 2053 Mortuus
3273 2013 3399 2054 vero
3412 1999 3749 2067 jacebat(l3)

2151 2093 2203 2146 in
2224 2091 2813 2160 grabbato'porrectus,
2831 2090 2996 2144 veluti
3024 2107 3248 2161 procera
3288 2092 3536 2160 quzedam
3593 2091 3753 2160 pinus

2151 2193 2246 2238 aut
2274 2199 2571 2253 cupres.~ns
2610 2199 2880 2238 concussa
2912 2195 3200 2239 ventorum
3242 2183 3470 2254 impetu,
3516 2193 3572 2239 et
3600 2185 3750 2238 radi-

1698 2305 2025 2370 Francisci
2061 2304 2270 2367 Scorsi
2315 2311 2504 2365 notae.

453 2437 602 2490 ravit
630 2435 863 2489 Jacohus
897 2435 1113 2498 Billins,
1142 2435 1238 2489 lib.
1273 2449 1288 2487 ι
1323 2434 1540 2490 Oliserv.
1593 2449 1642 2487 ρ.
1672 2433 1762 2491 2|.
1793 2434 1882 2485 ubi
1919 2449 2046 2484 συν-

445 2508 750 2574 τακτήριον
770 2507 949 2574 λόγον,
977 2507 1116 2561 idem
1153 2521 1273 2560 esse
1303 2505 1445 2574 quod
1478 2505 1916 2574 ἀποτακτήριον,
1944 2502 2046 2556 hoc

449 2589 537 2634 est
569 2579 873 2632 orationem
920 2588 1242 2641 eittreiiiam,
1282 2593 1385 2644 qua
1434 2577 1556 2643 quis
1605 2575 1788 2628 valere
1833 2577 2046 2638 aliquos

445 2651 636 2715 jubet;
675 2660 837 2716 atque
871 2650 973 2701 hoc
1003 2663 1162 2702 sensu
1208 2653 1515 2702 orationem
1561 2661 1677 2699 eam
1712 2663 1870 2714 quam
1904 2644 2044 2697 (ire-

455 2721 645 2783 gorins
703 2717 958 2771 Nazianz.
1023 2728 1237 2771 centum
1309 2718 1697 2784 quinquaginta
1771 2716 2045 2783 episcopis

449 2789 814 2854 prteseutibus
859 2787 1072 2848 habuit.
1125 2789 1384 2856 appellari
1441 2788 1865 2853 συντακτήριον.
1905 2784 2038 2838 Nam

445 2862 596 2922 quod
648 2859 1050 2928 συντακτήριον
1103 2858 1174 2911 ibi
1231 2860 1369 2912 idem
1405 2869 1565 2925 atque
1603 2857 1884 2926 εἰρηνικός
1939 2873 2042 2907 non

451 2930 747 2997 signiﬁcet,
785 2930 1060 2996 colligitur
1105 2944 1168 2982 ex
1204 2944 1270 2982 eo
1302 2930 1444 2993 quod
1498 2929 1641 2980 nulla
1679 2929 1750 2980 ibi
1782 2929 1849 2980 de
1887 2942 2042 2980 com-

449 3000 720 3067 ponendis
738 3000 1117 3069 eplSCOIHH'UIII
1146 2999 1388 3053 dissidiis
1413 3001 1614 3051 mentio
1633 3041 1647 3061 ,
1681 3007 1731 3051 at
1759 3014 1888 3049 vero
1915 3014 2042 3049 συν-

449 3072 753 3138 τακτήριον
823 3070 1168 3138 appellatam,
1227 3069 1369 3138 quod
1423 3084 1542 3122 eam
1609 3069 1784 3137 primo
1827 3082 2044 3138 quoque

454 3156 701 3209 tempore
735 3141 1079 3194 discessurus
1123 3139 1503 3194 Nazianzenus
1552 3139 1824 3205 habuerit,
1871 3154 2045 3205 eaque

451 3212 741 3278 episcopos
762 3220 1068 3265 extremum
1094 3212 1327 3264 salutem
1360 3211 1510 3279 justo
1537 3221 1885 3263 sacramento
1913 3225 2046 3279 enn-

456 3282 686 3335 tendere
727 3297 784 3334 se
839 3279 1023 3333 Dillius
1065 3281 1158 3334 ait.
1218 3278 1548 3348 Ctiiiipi'oliat
1584 3279 1634 3333 id
1673 3280 1881 3333 duobus
1914 3278 2046 3335 locis

448 3351 561 3404 SS.
601 3350 846 3415 Patrum,
878 3366 1014 3420 quos
1049 3351 1168 3405 vide
1214 3353 1354 3418 apud
1399 3352 1572 3420 ipsnm
1622 3350 1738 3403 loco
1761 3352 1963 3417 citato;
1993 3363 2046 3406 et

452 3435 722 3486 iirmterea
777 3422 830 3474 in
880 3421 1034 3476 Notis
1084 3424 1150 3474 ad
1195 3425 1503 3474 orationem
1536 3421 1646 3489 jam
1685 3431 2041 3475 memoratam

449 3491 725 3561 Gregorii,
761 3501 814 3545 et
861 3493 914 3545 iii
969 3502 1215 3545 sanctum
1268 3492 1662 3545 Daniasceiium
1727 3490 1847 3545 loco
1905 3492 2043 3544 infra

449 3578 478 3610 τι
535 3577 624 3616 me
663 3563 970 3616 referendo.
1023 3561 1388 3615 Cuiil‘irmatur
1435 3563 1596 3614 etiam
1639 3577 1701 3613 ex
1759 3561 1942 3616 Nicela
1989 3562 2042 3614 in

446 3632 902 3697 Commentariis,
940 3633 1034 3700 qui
1072 3634 1122 3684 in
1162 3635 1411 3686 oratione
1444 3630 1773 3684 Nazianzcni
1839 3649 2041 3684 συντα-

448 3705 685 3774 κτήριον
714 3703 872 3770 λόγον
929 3706 1317 3771 interpretatur
1346 3702 1800 3770 συγχαιρετικάνν
1844 3703 2045 3774 υηξῖθιίί·

450 3772 707 3827 ctoriam.
726 3774 984 3844 Equidem
1007 3787 1108 3842 ego
1140 3789 1243 3826 non
1271 3775 1448 3827 minus
1479 3774 1531 3826 in
1568 3775 1679 3844 lucc
1712 3777 1872 3825 verba
1895 3772 2045 3844 jura-

448 3861 589 3906 rem,
617 3844 707 3912 qui
734 3842 918 3896 multis
937 3843 1070 3897 locis
1089 3842 1630 3912 iiostriTheophauis
1654 3843 2039 3908 consideratis,

449 3914 586 3966 nihil
647 3915 790 3967 aliud
849 3915 908 3966 τὴ
960 3915 1357 3983 συντακτήριον
1418 3916 1619 3975 dicere,
1679 3929 1840 3982 quam
1896 3917 2042 3982 quod

446 3984 658 4036 dictum
715 3995 797 4036 est
851 4000 948 4050 pro
1007 3996 1287 4050 comperto
1338 3984 1533 4049 habui;
1585 3986 1678 4037 sed
1729 3999 1834 4037 non
1886 3985 2043 4037 modo

450 4065 758 4108 extremam
789 4057 1176 4108 salutationem
1212 4059 1354 4108 inter
1389 4057 1560 4117 \ivos,
1593 4057 1687 4108 sed
1714 4064 1767 4107 et
1801 4055 2042 4107 morien-

451 4126 590 4177 tium
619 4127 910 4177 novissima
951 4126 1134 4186 verba,
1169 4139 1233 4177 ac
1267 4127 1516 4177 mandata
1549 4141 1642 4192 per
1665 4127 1802 4178 lianc
1832 4139 2037 4190 vocem,

450 4206 511 4245 ut
567 4195 688 4255 hoc,
741 4196 1075 4264 signiﬁcari;
1126 4213 1248 4248 nam
1288 4202 1342 4246 et
1377 4208 1595 4263 elymon
1641 4210 1704 4247 eo
1751 4196 2039 4263 conducit;

449 4266 740 4316 συντὰκτω
773 4272 940 4329 enim,
969 4271 1108 4320 unde
1162 4268 1470 4333 συντάκτης
1493 4275 1656 4334 atque
1689 4268 1809 4318 inde
1842 4281 2041 4317 συντα-

446 4339 678 4404 κτήριον
715 4348 1060 4406 prOpagatur,
1097 4352 1176 4390 est
1211 4337 1478 4398 ordinare,
1514 4338 1807 4399 disponere,
1836 4346 1888 4388 et
1918 4353 2043 4388 συν-

446 4407 754 4474 τακτήριος
801 4407 957 4473 λόγος
987 4420 1070 4461 est
1099 4423 1304 4471 sermo,
1337 4423 1430 4458 st‘tt
1481 4408 1656 4459 oratio
1715 4408 2038 4472 composita,

447 4480 890 4547 conscriptaque.
931 4478 1225 4547 Hesychius
1259 4495 1271 4530 :
1318 4475 1634 4546 Σύνταγμα,
1672 4475 2038 4546 σύγγραμμα,

451 4546 486 4614 ἢ
524 4549 590 4597 ὲκ
621 4547 793 4614 λόγων
815 4550 1004 4616 τάγμα
1032 4546 1454 4616 συντακτήριον.
1479 4551 1614 4602 Cum
1644 4547 1807 4614 igitur
1836 4550 2040 4602 disces-

450 4617 596 4676 sui-i,
629 4632 694 4668 ac
726 4619 1024 4684 praesertim
1073 4621 1127 4671 in
1183 4632 1354 4672 morte
1407 4633 1492 4672 res
1531 4631 1656 4671 suas
1685 4629 2040 4685 componunt,

453 4691 624 4739 inulta
696 4690 988 4751 mandant,
1052 4701 1214 4756 atque
1268 4689 1584 4742 describunt
1649 4703 1744 4755 per
1801 4703 1894 4740 eos
1945 4695 2038 4757 qui

456 4770 741 4810 remanent
780 4770 832 4810 et
868 4763 1192 4821 superstites
1225 4771 1352 4813 sunt
1385 4765 1722 4828 peragenda;
1755 4759 1876 4828 inde
1900 4757 2039 4816 bene

454 4831 854 4900 συντακτήριον
890 4845 997 4900 pro
1023 4835 1288 4884 extremis
1321 4827 1531 4886 verbis.
1558 4827 1954 4900 seii_iiiatidatis
1986 4834 2036 4886 in

458 4906 636 4949 nioite
666 4897 923 4968 accipias.
961 4898 1260 4953 Conﬁrmat
1295 4902 1344 4951 id
1389 4899 1621 4951 maxime
1650 4897 2036 4964 Damasi-enus,

452 4970 576 5020 sive
609 4970 729 5033 quis
760 4984 948 5021 auctor
982 4974 1098 5038 ejus
1133 4971 1252 5022 libri
1288 4986 1300 5021 :
1337 4970 1490 5034 Quod
1529 4969 1724 5021 mortui
1760 4969 2037 5026 viventium

453 5038 722 5104 beneﬁciis
764 5039 1036 5107 jnventnr,
1091 5040 1180 5094 ubi
1233 5043 1297 5093 de
1344 5041 1524 5108 impiis
1562 5041 1810 5108 loquens,
1856 5042 1946 5106 qui
1983 5043 2036 5096 in

454 5121 703 5161 I'XII'CIIIO
741 5110 942 5177 judicio
989 5113 1248 5178 quosdam
1300 5126 1330 5164 c
1373 5111 1734 5163 familiaribus
1805 5116 1921 5167 suis
1969 5115 2038 5167 ab

456 5183 759 5231 electorum
793 5193 945 5248 parte.
977 5191 1122 5234 stare
1158 5182 1437 5244 videbunt,
1477 5183 1560 5233 his
1597 5189 1766 5235 utitur
1811 5185 2034 5238 verbis:

455 5250 568 5301 Καὶ
598 5249 680 5301 ὃτι
711 5257 858 5313 τινὰς
897 5251 955 5314 ἐξ
987 5251 1167 5323 autth
1195 5253 1250 5303 ἐν
1277 5252 1468 5315 δεξιοῖς
1497 5252 1646 5305 ἴδωσι
1666 5254 2037 5323 καταταχθέν-

452 5335 554 5381 τας
597 5327 792 5396 μέρεσι
836 5321 1305 5391 άποχωριζόμενοι
1350 5323 1705 5396 θρηνοῦοιντὸ
1732 5321 2036 5396 συντάκτή-

455 5406 592 5456 ριον.
634 5391 745 5443 lluc
776 5402 858 5445 est
891 5412 902 5446 :
941 5397 1008 5446 Et
1043 5410 1158 5445 cum
1197 5391 1403 5460 aliquos
1430 5391 1493 5446 ea:
1537 5395 1665 5463 ipsis
1718 5391 2033 5448 constitutos

450 5478 482 5509 α
513 5466 716 5514 dextris
759 5466 998 5527 viderint,
1032 5464 1094 5516 ab
1124 5466 1189 5517 iis
1230 5467 1452 5533 digressi
1479 5478 1801 5532 postremum
1835 5468 2038 5519 lamen-

455 5540 661 5585 tantur.
683 5535 755 5585 lix
780 5535 879 5604 hac
904 5538 1122 5589 natione
1151 5538 1306 5601 hujus
1330 5539 1573 5588 vocabuli
1605 5538 1776 5589 lucem
1804 5536 2036 5604 accipiet

455 5604 610 5675 locus
640 5605 776 5656 alter
804 5603 1032 5659 Joannis
1063 5606 1403 5673 (luropalata:
1436 5610 1487 5659 in
1523 5606 1667 5660 Hist.
1707 5609 1832 5675 (nisi
1863 5603 2034 5661 mavis

453 5674 523 5725 ab
558 5676 648 5726 illo
694 5676 868 5728 lucem
925 5677 1108 5730 aitet-ri
1162 5679 1284 5730 huic
1322 5689 1540 5742 nostro;
1601 5674 1842 5729 mutuam
1889 5690 2036 5732 certe

450 5745 554 5796 sibi
582 5761 736 5812 apem
783 5746 1119 5815 conferunt).
1153 5748 1243 5799 Ait
1276 5749 1437 5816 igitur
1469 5749 1790 5815 Uuropalata
1833 5748 1884 5801 in
1930 5749 2031 5800 Mi-

450 5816 644 5869 (liable
687 5818 1041 5885 imperatore,
1091 5816 1320 5870 Bardam
1360 5819 1628 5872 Caesarem
1671 5829 1858 5872 contra
1901 5821 2033 5871 Cre-

450 5897 634 5944 tenses
664 5904 787 5944 cum
819 5891 1079 5944 omnibus
1105 5888 1276 5956 Copiis
1305 5890 1764 5958 proﬁciscentem,
1808 5905 1932 5946 cum
1966 5893 2032 5947 ad

2165 2426 2254 2480 Dei
2293 2425 2587 2481 Genitricis
2611 2429 2868 2496 templum
2893 2427 3174 2482 Viatorum
3209 2427 3472 2496 (Virginis
3513 2427 3753 2496 Ὀδηγη-

2161 2497 2346 2567 τρίας,
2397 2497 2731 2566 llodegetria:
2774 2501 3032 2565 templum
3081 2501 3344 2565 signiﬁcat
3376 2538 3392 2560 ,
3439 2513 3556 2561 qua:
3595 2499 3753 2564 vulgo

2157 2569 2314 2620 hodie
2348 2570 2412 2619 de.
2447 2569 2572 2623 ltria
2607 2570 2828 2632 dicitur,
2861 2585 2889 2622 a
2923 2569 3206 2624 Pulcheria
3250 2571 3314 2620 atl
3362 2569 3754 2622 CouSIatitis-o-

2155 2638 2318 2705 polini
2364 2639 2717 2708 ιιιιιὶηρςιιιιιιι,
2773 2641 3198 2708 adjunctunique
3248 2641 3579 2692 monasterio
3624 2639 3752 2705 ὁδη-

2192 2711 2310 2777 είῳ,
2352 2707 2607 2776 Ilodegio,
2642 2710 2706 2762 de
2743 2707 2851 2778 quo
2882 2711 3000 2763 vide.
3030 2709 3178 2778 plura
3239 2712 3287 2762 in
3334 2710 3754 2763 Commentariis

2151 2725 2310 2831 Iettp,
2352 2725 2607 2776 uoaegio,
2642 2725 2706 2762 tie
2743 2725 2850 2778 quo
2882 2725 3000 2763 ride.
3030 2725 3178 2778 piui-a
3239 2729 3287 2762 in
3334 2725 3751 2763 commentariis

2188 2781 2338 2831 aet-bi
2401 2779 2640 2832 Gretseri
2701 2781 2750 2832 in
2811 2780 3269 2848 Codinum)cum
3317 2782 3481 2844 igitur
3521 2779 3586 2848 ad
3648 2780 3751 2832 hoc

2154 2851 2412 2915 templum
2451 2851 2809 2916 pervenisset,
2849 2851 3153 2919 ingressum
3184 2866 3308 2904 esse
3347 2867 3466 2903 cum
3513 2847 3748 2911 fat-ibus,

2153 2922 2629 2990 utsyntactei-inm
2675 2921 3011 2990 absolveret;
3067 2920 3133 2975 ad
3178 2921 3480 2989 marginem
3530 2931 3750 2972 notatur

2151 2989 2534 3059 syiit’acterium
2571 2991 2672 3058 (sic
2705 2992 2848 3044 enim
2881 2989 3090 3044 Latinis
3125 3002 3331 3044 tantum
3362 2991 3556 3042 litteris
3587 2994 3750 3042 vertit

2152 3062 2420 3123 interpres
2461 3077 2648 3114 VOt-cm
2682 3062 3099 3130 συντακτήριον)
3123 3077 3248 3114 esse
3280 3078 3448 3130 genus
3476 3061 3747 3130 quoddam

2152 3145 2374 3198 precum
2411 3134 2474 3183 ad
2509 3131 2762 3200 templum
2798 3129 3037 3200 Virginis
3065 3129 3342 3184 Viatorum
3372 3129 3746 3200 lierisolituni.

2151 3201 2264 3256 Cur
2327 3204 2715 3273 syiitacteriiiiii
2755 3205 2856 3256 hoc
2902 3199 3123 3271 precum
3153 3199 3498 3273 genusinisi
3530 3201 3654 3269 quia
3693 3200 3748 3253 in

2160 3271 2401 3326 discessu
2420 3271 2504 3324 Vit
2523 3273 2630 3342 gitti
2655 3271 2993 3331 ferebantur.
3014 3284 3277 3340 erantque
3305 3272 3445 3324 \elnt
3472 3280 3744 3337 postrema

2161 3343 2464 3406 valedictio,
2515 3353 2569 3394 et
2621 3343 3043 3412 commendatio,
3086 3359 3190 3412 qua
3258 3357 3484 3410 peregre
3532 3342 3749 3412 prolici-

2160 3423 2377 3466 scentes
2440 3416 2708 3466 viatorum
2775 3411 3051 3481 Virginem
3105 3410 3453 3476 siilutabant,
3519 3424 3571 3463 et
3631 3410 3748 3477 ejus

2156 3484 2418 3536 auxilium
2466 3484 2846 3551 implorabant.
2895 3483 3020 3538 ΙΙωο
3057 3486 3122 3537 de
3169 3500 3300 3537 voce
3347 3482 3746 3550 συντακτήριος

2154 3553 2310 3620 cuju~
2336 3555 2527 3607 creber
2556 3555 2608 3606 iu
2644 3553 2975 3620 Theophane
3004 3571 3155 3618 usus,
3191 3554 3406 3607 fuerunt
3440 3553 3747 3605 necessario

2154 3623 2516 3694 explananda,
2552 3625 2750 3694 quippe
2784 3626 2852 3678 de
2879 3640 3010 3678 voce
3045 3642 3149 3677 non
3198 3625 3354 3676 obvia
3397 3621 3634 3694 maxime
3681 3636 3748 3672 eo

2154 3692 2492 3760 signiﬁcatu,
2527 3705 2580 3746 et
2610 3692 2730 3762 qiue
2777 3697 2963 3749 multis
3013 3696 3136 3749 aliis
3186 3695 3318 3747 locis
3346 3692 3505 3762 hujus
3555 3701 3744 3744 aiictov

2153 3766 2230 3814 ris
2263 3763 2485 3816 aﬂcreiit
2520 3764 2724 3818 lumen.

2232 3856 2344 3924 (12)
2383 3855 2541 3910 Nudo
2563 3869 2789 3926 pectore.
2819 3857 3049 3911 Habitus
3079 3857 3325 3910 mulieris
3355 3857 3542 3926 dolore
3569 3867 3748 3910 exter-

2157 3935 2299 3978 nata:
2333 3941 2646 3983 consuetus.
2671 3929 2812 3981 Petr.
2833 3928 3078 3989 Arbiter,
3108 3931 3173 3980 de
3200 3938 3446 3979 matrona
3473 3925 3701 3994 Ephesia
3729 3943 3744 3979 :

2154 3995 2279 4048 Ila’c
2314 4013 2434 4066 ergo
2463 4015 2579 4050 cum
2613 4000 2780 4052 cirum
2816 3999 3109 4058 extulisset,
3138 4013 3238 4049 non
3272 4007 3515 4049 contenta
3541 3998 3745 4062 rit/gari

2154 4083 2298 4118 more
2329 4069 2489 4135 [unus
2533 4070 2702 4135 passis
2753 4069 3000 4136 prosequi
3051 4069 3304 4128 t-riuibus,
3355 4079 3443 4119 aut
3487 4071 3745 4119 nudatum

2153 4147 2333 4208 pectus
2365 4139 2417 4190 in
2451 4152 2728 4204 conspectu
2769 4139 3076 4208 frequentiw
3099 4137 3365 4206 plangere.
3408 4138 3462 4190 in
3503 4139 3743 4190 condito-

2154 4207 2288 4280 rium
2322 4212 2485 4260 etiam
2545 4207 2822 4280 prosecuta
2884 4221 2955 4262 est
3013 4210 3325 4274 defunctum
3357 4222 3387 4280 :7
3409 4211 3743 4276 positumque

2152 4277 2204 4328 in
2238 4275 2486 4347 llyiiogeo
2542 4275 2729 4334 Cra'co
2784 4295 2927 4332 more
2971 4295 3157 4345 corpus
3203 4279 3488 4341 custodire,
3523 4295 3585 4330 ac
3615 4282 3745 4344 [tere

2155 4345 2405 4400 noctibus
2438 4352 2585 4412 totis,
2641 4353 2922 4418 diebusque
2971 4353 3143 4418 carpit.
3191 4348 3314 4401 llaec
3359 4351 3596 4401 Arbiter.
3636 4348 3741 4402 Sed

2157 4419 2318 4470 ritum
2352 4435 2565 4471 onineiu
2606 4422 2832 4474 faciendi
2874 4421 3069 4483 lessus,
3100 4431 3354 4472 exactum
3406 4419 3575 4472 habes
3599 4420 3741 4481 apud

2155 4486 2416 4540 Senecam
2442 4491 2491 4541 in
2522 4489 2816 4544 Troadibus
2836 4491 2930 4550 (ita
2951 4493 3089 4543 hanc
3115 4489 3434 4556 tragmdiani
3463 4505 3582 4540 cuin
3612 4489 3742 4540 viris

2124 4557 2326 4609 odoi-tis
2358 4559 2646 4623 inscribas,
2675 4579 2780 4613 non
2817 4559 3110 4624 Troadaiii)
3141 4563 3227 4610 ubi
3257 4559 3471 4611 lleculia
3500 4562 3742 4626 captivas

2077 4622 2122 4676 D
2151 4627 2404 4681 mulieres
2434 4631 2498 4682 ad
2536 4622 2822 4699 lugendum
2876 4622 3155 4699 llectorein
3213 4641 3265 4682 et
3304 4622 3710 4699 Piiaiiiunilior

2150 4707 2315 4770 tatur,
2351 4712 2397 4770 et
2439 4715 2545 4766 quo
2590 4696 2773 4754 habitu
2813 4702 3076 4770 prcecipit.
3113 4698 3244 4752 Vide
3275 4703 3483 4767 ipsum,
3513 4708 3562 4749 et
3595 4696 3740 4750 Mar-

2150 4767 2320 4820 tinum
2350 4769 2586 4823 Deli-ium
2613 4787 2728 4824 soc.
2759 4767 3162 4839 nostrae,plura
3191 4770 3259 4823 ibi
3295 4775 3361 4822 de
3423 4771 3525 4821 hoc
3589 4785 3740 4822 more

2145 4841 2353 4890 erudite
2385 4842 2765 4896 disserentem.

2219 4909 2331 4976 (l5)
2367 4909 2609 4964 Mortuus
2639 4929 2758 4965 vero
2777 4912 3014 4981 jacebat.
3058 4911 3112 4965 In
3147 4927 3254 4966 uno
3287 4910 3503 4964 nomine
3528 4909 3742 4962 variant

2144 4976 2538 5035 admirabiliter
2564 4976 2799 5037 codices.
2839 4981 2958 5037 Vat.
3015 4985 3178 5036 habet
3224 4983 3444 5050 νέηλυς,
3480 4995 3602 5050 cum
3631 4995 3740 5047 (ιιιο

2145 5054 2491 5122 consentiunt
2523 5052 2664 5106 Gall.
2693 5055 2838 5119 duo;
2868 5056 3001 5122 quin
3027 5066 3080 5107 et
3109 5051 3231 5106 Esc.
3265 5049 3388 5106 coit.
3417 5061 3468 5103 et
3493 5066 3523 5104 e
3553 5049 3726 5104 Gallia

2146 5118 2344 5172 missus
2367 5123 2558 5175 scribit
2583 5124 2724 5186 νέος.
2745 5118 2998 5178 Omnium
3021 5125 3304 5177 verissima
3332 5125 3442 5173 visa
3467 5131 3546 5173 est
3578 5122 3736 5172 lectio

2146 5187 2204 5239 l’.
2231 5189 2295 5242 C.
2325 5191 2352 5242 ὁ
2373 5192 2437 5264 δὲ
2460 5196 2744 5264 νέκυςηρχ
2782 5211 2884 5264 qua
2919 5211 3014 5262 per
3035 5211 3276 5247 errorem
3301 5191 3732 5264 esscrilientiuiu

2142 5273 2334 5332 omnes
2389 5263 2491 5316 illa:
2545 5259 2863 5330 proﬂuxisw
2910 5259 3081 5318 {rideri
3131 5277 3378 5332 possunt.
3434 5263 3599 5314 I’orro
3645 5259 3735 5312 hic

2143 5326 2502 5398 Theophanes
2530 5326 2801 5400 poeticum
2831 5335 2988 5404 plane
3019 5326 3214 5404 stylum
3249 5334 3478 5386 assumit
3520 5337 3582 5404 ad
3635 5345 3732 5404 aii—

2144 5405 2373 5467 geiitlain
2419 5399 2718 5456 orationem
2757 5423 2770 5457 :
2803 5399 2965 5460 simili
3020 5399 3133 5459 fere
3182 5405 3341 5458 modo
3385 5401 3624 5455 Catullus
3675 5399 3731 5451 in

2141 5471 2323 5542 Epitli.
2357 5472 2422 5526 de
2455 5477 2655 5542 nuptiis
2689 5473 2832 5529 Pelei
2866 5475 3224 5530 etTlietidis:

2221 5539 2362 5614 Num
2394 5538 2542 5597 velut
2563 5562 2615 5597 in
2644 5563 2848 5599 summa
2875 5547 3193 5614 quatientem
3218 5542 3431 5596 brachia
3449 5538 3636 5614 Tauro

2213 5613 2498 5685 Quercum,
2531 5624 2622 5667 aut
2653 5609 2952 5685 conigeram
2983 5615 3197 5666 sudanti
3220 5615 3411 5673 cortice
3440 5609 3635 5663 Pinnnt

2215 5684 2512 5754 indomitus
2547 5689 2698 5738 turbo
2731 5684 3075 5754 εοηιονᾳιιιιιιε
3115 5686 3328 5753 ﬂamine
3357 5687 3520 5734 robur

2215 5753 2390 5824 I_'.rait,
2431 5756 2522 5806 illa
2552 5757 2740 5824 procul
2769 5753 3034 5809 radicibus
3061 5758 3341 5824 exturbata

2215 5821 2389 5896 grana
2418 5821 2583 5896 cadit,
2613 5829 2822 5896 lateque
2847 5837 2892 5878 et
2923 5826 3160 5878 cominus
3192 5822 3340 5875 clivia
3373 5822 3597 5896 frangit,

2212 5890 2301 5948 Sic
2331 5895 2534 5950 domito
2572 5890 2769 5952 sict-uin
2797 5896 3078 5966 prosti'at-it
3115 5910 3334 5964 corpore
3369 5890 3618 5948 Theseus.
