4072 6412
454 370 558 437 231

1674 355 2171 422 THEOPHANIS
2210 348 2555 414 CERAMEI

3641 330 3748 396 232

453 480 786 544 misericors,
834 491 933 547 pro
976 490 1038 529 ea
1084 487 1202 544 qua!
1252 471 1427 525 inerat
1474 467 1550 523 illi
1601 483 1727 536 erga
1775 467 2048 522 hominem

2181 480 2254 527 to;
2275 462 2340 514 ἐκ
2372 461 2477 531 τῆς
2509 453 2742 526 ὲνούσης
2769 451 2921 522 αὐτῷ
2951 449 3083 520 περὶ
3125 448 3216 502 τὸν
3271 447 3562 519 ἄνθρωπον
3601 448 3745 517 αγα-

454 577 783 646 benignitas.
813 570 882 624 Et
915 583 1098 622 vocem
1150 564 1349 618 emittit
1394 561 1608 616 mulieri
1654 559 1835 614 divina
1871 558 2047 622 gratia

459 670 638 739 reipsa
674 666 886 741 plenam
921 678 937 716 :
975 678 993 712 ι
1033 657 1153 713 Noli
1193 656 1343 711 ﬂere.
1387 673 1405 706 ι
1444 654 1489 709 Ο
1523 653 1705 707 divina
1754 667 1884 716 vox,
1927 666 2048 720 quae

462 769 664 815 lautam
705 753 978 810 maestitia:
1025 750 1221 805 molem
1272 748 1505 803 levarit!
1553 746 1767 801 Etenim
1817 746 1862 800 si
1913 746 2050 799 alius

460 851 727 923 quispiam
777 861 895 901 eam
947 844 1215 900 desistere
1267 857 1296 894 a
1349 840 1476 894 ﬂetu
1523 838 1815 906 iussisset,
1871 850 2052 892 nonne

466 940 670 996 monita
707 936 1023 1002 respnisset,
1060 943 1114 988 et
1148 940 1482 995 monentem,
1520 938 1581 982 ut
1616 928 1984 981 adversarium
2022 940 2051 978 a

466 1050 525 1090 se
553 1029 877 1102 repulisset?
920 1028 1206 1096 vigesrens
1241 1024 1384 1078 enim
1429 1036 1632 1076 iniceror
1662 1019 1775 1090 (ΞΟ)
1806 1018 2054 1074 consola-

462 1128 645 1183 tionis:
677 1124 842 1177 verba
899 1135 1003 1176 non
1059 1119 1202 1187 capit
1255 1135 1270 1171 :
1323 1125 1384 1171 ut
1436 1116 1488 1170 in
1543 1113 1752 1169 morbis
1808 1111 2055 1180 malignae

463 1218 751 1279 ﬂuxiones,
780 1215 822 1268 si
855 1222 1144 1281 antequam
1178 1218 1544 1265 maturescant
1572 1208 1637 1261 iis
1670 1205 1869 1261 mederi
1896 1204 2052 1269 velis,

466 1307 855 1363 recrudescunt
884 1303 1077 1374 magis.
1107 1301 1340 1355 Dixisset
1364 1298 1506 1353 enim
1533 1295 1765 1351 fortasse
1791 1293 1900 1349 acri
1932 1308 2055 1347 eum

467 1416 532 1456 ac
557 1397 861 1453 truculento
882 1395 1070 1448 obtutu
1098 1393 1397 1462 respiciens
1423 1408 1438 1444 :
1464 1387 1508 1444 Ο
1532 1389 1694 1443 homo
1718 1385 2053 1458 importune!

466 1494 621 1548 vides
653 1491 866 1558 qualem
902 1486 1356 1558 pulchritudinem
1401 1498 1548 1537 mors
1592 1482 1888 1535 immature
1926 1494 2060 1534 cou-

469 1584 804 1654 sumpserit,
861 1589 917 1634 et
968 1579 1111 1648 quod
1169 1592 1341 1632 meam
1401 1576 1576 1632 lucem
1635 1574 1912 1629 conditmn
1961 1586 2059 1638 eo,

468 1675 764 1729 anchoram
810 1670 936 1724 vita:
987 1682 1144 1731 meae,
1198 1676 1251 1720 tu
1302 1680 1431 1720 vero
1483 1664 1733 1733 praecipis
1786 1660 1952 1722 mihi,
2006 1669 2063 1712 ut

472 1766 700 1838 perinde
739 1772 905 1833 atque
934 1762 985 1814 in
1019 1759 1227 1815 modica
1272 1759 1502 1827 quadam
1551 1755 1857 1809 calamitate
1886 1751 2063 1820 philo-

2153 551 2399 620 θότητος,
2451 548 2546 601 καὶ
2601 545 2789 616 φωνὴν
2813 544 3011 612 ἀφίησι
3045 543 3111 612 τῇ
3136 539 3363 609 γυναικὶ
3390 538 3564 603 ὅντως
3590 541 3743 605 θείας

2150 646 2374 716 χάριτος
2428 640 2705 711 ἔμπλεων·
2752 657 2771 690 ι
2808 636 2901 708 Μὴ
2946 635 3132 689 κλαῖε·
3174 652 3192 686 ι
3229 627 3273 687 ὦ
3309 633 3435 686 θεία
3470 632 3626 703 φωνὴ
3653 650 3742 686 το-

2154 735 2344 790 σοῦτον
2396 732 2561 804 ἄχθος
2615 730 2797 799 λύπης
2845 726 3193 797 κουφίσασαί
3225 726 3274 778 εί
3298 724 3408 796 γάρ
3437 742 3523 788 τις
3553 724 3746 794 ἔτερος

2158 827 2234 897 μὴ
2269 825 2485 879 κλαίειν
2526 823 2664 893 αὐτῇ
2716 819 3062 883 ἐπετέλλετο,
3102 814 3212 888 ἆρα
3235 817 3337 869 οὐκ
3367 816 3433 869 ἂν
3460 816 3747 870 ἀπέπτυσε

2153 920 2255 991 τὴν
2287 917 2634 987 νουθέτησιν,
2664 916 2759 969 καὶ
2781 914 2857 976 ὡς
2890 912 3086 981 ἐχθρὸν
3106 911 3198 964 τὸν
3225 908 3586 965 νουθετοῦντα
3603 928 3750 982 παρ-

2156 1012 2540 1083 ηγκωνίσατο;
2598 1009 2927 1079 ἀκμάζουσα
2953 1007 3061 1076 γὰρ
3077 1006 3246 1075 λύπη,
3274 1004 3752 1075 παραμυθητικῶν

2156 1106 2335 1174 λόγοιν
2364 1106 2515 1158 εστιν
2546 1100 2925 1163 ἀνεπίδεκτος,
2945 1098 3138 1171 ὥσπερ
3170 1098 3242 1151 τὰ
3261 1097 3372 1151 τῶν
3395 1098 3753 1169 ρευματικῶν

2159 1199 2490 1269 νοσημάτων
2514 1195 2958 1267 κακοηθέστερα,
2989 1194 3360 1259 ὲπαυξάνεται
3393 1193 3598 1263 μᾶλλον
3621 1194 3755 1264 πρὶν

2161 1295 2510 1365 πεπανθῆναι
2573 1292 2708 1364 θερα
2720 1290 3020 1361 πευόμενα.
3052 1285 3189 1343 Εῑπε
3216 1288 3327 1359 γὰρ
3352 1290 3484 1351 ἴσως
3506 1288 3671 1358 δριμύ
3698 1306 3758 1341 τι

2162 1384 2455 1448 ἀπιδοῦσα,
2490 1382 2589 1438 καὶ
2623 1380 2887 1452 βλοσυρόν
2910 1397 2925 1412 ο
2953 1372 2999 1433 ὧ
3025 1380 3126 1450 τῆς
3156 1378 3419 1449 ἀκαιρίας
3456 1378 3757 1449 ἄνθρωπει

2162 1480 2296 1552 ὁρᾷς
2327 1473 2440 1532 οἷον
2494 1474 2693 1539 κάλλος
2748 1475 2776 1527 ὁ
2812 1473 3045 1539 θάνατος
3099 1472 3238 1540 πρὸς
3277 1473 3429 1543 ὥρας
3460 1473 3761 1543 ἐμάρανεν⁹

2165 1573 2260 1627 καὶ
2291 1573 2372 1626 ὅτι
2395 1569 2593 1639 ἄπειμι
2623 1570 2691 1639 τῇ
2733 1570 2804 1636 γῇ
2851 1563 3325 1636 κατακρύπτουσα
3367 1564 3428 1618 τὸ
3463 1564 3593 1634 ἐμὸν
3615 1565 3762 1634 φῶς,

2165 1666 2266 1734 τῆς
2295 1664 2444 1730 ζωῆς
2490 1679 2592 1733 μου
2613 1663 2715 1731 τὴν
2743 1660 3017 1730 ἄγκυραν,
3054 1660 3147 1712 καὶ
3172 1658 3246 1722 ὡς
3273 1659 3367 1713 ἐπὶ
3403 1660 3613 1730 μετρίῳ
3649 1661 3766 1714 τινὶ

2170 1757 2336 1811 πάθει
2369 1756 2687 1824 φιλοσοφεῖν
2711 1752 3049 1813 ἐπιτάττεις,
3074 1750 3191 1813 καὶ,
3216 1751 3306 1819 Μὴ
3328 1751 3508 1814 κλαῖε,
3538 1751 3757 1817 λαλεῖς.

471 1816 713 1928 ἕοριιίαιιι
763 1816 1044 1910 erierceam
1079 1867 1094 1905 :
1124 1859 1178 1906 et
1224 1851 1404 1903 dicis:
1451 1846 1572 1900 Nuli
1625 1846 1773 1907 ﬂere,
1824 1860 1890 1897 ex
1937 1843 2065 1896 ada-

2181 1850 2268 1914 Ὠς
2323 1816 2501 1902 ἔοικεν
2565 1816 2625 1913 ig
2688 1843 3061 1916 ἀδάμαντοςῆ
3105 1816 3330 1912 σιδήρου
3364 1844 3435 1898 τά
3465 1845 3764 1917 σπλάγχνα

472 1959 673 2013 mante,
700 1946 775 2002 uti
807 1945 1043 2009 videtur,
1069 1942 1150 1996 vel
1176 1957 1240 1997 ex
1271 1939 1415 1994 ferro
1443 1940 1537 1994 tibi
1565 1939 1773 1992 viscera
1803 1935 2064 1990 fabricata

470 2049 615 2095 sunt.
649 2038 715 2091 At
754 2036 861 2107 37
901 2034 1035 2088 nihil
1077 2033 1181 2086 tale
1228 2031 1341 2102 (2i)
1388 2030 1516 2085 huic
1556 2028 1768 2083 mulieri
1804 2028 2065 2093 contigit;

472 2145 597 2184 nam
641 2127 800 2183 simul
839 2127 1066 2189 audivit,
1109 2142 1128 2176 ι
1204 2123 1320 2177 Noli
1364 2122 1516 2186 ﬂere,
1564 2139 1584 2173 ι
1634 2118 1767 2174 ﬂere
1810 2118 2065 2175 cessavit.

473 2221 651 2290 Quam
682 2222 752 2277 ob
776 2219 1036 2276 causam?
1069 2218 1337 2273 Nimirum
1369 2217 1494 2286 quia
1526 2231 1647 2270 cum
1683 2213 1895 2267 Domini
1930 2212 2067 2267 allo—

473 2314 696 2369 cutione
725 2315 911 2369 suavis
941 2312 1188 2382 quaedam
1231 2309 1530 2365 consolatio
1579 2308 1632 2361 in
1681 2307 1800 2376 ejus
1830 2305 2067 2359 animam

474 2405 732 2461 instillata
785 2415 902 2467 est,
955 2419 1076 2474 quae
1130 2412 1363 2458 mentem
1420 2402 1488 2457 ad
1550 2401 1687 2455 bene
1740 2398 2068 2469 sperandum

476 2499 676 2554 erexit.
702 2498 867 2554 Stetit
896 2498 1058 2566 igitur
1080 2496 1146 2551 ad
1173 2505 1423 2551 eventum
1458 2494 1627 2548 futuri
1653 2507 1935 2561 suspensa.
1964 2490 2071 2546 Sed

478 2597 607 2665 quid
652 2611 832 2650 moror
862 2599 1178 2664 adiungere,
1209 2594 1350 2663 quod
1383 2595 1435 2647 in
1485 2594 1586 2647 hac
1622 2593 1847 2647 historia
1871 2591 2071 2659 jucuno

477 2690 605 2744 dum
629 2698 684 2743 et
705 2688 1080 2743 admirandum
1105 2686 1227 2743 est?
1258 2687 1482 2742 Accedit
1511 2686 1673 2755 igitur
1698 2687 1903 2740 Auctor
1928 2685 2070 2749 vitae,

478 2791 534 2836 et
557 2781 739 2834 divina
777 2796 940 2834 manu
972 2780 1204 2834 loculum
1244 2779 1450 2849 tangit;
1480 2779 1571 2848 qui
1605 2793 1732 2833 vero
1761 2777 2070 2848 portabant,

480 2880 773 2935 steterunt,
814 2871 915 2925 rati
952 2871 1185 2925 fortasse
1216 2885 1338 2924 eum
1373 2881 1622 2925 amanter
1649 2869 1903 2938 juvenem
1937 2869 2075 2922 velle

479 2962 783 3031 complecti.
798 2961 890 3016 llle
904 2976 1029 3015 vero
1046 2960 1408 3015 dominatrice
1427 2975 1555 3012 voce
1576 2970 1846 3013 mortuum
1870 2969 2026 3012 vocat
2057 2974 2071 3011 :

485 3071 505 3105 ι
545 3053 894 3118 Adolescens,
925 3052 1019 3107 tibi
1050 3054 1170 3105 dico
1191 3090 1207 3118 ,
1238 3067 1399 3120 surge
1425 3067 1440 3105 :
1467 3068 1487 3103 ι
1519 3060 1571 3106 et
1591 3050 1869 3114 continuo,
1900 3065 1932 3104 ο
1959 3064 2072 3103 rem

2157 1938 2561 2010 ¹κεχάλκευσαι.
2610 1936 2755 1990 Ἀλλ’
2779 1934 2933 1988 οὐδέν
2953 1952 3007 1989 τι
3034 1934 3359 2007 πέπονθενὴ
3389 1938 3553 2006 γυνή.
3589 1936 3764 2007 Ὁμοῦ

2170 2032 2229 2086 δὲ
2260 2034 2486 2103 ἤκουσε,
2522 2050 2541 2083 ι
2574 2032 2666 2100 Μὴ
2695 2030 2873 2096 κλαῖε,
2915 2047 2934 2081 ι
2967 2030 3064 2083 κα)⁸
3090 2033 3378 2099 σεσίγηκε.
3410 2030 3602 2097 Διατί;
3636 2032 3768 2087 Ὅτι

2173 2127 2270 2179 σὺν
2300 2124 2380 2193 τῷ
2414 2122 2739 2192 Δεσποτικῷ
2769 2121 2939 2192 λόγῳ,
2973 2120 3067 2174 καὶ
3094 2119 3324 2187 γλυκεῖά
3354 2139 3437 2184 τις
3457 2123 3766 2195 παραψυχὴ

2171 2217 2463 2283 ὲνέσταξεν
2502 2218 2561 2269 ἐν
2590 2218 2656 2287 τῇ
2691 2215 2897 2285 ταύτης
2929 2212 3103 2285 ψυχῇ.
3146 2216 3286 2286 πρὸς
3310 2215 3526 2284 ἀγαθὴν
3571 2216 3770 2270 ἐλπίδα

2171 2311 2265 2365 τὸν
2289 2310 2416 2364 νοῦν
2444 2310 2619 2378 αὐτῆς
2648 2309 3017 2380 διεγείρουσα.
3054 2308 3228 2379 Ἐστη
3259 2308 3354 2362 οὖν
3378 2309 3518 2378 πρὸς
3540 2310 3602 2363 τὸ
3634 2310 3773 2379 μέλ-

2172 2403 2265 2457 λον
2317 2398 2456 2456 οὖσα
2508 2402 2806 2473 μετέωρος.
2849 2401 3015 2455 Ἀλλά
3057 2402 3110 2455 τί
3143 2402 3220 2472 μὴ
3253 2402 3450 2457 θᾶττον
3481 2403 3679 2471 ἐπάγω
3703 2404 3773 2459 τὸ

2173 2496 2348 2563 γλυκὺ
2414 2494 2515 2565 τῆς
2577 2495 2915 2565 διηγήσεως,
2950 2495 3046 2548 καὶ
3109 2494 3454 2564 παράδοξονς
3502 2497 3773 2566 Ἔρχεται

2173 2590 2357 2643 τοίνυν
2403 2589 2432 2641 ὁ
2484 2586 2586 2657 τῆς
2632 2587 2782 2656 ζωῆς
2809 2586 3094 2658 Χορηγδς,
3142 2590 3378 2643 ἅπτεται
3451 2590 3550 2660 τῆς
3599 2589 3772 2660 σοροῦ

2176 2680 2299 2752 θείᾳ
2351 2679 2521 2750 χειρί⁶
2567 2679 2617 2732 oi
2646 2678 2703 2732 δὲ
2751 2677 3117 2749 βαστάζοντες
3156 2678 3419 2748 ἔστησαν.
3437 2680 3627 2751 ᾯοντο
3656 2681 3775 2751 γὰρ

2178 2773 2309 2835 ἴσως
2367 2771 2577 2825 ἐθέλειν
2640 2772 2809 2824 αὑτὸν
2845 2771 3207 2824 ἀσπάσασθαι
3230 2772 3323 2825 τὸν
3350 2775 3568 2843 νεκρόν.
3620 2771 3680 2826 '0
3711 2774 3774 2826 δὲ

2176 2863 2474 2933 δεσποτικῇ
2541 2865 2695 2933 φωνῇ
2744 2862 2905 2916 καλεῖ
2955 2865 3048 2917 τὸν
3079 2863 3274 2933 νεκρόν
3302 2877 3316 2893 ⁶
3365 2882 3383 2915 ι
3420 2865 3650 2929 Νεανία,
3685 2865 3777 2918 σοὶ

2178 2955 2344 3024 λέγω,
2366 2954 2648 3025 ἐγέρθητι.
2683 2974 2703 3007 ι
2738 2956 2850 3009 Καὶ
2901 2955 3124 3021 αὐτίκα,
3155 2953 3201 3009 ὣ
3253 2955 3346 3010 τοῦ
3389 2956 3705 3026 θαύματοςι
3749 2959 3779 3011 ὁ

2184 3048 2283 3118 μὲν
2335 3048 2470 3120 ᾅδης
2507 3047 2756 3113 ἐλέλυτο,
2792 3048 2825 3118 ἡ
2860 3047 2920 3101 δὲ
2961 3047 3109 3119 ψυχὴ
3161 3050 3226 3102 ἐκ
3259 3048 3369 3102 τῶν
3397 3049 3640 3103 νεκάδων
3672 3050 3780 3103 ἀν-

482 3146 712 3199 miraml
749 3149 924 3199 soluta
958 3152 1087 3198 sunt
1116 3144 1417 3199 inferorum
1449 3143 1723 3209 clausura;
1756 3155 1812 3195 et
1839 3157 1901 3196 ex
1932 3155 2074 3194 mor-

2182 3142 2401 3213 ἐσθορε,
2438 3142 2535 3195 καὶ
2560 3142 2588 3194 ὁ
2614 3141 2810 3212 νεκρὸς
2841 3140 3162 3208 ἀνεκάθισε,
3194 3142 3292 3195 καὶ
3322 3141 3416 3195 τοῦ
3453 3143 3778 3213 κραῦὅάτου

483 3236 592 3288 tuis
624 3234 892 3302 prosilivit
957 3236 1161 3298 anima,
1195 3243 1252 3287 et
1282 3234 1373 3302 qui
1413 3227 1659 3287 mortuus
1689 3241 1805 3286 erat
1839 3232 2074 3294 resedit;

482 3335 535 3379 et
558 3340 620 3378 ex
638 3326 897 3393 grahbato
919 3323 1157 3389 desiliit;
1186 3332 1239 3378 et
1266 3324 1630 3387 omniafuova,
1656 3333 1711 3378 et
1738 3322 2077 3377 admirabilia

2186 3236 2480 3304 ὲφήλλατο,
2507 3234 2838 3302 καὶγίνεται
2874 3234 3057 3307 πάντα
3109 3240 3293 3303 καινὰ,
3327 3241 3422 3293 καὶ
3463 3238 3780 3308 παράδοξα.

2202 3322 2260 3378 Ὁ
2284 3326 2564 3396 καρωνίας
2581 3326 2749 3393 τάφος
2771 3323 2956 3393 ἔμεινε
2980 3329 3307 3393 κενοτάφιον
3336 3342 3349 3357 ·
3376 3327 3425 3379 oi
3453 3324 3784 3396 ὀρύττοντες

483 3419 826 3474 exstiterunt.
855 3407 1173 3489 Sepulcrum
1200 3416 1314 3488 (22)
1332 3418 1472 3486 quod
1495 3426 1612 3471 erat
1638 3416 1879 3470 futurum
1903 3413 2074 3470 fmtidi

2186 3415 2250 3470 τὸ
2274 3415 2450 3469 πτύον
2482 3415 2766 3487 ῥίψαντες,
2804 3416 2900 3469 καὶ
2923 3416 3020 3489 τὴν
3044 3418 3322 3482 δίκελλαν,
3348 3419 3483 3489 πρὸς
3503 3416 3565 3469 τὸ
3591 3419 3784 3485 παρὰ-

1736 3528 2064 3592 Francisi-i
2097 3530 2315 3592 Scorsi
2341 3537 2531 3593 notas.
3099 3521 3103 3526 ’

557 3655 669 3721 (ΞΟ)
718 3653 990 3725 Vigeséens
1021 3655 1157 3709 enim
1208 3671 1418 3709 ntoeror.
1456 3651 1587 3707 Eam
1639 3651 1815 3721 magni
1872 3651 2078 3707 doloris

487 3727 593 3781 vim
627 3728 893 3793 expressit
927 3726 1134 3781 Seneca
1176 3725 1228 3780 in
1254 3725 1453 3780 Troad.
1488 3739 1506 3777 :

557 3795 781 3850 Ratione
801 3797 1040 3865 quamvis
1072 3808 1272 3862 careat,
1312 3808 1361 3850 et
1391 3797 1529 3865 ﬂecti
1564 3804 1714 3864 neget

557 3867 787 3939 Magnus
815 3864 987 3928 dolor,
1021 3870 1293 3939 sociosque
1322 3864 1703 3935 nonnunquam
1731 3864 1817 3918 sui

558 3935 801 3989 Mw’roris
833 3939 972 4004 ipsos
1008 3940 1193 3991 oderit.

564 4007 676 4074 (2|)
710 4010 773 4059 At
816 4005 947 4058 mhi!
998 4008 1122 4060 tale.
1165 4009 1311 4061 Inter
1356 4007 1475 4060 ha‘c
1510 4006 1699 4069 verba,
1757 4004 1874 4056 ἀλλ’
1923 4004 2080 4057 οὐδὲν

489 4075 753 4139 τοιοῦτον,
807 4087 861 4129 ct
903 4079 1300 4139 antecedentia,
1339 4077 1468 4146 πρὶν
1519 4076 1868 4143 πεπανθῆναι
1918 4075 2081 4144 θερα-

491 4146 792 4215 πευόμενα,
831 4146 882 4197 iu
916 4146 1077 4198 unico
1117 4149 1239 4201 cod.
1270 4146 1336 4201 G.
1359 4148 1563 4200 inserta
1594 4158 1675 4200 ρει
1718 4146 1833 4200 haec
1861 4162 2077 4214 προσω-

496 4214 698 4270 ποποία
731 4215 977 4287 mulieris
1003 4216 1208 4287 viduag,
1245 4214 1366 4269 εἷπε
1398 4217 1508 4287 γὰρ
1541 4216 1673 4279 ἴσως
1695 4215 1920 4286 δρίμυσι
1951 4218 2081 4268 ἀπιο

492 4287 660 4340 δοῦσα
694 4286 790 4338 καὶ
821 4286 1104 4356 βλοσυρὸν,
1154 4282 1200 4341 ὦ
1238 4289 1337 4356 τῆς
1389 4282 1645 4356 ἀκαιρίας
1681 4282 1958 4356 ἄνθρωπε,
2026 4294 2082 4340 et

495 4372 617 4428 quae
645 4368 985 4426 sequuntur;
1027 4373 1147 4426 quae
1178 4368 1356 4412 tamen
1386 4360 1430 4412 si
1463 4358 1719 4412 deessent
1749 4360 1831 4428 ita
1883 4372 2082 4410 conse-

497 4427 644 4481 cutio
669 4428 957 4481 sementim
987 4432 1307 4491 cohaereret,
1342 4437 1402 4480 ut
1429 4442 1588 4481 nemo
1613 4427 1877 4495 suspicari
1902 4436 2083 4494 posset

496 4512 559 4551 ea
595 4498 805 4559 deesse,
844 4498 937 4551 sed
973 4499 1152 4566 potius
1181 4498 1326 4567 quod
1358 4498 1573 4551 inventa
1601 4501 1709 4550 sint
1736 4498 2005 4550 ἀλλόκοτα
2027 4507 2082 4549 et

2182 3648 2294 3706 οἷον
2360 3656 2639 3724 χαρώνια,
2682 3653 2777 3709 καὶ
2810 3654 3137 3724 ἀμπότιδας,
3174 3655 3269 3709 καὶ
3304 3654 3484 3725 πηγὰς
3533 3653 3785 3724 θερμῶν,

2189 3725 2388 3778 debere
2418 3725 2572 3779 dicit.
2603 3726 2733 3790 Quae
2771 3727 2933 3780 verba
2975 3728 3055 3781 sit:
3087 3728 3261 3779 reddit.
3290 3727 3559 3790 interpres
3587 3742 3601 3779 :
3628 3726 3788 3780 Prw-

2185 3804 2326 3848 terea
2361 3795 2494 3864 nihil
2533 3811 2717 3848 earnm
2770 3811 2944 3849 rerum
2987 3796 3247 3850 admirari
3302 3797 3610 3863 sapientem,
3659 3812 3788 3864 qua:

2187 3863 2533 3918 admirabiles
2560 3864 2856 3931 rideantur,
2894 3876 2949 3919 ιιι
2980 3865 3242 3922 Charonis
3281 3867 3502 3936 januas.
3547 3863 3783 3919 (estnam

2188 3951 2418 3988 recessus
2482 3944 2531 3988 et
2564 3951 2825 4005 aquarum
2854 3938 3045 4005 fomes.
3084 3938 3189 3991 Sed
3217 3953 3336 4005 qua:
3363 3950 3483 3990 sunt
3521 3939 3603 3990 Iun
3630 3939 3789 3989 Cha—

2192 4007 2344 4058 roais
2372 4007 2553 4074 ianuae
2584 4010 2721 4059 inter
2753 4007 3070 4060 admiranda
3100 4023 3129 4059 a
3164 4006 3403 4069 Laertio,
3433 4023 3527 4060 seu
3556 4005 3788 4061 Zenone

2193 4085 2661 4145 couittnemorata,
2729 4092 2850 4144 qua:
2913 4088 3092 4131 tamen
3157 4077 3413 4130 admirati
3471 4080 3783 4145 sapientem

2188 4145 2382 4198 vetat?
2427 4143 2545 4198 Jam
2603 4146 2700 4200 has
2730 4143 2995 4201 obscuras
3034 4147 3232 4215 ianuas
3277 4143 3548 4216 aperiam,
3573 4158 3626 4199 et
3657 4149 3789 4200 illu-

2189 4217 2417 4283 strabo,
2475 4216 2520 4268 si
2584 4216 2737 4285 prius
2801 4232 2921 4286 qua!
2984 4219 3050 4272 de
3123 4233 3257 4287 voce
3335 4216 3581 4287 χαρὼνια
3642 4219 3791 4285 apud

2190 4287 2574 4356 grammaticos
2632 4287 2735 4352 legi
2792 4289 3111 4356 producam.
3159 4286 3295 4342 Nam
3337 4286 3475 4355 apud
3507 4288 3787 4341 Pollucem

2190 4355 2286 4427 lib.
2319 4372 2438 4418 vm,
2477 4371 2596 4425 cap.
2631 4356 2686 4417 9.
2727 4355 3205 4421 etPhavorinnm,
3238 4369 3292 4411 et
3344 4358 3689 4427 Hesychium,
3731 4366 3793 4411 et

2193 4425 2419 4480 Suidam
2450 4428 2499 4479 in
2528 4442 2659 4480 voce
2686 4434 2979 4496 χαρὼνιον,
3014 4428 3128 4481 1]ωο
3163 4427 3353 4482 iisdem
3398 4425 3570 4480 {erute
3601 4430 3790 4481 verbis

2195 4498 2444 4569 leguntur
2477 4497 2761 4569 Χάρωνοτο,
2819 4498 2999 4569 θύρα,
3073 4499 3171 4568 μία
3220 4497 3313 4551 τοῦ
3375 4497 3789 4566 νομοφυλακίου

498 4558 823 4639 εχᾼιιιιθιυιιιε
852 4558 1068 4639 ingenio
1105 4558 1308 4624 inserta
1341 4571 1511 4637 possit
1538 4569 1806 4636 quispiam
1854 4570 2074 4622 eriticns

2187 4558 2366 4639 θύρα,
2422 4558 2601 4639 δι’-ᾗς
2684 4558 2756 4620 oili
2792 4558 3085 4621 κατ’άδικοι’
3117 4568 3215 4639 τὴν
3268 4569 3360 4620 ἐπὶ
3414 4558 3643 4621 θ’άνατον
3693 4569 3792 4639 ἐξέ-

498 4637 834 4693 existimare.
869 4636 979 4709 Ego
1018 4653 1145 4693 vero
1180 4640 1303 4709 quia
1334 4636 1387 4693 et
1429 4640 1648 4706 elegans
1695 4648 1779 4692 est.
1818 4648 2082 4708 prosopo-

499 4723 665 4777 pceia,
701 4718 757 4761 et
810 4707 1086 4779 παθητική
1139 4707 1211 4779 ει
1240 4710 1308 4762 ab
1350 4708 1491 4769 aliis.
1533 4712 1727 4777 quibus
1779 4707 1864 4762 hic
1904 4721 2086 4779 sermo

502 4795 608 4832 non
667 4794 775 4832 uno
828 4779 881 4830 iu
936 4776 1085 4832 l’oco'
1110 4778 1516 4840 καλλωπίζεται
1554 4776 1668 4832 non
1702 4778 1984 4843 absimilis,
2018 4776 2087 4830 ab

500 4851 687 4901 eodem
720 4849 962 4903 auctoris
992 4851 1152 4918 genio
1188 4852 1512 4917 composita,
1544 4851 1846 4917 eademque
1875 4848 2088 4902 oﬂicina

501 4918 681 4972 exisse
713 4921 920 4971 censui.
966 4918 1033 4972 Et
1074 4920 1292 4973 demum
1341 4920 1463 4987 quia
1503 4919 1590 4971 ille
1626 4921 1878 4972 inductus
1907 4933 2089 4972 sermo

505 4989 750 5042 mulieris
780 4989 908 5054 vim,
935 4992 1339 5058 potentiamque
1361 4994 1411 5042 tu
1439 4990 1637 5041 Christi
1658 4991 1838 5042 verbis
1871 4989 2087 5042 insitam

503 5060 763 5129 ostendit,
800 5062 888 5124 qui
936 5068 1021 5113 est
1065 5069 1299 5114 auctoris
1335 5064 1553 5129 scopas,
1616 5059 1993 5127 interiicienda
2036 5066 2093 5111 ct

503 5127 708 5180 edenda
748 5129 932 5182 statui.

580 5198 690 5267 (εει)
729 5198 1068 5267 Sepulcrum.
1098 5197 1260 5253 Ludit
1302 5213 1454 5254 more
1493 5215 1593 5255 suo
1630 5197 1995 5266 Theophanes
2040 5198 2092 5251 in

506 5268 808 5330 ἀντιθέτοις
846 5283 952 5322 non
986 5280 1094 5323 tam
1133 5271 1315 5324 verbis
1373 5286 1533 5339 quam
1562 5270 1741 5323 rebus.
1774 5272 2009 5337 Opponit
2034 5269 2095 5321 τὸ

446 5404 453 5407 _
506 5343 783 5412 χαρωνίας
824 5340 1010 5412 Δτάφον
1074 5341 1155 5412 τῷ
1217 5343 1529 5412 κενοταφίῳ
1592 5342 1720 5394 illud
1783 5340 2094 5408 sepulcrum

510 5410 790 5462 horridum
818 5408 1058 5463 futurum
1084 5408 1258 5463 nsum
1289 5408 1535 5480 corporis
1557 5414 1952 5478 receptaculum
1972 5413 2100 5480 (hoc

504 5480 650 5533 enim
710 5481 763 5531 in
821 5481 1028 5551 duabus
1082 5482 1164 5535 his
1226 5482 1451 5536 vce-ibus
1505 5485 1533 5534 ὁ
1590 5483 1761 5549 τάφος
1822 5479 2098 5551 χαρωνίας

509 5550 842 5618 continetur)
888 5550 979 5604 hic
1026 5551 1353 5605 honorarius
1385 5553 1645 5614 tumulus,
1696 5552 1748 5603 id
1797 5550 1904 5612 est,
1943 5566 2098 5602 κενο-

507 5622 723 5690 Ιιιίιιφιος.
755 5619 835 5671 Τά
879 5620 1125 5690 χαρώνια
1160 5622 1418 5675 barathra
1468 5623 1735 5689 quaedam,
1766 5633 1821 5675 et
1855 5620 2101 5673 Plutonia

508 5684 681 5760 [indos
710 5684 911 5744 odores
928 5684 1237 5745 exhalantia
1262 5706 1384 5745 esse
1415 5684 1682 5760 colligitur
1713 5706 1779 5745 ex
1805 5692 2021 5744 Laertio
2049 5692 2101 5742 iu

510 5752 750 5829 genune,
778 5759 869 5812 lib.
897 5775 997 5827 vu,
1026 5764 1113 5814 ubi
1137 5777 1202 5813 ex
1234 5762 1398 5828 ipsius
1425 5752 1658 5813 Zenonis
1702 5762 1952 5829 dogmate
1981 5762 2104 5812 Ἔτι

510 5821 567 5871 δε
597 5830 760 5877 σοφὸν
795 5829 947 5881 οὐδὲν
975 5821 1280 5892 θαυμάζειν
1303 5831 1412 5884 τῶν
1435 5831 1740 5884 δοκούντων
1771 5821 2101 5899 παραδόξων

2191 4635 2416 4705 ἄγονται
2444 4651 2460 4666 ·
2504 4635 2621 4691 Una
2645 4640 3032 4709 nomoiihylacii
3085 4635 3224 4707 (hoc
3265 4650 3344 4692 est
3386 4642 3645 4703 carceris,
3693 4638 3789 4692 cui

2190 4710 2616 4781 nomop‘hylaces
2659 4710 3049 4781 prmerautiex
3081 4726 3186 4776 qua
3216 4710 3401 4778 capitis
3439 4711 3511 4760 rei
3536 4712 3605 4761 ad
3645 4724 3796 4761 mor-

2192 4790 2295 4833 tem
2320 4778 2632 4846 efferuntur.
2680 4780 2841 4832 Addit
2877 4778 3074 4832 Stiidas
3102 4782 3167 4832 ad
3199 4782 3427 4833 altorum
3465 4781 3624 4832 verba
3660 4793 3795 4832 ver-

2192 4850 2421 4919 siculum
2459 4862 2525 4902 ex
2578 4850 2960 4914 Aristophanis
3015 4848 3174 4902 Pluto
3222 4866 3236 4903 :
3288 4849 3346 4903 '0
3393 4849 3449 4901 δὲ
3476 4850 3678 4919 Χάρων
3721 4848 3793 4900 τὸ
3849 4905 3858 4915 θ

2193 4918 2466 4986 ξύμϐολον
2495 4918 2720 4989 δίδωσιν⁹
2759 4919 2973 4973 Charon
2998 4931 3174 4973 autem
3205 4921 3497 4989 symbolum
3544 4918 3634 4971 dat
3659 4920 3794 4971 ἀντὶ

2192 4990 2290 5042 τοῦ
2326 4989 2542 5059 μέλλεις
2570 4988 2888 5053 ἀποθανεῖν,
2917 5006 3012 5057 pro
3037 5007 3094 5043 eo
3127 4988 3267 5060 quod
3299 4998 3417 5043 est:
3443 4988 3493 5042 Μ
3503 4990 3792 5042 orirndum

2194 5062 2291 5114 tibi
2323 5070 2422 5115 est.
2458 5060 2666 5125 Quibus
2703 5064 2879 5114 verbis
2913 5059 3176 5112 adductus
3203 5059 3442 5114 Thomas
3479 5061 3793 5114 Aldobrau-

2196 5133 2360 5186 diuus
2389 5131 2440 5182 in
2470 5131 2927 5184 Adnmatiouibus
2957 5128 3024 5182 ad
3058 5130 3148 5182 illa
3188 5132 3346 5184 verba
3389 5130 3590 5184 Laertii
3628 5139 3793 5195 putat

2200 5217 2295 5271 per
2320 5201 2617 5269 χαρωνεῖα,
2650 5200 2734 5254 vel
2765 5201 3033 5254 Charonis
3058 5201 3254 5271 ianuas
3285 5215 3349 5253 eo
3385 5201 3504 5254 loco
3553 5210 3793 5271 mortem

2200 5269 2515 5340 Sigtttlieari,
2547 5273 2704 5341 quasi
2738 5274 2879 5323 dicat
2916 5285 3107 5341 morus
3144 5269 3376 5337 ianuas;
3412 5286 3536 5324 nam
3568 5270 3795 5341 ΑΧάρων
3834 5290 3849 5336 τ

2203 5339 2343 5410 apud
2378 5339 2598 5394 Suidam
2656 5346 2818 5393 etiam
2856 5343 2884 5393 ὁ
2923 5340 3152 5404 θάνατος
3187 5341 3506 5409 explicatur.
3561 5339 3666 5394 Sed
3697 5355 3800 5393 ne-

2200 5427 2307 5481 que
2335 5414 2513 5465 adhuc.
2541 5410 2625 5465 hae
2649 5410 2827 5477 jauute
2863 5421 3082 5479 patent;
3126 5426 3303 5479 neque
3330 5412 3487 5465 video
3511 5414 3796 5480 quomodo

2203 5498 2326 5537 cum
2358 5482 2569 5535 caeteris
2613 5483 3045 5547 admirabilibus,
3076 5497 3209 5551 qua:
3238 5495 3558 5550 sequuntur,
3597 5481 3798 5534 utortis

2206 5553 2405 5606 mentio
2434 5552 2731 5606 cohaereat.
2763 5553 2930 5622 Igitur
2958 5553 3032 5604 τὰ
3072 5550 3319 5624 χαρώνια
3342 5556 3481 5618 apud
3509 5552 3797 5624 Laertium

2206 5633 2333 5676 sunt
2368 5632 2548 5686 antra,
2604 5638 2697 5677 seu
2735 5620 3005 5686 cavernae,
3051 5620 3160 5675 seu
3199 5624 3456 5675 barathro
3505 5620 3797 5689 mephitim

2207 5692 2518 5747 exhalantia
2550 5709 2563 5745 :
2598 5694 2900 5762 cuiusmodi
2935 5704 3061 5746 sunt
3092 5695 3143 5745 in
3174 5709 3304 5761 agro
3338 5693 3652 5755 Puteolano,
3692 5691 3800 5757 (ιιιί

2209 5771 2263 5816 et
2297 5762 2616 5817 Vulcanium
2647 5762 2851 5827 forum,
2899 5774 2954 5817 et
2981 5762 3248 5830 Phlegrazi
3288 5767 3465 5831 campi
3503 5766 3644 5831 apud
3697 5775 3804 5811 νυ-

2211 5841 2355 5888 teres
2385 5832 2588 5898 dictus,
2621 5833 2711 5888 ubi
2730 5833 2879 5889 lacus
2903 5834 3169 5901 Attianos,
3189 5836 3546 5905 etpraecipue,
3570 5843 3805 5887 antrum
