4072 6432
585 383 694 451 239

1793 385 2292 449 THEOPHANIS
2330 387 2673 451 CERAMEI

3746 398 3848 464 240

582 508 845 561 videtur:
889 522 907 556 ι
934 503 1079 558 Exiit
1108 502 1198 575 qui
1256 502 1527 560 seminat:
1566 521 1584 555 ι
1636 502 1682 558 si
1737 502 1802 558 de
1852 503 1964 560 Deo
2010 504 2161 574 igitur

2281 525 2299 559 ι
2347 507 2603 578 Ἐξῆλθεν
2639 510 2666 561 ὁ
2702 508 2942 580 σπείρων
2972 524 2985 540 ’
3015 526 3035 562 ι
3074 509 3123 562 εί
3148 508 3361 577 λέγοιτο
3394 509 3573 564 τοίνυν
3602 511 3693 563 ἐπὶ
3730 514 3857 566 Θεοῦ

584 603 766 656 exitus
814 600 1027 664 dicitur,
1078 609 1421 654 removeatur
1472 597 1651 652 omnis
1697 581 2011 651 mutationis
2056 597 2162 652 loci

584 694 846 763 suspicio,
884 700 938 745 et
985 704 1047 745 ea
1081 688 1334 759 cogitatio
1366 689 1599 753 evincat,
1648 703 1768 758 quae
1814 685 1906 742 Dei
1957 696 2163 741 natura:

593 783 966 841 convenientia
999 781 1204 835 tribuit.
1242 780 1350 836 Nec
1380 781 1523 835 enim
1554 781 1721 835 exivit
1750 779 1891 842 loco,
1928 780 2018 834 scd
2065 781 2163 832 ha-

518 914 523 919 .
586 877 828 931 bitudine
879 873 1034 929 nobis
1087 873 1537 941 appropinquavit
1586 871 1758 926 factus
1798 871 1980 925 homo.
2025 867 2166 923 Deus

582 973 725 1028 enim
757 985 879 1026 cum
901 976 1067 1031 esset,
1095 977 1149 1022 et
1181 969 1472 1020 humanam
1508 965 1889 1033 assumpsisset
1920 975 2166 1017 naturam

592 1066 742 1138 (5t),
775 1074 980 1119 motum
1025 1061 1424 1133 quodammodo
1467 1058 1702 1114 subiisse
1733 1057 1946 1112 videtur
1970 1096 1987 1122 ,
2044 1057 2169 1110 licet

584 1161 761 1215 locum
807 1173 919 1211 non
972 1155 1138 1219 norit,
1187 1154 1282 1208 sed
1330 1154 1382 1207 in
1433 1150 1649 1221 propria
1691 1150 1891 1205 natura
1915 1150 2170 1215 persiStat

583 1252 866 1306 immotus.
922 1246 1039 1302 llec
1085 1245 1261 1315 ipsum
1312 1254 1493 1299 autem
1539 1242 1791 1297 Michaeas
1845 1241 2169 1295 vaticinatus

583 1353 667 1401 est
716 1343 905 1399 dicens
958 1356 973 1394 :
1031 1357 1053 1392 ι
1085 1338 1225 1394 Ecce
1272 1337 1533 1394 Dominus
1582 1336 1890 1407 egredietur
1934 1338 2001 1390 de
2048 1334 2167 1389 loco

580 1453 702 1496 suo.
748 1456 767 1490 ι

659 1550 679 1582 ι
715 1525 862 1585 Exiit
906 1527 998 1597 qui
1045 1525 1285 1581 seminat
1325 1522 1604 1577 seminare
1628 1535 1812 1576 semen
1851 1534 2007 1574 suum
2037 1516 2109 1573 ⁸⁸.
2144 1534 2164 1569 ι

586 1623 727 1689 Quid
760 1622 861 1675 hoc
895 1634 1079 1674 semen
1108 1619 1214 1681 sit,
1246 1617 1362 1687 ipse
1383 1629 1483 1670 nos
1524 1623 1853 1683 praeverteris
1881 1610 2173 1680 explicavit

585 1714 772 1768 dicens
797 1724 918 1765 esse
950 1707 1171 1762 verbum
1204 1706 1297 1762 Dei
1323 1715 1487 1775 atque
1516 1706 1651 1759 adeo
1675 1703 2166 1775 promulgationem

584 1804 881 1874 Evangelii.
917 1801 1077 1856 Sator
1110 1811 1291 1854 autem
1326 1799 1485 1868 hujus
1514 1796 1644 1852 boni
1675 1795 1899 1851 seminis
1923 1795 2037 1865 ipse
2064 1804 2170 1861 est,

2282 603 2580 668 ὲξέλευσις,
2609 604 2990 675 διαρρίψωμεν
3016 600 3199 659 πᾶσαν
3233 604 3475 673 ὑποψίαν
3511 605 3741 675 τοπικῆς
3766 624 3859 677 με-

2278 695 2596 761 ταϐάσεως·
2649 697 3018 765 ὲπικρατείτω
3069 696 3125 750 δὲ
3171 697 3431 764 λογισμὸς
3475 699 3543 768 τῇ
3587 696 3683 749 τοῦ
3728 697 3856 752 Θεοῦ

2281 788 2443 856 φύσει
2499 790 2831 859 προσάπτων
2863 789 2931 842 τὰ
2972 789 3418 860 πρεπωδέστερα.
3454 789 3527 839 οὐ
3576 788 3686 859 γὰρ
3716 788 3858 857 τόπῳ

2279 880 2526 950 ἐξῆλθεν,
2550 880 2687 934 ἀλλά
2713 880 2897 951 σχέσει
2920 882 3114 950 γέγονε
3138 881 3365 951 πλησίον
3393 880 3551 952 ἡμῶν
3576 880 3859 950 γενόμενος

2280 973 2586 1044 ἄνθρωπος·
2627 974 2761 1037 Θεὸς
2795 973 2901 1044 γὰρ
2948 975 3233 1043 ὑπάρχων,
3278 972 3376 1025 καὶ
3417 972 3732 1042 βροτωθεῖς,
3778 974 3861 1026 δο-

2282 1067 2369 1118 κεῖ
2406 1082 2522 1128 πως
2554 1066 2845 1135 ὑπομεῖναι
2876 1065 3223 1137 κίνησιν,καί
3253 1082 3333 1118 τοι
3363 1070 3527 1118 τόπον
3558 1064 3657 1116 οὐκ
3685 1065 3857 1127 εἰδὼς,

2280 1157 2395 1211 ἀλλ’
2426 1159 2823 1229 ἐρηρεισμένος
2864 1159 2923 1209 ἐν
2959 1160 3026 1227 τῇ
3086 1157 3194 1227 ἰδία
3241 1157 3425 1225 φύσει.
3460 1156 3632 1209 Τοῦτο
3664 1155 3728 1225 δὴ
3772 1158 3861 1208 καὶ

2280 1250 2526 1320 Μιχαίας
2556 1248 3127 1321 προεχρησμῴδησεν·
3164 1267 3182 1302 ι
3224 1248 3359 1302 Ἰδοὺ
3398 1247 3625 1320 Κύριος,
3667 1246 3859 1317 λέγων,

2277 1342 2637 1413 ἐκπορεύεται
2683 1346 2748 1396 ἐκ
2777 1341 2869 1395 τοῦ
2906 1342 3074 1395 τόπου
3107 1341 3299 1395 αὑτοῦ.
3347 1361 3366 1394 ι

2358 1539 2376 1572 s
2411 1520 2672 1590 Ἐξῆλθεν
2696 1523 2725 1576 6
2751 1522 2993 1592 σπείρων
3019 1521 3113 1575 τοῦ
3147 1523 3372 1591 σπεῖραι
3410 1521 3498 1575 τὸν
3530 1522 3735 1591 σπόρον
3766 1520 3862 1571 αὖ·

2278 1609 2395 1664 τοῦ.
2433 1630 2454 1664 ι
2487 1613 2552 1664 Τί
2584 1612 2683 1681 μὲν
2716 1614 2744 1667 6
2770 1612 2994 1684 σπόρος,
3028 1612 3188 1676 αὐτὸς
3228 1611 3433 1683 προῖυν
3465 1610 3760 1682 ἐδήλωσεν,
3789 1610 3862 1672 ὡς

2278 1708 2307 1760 6
2337 1704 2494 1774 λόγος
2526 1706 2618 1758 τοῦ
2659 1705 2796 1759 Θεοῦ
2842 1706 2981 1770 ἐστι,
3016 1706 3080 1757 τὸ
3110 1702 3468 1773 εὐαγγελικδν
3510 1705 3728 1766 πάντως
3760 1704 3863 1775 κή-

2281 1812 2488 1867 ρυγμα.
2524 1797 2769 1867 Σπορεῦς
2818 1796 2874 1849 δὲ
2926 1794 3022 1849 τοῦ
3068 1794 3278 1862 ἀγαθοῦ
3313 1794 3506 1847 τούτου
3543 1792 3863 1864 σπέρματος

584 1897 678 1966 qui
709 1897 822 1950 ha‘c
850 1894 1089 1959 loquitur
1114 1887 1309 1956 Jesus;
1339 1889 1454 1957 ipse
1479 1896 1563 1942 est
1592 1887 1772 1942 omnis
1817 1886 1940 1941 boni
1981 1894 2161 1953 sator;

2276 1888 2438 1951 αὐτὸς
2463 1888 2492 1941 6
2511 1888 2684 1942 ταῦτα
2730 1888 2907 1942 λαλῶν
2945 1888 3157 1959 Ἰησοῦς
3181 1903 3198 1918 ·
3232 1888 3395 1950 αὐτός
3423 1887 3574 1940 ἐστιν
3600 1888 3628 1939 6
3661 1884 3864 1947 παντὸς

584 1998 640 2043 et
680 1984 855 2041 omnis
895 1980 1190 2053 Spiritualis
1236 1978 1447 2034 fructus
1483 1976 1702 2031 ubertas
1737 1974 1806 2028 ab
1838 1974 1957 2043 ipso
1990 1973 2172 2043 perci-

589 2080 752 2150 pitur.
782 2075 955 2131 Terra
985 2088 1113 2129 vero
1180 2080 1237 2126 et
1279 2068 1607 2141 agricultura
1650 2067 1841 2138 ipsius,
1887 2064 2170 2120 hominum

584 2170 775 2227 animi.
821 2167 970 2221 Dixit
1014 2180 1144 2221 vero
1192 2177 1379 2221 semen
1430 2175 1613 2224 suum,
1661 2159 1917 2229 quoniam
1953 2170 2060 2211 non
2104 2154 2172 2209 ab

587 2262 696 2317 alio
744 2266 1028 2312 mutuatur
1078 2255 1302 2310 verbum
1360 2250 1453 2305 Dei
1505 2251 1558 2304 in
1610 2264 1669 2305 se
1710 2247 2032 2304 subsistens.
2066 2246 2171 2301 Sed

583 2364 755 2419 quare
796 2364 900 2403 non
940 2346 1006 2400 ad
1057 2352 1356 2399 sementem
1407 2340 1603 2394 novate
1649 2336 2036 2408 praemittitur?
2068 2335 2170 2402 Qui

583 2443 727 2498 enim
773 2439 921 2509 agris
966 2435 1210 2492 colendis
1262 2434 1394 2486 dant
1436 2445 1697 2500 operam,
1748 2429 1898 2500 prius
1947 2427 2169 2498 quidem

584 2546 786 2590 terram
844 2529 1048 2584 arando
1099 2535 1323 2593 novant,
1357 2539 1420 2579 ac
1460 2521 1655 2578 deinde
1690 2521 1899 2576 semina
1935 2518 2168 2587 jaciunt.

588 2621 689 2677 llic
714 2622 876 2691 igitur
901 2619 1044 2673 scire
1074 2623 1289 2684 oportet
1329 2612 1493 2667 etiam
1547 2611 1841 2681 prophetas
1877 2607 2009 2678 legis
2043 2622 2169 2660 ara-

578 2721 667 2770 tro
710 2711 987 2767 hominum
1034 2706 1242 2761 animas
1288 2718 1386 2773 per
1428 2710 1696 2771 praecepta
1745 2697 2069 2762 excoluisse,
2113 2709 2168 2756 et

581 2819 681 2860 eas
741 2804 806 2856 ad
865 2814 1051 2856 semen
1112 2794 1388 2865 Evangelii
1442 2791 1819 2861 excipiendum
1873 2789 2171 2845 reddidisse

583 2895 843 2965 aptiores.
866 2889 968 2956 Qui
999 2902 1126 2941 vero
1150 2886 1215 2939 ad
1242 2882 1428 2939 mundi
1462 2882 1624 2937 totius
1650 2880 1972 2935 beneﬁcium
1999 2879 2166 2945 venit,

584 2988 677 3059 qui
713 2986 919 3040 salares
968 2981 1147 3035 radios
1179 2976 1341 3047 iustis
1383 2988 1537 3042 aeque
1585 2973 1894 3044 impertitur
1941 2986 2003 3026 ac
2062 2973 2168 3026 im-

586 3079 793 3153 probis,
822 3075 1029 3145 quique
1056 3070 1288 3125 nubibus
1323 3065 1544 3121 mandat
1576 3074 1634 3121 ut
1703 3064 1861 3120 bonis
1903 3073 1958 3119 et
2010 3065 2170 3120 malis

2274 1979 2486 2049 ἀγαθοῦ
2526 1981 2784 2052 σπορεὺς,
2817 1982 2913 2033 καὶ
2955 1981 3089 2052 παρ’
3116 1980 3284 2034 αὐτοῦ
3328 1981 3479 2033 πᾶσα
3511 1979 3862 2049 καρποφορία

2275 2073 2644 2143 πνευματική.
2679 2074 2753 2143 Γῆ
2783 2073 2839 2127 δὲ
2894 2075 2990 2126 καὶ
3033 2072 3305 2144 γεώργιον
3340 2071 3529 2137 αὐτοῦ,
3556 2072 3614 2124 αί
3639 2069 3754 2123 τῶν
3775 2071 3865 2123 ἀν·

2275 2165 2493 2237 θρώπον
2534 2166 2738 2237 ψυχαίο
2787 2161 2909 2219 εἷπε
2950 2165 3006 2219 δὲ
3055 2166 3147 2219 τὸν
3198 2165 3400 2235 σπόρον
3451 2162 3641 2227 αὐτοῦ,
3673 2160 3862 2231 ἐπειδὴ

2271 2260 2372 2330 οὐχ
2404 2258 2512 2315 ὑπό
2546 2276 2693 2322 τινος
2726 2258 2886 2315 ἄλλου
2926 2258 3019 2312 τὸν
3047 2258 3205 2326 λόγον
3240 2256 3571 2322 δανείζεται,
3604 2256 3767 2322 λόγος
3789 2254 3865 2307 ὢν

2274 2349 2433 2412 αὐτὸς
2465 2347 2557 2402 τοῦ
2586 2347 2722 2402 Θεοῦ
2759 2348 3147 2411 ὲνυπόστατος.
3184 2346 3308 2408 Πῶς
3341 2346 3399 2400 δὲ
3444 2346 3505 2399 οὑ
3536 2348 3865 2416 προηγεῖται

2272 2440 2369 2494 τοῦ
2398 2441 2601 2512 σπόρου
2643 2443 2677 2512 ἡ
2720 2440 2952 2506 νέωσις;
2986 2442 3050 2493 υἱ
3086 2440 3197 2510 γὰρ
3231 2441 3298 2511 τῇ
3329 2438 3577 2509 γεωργία
3608 2436 3869 2509 προσκεί-

2276 2549 2450 2602 μενοι,
2482 2533 2750 2604 πρότερον
2774 2533 2873 2603 τὴν
2899 2532 3003 2601 γῆν
3028 2533 3093 2602 τῇ
3126 2530 3315 2601 ἀρόσει
3349 2529 3672 2594 νεώσαντες,
3719 2526 3866 2582 οὕτω

2275 2625 2371 2678 καὶ
2413 2623 2482 2677 τὰ
2536 2625 2831 2695 σπέρματα
2882 2623 3338 2679 καταϐάλλουσιν.
3372 2622 3539 2676 Ἀλλά
3593 2622 3868 2693 προσήκει

2273 2717 2370 2772 νῦν
2400 2718 2626 2781 εἰδέναι,
2658 2718 2732 2782 ὡς
2762 2716 3039 2771 κάνταῦθα
3075 2719 3123 2770 οί
3150 2715 3338 2788 προφῆ
3374 2734 3430 2769 αι
3456 2715 3533 2786 τῷ
3564 2714 3658 2769 τοῦ
3693 2714 3865 2782 νόμου

2274 2810 2490 2882 ἀρότρῳ
2538 2811 2637 2875 τὰς
2674 2811 2854 2880 ψυχας
2899 2810 3008 2864 τῶν
3061 2810 3369 2882 ἀνθρώπων
3426 2809 3736 2870 νεώσαντες
3781 2804 3867 2858 διὰ

2272 2898 2384 2953 τῶν
2417 2898 2668 2965 ἐντολῶν,
2710 2898 3109 2970 δεκτικωτέρας
3156 2899 3327 2961 αὐτὰς
3354 2896 3449 2950 τοῦ
3497 2893 3867 2964 εὐαγγελικοῦ

2275 2992 2479 3066 σπόρου
2513 2993 2799 3065 ἐποίησαν.
2837 2991 2983 3048 Ἀλλ’
3019 2994 3047 3047 ὁ
3079 2992 3168 3047 ἐπ’
3197 2992 3491 3063 εὐεργεσίᾳ
3536 2989 3738 3053 παντὸς
3770 2986 3865 3041 τοῦ

2274 3087 2483 3157 κόσμου
2527 3088 2997 3158 παραγενόμενος,
3027 3089 3055 3141 6
3082 3085 3180 3150 τὰς
3212 3086 3443 3158 ἡλιακὰς
3483 3083 3711 3152 θάλψεις
3746 3082 3869 3134 ἐπί-

580 3170 788 3241 piuant,
826 3167 914 3221 hic
943 3178 1074 3220 sane
1119 3161 1380 3217 doctrinae
1412 3159 1635 3214 verbum
1682 3157 1961 3228 aequaliter
1987 3159 2161 3212 omni-

2276 3194 2376 3249 σης
2411 3157 2643 3241 δικαίοις
2695 3179 2789 3232 καὶ
2837 3177 3062 3248 φαύλοις
3094 3157 3271 3242 διδοῦς
3315 3179 3410 3231 καὶ
3456 3177 3577 3239 ταῖς
3605 3172 3868 3241 νεφέλαις

581 3267 682 3318 Lus
722 3258 1035 3331 explicauit,
1077 3255 1396 3324 dispergens
1439 3251 1558 3308 sine
1585 3250 1903 3306 discrimine
1932 3250 2163 3314 semina,

582 3364 639 3405 ut
670 3368 775 3407 non
812 3352 994 3404 minus
1044 3355 1185 3400 esset
1225 3345 1424 3398 bonum
1469 3341 1588 3410 ejus
1625 3341 1760 3408 (52),
1791 3341 1881 3410 qui
1926 3338 2162 3395 fructum

582 3445 724 3499 l‘crrc
762 3441 1042 3505 voluisset,
1079 3453 1239 3507 quam
1271 3436 1358 3506 qui
1388 3435 1590 3491 semina
1605 3432 1710 3505 41
1743 3432 2076 3503 praebuisset.

661 3752 680 3786 ι
712 3733 776 3789 Et
828 3729 971 3787 aliud
1023 3726 1221 3784 cecidit
1269 3739 1428 3781 secus
1472 3723 1637 3789 viam,
1666 3732 1720 3777 et
1773 3723 2157 3779 conculcatunt

580 3838 683 3895 est,
718 3837 774 3880 et
813 3824 1063 3879 volucres
1093 3818 1214 3876 cteli
1241 3818 1595 3873 comederunt
1629 3813 1782 3870 illud.
1818 3834 1837 3867 ι
1869 3815 2042 3871 Etiam
2072 3831 2162 3871 eo-

581 3936 724 3982 rum,
759 3917 849 3985 qui
878 3895 1145 3983 magnam'
1172 3909 1319 3964 illam
1353 3922 1566 3963 ctenam
1616 3907 1766 3962 adire
1815 3917 2157 3974 recusarunt,

581 4022 697 4065 tres
726 4009 880 4063 fuere
922 4005 1153 4068 classes;
1195 4000 1334 4054 alius
1385 3998 1528 4052 enim
1583 3997 1708 4068 iuga
1767 3996 1965 4065 boum,
2022 4000 2160 4056 alius

579 4100 764 4155 villam
795 4104 1022 4159 eruerat,
1062 4092 1201 4146 alius
1230 4103 1451 4144 uxorem
1482 4090 1733 4144 duxerat.
1770 4089 1833 4145 Et
1877 4090 1968 4147 hic
1996 4092 2157 4147 etiam

582 4192 841 4246 trifariam
862 4185 1171 4242 mandatum
1190 4193 1276 4237 est
1294 4197 1476 4236 semen
1502 4181 1656 4248 illud,
1691 4182 1836 4252 quod
1867 4184 1919 4238 in
1955 4194 2154 4240 terram

581 4279 805 4335 minime
833 4277 1079 4331 idoneam
1109 4270 1325 4339 cecidit,
1356 4279 1410 4324 et
1441 4285 1565 4339 spes
1595 4272 1840 4341 corrupit
1867 4274 2156 4343 agricolae:

579 4371 724 4426 aliud
753 4383 909 4425 secus
949 4367 1093 4420 viam
1131 4364 1336 4431 tritam,
1364 4362 1508 4417 aliud
1545 4365 1594 4416 in
1641 4364 1809 4420 aridis
1838 4370 2158 4438 asperisque

579 4461 752 4532 petris
777 4458 992 4522 cecidit,
1025 4456 1170 4511 aliud
1210 4469 1239 4508 a
1268 4456 1441 4524 spinis
1488 4454 1812 4510 suﬂ'ocatmn
1863 4467 1972 4513 est.
2016 4458 2154 4524 Quid

2273 3271 2578 3325 ἐπιτάττων
2615 3271 2851 3337 ὐετίζειν
2892 3272 2985 3324 ἐπὶ
3036 3269 3310 3341 πονηρούς
3350 3286 3410 3322 τε
3450 3269 3544 3322 καὶ
3595 3266 3867 3335 ἀγαθοὺς.

2271 3355 2427 3425 οὗτος
2464 3361 2558 3416 καὶ
2594 3361 2686 3415 τὸν
2727 3361 2821 3432 τῆς
2858 3360 3210 3424 διδασκαλίας
3249 3359 3408 3429 λόγον
3448 3357 3645 3428 ὲπίσης
3691 3357 3868 3409 πᾶσιν

2272 3454 2626 3525 ἐφήπλωσεν,
2657 3452 2988 3525 ἀδιακρίτως
3010 3453 3396 3515 διασκεδαννὺς
3424 3453 3493 3505 τά
3508 3448 3865 3505 καταϐαλλό-

2274 3563 2432 3616 μενα,
2472 3544 2538 3598 ἶν’
2577 3542 2610 3620 ᾗ
2652 3545 2748 3599 τοῦ
2814 3546 3074 3616 ἑλομένου
3126 3545 3503 3617 καρποφορεῖν
3550 3546 3649 3616 οὐχ
3694 3540 3871 3617 ἦττον

2270 3637 2495 3706 ἀγαθὶν,
2529 3637 2563 3708 ἢ
2590 3637 2685 3691 τοῦ
2726 3636 3102 3707 παρασχόντος
3130 3633 3201 3689 τὰ
3226 3634 3537 3706 σπέρματα.

2346 3748 2365 3779 r
2405 3730 2515 3781 Καὶ
2546 3727 2576 3781 δ
2615 3729 2779 3781 ἔπεσε
2813 3729 2967 3799 παρά
3019 3727 3121 3797 τὴν
3171 3726 3290 3780 ὁδὸν
3324 3728 3420 3781 καὶ
3468 3727 3860 3799 κατεπατήθη,

2269 3816 2365 3870 καὶ
2392 3816 2458 3869 τὰ
2487 3818 2708 3869 πετεινά
2735 3814 2829 3869 τοῦ
2854 3814 3093 3885 οὐρανοῦ
3132 3815 3442 3883 κατέφαγε.
3482 3833 3502 3867 ι
3540 3815 3652 3869 Καὶ
3676 3818 3737 3870 ot
3770 3816 3868 3869 τὸν

2271 3909 2447 3979 μέγαν
2480 3909 2694 3962 δεῖπνον
2721 3910 2931 3961 ἐκεῖνον
2962 3909 3462 3979 παραιτησάμενοι,
3499 3909 3649 3978 τρεῖς
3677 3909 3870 3981 δήπου

2267 3998 2565 4070 ιτύγχανον
2586 4014 2600 4028 ο
2640 4001 2667 4051 6
2715 3998 2783 4051 τὰ
2813 3997 2982 4069 ζεύγη
3013 3998 3124 4052 τῶν
3177 3997 3318 4067 βοῶν
3347 3997 3730 4068 ὼνησάμειος,
3770 4000 3871 4052 καὶ

2266 4092 2295 4144 6
2319 4091 2408 4144 τὸν
2451 4089 2621 4160 ἀγρὸν
2653 4089 2966 4160 ἠγορακὼς,
3003 4089 3100 4143 καὶ
3126 4091 3154 4142 6
3194 4090 3292 4160 τὴν
3332 4093 3570 4159 γυναῖκα
3602 4108 3869 4162 γεγαμη-

2265 4183 2397 4247 κώς.
2452 4181 2751 4237 Κάνταῦθα
2792 4183 2849 4236 δὲ
2898 4184 3060 4255 τριχῆ
3118 4182 3328 4237 δέδοται
3382 4184 3411 4236 6
3452 4184 3672 4252 σπόρος,
3706 4187 3739 4239 6
3782 4186 3871 4248 εἰς

2265 4275 2642 4347 ἀνεπιτήδειον
2679 4277 2784 4346 γῆν
2810 4274 3093 4343 ἐμπεσὼν,
3127 4278 3223 4328 καὶ
3261 4275 3360 4340 τὰς
3393 4277 3620 4340 ἐλπίδας
3666 4277 3868 4347 ἀμαλ-

2269 4367 2444 4421 δύνων
2482 4368 2579 4421 τοῦ
2614 4368 2962 4439 σπείραντος,
2993 4370 3021 4422 6
3052 4371 3205 4438 παρὰ
3249 4371 3316 4441 τῇ
3360 4370 3691 4441 στιὸουμένῃ
3725 4370 3868 4440 ὀδῷ,

2264 4463 2413 4515 καὶὸ
2442 4463 2500 4515 ὲν
2527 4464 2593 4533 τῇ
2625 4463 2801 4533 πέτρᾳ
2831 4466 2896 4533 τῇ
2933 4462 3254 4535 καταξήρῳ,
3306 4464 3398 4515 καὶ
3429 4467 3664 4533 κραναῇ,
3697 4467 3806 4517 καὶ
3838 4464 3871 4516 ὁ

578 4555 743 4621 igitur
785 4565 849 4605 ex
894 4549 1041 4604 hisce
1077 4546 1347 4617 parabolis
1379 4546 1679 4601 discimus?
1729 4545 1854 4601 Tria
1900 4550 2153 4604 nimirum

2269 4553 2369 4607 ὑπὸ
2405 4553 2511 4608 τῶν
2534 4554 2788 4608 ἀκανθῶν
2819 4556 3171 4625 συμπνιγείς.
3200 4556 3264 4608 Τί
3303 4552 3397 4609 οὖν
3433 4558 3496 4609 ἐκ
3529 4556 3634 4609 τῶν
3663 4572 3871 4626 παρα-

575 4646 743 4700 fnisse
765 4657 959 4715 genera
985 4656 1198 4705 eorum,
1248 4638 1339 4706 qui
1389 4652 1573 4692 semen
1603 4640 1971 4710 evangelicum
2002 4656 2159 4697 acce-

554 4746 794 4807 'permtt,
850 4744 904 4790 et
953 4742 1131 4788 tamen
1199 4732 1406 4785 fructus
1466 4745 1575 4785 non
1623 4730 1991 4800 perfecerunt.
2051 4733 2154 4800 Qui

577 4829 763 4884 mundi
817 4827 1136 4898 sapientiam
1207 4833 1260 4879 et
1311 4823 1619 4879 Graecorum
1675 4823 1906 4893 ineptias
1962 4828 2150 4882 sectati

574 4933 734 4984 sunt;
783 4927 837 4975 et
883 4919 976 4989 qui
1015 4919 1067 4972 in
1109 4917 1224 4986 lege
1267 4915 1358 4970 illa
1411 4914 1701 4985 figurarum
1752 4918 1960 4973 umbris
2010 4930 2148 4975 tecta

644 5062 686 5094 ⁸³
721 5060 883 5116 Mich.
914 5074 956 5127 ι,
984 5060 1038 5114 '5.

2270 4645 2442 4699 ϐολῶν
2476 4646 2893 4716 ἐκμανθάνομεν
2916 4665 2932 4713 ;
2960 4647 3083 4702 Ὅτι
3103 4650 3251 4717 τρεῖς
3286 4649 3395 4701 είσι
3416 4650 3464 4702 οἰ
3496 4649 3587 4700 τξιν
3610 4649 3873 4716 εὐαγγε-

2240 4736 2419 4790 ηλικδν
2453 4739 2655 4808 σπόρον
2683 4738 2994 4809 δεξάμενοι,
3054 4742 3149 4794 καὶ
3198 4741 3273 4811 μὴ
3322 4739 3869 4811 τελεσφορήσαντες.

2267 4832 2329 4884 Ol
2357 4833 2421 4902 τῇ
2460 4832 2553 4885 τοῦ
2589 4831 2795 4901 κόσμου
2841 4834 3031 4905 σοφίᾳ,
3068 4838 3163 4888 καί
3194 4837 3314 4898 ταῖς
3358 4833 3695 4904 Ἑλληνικαῖς
3720 4851 3869 4905 τερ-

2265 4924 2480 4993 θρείαις
2524 4925 2997 4991 ἀκολουθήσαντες
3023 4967 3037 4993 ,
3067 4928 3165 4981 καὶ
3191 4927 3244 4980 oi
3300 4925 3379 4997 τῷ
3425 4925 3645 4980 σκιώδει
3692 4925 3870 4998 νόμῳ

1814 5157 2128 5221 Francisci
2164 5163 2374 5224 Scorsr
2413 5171 2601 5227 notae.

661 5277 885 5348 (51km
933 5277 1217 5331 humanam
1267 5280 1631 5348 assumpsisset
1692 5293 1964 5335 naturam.
2033 5283 2149 5339 Uno

573 5346 1142 5423 verbo'TheOphanes
1193 5349 1243 5400 id
1287 5346 1568 5423 explicuit,
1618 5349 1936 5423 βροτωθείς.
1978 5352 2146 5420 Cujus

566 5423 740 5476 etiam
781 5433 911 5473 usus
928 5426 1032 5491 _est
1060 5433 1138 5491 m_
1163 5422 1424 5491 tragaeilia
1458 5422 1744 5487 inscripta,
1774 5422 2017 5475 Christus
2044 5441 2143 5491 pa-

574 5496 731 5551 tiens.
767 5504 887 5558 qua:
916 5488 1178 5557 Gregorio
1222 5488 1475 5544 Naziauz.
1536 5493 1694 5559 vulgo
1739 5492 2018 5557 tribuitur,
2044 5488 2147 5548 sed

572 5566 639 5614 ah
674 5563 789 5629 ejus
831 5560 1032 5628 ingenii
1064 5573 1269 5611 musam
1319 5561 1498 5615 exisse
1528 5577 1632 5615 non
1660 5566 1856 5630 potuit,
1894 5566 2036 5629 quod
2066 5574 2149 5617 εει

562 5630 701 5683 item
758 5629 1023 5697 judicium
1085 5633 1364 5698 doctorum
1412 5629 1675 5694 virorum,
1731 5648 1794 5685 ac
1849 5637 2146 5698 praesertim

571 5696 868 5771 doctissimi
886 5697 1178 5753 cardinalis
1206 5696 1537 5767 Bellarmini,
1576 5697 1777 5754 lilifﬂe
1803 5696 2147 5771 scriptoribus

569 5769 959 5821 ecclesiasticis.

644 5836 754 5903 (52)
799 5835 865 5891 Ut
892 5854 992 5891 non
1012 5839 1184 5892 minus
1222 5847 1354 5894 esset
1378 5843 1590 5895 bonum.
1628 5839 1966 5897 Sententiam
2008 5843 2147 5898 hanc

2258 5296 2314 5343 et
2368 5290 2530 5343 verba
2566 5289 2679 5357 ipsa
2717 5303 2908 5357 parum
2962 5298 3300 5344 commutata
3331 5303 3359 5341 a
3406 5288 3670 5351 Gregorio
3730 5288 3867 5345 Na-

2256 5360 2433 5411 zianz.
2463 5361 2780 5426 desumpsit,
2812 5361 2901 5427 qui
2925 5370 3067 5413 orat.
3090 5359 3168 5413 De
3193 5360 3395 5414 Christi
3421 5357 3647 5412 Nntivit.
3672 5374 3871 5426 agens

2244 5431 2320 5482 tle
2356 5430 2573 5483 homine
2600 5443 2628 5481 ο
2664 5430 2991 5492 Deocrcato,
3017 5437 3071 5483 et
3120 5432 3328 5485 arbitrii
3359 5431 3605 5483 libertate
3634 5432 3868 5486 donato

2247 5500 2326 5572 sic
2370 5501 2643 5572 loquitur:
2727 5500 2816 5572 ἰέῴ
2873 5499 3235 5572 αὑτεζουσίῳέ
3270 5499 3514 5572 τιμήσας
3544 5500 3610 5552 ἵν’
3749 5503 3867 5556 τοῦ

2246 5569 2502 5642 ἑλομένου
2534 5570 2594 5621 τὸ
2628 5567 2836 5642 ἀγαθὸν
2888 5571 2986 5638 οὐχ
3018 5567 3244 5642 ἦττονῆ
3299 5567 3401 5621 τοῦ
3428 5567 3870 5642 ᾼπαρασῇόντος

2244 5638 2313 5691 τά
2343 5640 2668 5708 σπέρματαο
2711 5641 2926 5693 Arbitrii
2958 5638 3201 5695 libertate
3243 5640 3484 5704 donavit,
3537 5638 3600 5693 ut
3641 5649 3865 5695 bona»:

2244 5712 2555 5784 uon_minus
2592 5722 2722 5784 esset
2772 5712 2886 5779 ejus
2929 5714 3020 5782 qui
3082 5712 3344 5781 elegisset,
3399 5726 3559 5781 quam
3585 5708 3703 5780 ejus
3753 5716 3870 5784 qui

2244 5780 2442 5833 semina
2472 5781 2802 5847 prwbuisset.

1560 6394 1971 6404 Fkﬂ‘mi
