4072 6436
483 368 591 434 2-13

1663 375 2160 436 THEOPHANIS
2197 378 2392 439 CERK
2405 378 2544 438 MoEl

3653 378 3771 441 ΞΗ

492 485 598 554 sol,
628 484 723 556 qni
767 484 1138 556 spiri-tualibus
1174 483 1576 562 oﬂlcitplantig,
1612 501 1735 540 cum
1775 489 1976 542 habeas
2004 502 2067 540 ex

2188 494 2285 549 τῶν
2317 493 2673 548 ἀναϐάσεων·
2716 512 2735 546 ι
2776 494 3024 565 Ἡμέρας
3075 495 3104 548 6
3157 495 3310 564 ἥλιος
3355 495 3419 549 οὗ
3463 496 3773 562 συγκαύσει

496 576 712 630 cantlro
735 575 993 647 graduum
1020 588 1036 627 :
1072 593 1090 625 ι
1121 573 1226 629 Per
1253 575 1390 629 diem
1424 576 1505 632 sol
1535 593 1639 631 non
1665 588 1785 631 urct
1817 587 1870 634 te
1890 578 1988 643 “,3
2021 587 2076 633 et

496 682 561 722 ex
600 667 810 738 Sponsa
836 669 1172 722 canticorum
1203 682 1222 721 :
1262 687 1279 719 ι
1316 667 1493 725 Nolite
1520 670 1774 739 aspicere
1807 685 1911 737 me,
1948 670 2074 740 quia

497 772 597 828 ego
626 758 906 827 denigrata
941 773 1096 822 sum,
1126 758 1255 827 quia
1284 759 1534 830 despexit
1584 775 1670 815 me
1715 760 1797 815 sol
1842 760 1909 815 ⁸⁸.
1942 779 1962 813 ι
2000 760 2076 815 ita

497 850 588 919 qui
614 851 917 906 contrarios
964 864 1029 906 ac
1071 852 1154 907 sol
1191 851 1414 923 iustitia:
1448 851 1575 907 facit
1604 850 1852 916 affectus,
1884 852 2080 909 illumi-

495 941 661 997 nandi
697 944 913 1015 quidem
945 944 1150 1001 virtute
1185 954 1359 1010 caret,
1396 961 1571 1017 neque
1598 961 1731 1002 sane
1762 946 1943 1001 vitalis
1969 955 2075 1013 est,

500 1035 596 1088 sed
622 1044 758 1089 :cstu
784 1037 991 1106 peccati
1030 1035 1281 1093 immisso
1305 1035 1557 1108 denigrat
1590 1047 1645 1094 et
1667 1039 1926 1095 exsiccat.
1956 1036 2080 1093 Ideo

494 1140 723 1196 magnus
753 1124 923 1182 Isaias
957 1125 1194 1182 fidelium
1223 1127 1399 1197 capita
1434 1127 1768 1184 umbraculis
1794 1128 1975 1199 operit
2001 1128 2072 1195 ⁸⁸,

491 1226 553 1272 ut
595 1231 656 1273 ea
711 1220 778 1273 ab
811 1219 1008 1276 ardore
1048 1219 1180 1276 solis
1224 1218 1451 1289 hujusce
1485 1220 1754 1291 nigrorem
1789 1220 2080 1276 inducente

490 1310 770 1367 defendat.

573 1425 593 1459 ι
635 1407 700 1462 Ει
733 1407 879 1462 aliud
941 1409 1142 1465 cecidit
1182 1410 1323 1467 inter
1347 1410 1567 1481 spinas;
1595 1419 1650 1465 et
1686 1408 1846 1467 simul
1879 1420 2082 1466 exortze

498 1499 669 1568 spinae
734 1499 1139 1558 suﬂ'ocaverunt
1192 1502 1343 1559 illud.
1394 1521 1413 1555 ι
1446 1502 1717 1559 Fortassis
1771 1503 2079 1573 bujusmodi

495 1593 679 1660 spinas
704 1604 825 1662 post
853 1593 1015 1662 primi
1047 1594 1291 1664 parentis
1319 1594 1572 1650 delictum
1609 1606 1755 1650 terra
1802 1594 2078 1662 produxit,

496 1683 675 1737 divina
709 1683 784 1738 illi
826 1698 960 1740 voce
1013 1685 1409 1740 denuntiante:
1452 1703 1471 1736 ι
1510 1684 1710 1754 Spiuas
1751 1693 1807 1740 et
1850 1684 2082 1740 tribulos

496 1775 825 1841 germinabit
878 1777 997 1832 tibi.
1035 1797 1054 1829 ι
1112 1778 1191 1833 1Ιή
1220 1779 1364 1833 enim
1419 1778 1613 1834 Adami
1665 1793 1885 1835 carnem
1926 1778 2076 1833 Scri-

498 1874 655 1933 ptura
690 1874 889 1922 terram
927 1869 1180 1938 appellat,
1223 1870 1516 1925 multarum
1569 1869 1848 1940 Spinarum
1896 1883 1926 1923 a
1958 1869 2082 1938 qui-

495 1956 598 2011 bus
632 1957 923 2021 laceratur.
962 1960 1166 2014 aculeis
1198 1961 1452 2016 obsitam.
1501 1961 1648 2029 Quas
1701 1962 1855 2016 nobis
1899 1962 2085 2033 spinas

497 2053 727 2116 invexit,
756 2052 839 2108 ltei
872 2052 1032 2120 mihi,
1077 2054 1187 2121 ille,
1223 2055 1314 2124 qui
1358 2054 1518 2111 bonis
1553 2055 1797 2126 frugibus
1830 2069 2087 2126 superse-

498 2142 1056 2200 minavitadulteriua
1105 2144 1340 2210 zizania,
1382 2145 1541 2200 sicuti
1587 2145 1641 2200 in
1675 2146 1778 2201 alia
1826 2144 2084 2216 parabola

498 2231 832 2288 declaratum
861 2233 1114 2304 est.,Nam
1146 2235 1220 2290 ibi
1248 2235 1409 2290 etiam
1439 2235 1640 2290 bonum
1674 2252 1859 2292 semen
1886 2235 2082 2291 Pater-

501 2323 746 2381 familias
772 2326 1085 2396 seminavit,
1113 2337 1169 2383 at
1201 2344 1329 2384 vero
1358 2328 1617 2385 inimicus
1654 2340 1865 2400 tempus
1897 2330 2088 2386 obser-

496 2432 633 2475 vans
661 2434 766 2489 quo
812 2421 1064 2477 homines
1103 2438 1295 2478 somno
1327 2431 1668 2489 tenerentur,
1722 2425 1864 2479 bono
1895 2422 2088 2479 sen‘tiui

499 2511 763 2580 inspersit
791 2512 1000 2581 inutile,
1028 2523 1192 2584 atque
1222 2519 1274 2569 in
1304 2516 1543 2571 medium
1591 2515 1831 2570 triticum
1881 2513 2088 2568 zizania

500 2601 708 2671 injecit,
739 2620 857 2672 qua;
880 2602 971 2660 hic
995 2606 1181 2674 spinas
1210 2610 1441 2663 vocavit.
1464 2606 1748 2663 Coltmrent
1780 2606 1921 2661 enim
1950 2607 2090 2660 inter

500 2705 562 2745 se
613 2705 783 2747 sacra!
824 2693 1108 2762 Sripturaz,
1140 2705 1195 2749 et
1240 2697 1489 2750 sensibus
1535 2696 1726 2751 iisdem
1753 2706 2085 2766 ccttgrnunt,

501 2783 749 2852 quamvis
780 2782 1091 2854 discrepent
1119 2786 1332 2853 verbis;
1366 2800 1465 2856 per
1500 2787 1687 2855 spinas
1719 2784 1903 2853 itaque
1924 2825 1940 2847 ,
1971 2800 2092 2854 quae

501 2886 685 2927 semen
716 2872 998 2943 spiritnale
1034 2873 1323 2942 sull'ocant,
1358 2875 1685 2947 intelligatur
1713 2884 2091 2931 sexcentarum

2180 605 2240 641 σε
2262 603 2278 622 ·
2316 606 2335 639 ι
2384 587 2480 640 καὶ
2515 587 2578 640 ἐκ
2598 586 2698 657 τῆς
2732 589 2956 659 νύμφης
2979 587 3076 642 τοῦ
3111 587 3430 658 ’ᾼσματος·
3463 606 3482 641 ι
3516 590 3608 659 Μὴ
3643 589 3774 660 βλέ-

2176 679 2317 751 ψητέ
2341 696 2430 749 με,
2463 679 2547 732 ὅτι
2582 678 3020 751 μεμελανωμένη
3055 679 3195 750 εἰμὶ,
3229 681 3313 734 ὅτι
3351 679 3665 752 παρέσλεψέ
3695 698 3772 751 με

2176 774 2206 826 ό
2233 770 2404 842 ἥλιος.
2442 790 2460 822 ι
2497 768 2682 832 Οὕτως
2708 770 2736 822 6
2765 767 3027 823 τάναντία
3066 768 3161 822 τοῦ
3191 769 3542 840 δικαιοσύνης
3576 769 3770 824 Ἡλίου

2177 861 2649 934 διαπραττόμενος
2699 860 2931 931 ἄμοιρος
2986 861 3087 932 μὲν
3135 860 3231 914 τοῦ
3284 857 3538 927 φωτίζειν
3591 861 3774 925 ἐστὶν,

2179 949 2381 1020 ἥκιστα
2412 948 2468 1002 δὲ
2492 942 2603 1001 οἶδε
2635 948 2948 1016 ζωογονεῖν,
2984 948 3228 1020 μελαίνει
3281 947 3339 1003 δὲ
3398 949 3492 1002 καὶ
3519 948 3777 1019 ξηραίνει

2178 1042 2279 1113 τῆς
2341 1040 2620 1111 ἁμαρτίας
2678 1041 2905 1109 ἐπάγων
2972 1041 3068 1095 τὸν
3118 1041 3404 1096 καύσωνα.
3462 1041 3561 1094 Διά
3606 1042 3779 1095 τοῦτο

2189 1134 2420 1196 Ἡσαΐας
2449 1137 2476 1187 ό
2510 1132 2685 1203 μέγας
2713 1132 2979 1197 σκιαδίοις
2999 1131 3365 1187 ἐπικαλύπτει
3406 1132 3505 1196 τὰς
3529 1131 3637 1185 τῶν
3672 1149 3780 1185 πι-

2183 1228 2333 1287 στῶν,
2351 1227 2596 1297 κεφαλάς
2619 1227 3073 1299 ἀποκρουομένας
3107 1227 3201 1282 τοῦ
3227 1225 3474 1281 τοιούτου
3494 1225 3647 1298 ἡλίου
3669 1226 3782 1298 τὴν

2185 1317 2418 1388 μελανοῦ
2427 1334 2527 1371 σαν
2561 1317 2941 1389 πυράκτωσιν.

2262 1431 2279 1463 ι
2312 1410 2479 1464 Ἀλλο
2496 1409 2553 1463 δὲ
2587 1409 2785 1464 ἔπεσεν
2813 1409 2906 1462 ἐπὶ
2942 1408 3043 1473 τὰς
3080 1408 3345 1474 ἀκάνθας,
3372 1409 3470 1463 καὶ
3504 1408 3784 1477 συμφυεῖ-

2185 1522 2275 1558 σαι
2332 1505 2386 1556 αἱ
2442 1502 2681 1559 ἄκανθαι
2716 1501 3026 1567 ἀπέπνιξαν
3079 1500 3234 1554 αὐτό.
3275 1519 3296 1553 ι
3332 1497 3488 1569 Τάχα
3512 1498 3783 1562 τοιαύτας

2183 1594 2427 1657 ἀκάνθας
2460 1593 2799 1663 ὲ6λάστησεν
2823 1592 2857 1662 ἡ
2880 1591 2978 1661 γῆ,
3008 1590 3151 1661 μετὰ
3178 1591 3279 1661 τὴν
3316 1588 3411 1644 τοῦ
3438 1589 3779 1660 πρωτοπλά-

2187 1708 2317 1744 στου
2372 1686 2712 1759 παράϐασιν,
2758 1682 3196 1756 ἀποφηναμένης
3231 1682 3335 1751 τῆς
3366 1681 3519 1745 θείας
3549 1682 3737 1751 φωνῆς
3759 1695 3784 1713 ⁸

2192 1801 2212 1835 ι
2254 1779 2520 1842 Ἀκάνθας
2552 1779 2647 1832 καὶ
2687 1776 2973 1847 τριϐόλους
3002 1775 3257 1829 ἀνατελεῖ
3287 1791 3372 1828 σοι
3401 1776 3436 1846 ἡ
3460 1776 3555 1843 γῆ.
3594 1794 3614 1828 ι
3650 1774 3785 1829 κά..

2186 1877 2335 1928 κεῖσε
2367 1872 2476 1943 γὰρ
2527 1872 2632 1941 γῆν
2668 1870 2768 1940 μὲν
2818 1870 2922 1940 τὴν
2978 1868 3159 1938 σάρκα
3209 1868 3386 1938 ’Δδὰμ
3422 1866 3708 1938 ὠνόμασεν
3740 1867 3785 1937 ἡ

2184 1967 2377 2037 Γραφὴ
2424 1964 2633 2018 πολλῶν
2682 1961 2941 2018 ἀκανθῶν
2974 1962 3417 2031 περισπαρεῖσαν
3448 1961 3572 2022 ταῖς
3625 1960 3787 2029 ἀμυ-

2185 2061 2328 2130 χαῖς,
2390 2056 2455 2120 ἃς
2491 2057 2625 2127 ἡμῖν
2673 2055 3069 2127 προεξένησεν,
3105 2054 3276 2123 οἴμοι,
3330 2053 3359 2106 ό
3391 2052 3461 2106 τὰ
3503 2051 3636 2105 νόθα
3660 2052 3788 2115 τοῖς

2186 2149 2477 2221 τροφίμοις
2498 2147 2831 2217 ἐπισπείρας
2862 2144 3102 2211 ζιζάνια,
3141 2143 3325 2208 καθὼς
3375 2143 3541 2215 ἑτέρα
3591 2159 3788 2213 παρα-

2188 2241 2321 2311 ϐολὴ
2338 2238 2661 2309 διεσάφησε.
2683 2239 2926 2293 Κάκείσε
2952 2236 3062 2306 γὰρ
3088 2235 3313 2307 ἔσπειρε
3336 2235 3399 2289 τὸ
3420 2234 3585 2290 καλὸν
3608 2234 3791 2306 σπέρ-

2192 2351 2270 2404 μα
2295 2334 2322 2386 ό
2359 2329 2751 2400 οἰκοδεσπότης
2773 2344 2786 2358 ⁸
2822 2328 3188 2391 καθεύδοντας
3210 2327 3268 2380 δὲ
3287 2327 3416 2391 τοὺς
3446 2325 3786 2398 ἀνθρώπους

2189 2425 2217 2479 ό
2272 2423 2467 2494 ἐχθρὸς
2515 2420 2884 2489 ἐπιφυλάξας,
2938 2419 3227 2489 ἐνέσπειρε
3286 2418 3366 2490 τῷ
3413 2417 3667 2489 τροφίμῳ
3716 2417 3791 2470 τὸ

2190 2517 2486 2587 ἄχρηστον,
2543 2512 2693 2583 αὕτῷ
2740 2511 2819 2582 τῷ
2855 2511 2988 2581 σίτῳ
3034 2511 3180 2564 κατὰ
3210 2509 3272 2563 τὸ
3316 2508 3481 2580 μέσον
3504 2508 3684 2572 ἐνθεὶς
3713 2508 3789 2562 τὸ

2193 2604 2457 2670 ζιζάνιον,
2482 2604 2619 2673 ὅπερ
2651 2602 2884 2656 ἐνταῦθα
2915 2600 3159 2664 ἀκάνθας
3205 2600 3490 2655 ἐκάλεσεν.
3529 2600 3793 2670 Ἐξέχον-

2193 2715 2286 2751 ται
2316 2697 2420 2768 γὰρ
2453 2694 2712 2766 ἀλλήλαις
2742 2696 2799 2748 αί
2842 2693 2981 2749 θεῖαι
3035 2693 3235 2762 φωναὶ,
3288 2692 3384 2747 καὶ
3430 2694 3549 2755 ταῖς
3582 2692 3788 2757 αὑταῖς

2193 2788 2429 2853 ἐννοίαις
2458 2787 2824 2859 συνείρονται,
2858 2786 2962 2840 κᾶν
2984 2790 3096 2851 τοῖς
3125 2787 3336 2858 ῥήμασι
3358 2785 3788 2841 διαλλάσσωσιν.

2195 2878 2324 2938 Εἶεν
2357 2882 2403 2935 δ’
2444 2883 2511 2936 ἂν
2562 2881 2660 2936 καὶ
2687 2879 2924 2936 ἄκανθαι
2972 2881 3030 2935 αἱ
3058 2879 3151 2933 τὸν
3174 2879 3364 2949 νοητὸν
3396 2879 3599 2950 σπόρον
3635 2895 3788 2949 συμ-

499 2963 767 3016 malorum
800 2960 998 3018 referta
1049 2964 1285 3035 farrago,
1328 2981 1448 3037 quae
1480 2967 1548 3021 ab
1602 2967 1681 3021 ira
1719 2977 1775 3021 et
1828 2965 2085 3036 concupi-

2194 2972 2489 3041 πνίγουσαι
2537 2974 2565 3026 ό
2607 2969 2715 3025 ἀπὸ
2745 2970 2841 3024 τοῦ
2878 2968 3055 3040 θυμοῦ
3112 2964 3208 3023 καί
3239 2970 3340 3041 τῆς
3373 2967 3670 3039 ἐπιθυμίας
3694 2986 3790 3023 τι-

504 3054 711 3108 scentia
738 3054 1037 3124 pullulant;
1064 3057 1480 3124 sollicitudines,
1505 3059 1852 3130 cupiditates,
1888 3059 2085 3124 luctus,

2195 3065 2463 3133 κτὸμενος
2508 3062 2886 3137 μυριοπληθὺς
2911 3060 3023 3114 τῶν
3066 3059 3253 3114 κακῶν
3290 3059 3580 3131 συρφετὸς,
3613 3076 3790 3129 φρον-

502 3144 862 3220 calamitates,
918 3147 1027 3221 43
1064 3165 1293 3219 qumque
1332 3166 1396 3205 ex
1432 3151 1516 3205 his
1566 3152 1730 3206 multa
1776 3152 2085 3220 passionum

2192 3158 2359 3221 τίδες,
2405 3157 2690 3229 μέριμναι,
2746 3154 2937 3221 λύπαι,
2976 3153 3292 3224 ἐπιθυμίαι,
3325 3151 3523 3223 πένθη,
3559 3168 3789 3220 συμφο-

505 3251 701 3306 geuera
741 3240 1012 3303 oriuntur,
1045 3250 1141 3312 per
1169 3258 1305 3312 quas
1345 3242 1502 3298 bona:
1539 3245 1818 3309 actiones,
1870 3244 2079 3299 etiamsi

2189 3252 2302 3322 pal,
2344 3250 2439 3303 καὶ
2489 3250 2557 3303 τὰ
2606 3250 2673 3301 ἐκ
2710 3247 2916 3300 τούτων
2945 3245 3265 3316 πολύτροπα
3295 3244 3469 3314 πάθη,
3517 3244 3585 3298 δι’
3616 3238 3694 3298 ὧν
3724 3245 3791 3298 αι

505 3329 657 3384 nasci
691 3332 742 3385 in
782 3332 967 3388 anima
1001 3335 1299 3401 ccepcrint,
1337 3337 1700 3390 maturitatem
1751 3347 1929 3391 tamen
1976 3352 2081 3390 non

2188 3339 2390 3409 ἁγαθαὶ
2430 3337 2679 3408 πράξεις,
2716 3335 2818 3389 κᾶν
2869 3333 3143 3406 ἄρξωνται
3169 3332 3401 3403 φύεσθαι
3434 3335 3492 3387 ἐν
3514 3335 3579 3404 τῇ
3608 3333 3788 3403 ψυχῇ.

509 3435 893 3491 assequuntur,
929 3441 1102 3496 neque
1151 3428 1217 3482 ad
1266 3427 1542 3497 profectus
1582 3429 1919 3483 altitudinem
1956 3443 2083 3498 pcr-

2190 3432 2620 3501 ἀτελεσφόρητοι
2651 3428 2901 3501 μένουσι,
2955 3426 3052 3480 καὶ
3088 3427 3164 3489 εἰς
3198 3423 3333 3495 ὕψος
3387 3424 3674 3495 προκοπῆς
3714 3424 3785 3477 οὐ

505 3516 750 3571 Veniunt.

2188 3522 2575 3596 προόαίνουσι.

584 3626 606 3660 ι
654 3609 722 3666 Ει
762 3611 905 3669 aliud
951 3615 1148 3670 cecidit
1187 3617 1240 3671 in
1292 3626 1493 3673 terram
1542 3617 1774 3683 bonam,
1808 3625 1863 3672 et
1904 3626 2084 3672 ortum

2265 3635 2282 3669 ι
2318 3616 2431 3670 Καὶ
2459 3614 2547 3669 ἐτε
2558 3632 2651 3685 ρον
2678 3612 2874 3668 ἔπεσεν
2903 3612 2998 3666 ἐπὶ
3036 3611 3138 3683 τὴν
3167 3611 3273 3682 γῆν
3300 3609 3400 3681 τὴν
3427 3606 3659 3679 ἀγαθὴν,
3685 3605 3794 3665 καὶ

508 3699 639 3757 fecit
681 3702 916 3761 fructum
965 3709 1296 3779 centuplum.
1334 3729 1352 3762 ι
1402 3710 1590 3776 Vides,
1623 3720 1681 3765 ut
1719 3709 1860 3766 idem
1904 3723 2085 3766 semen

2192 3712 2326 3782 φυὲν
2373 3707 2599 3775 ἐποίησε
2661 3705 2876 3776 καρπὸν
2931 3702 3495 3757 ἑκατονταπλασίονα.
3547 3718 3567 3754 ι
3614 3698 3792 3769 Ὁρᾷς

510 3793 581 3848 ab
629 3796 816 3850 eodem
868 3812 1116 3869 sparsum
1163 3801 1399 3872 agricola
1447 3818 1552 3859 non
1602 3802 1851 3858 eumdem
1901 3800 2085 3857 all'eral

2190 3804 2286 3858 τὸν
2319 3801 2488 3855 αὐτὸν
2514 3798 2715 3867 σπόρον
2739 3796 2848 3850 ὑπὸ
2886 3796 2980 3848 τοῦ
3011 3793 3176 3849 αὑτοῦ
3213 3792 3574 3862 σκιδνάμενον
3602 3806 3793 3861 γεωρ-

514 3885 787 3942 fructum?
821 3888 963 3957 Quid
1001 3893 1200 3965 igitur?
1233 3895 1393 3966 culpa
1432 3897 1533 3951 hoc
1567 3895 1771 3950 factum
1811 3893 2085 3964 agricolam

2194 3895 2317 3965 γοῦ,
2351 3893 2446 3945 καὶ
2480 3893 2554 3963 μὴ
2579 3892 2679 3961 τὴν
2703 3888 2874 3957 αὐτὴν
2901 3885 3287 3959 καρποφορίαν
3328 3881 3745 3938 ἐπιδεικνύοντα
3769 3895 3792 3947 ;

514 3979 637 4049 quis
666 3994 796 4034 vero
822 3997 888 4036 eo
912 3986 1279 4054 perversitatis
1314 3987 1664 4056 procedet,ut
1688 3987 1785 4041 has
1804 3986 2085 4058 cogitatio-

2195 3988 2262 4041 Τί
2307 3979 2403 4039 οὖν
2430 4000 2445 4049 ;
2477 3982 2634 4052 παρὰ
2666 3981 2765 4050 τὴν
2815 3978 3001 4032 αἰτίαν
3028 3976 3207 4031 ταῦτα
3243 3975 3338 4029 τοῦ
3372 3972 3657 4046 γεωργοῦς
3689 3972 3795 4026 καὶ

517 4086 617 4172 ηοξ
645 4074 922 4172 admittat,
950 4087 1111 4172 atque
1144 4078 1260 4134 haec
1289 4078 1646 4172 blateret(‘.5)f
1675 4078 1780 4134 Sed
1803 4079 1878 4172 uti
1909 4079 2085 4135 eadem

2194 4080 2278 4143 τίς
2308 4077 2372 4132 ἂν
2411 4077 2492 4139 εἰς
2520 4072 2682 4127 τοῦτο
2730 4071 2970 4141 προήκει
3021 4069 3345 4137 σκαιότητος
3392 4061 3796 4172 λογισμῶνιύκ

521 4153 660 4233 a'qna
698 4165 749 4220 in
790 4182 954 4222 unum
1020 4170 1270 4240 idemque
1304 4180 1516 4240 pratum
1557 4170 1737 4226 infusa
1772 4170 1868 4225 alit
1901 4184 2085 4240 genera

2198 4169 2457 4238 τοιαύτην
2480 4163 2753 4236 φλυαρίαν
2789 4158 2970 4232 ἐαυτῷ
3005 4158 3451 4233 παραδέξασθαις
3497 4155 3638 4211 Ἀλλ’
3675 4153 3798 4209 ὥσ·-

520 4250 736 4313 diversa
783 4258 1125 4329 plantarum,
1169 4271 1224 4316 et
1271 4262 1352 4317 vis
1397 4263 1613 4332 quidem
1662 4278 1768 4318 una
1823 4271 1937 4327 est,
1982 4277 2085 4331 qua

2200 4280 2309 4334 περ
2337 4260 2398 4314 τδ
2447 4258 2580 4313 αὐτὸ
2607 4256 2753 4327 ὕδωρ
2793 4257 2852 4308 ἐν
2884 4255 2968 4307 ἐνὶ
3015 4250 3251 4323 χειμῶνι
3278 4249 3565 4333 χεόμενον,
3597 4244 3797 4316 διαφό-

522 4348 737 4418 singula
786 4350 959 4421 rigat,
1006 4362 1062 4408 at
1111 4367 1330 4420 eorum,
1374 4369 1493 4424 qua:
1542 4354 1843 4425 irrigantur
1883 4353 2085 4422 propri:

2205 4372 2334 4429 ρους
2365 4352 2509 4414 ἰδέας
2528 4347 2640 4404 τῶν
2667 4345 2960 4418 φυομένων
2992 4343 3184 4416 τρέφει
3206 4360 3220 4373 ·
3266 4341 3363 4396 καὶ
3393 4342 3427 4413 ἡ
3462 4340 3562 4411 μέν
3591 4339 3795 4429 utrave-

527 4441 792 4509 cnjusmte
825 4444 1092 4510 conditio,
1127 4445 1179 4499 in
1211 4447 1453 4503 diversas
1485 4447 1775 4517 qualitates
1809 4455 2077 4500 commuta

2203 4449 2430 4512 τίζουσα
2451 4443 2514 4497 τὸ
2538 4441 2661 4500 καθ’
2693 4439 2927 4493 ἕκαστον
2946 4435 3176 4505 δύναμις
3209 4435 3307 4505 μία
3339 4431 3510 4499 ἐστὶν,
3544 4431 3576 4501 ὴ
3596 4429 3656 4483 δὲ
3675 4428 3797 4483 τῶν

522 4532 805 4588 humorem
831 4551 846 4589 :
875 4536 1059 4591 eadem
1084 4536 1229 4592 enim
1253 4552 1390 4608 aqua
1416 4540 1470 4593 in
1495 4539 1764 4593 absinthio
1789 4538 2085 4591 amarescit

2205 4539 2511 4610 δεχομένων
2542 4533 2742 4602 ἰδιότης
2772 4531 2851 4593 είς
2877 4526 3172 4599 διαφόρους
3199 4525 3262 4579 τὸ
3312 4524 3480 4594 ὑγρὸν
3517 4519 3799 4592 μεταϐάλ-

523 4630 579 4674 et
617 4621 668 4676 in
706 4624 958 4679 vitiosum
996 4640 1217 4681 succum
1256 4626 1309 4681 in
1346 4627 1467 4683 faba
1505 4626 1842 4682 convertitur
1878 4625 2022 4697 (35),
2050 4640 2078 4678 e

2207 4628 2289 4681 λει
2318 4624 2613 4694 ποιότητας
2634 4639 2648 4652 ·
2681 4620 2742 4674 τὸ
2778 4619 2888 4689 γάρ
2922 4616 3057 4670 αὐτὸ
3084 4615 3230 4687 ὕδωρ
3259 4615 3319 4667 ἐν
3353 4613 3455 4685 μὲν
3480 4614 3547 4683 τῇ
3579 4610 3799 4682 atq/tvm,»

526 4700 765 4769 rubescit
794 4716 1010 4783 quidem
1039 4718 1091 4772 in
1126 4733 1278 4783 rosa,
1310 4720 1362 4773 in
1395 4718 1508 4772 lilio
1535 4734 1664 4774 vero
1696 4718 1993 4782 candescit,
2049 4732 2079 4772 e

2213 4716 2589 4787 πικραίνεται,
2622 4712 2703 4773 είς
2738 4706 3068 4780 φθοροποιὸν
3093 4703 3150 4759 δὲ
3180 4705 3356 4776 χυμὸν
3398 4705 3456 4757 ἐν
3480 4702 3558 4773 τῷ
3596 4700 3801 4771 κυάμῳ

525 4796 617 4858 ltic
642 4808 858 4875 quidem
891 4810 1091 4877 calefit,
1121 4811 1190 4866 ibi
1224 4826 1352 4870 vero
1380 4810 1605 4881 frigelit;
1634 4821 1686 4865 et
1714 4819 1847 4881 quot
1877 4810 1928 4863 in
1963 4820 2085 4864 terr:

2217 4811 2564 4883 μεθίσταται,
2599 4805 2694 4860 καὶ
2723 4801 3106 4876 ἐρυθραίνεται
3143 4798 3243 4870 μὲν
3273 4800 3331 4850 ἐν
3354 4796 3434 4868 τῷ
3465 4796 3626 4867 ῥόδῳ,
3654 4795 3714 4846 ἐν
3738 4792 3804 4883 δέ

526 4896 711 4953 videre
751 4909 835 4954 est
874 4903 943 4956 ab
982 4918 1090 4958 uno
1133 4904 1433 4975 eodemque
1476 4905 1704 4958 humore
1746 4903 2085 4975 germinanti:

2214 4881 2292 4972 τῷ
2321 4898 2493 4970 κρίνῳ
2523 4893 2894 4962 λευκαίνεται,
2930 4890 3025 4945 καὶ
3051 4888 3111 4943 τὸ
3147 4887 3246 4960 μὲν
3269 4885 3711 4956 ἐνθερμαίνεται,
3737 4881 3806 4937 τὸ

599 5029 645 5062 ⁸⁵
672 5030 815 5088 Psal.
845 5050 971 5101 cxx,
1007 5035 1061 5090 6.
1137 5037 1185 5069 ⁸³
1212 5036 1372 5092 Cant.
1405 5053 1441 5100 ι,
1475 5037 1529 5093 6.
1609 5038 1655 5071 ⁸⁸
1685 5037 1790 5094 lsa.
1827 5054 1902 5103 tv,
1932 5037 1996 5104 6;
2027 5052 2157 5103 xxv,
2189 5035 2245 5091 4.
2303 5113 2307 5117 ν

1782 5152 2102 5215 Francisci
2134 5151 2345 5215 Scorsi
2377 5155 2566 5212 notia.

603 5249 719 5325 (35)
761 5251 1079 5325 Atqueftmci
1121 5254 1362 5309 blateret.
1407 5257 1499 5318 Ὠς
1551 5254 1808 5325 τοιαύτης
1841 5253 2080 5325 φλυαρία

2226 5253 2293 5325 ad
2324 5253 2553 5306 alteram
2589 5257 2795 5325 partem
2828 5244 3185 5325 oppositionis
3210 5240 3725 5325 signand_am,.si‘cut
3749 5240 3805 5296 in

533 5312 716 5395 ἐαυτῷ
739 5312 1176 5395 παραδέξασθαι,
1209 5324 1302 5378 has
1336 5312 1503 5395 nugas
1535 5325 1591 5378 in
1624 5342 1677 5379 se
1718 5312 1957 5395 recip-int,
1985 5312 2085 5377 Sim

2227 5316 2441 5395 duabus
2480 5312 3150 5395 sequentibtts;exemplis
3194 5327 3387 5395 auctor
3420 5312 3527 5395 duo
3562 5312 3702 5395 inter
3746 5326 3812 5393 se

534 5380 755 5466 pliciter
770 5380 1081 5466 vertissent,
1096 5380 1191 5449 sed
1225 5380 1473 5466 pluribus
1499 5396 1720 5450 indulsi.
1751 5380 1908 5449 σίν.
1942 5380 2113 5466 liabet
2225 5388 2520 5466 committit
2549 5380 2828 5466 ἀντίθετα.
2855 5384 3026 5466 Porro
3050 5380 3205 5466 quod
3238 5380 3362 5466 faba
3391 5380 3520 5466 ntali
3538 5380 3611 5435 sit
3632 5381 3810 5466 succi,

529 5452 848 5536 τερθρείαν,
871 5464 1013 5536 quod
1035 5452 1172 5536 idem
1190 5452 1253 5519 ac
1274 5464 1532 5536 φλυαρία,
1567 5467 1762 5520 usitata
1795 5478 1899 5519 vox
1929 5465 2085 5536 arGre

2223 5461 2444 5516 hebetet
2469 5472 2689 5536 sensus,
2711 5465 2766 5508 et
2786 5455 3053 5509 insomnia
3084 5452 3391 5536 turbulenta
3430 5452 3671 5511 inducat,
3700 5464 3811 5536 una

533 5521 688 5598 goria
731 5521 901 5602 Nysa:
934 5532 1029 5587 lib.
1069 5533 1146 5588 De
1176 5521 1358 5588 anima
1391 5521 1440 5589 ei
1476 5521 1722 5601 333mm,
1787 5545 1844 5589 et
1877 5556 1908 5587 κ
1944 5535 2121 5603 Cltry—
2219 5539 2324 5603 est,
2364 5529 2536 5582 Plinio
2575 5528 2631 5603 id_
2660 5532 2960 5603 asserente.
3012 5532 3067 5578 el
3119 5523 3324 5591 φυσικὴ
3362 5534 3700 5603 εῆειξδηνῡιιιι·
3738 5521 3812 5574 ab

534 5590 799 5661 sostomo:
1709 5590 1721 5601 ’
2060 5590 2079 5603 ”

2220 5590 2526 5671 Pythagora
2584 5596 2705 5671 ejus
2737 5596 3200 5671 _u_sus-damua_tus
3249 5605 3315 5671 eo
3356 5590 3537 5671 edicto
3563 5590 3817 5671 κυάμων

2220 5658 2523 5740 ἀπέχεσθαι
2549 5683 2563 5697 ·
2671 5664 2809 5740 [σιτία
2842 5664 3233 5740 abstinendum.
3269 5658 3376 5716 Sed
3414 5670 3465 5714 et
3489 5663 3670 5728 plures
3692 5661 3819 5740 aliae

2222 5734 2522 5795 afferuntur
2571 5734 2689 5802 ejus
2735 5735 2862 5788 dicti
2904 5734 3165 5791 rationes,
3219 5746 3354 5799 quas
3413 5738 3819 5786 commemorat

2223 5810 2393 5867 Lilius
2420 5806 2676 5864 Giraldus
2705 5805 2757 5860 in
2787 5804 3011 5875 Pytltag.
3043 5802 3337 5885 symbolis.

608 5675 721 5745 (55)
765 5677 830 5729 In
860 5676 987 5745 faba
1034 5678 1375 5733 convertitur.
1434 5674 1557 5731 Ilmc
1588 5676 1749 5731 verba
1794 5676 1874 5737 είς
1924 5674 2122 5745 φθορο-

540 5743 786 5817 τςοιξνδέ
810 5743 990 5817 χυμὸν
1017 5749 1077 5799 ἐν
1105 5747 1183 5817 τῷ
1232 5749 1432 5817 κυάμῳ
1474 5746 1794 5815 μεθίσταται
1835 5746 2027 5817 desum
2066 5744 2120 5797 in

543 5807 604 5865 ι’·
632 5812 738 5883 c-i
792 5807 1167 5887 sEd'snpplevi'
1191 5833 1255 5874 ex
1304 5807 1483 5883 VZ,'et'
1506 5832 1637 5872 sane
1660 5815 1965 5872 necessaria
1994 5822 2123 5868 sunt
