4072 6444
446 348 553 411 247

442 462 684 517 divinam
718 460 1101 531 cognationem
1140 461 1362 517 reducat
1395 477 1410 514 :
1448 458 1733 513 inﬁrmum
1764 467 1944 515 autem
1980 457 2033 511 iu

2150 456 2268 519 τῶν,
2295 457 2403 541 καὶ.
2416 455 2504 509 τὸν
2520 454 2938 520 ἀποξενωθέντα
2962 455 3061 527 τῆς
3084 455 3199 511 ἄνω
3222 454 3482 526 πατρίδος
3505 455 3732 528 ἐπάγων

442 553 550 607 ﬁde
579 561 843 618 assumat,
871 563 925 607 et
952 553 1003 607 in
1039 553 1242 621 peccati
1275 552 1552 619 ergastulo
1580 550 1847 605 inclusum
1875 550 2036 616 visat,

2150 550 2281 621 πρὸς
2315 549 2413 620 τὴν
2459 548 2609 602 θείαν
2644 548 2992 615 συγγένειαν,
3053 548 3147 603 τὸν
3177 548 3236 603 δὲ
3282 548 3619 604 ἀσθενοῦντα
3657 555 3730 624 τῇ

1627 346 2124 409 THEOPHANIS
2157 346 2414 406 CERAM
2423 346 2501 405 EI
3614 346 3733 410 348

447 656 579 702 tunc
629 660 763 702 sane
813 646 1211 716 sexagesimum
1266 644 1464 699 dicitur
1518 642 1755 698 fructum
1818 640 2034 695 aﬂ'erre.

445 738 734 793 Admirare
782 736 950 805 igitur
988 735 1336 804 agricultoris
1380 734 1588 789 Domini
1636 742 1690 787 et
1737 742 1895 787 terra:
1941 746 2039 787 co-

450 830 626 885 lenda!
659 829 948 892 rationem,
972 838 1028 884 et
1059 829 1471 899 benignitatem,
1498 838 1552 882 et
1579 828 1904 897 obstupesce
1930 841 2038 897 quo

446 929 607 991 pacto
636 934 744 975 non
774 920 1022 975 eamdem
1053 919 1122 974 ab
1146 920 1399 975 omnibus
1426 934 1739 973 mensuram
1767 918 2036 972 fructuum

448 1014 663 1083 exigat;
706 1012 803 1067 sed
845 1022 899 1067 et
934 1028 1057 1067 eum
1101 1013 1192 1081 qui
1235 1013 1459 1066 multum
1500 1011 1759 1074 reddidit,
1788 1019 2036 1075 coronat,

448 1113 506 1159 et
532 1119 654 1159 eum
684 1104 778 1175 qui
807 1119 1022 1172 parum,
1055 1121 1162 1160 non
1194 1114 1497 1160 aversatur.
1513 1103 1567 1159 ld
1593 1113 1772 1158 autem
1801 1102 2042 1159 ostendit

449 1193 695 1264 apertius
749 1195 806 1249 in
855 1194 1037 1250 divina
1082 1194 1338 1264 parabole
1384 1194 1788 1265 operariorum,
1832 1194 1885 1247 in
1934 1205 2041 1262 qua

449 1287 629 1355 primo
653 1284 853 1357 itidem:
875 1301 940 1342 ac
968 1287 1262 1343 novissimo
1288 1300 1495 1342 merces
1522 1285 1728 1341 denarii
1755 1286 1932 1340 datur.

531 1603 553 1637 ‹
604 1583 1017 1655 lutet-rogabant
1055 1592 1237 1640 autem
1279 1598 1403 1640 eum
1446 1583 1696 1656 discipuli
1741 1584 1890 1655 ejus,
1923 1599 2042 1651 quae

452 1685 604 1734 esset
646 1677 763 1732 haec
811 1675 1090 1747 parabola.
1132 1694 1151 1728 ι
1209 1676 1465 1745 Discipuli
1512 1691 1635 1732 cum
1684 1676 2045 1732 multitudinis

2141 642 2328 696 πίστει
2364 641 2953 712 προσλαμϐανόμενος,
2984 641 3082 695 καὶ
3126 642 3220 696 τὸν
3248 641 3640 697 κατάκλειστον
3670 646 3735 697 ἐν

2142 735 2440 805 ἁμαρτίαις
2498 732 2992 802 ἐπισκεπτόμενος,
3043 732 3165 787 τότε
3203 734 3421 801 λέγεται
3462 738 3738 806 γεωργεῖν

2139 831 2211 885 τὰ
2241 830 2527 900 ἐξήκοντα.
2589 827 2889 896 ’Δγάσθητι
2919 822 2979 881 οὗ
2992 845 3018 879 ν
3049 826 3143 880 τοῦ
3173 825 3427 896 γεωργοῦ
3457 828 3738 881 Δεσπότου

2140 920 2237 990 τὴν
2276 919 2555 989 γεωργίαν
2608 933 2670 970 τε
2721 917 2818 970 καὶ
2846 915 3287 985 φιλανθρωπίαν,
3325 916 3421 969 καὶ
3447 917 3741 970 καταπλά-

2141 1011 2294 1081 γηθι,
2329 1010 2446 1074 πῶς
2502 1010 2565 1063 οὐ
2616 1008 2695 1078 τῷ
2742 1008 2893 1079 αύτῷ
2937 1009 3124 1079 μέτρῳ
3170 1010 3423 1074 ἅπαντας
3485 1012 3739 1077 ἀπαιτεῖ,

2143 1103 2280 1158 ἀλλὰ
2317 1101 2412 1155 καὶ
2449 1101 2541 1154 τὸν
2564 1098 2736 1155 πολλὰ
2768 1102 3281 1169 καρποφορήσαντα
3330 1104 3612 1170 στεφανοῖ,
3638 1105 3741 1156 καὶ

2141 1195 2232 1248 τὸν
2262 1194 2420 1262 ὀλίγα
2458 1193 2559 1246 οὐκ
2597 1190 3026 1262 ἀποστρέφεται.
3069 1191 3449 1245 Διαλευκαίνει
3493 1192 3552 1244 δέ
3576 1193 3748 1246 τοῦτο

2142 1277 2485 1356 τρανώτερον
2517 1287 2573 1339 ἐν
2606 1286 2673 1355 τῇ
2707 1282 2817 1336 τῶν
2843 1282 3092 1352 ἐργατῶν
3118 1282 3387 1354 θεολέκτῳ
3419 1284 3742 1354 παραϐολῇ,

2145 1376 2237 1431 καὶ
2266 1375 2346 1446 τῷ
2387 1376 2589 1445 πρώτῳ
2641 1374 2737 1429 καὶ
2798 1375 2876 1446 τῷ
2910 1374 3124 1446 ἐσχάτῳ
3177 1373 3484 1446 παρασχὼν
3512 1375 3607 1430 τοῦ
3649 1394 3748 1446 μι-

2148 1469 2277 1523 σθοῦ
2303 1469 2363 1523 τὸ
2389 1469 2670 1541 δηνάριον.

2222 1594 2242 1629 ι
2294 1576 2629 1647 Ἐπηρώτων
2650 1576 2705 1630 δὲ
2737 1574 2903 1630 αὐτὸν
2929 1577 2980 1631 οἱ
3017 1574 3284 1647 μαθηταὶ,
3321 1575 3407 1638 τίς
3431 1575 3520 1646 εῐη
3556 1575 3591 1644 ή
3626 1590 3745 1628 πα-

2148 1668 2348 1740 ραϐολὴ
2375 1667 2539 1740 αὕτη.
2569 1688 2588 1721 ι
2626 1668 3013 1740 Φιλοστόργως
3035 1666 3254 1739 ἔχοντες
3281 1665 3419 1737 πρὸς
3440 1665 3506 1720 τὸ
3526 1666 3746 1737 πλῆθος

456 1768 847 1824 benevolentes
880 1776 1092 1835 essent,
1125 1777 1179 1823 et
1210 1768 1479 1824 dictorum
1514 1770 1763 1825 viderent
1791 1768 2041 1825 obscuri-

2150 1763 2194 1814 oi
2228 1760 2498 1832 μαθηταὶ,
2531 1760 2626 1814 καὶ
2660 1760 2901 1831 δρῶντες
2959 1761 3057 1831 τὴν
3087 1758 3198 1813 τῶν
3243 1757 3552 1829 λεχθέντων
3596 1759 3749 1812 ἀσά-

458 1867 655 1922 tatem,
690 1872 754 1912 ea
806 1856 1139 1912 sciscitando
1183 1858 1395 1913 discere
1431 1858 1741 1920 studebant,
1777 1866 1837 1913 ut
1877 1858 2042 1913 etiam

459 1948 634 2002 turbae
664 1960 849 2002 eorum
886 1947 1304 2016 explicationem
1341 1948 1670 2018 acciperent.
1704 1947 1846 2015 Quid
1881 1947 2047 2018 igitur

458 2038 747 2093 Salvator?
790 2056 811 2091 ι
858 2035 1027 2094 Vobis
1069 2041 1253 2095 datum
1299 2049 1383 2096 est
1424 2055 1585 2095 nosse
1629 2040 1888 2110 mysteria
1928 2040 2045 2106 Dei,

459 2131 675 2185 caeteris
696 2139 876 2185 autem
902 2129 958 2185 in
981 2131 1274 2199 parabolis.
1319 2149 1338 2183 ι
1394 2131 1526 2186 Cum
1559 2150 1578 2184 ι
1612 2132 1795 2185 datum
1841 2150 1860 2184 ι
1894 2131 2046 2198 dicit,

462 2223 661 2276 donum
693 2235 815 2277 esse
846 2236 959 2276 rem
993 2236 1112 2277 eam
1150 2221 1421 2288 ostendit;
1457 2222 1561 2278 hoc
1590 2231 1772 2277 autem
1805 2221 2045 2276 divinum

465 2312 664 2366 donum
725 2328 833 2367 non
890 2327 1082 2369 omnes
1141 2312 1392 2384 accipere
1443 2323 1691 2383 possunt.
1741 2312 1845 2366 Alii
1903 2312 2046 2368 enim

463 2403 644 2459 adhuc
690 2404 926 2461 infantes
974 2407 1030 2460 in
1076 2405 1179 2461 ﬁde
1222 2415 1383 2473 sunt;
1432 2406 1524 2460 alii
1568 2421 1696 2462 vero
1742 2405 2048 2461 hebetiores

464 2495 628 2550 animi
656 2510 848 2551 sensus
879 2497 1104 2565 habent;
1136 2513 1240 2553 nec
1263 2498 1396 2553 satis
1422 2498 1601 2553 idonei
1631 2499 1699 2553 ad
1730 2498 2045 2555 obscuriora

465 2588 723 2657 mysteria
786 2589 1055 2643 audienda
1109 2588 1218 2661 a5
1278 2590 1476 2660 quibus
1538 2592 1692 2663 quasi
1750 2589 2049 2646 infantibus

464 2680 813 2746 parabolicus
867 2684 1308 2737 accommodatus
1358 2690 1438 2735 est
1485 2696 1696 2748 sermo,
1734 2682 1839 2738 Vos
1889 2697 2046 2749 vero,

465 2771 679 2839 inquit,
709 2771 799 2840 qui
841 2771 1018 2826 studio
1053 2771 1208 2825 valde
1243 2772 1500 2827 laudabili
1536 2774 1730 2844 dignos
1764 2772 2049 2828 altioribus

466 2878 566 2918 vos
598 2863 910 2919 reddidistis
938 2903 954 2930 ,
991 2878 1109 2932 quae
1132 2866 1304 2935 magis
1345 2865 1619 2920 recondita
1651 2874 1806 2933 sunt,
1841 2869 2050 2923 discere

467 2956 718 3024 potestis.
763 2954 958 3010 Subdit
987 2971 1150 3026 porro
1186 2957 1563 3026 propheticum
1611 2958 1743 3013 illud
1780 2959 1983 3014 dictum
2030 2978 2046 3015 :

477 3064 498 3097 ι
532 3045 607 3102 Ut
636 3047 880 3102 videntes
906 3064 1014 3103 non
1041 3048 1281 3116 videant,
1311 3057 1366 3104 et
1396 3050 1677 3105 audientes
1704 3066 1811 3106 non
1845 3052 2048 3108 intelli-

2149 1867 2330 1919 φειαν,
2385 1850 2809 1920 φιλοπευστοῖωι
2863 1850 2933 1904 τὰ
2965 1849 3273 1920 λαληθέντα
3329 1848 3546 1920 μαθεῖν,
3569 1848 3646 1912 ὡς
3672 1849 3750 1903 ἂν

2150 1941 2249 1996 καὶ
2272 1943 2322 1996 οἱ
2356 1941 2504 2013 ὄχλοι
2536 1941 2752 2012 μάθωσι
2777 1941 2876 2014 τὴν
2903 1941 3087 1996 αὐτῶν
3116 1942 3471 2012 διασάφησιν.
3499 1940 3565 1994 Τί
3591 1938 3688 1995 οὖν
3718 1943 3753 1996 ὁ

2154 2031 2387 2103 Σωτήρ;
2455 2052 2475 2085 ι
2522 2032 2685 2102 Ὑμῖν
2736 2033 2950 2088 δέδοται
3004 2035 3304 2102 γνῶναιτά
3338 2034 3748 2106 μυστήριατοῦ

2150 2123 2311 2189 Θεοῦ,
2368 2125 2482 2188 τοῖς
2522 2124 2581 2177 δὲ
2638 2124 2851 2190 λοιποῖς
2902 2128 2962 2180 ὲν
3020 2127 3385 2199 παραϐολαῖς.
3444 2146 3463 2180 ι
3532 2127 3749 2194 Εἰπὼν,

2156 2234 2175 2267 ι
2208 2214 2450 2282 Δέδοται,
2493 2234 2512 2268 ι
2540 2216 2820 2271 δείκνυσιν
2851 2219 2936 2272 ὅτι
2961 2219 3145 2289 δωρεά
3188 2218 3251 2271 τὸ
3284 2219 3520 2289 πρᾶγμά
3554 2219 3750 2273 ἐστιν’

2151 2306 2287 2362 ἀλλά
2310 2307 2517 2379 ταύτην
2543 2311 2645 2379 τὴν
2668 2309 2824 2363 θείαν
2844 2310 2990 2365 δόσιν
3021 2311 3084 2364 ού
3116 2312 3319 2375 πάντες
3358 2310 3619 2365 δύνανται
3643 2310 3750 2365 λα·
3776 2347 3784 2353 -

2151 2402 2288 2459 δεῖν.
2321 2404 2385 2456 Οἱ
2420 2403 2522 2474 μὲν
2552 2407 2663 2476 γὰρ
2690 2408 2754 2476 τῇ
2801 2405 2988 2458 πίστει
3051 2404 3135 2458 ἐτι
3176 2404 3535 2475 νηπιάζουσιν
3558 2420 3577 2438 ο
3601 2406 3649 2457 οἱ
3685 2403 3750 2456 δὲ

2152 2494 2439 2567 παχύτερα
2472 2495 2701 2565 φέρουσι
2737 2497 2807 2551 τὰ
2866 2496 2966 2566 τῆς
3014 2496 3195 2568 ψυχῆς
3250 2496 3605 2568 αἰσθητήρια,
3637 2497 3752 2550 οὐκ

2151 2586 2472 2659 ἐπιτηδείως
2533 2586 2752 2658 ἔχοντες
2814 2588 2953 2661 πρὸς
3008 2588 3106 2661 τὴν
3155 2587 3264 2643 τῶν
3317 2590 3750 2659 μυστικωτέρων

2152 2680 2441 2750 ἀκρόασιν,
2463 2674 2546 2742 οἷς
2585 2679 2841 2753 καθάπερ
2865 2681 3084 2751 νηπίοις
3105 2681 3132 2735 ὁ
3152 2681 3523 2751 παραδολικδς
3562 2679 3751 2751 ἁρμό·-

2155 2788 2239 2824 σει
2264 2772 2440 2841 λόγος.
2482 2772 2681 2841 ’Υμεῖς
2719 2772 2798 2838 δέ,
2825 2774 3015 2843 φησὶν,
3048 2774 3099 2827 oi
3139 2772 3347 2844 σπουδῇ
3382 2773 3527 2843 μάλα
3556 2772 3771 2827 καλλί-.

2154 2880 2256 2938 στῃ
2311 2865 2499 2929 ἀξίους
2554 2866 2786 2929 ἑαυτοὺς
2821 2865 2933 2920 τῶν
2982 2865 3335 2937 ὑψηλοτέρων
3389 2866 3747 2936 ποιήσαντες,

2105 3008 2111 3013 .
2152 2956 2381 3010 δύνασθε
2414 2956 2478 3010 ἂν
2505 2956 2699 3028 μαθεῖν
2730 2957 2827 3011 καὶ
2880 2956 2949 3010 τὰ
2977 2956 3391 3028 μυστικώτερα;
3435 2956 3663 3024 Ἐπάγει
3685 2956 3749 3010 δὲ

2155 3048 2215 3100 τὸ
2246 3050 2586 3119 προφητικὸν
2635 3050 2816 3101 ἐκεῖνο
2875 3048 3074 3121 ρητόνο
3129 3067 3150 3101 ι
3187 3048 3305 3102 Ἵνα
3338 3034 3629 3118 βλέποντές
3662 3048 3749 3119 μὴ

469 3138 685 3209 gent“.
720 3157 740 3191 ›
783 3140 917 3196 Cum
956 3142 1098 3196 enim
1143 3157 1172 3195 a
1213 3140 1325 3197 Deo
1367 3142 1594 3199 facultas
1632 3144 1738 3200 illis
1779 3146 2048 3216 impertita

2156 3139 2419 3211 βλέπωσι,
2450 3141 2545 3194 καὶ
2575 3140 2872 3204 ἀκούοντες
2911 3140 2986 3211 μὴ
3023 3139 3271 3195 συνιῶσι.
3309 3158 3328 3192 ι
3353 3139 3613 3207 Δοθείσης
3630 3141 3751 3210 γὰρ

470 3228 562 3291 sit,
594 3243 697 3298 qua
731 3239 955 3300 possent
983 3233 1186 3300 optima
1217 3247 1443 3302 quaeque
1473 3234 1719 3305 seligere,
1750 3236 1892 3306 quod
1925 3252 2053 3306 pra-

471 3318 554 3374 xis
589 3321 783 3375 studiis
817 3332 1024 3377 mentes
1061 3337 1246 3378 eorum
1292 3325 1560 3381 hebetatae
1603 3329 1745 3388 sint.
1778 3329 2055 3386 audientes

472 3425 659 3479 sensu,
688 3412 866 3467 animo
901 3428 1005 3468 non
1042 3415 1367 3486 intelligunt,
1392 3428 1448 3472 et
1478 3420 1752 3489 corporeis
1783 3420 2046 3488 videntes,

472 3504 668 3558 animae
696 3505 886 3561 oculos
912 3507 1193 3564 claudunt.
1223 3508 1492 3565 Particula
1520 3526 1669 3578 vero,
1697 3523 1754 3567 ut
1786 3513 1923 3586 ('59),
1950 3515 2055 3570 hoc

470 3593 593 3649 loco
625 3611 729 3649 non
759 3610 981 3651 causam
1011 3598 1303 3669 signiﬁcat,
1333 3601 1427 3656 sed
1457 3613 1731 3659 eventum.
1757 3603 1872 3660 Non
1908 3607 2051 3662 enim

470 3687 594 3743 ideo
635 3687 688 3740 in
736 3690 1008 3758 parabolis
1045 3691 1389 3761 loquebatur,
1421 3703 1481 3749 ut
1516 3710 1584 3750 ne
1620 3696 1886 3763 viderent,
1919 3713 2055 3755 neve

473 3778 751 3846 audirent;
785 3781 879 3836 sed
913 3783 1037 3851 quia
1063 3784 1133 3837 ob
1161 3798 1346 3839 eorum
1380 3787 1675 3855 nequitiam
1707 3789 1781 3843 ita
1812 3788 2054 3846 futurum

469 3878 611 3937 erat,
640 3878 698 3924 ut
730 3874 1014 3931 eveniret:
1048 3882 1106 3929 ut
1138 3875 1185 3931 si
1226 3876 1348 3945 quis
1386 3878 1560 3933 oculis
1597 3880 1736 3935 male
1776 3881 2051 3948 allectum,

469 3970 525 4017 et
558 3964 966 4029 cmcucientem,
995 3967 1195 4037 diuque
1226 3983 1292 4023 eo
1328 3968 1519 4024 morbo
1555 3970 1893 4027 laborantem
1933 3974 2055 4029 ideo

470 4055 526 4107 in
555 4054 685 4110 solis
715 4057 1056 4125 splendorem
1088 4059 1340 4113 obturum
1368 4060 1625 4117 deﬁxisse
1656 4064 1819 4127 dicat.
1849 4073 1906 4119 ut
1936 4065 2056 4134 plus

470 4148 747 4215 acciperet
787 4150 1122 4207 detrimenti.
1167 4151 1359 4208 Postea
1408 4164 1465 4209 ut
1511 4156 1729 4211 doceret
1774 4173 1885 4213 non
1934 4173 2056 4214 esse

471 4237 796 4307 simpliciter
829 4240 1173 4310 accipienda,
1205 4257 1325 4309 qua:
1360 4245 1704 4311 dicebantur,
1734 4250 1829 4302 sed
1862 4263 1961 4318 per
1991 4264 2055 4304 ea

472 4328 541 4385 ad
572 4329 880 4387 subtiliores
913 4347 1105 4388 sensus
1133 4335 1447 4405 erigendum
1482 4346 1739 4405 mentem,
1761 4340 2052 4410 adjunxit:

477 4440 497 4472 ι
534 4420 635 4488 Qui
673 4424 835 4478 habet
863 4438 1021 4480 aures
1048 4427 1299 4482 audiendi
1334 4428 1539 4485 audiat.
1578 4448 1599 4482 ι
1639 4429 1752 4488 Hoc
1784 4442 1869 4488 est
1902 4450 1917 4487 :
1951 4432 2052 4500 Qui

470 4513 831 4583 spiritualitcr
860 4516 1235 4573 ratioci'nando
1268 4520 1372 4575 scit
1402 4521 1594 4578 altiora
1628 4523 1902 4593 colligere,
1937 4535 1991 4580 et
2022 4541 2051 4579 a

472 4606 824 4663 sensibilibus
858 4612 1242 4666 transcendere
1276 4612 1341 4666 ad
1377 4629 1463 4677 ea,
1493 4628 1612 4683 quae
1644 4630 1740 4684 per
1770 4616 2053 4684 parabolas

472 4698 618 4752 dicta
677 4707 823 4754 sunt.
881 4697 997 4753 Non
1053 4701 1198 4755 enim
1254 4700 1450 4758 sufﬁcit
1503 4704 1569 4758 ad
1622 4705 1852 4759 salutem
1910 4708 2053 4760 nuda

474 4788 799 4845 auscultatio
840 4791 1207 4859 monitorum,
1243 4792 1344 4868 nisi
1389 4792 1844 4847 auscultationem
1888 4808 2051 4863 opera

472 4881 822 4936 comitentur.
879 4882 1000 4937 llmc
1060 4884 1225 4954 igitur
1278 4884 1545 4952 scientes,
1588 4885 1928 4952 cbarissimi,
1981 4901 2055 4942 ne

471 4972 790 5039 simpliciter
817 4981 873 5029 et
920 4980 1126 5030 temere
1157 4976 1414 5029 dor-trina:
1442 4976 1787 5031 sermonibus
1815 4979 2056 5046 praebea-

475 5079 596 5118 mus
630 5080 807 5130 aures,
838 5075 895 5121 ut
924 5067 1091 5122 verba
1129 5069 1345 5136 quidem
1382 5069 1731 5139 accipiamus,
1760 5069 1893 5124 nihil
1923 5084 2053 5126 vero

469 5170 540 5210 ex
571 5158 769 5214 auditis
798 5157 1097 5219 referamus
1124 5159 1365 5227 fructus;
1398 5162 1532 5217 adeo
1566 5170 1621 5217 ut
1680 5171 1821 5217 terra
1854 5163 2055 5219 sterilis

550 5318 596 5350 9°
618 5316 725 5372 lsa.
751 5331 829 5383 γι,
853 5315 908 5370 9.

2156 3233 2339 3295 αὐτοῖς
2365 3231 2650 3302 δυνάμεως
2676 3233 2740 3286 ἐκ
2767 3230 2903 3285 Θεοῦ
2963 3233 3045 3295 είς
3068 3231 3130 3285 τὸ
3161 3230 3422 3285 δύνασθαι
3455 3231 3524 3284 τὰ
3558 3230 3753 3300 λῷστα

2156 3321 2506 3387 ἐκλέξασθαι,
2537 3322 2629 3376 διὰ
2657 3323 2720 3376 τὸ
2768 3323 3113 3394 παχυνθῆναι
3146 3323 3330 3377 αὐτῶν
3370 3325 3467 3387 τὰς
3497 3323 3751 3389 διανοίας

2154 3417 2266 3478 τοῖς
2305 3414 2531 3486 φαύλοις
2556 3417 2983 3487 ἐπιτηδεύμασιν
3029 3416 3319 3478 ἀκούοντες
3348 3415 3643 3486 αἰσθητῶς,
3673 3415 3746 3469 οὐ

2158 3507 2403 3561 συνιοῦσι
2439 3509 2496 3563 δὲ
2558 3509 2792 3581 νοητῶς,
2844 3510 2941 3565 καὶ
2993 3510 3232 3581 ὁρῶντες
3263 3511 3376 3574 τοῖς
3407 3511 3754 3579 σωματικοῖς

2155 3586 2456 3669 ὀφθαλμοῖς
2511 3601 2641 3665 τοὺς
2705 3601 2808 3671 τῆς
2837 3600 3019 3672 ψυχῆς
3074 3601 3374 3671 ἐπιμύωσι.
3407 3602 3583 3663 Triae.
3616 3602 3750 3670 rm,

2156 3690 2394 3747 ἐνταῦθα
2449 3692 2550 3746 οὐκ
2581 3692 2964 3762 αἰτιολογικῶς
2994 3694 3236 3765 εἴρηται,
3283 3693 3399 3749 ἀλλ’
3422 3696 3486 3748 ἐκ
3514 3694 3613 3762 τῆς
3646 3696 3744 3748 ἐκ·

2156 3783 2390 3847 ϐάσεως.
2416 3786 2491 3838 Οὐ
2533 3784 2644 3853 γάρ
2672 3785 2760 3838 διὰ
2786 3784 2946 3839 τοῦτο
2974 3786 3034 3839 ἐν
3058 3787 3397 3857 παραϐολαῖς
3426 3786 3625 3851 ἐλάλει,
3655 3786 3752 3841 ἵνα

2160 3876 2300 3947 μήτε
2366 3875 2633 3945 βλέπωσι,
2697 3876 2841 3946 μήτε
2900 3876 3199 3940 ἀκούωσιν,
3264 3876 3380 3930 ἀλλ’
3416 3878 3500 3931 ὅτι
3565 3876 3750 3943 οὕτως

2157 3967 2336 4039 ἀπέϐη
2372 3967 2626 4037 γενέσθαι
2655 3968 2745 4023 διὰ
2766 3970 2866 4039 τὴν
2898 3969 3127 4024 ἐκείνων
3161 3969 3479 4024 κακόνοιαν.
3529 3969 3751 4040 Ὠσπερ

2158 4059 2225 4113 ἂν
2260 4058 2315 4114 εί
2342 4077 2427 4123 τις
2457 4060 2549 4114 τὸν
2583 4061 2681 4124 τάς
2719 4060 2871 4132 ὄψεις
2911 4060 3313 4131 βεϐλαμμένον,
3335 4060 3434 4114 καὶ
3460 4058 3751 4131 ἀμϐλυώτ-

2157 4170 2345 4216 τοντα,
2384 4153 2479 4207 καὶ
2508 4153 2670 4207 πλέον
2701 4154 2796 4207 τοῦ
2831 4153 3043 4218 πάθους
3070 4155 3440 4224 ἐπιστάμενον
3466 4153 3630 4223 ἐρεῖς,
3656 4153 3748 4206 ὅτι

2156 4245 2246 4299 διὰ
2277 4244 2439 4299 τοῦτο
2489 4245 2771 4314 ἐνητένισε
2818 4246 2957 4314 πρὸς
2993 4246 3062 4299 τὰ
3098 4245 3302 4316 ἡλιακά
3336 4245 3749 4314 σελαγίσματα,

2157 4336 2247 4390 ἵνα
2273 4337 2498 4391 πλείονα
2530 4336 2631 4408 τὴν
2654 4337 2902 4391 κάκωσιν
2921 4335 3167 4408 δέξηται.
3201 4333 3336 4389 Εἶτα
3364 4336 3637 4390 διδάσκων
3663 4335 3748 4405 μὴ

2159 4430 2349 4495 ἁπλῶς
2404 4430 2473 4484 τὰ
2526 4429 2798 4499 λεγόμενα
2844 4430 3122 4496 δέξασθαι,
3173 4430 3314 4483 ἀλλὰ
3350 4429 3419 4483 δι’
3443 4428 3625 4482 αὐτῶν
3662 4429 3749 4492 εἰς

2085 4502 2130 4558 Ῐ)
2163 4522 2477 4593 ίσχνοτέρας
2533 4521 2746 4585 ἐννοίας
2790 4522 3115 4591 ἀνάγεσθαι,
3156 4522 3386 4589 ἐπάγειο
3420 4541 3439 4572 ι
3486 4520 3548 4575 '0
3602 4519 3748 4591 ἔχων

2163 4612 2281 4667 ὦτα
2333 4614 2576 4679 ἀκούειν,
2611 4613 2882 4678 ἀκουέτω,
2923 4632 2942 4665 ι
2975 4615 3279 4678 τουτέστιν,
3320 4614 3349 4666 ὁ
3377 4612 3536 4675 εἰδὼς
3573 4629 3747 4664 πνευο

2169 4707 2417 4776 ματικῶς
2445 4706 2513 4760 τά
2535 4705 2849 4777 ὑψηλότερα
2883 4705 3325 4775 συλλογίζεσθαι,
3367 4704 3463 4758 καὶ
3490 4702 3749 4772 ἀποθρὼ-

2161 4817 2313 4854 σκειν
2364 4798 2474 4853 ἀπὸ
2523 4799 2632 4852 τῶν
2660 4798 3005 4868 φαινομένων
3058 4797 3197 4868 πρὸς
3225 4798 3296 4851 τὰ
3355 4794 3747 4867 παραϐολικῶς

2157 4891 2448 4960 λεγόμενα.
2503 4889 2580 4942 Οὐ
2636 4888 2746 4959 γὰρ
2790 4888 2954 4957 ἀρκεῖ
2986 4887 3126 4957 πρὸς
3154 4886 3216 4938 τὸ
3270 4882 3518 4951 σωθῆναι
3552 4881 3742 4951 γυμνὴ

2157 4979 2265 5033 τῶν
2296 4979 2673 5050 παραινέσεων
2712 4979 2745 5048 ή
2778 4976 3064 5047 ἀκρόασις,
3103 4975 3179 5047 μὴ
3222 4975 3421 5046 ἔχουσα
3454 4972 3635 5027 ὀπαδά
3675 4971 3746 5026 τά

2158 5073 2296 5144 ἔργα
2321 5073 2419 5141 τῆς
2449 5072 2789 5143 ἀκροάσεως.
2814 5069 2983 5123 Ταῦτ’
3015 5068 3108 5123 οὖν
3144 5069 3366 5131 εἰδότες,
3397 5064 3638 5135 ἀδελφοὶ,
3664 5064 3742 5134 μὴ

2155 5166 2271 5226 τοῖς
2307 5162 2488 5231 λόγοις
2535 5162 2637 5230 τῆς
2672 5160 3021 5224 διδασκαλίας
3072 5158 3265 5223 ἁπλῶς
3316 5157 3415 5212 καὶ
3480 5155 3603 5227 εἰκῆ
3642 5150 3744 5216 τὰς

1725 5409 2050 5472 Frencisci
2076 5409 2286 5481 Scorsi
2313 5416 2499 5472 notae.

545 5542 661 5612 (59)
705 5540 985 5597 Particula
1014 5556 1157 5606 vero,
1193 5549 1272 5594 ιιι.
1332 5537 1447 5593 Non
1477 5554 1696 5612 causam
1721 5542 2053 5612 anteceden-

478 5609 608 5676 tem,
638 5609 730 5669 sed
757 5626 1031 5674 eventum,
1062 5622 1118 5666 et
1141 5609 1584 5678 consequentiam
1617 5610 1916 5679 signiﬁcari
1956 5626 2053 5677 per

478 5682 825 5752 particulam,
845 5692 903 5737 ut
930 5682 1174 5752 pluribus
1207 5684 1258 5734 in
1279 5680 1409 5734 locis
1433 5679 1846 5752 Evangelioruru
1879 5681 2051 5735 adno-

484 5757 563 5799 tat
596 5750 943 5806 doctissintus
974 5751 1331 5811 Maldonatus,
1363 5759 1416 5801 et
1441 5762 1560 5818 post
1593 5765 1715 5804 eum
1744 5751 2049 5805 scientissi-

483 5830 602 5869 utus
654 5833 931 5875 sacrarqu
981 5820 1305 5877 Litterarum
1354 5818 1642 5874 Cornelius
1674 5836 1701 5874 ιι
1741 5819 1944 5890 Lepide
1990 5823 2046 5876 in

2160 5543 2350 5596 Canon
2384 5542 2449 5596 ad
2504 5540 2781 5612 Evangelii
2828 5539 3257 5612 Commentaria.
3318 5535 3457 5590 Vide
3490 5544 3652 5602 porro
3683 5536 3743 5611 ut

2158 5615 2462 5685 libertatem
2498 5608 2711 5685 arbitrii
2766 5608 3388 5685 tueaturn'l‘heophanes
3439 5612 3625 5685 uoster
3685 5608 3737 5685 in

2157 5684 2491 5752 explicandis
2527 5681 2680 5736 lsaim
2714 5682 2934 5752 verbis;
2974 5677 3042 5732 Ut
3089 5670 3321 5733 videntes
3358 5692 3460 5730 non
3510 5670 3741 5734 videant,

2156 5751 2285 5821 etc.,
2312 5763 2496 5810 contra
2541 5760 2822 5821 novantes,
2846 5751 2938 5822 qui
2967 5764 3085 5807 catu
3115 5756 3385 5804 evertunt.
