4072 6470
466 352 568 416 251

1641 351 2140 421 THEOPHANIS
2178 353 2521 415 CERAMEI

3624 359 3738 424 259

467 481 701 537 lidenter
726 476 1079 549 comparavit.
1105 475 1181 531 De
1200 474 1458 545 improbis
1488 490 1613 529 vero
1642 491 1762 530 cum
1784 477 2043 543 loquitur,

2167 474 2421 544 ἶινήσατο.
2440 474 2564 527 Ἐπὶ
2582 474 2638 528 δέ
2662 491 2725 541 γε
2742 474 2850 528 τῶν
2868 473 3106 544 φαύλων,
3130 469 3243 527 οἷόν
3258 491 3317 526 τε
3338 472 3622 545 γνώρισμα
3635 480 3738 547 τῆς

473 572 617 625 velut
647 569 916 639 quoddam
941 581 1125 621 eorum
1163 567 1417 633 nequitia:
1455 574 1833 635 argumentum
1871 567 2050 623 divitis

475 679 669 719 nomen
699 663 938 731 apponit.
959 659 1094 713 Nam
1126 668 1181 715 et
1206 659 1660 730 Psalmographus
1685 659 1786 715 hoc
1817 661 2052 716 maxime

473 757 732 819 ostendit,
766 770 890 809 cum
933 754 1186 806 admonet
1224 750 1456 817 justum,
1496 766 1562 806 ne
1609 753 1793 804 timeat
1839 770 1853 804 :
1902 770 1922 803 ι
1974 750 2051 806 Ne

475 850 717 905 timueris
737 863 858 902 cum
892 848 1044 903 dives
1080 847 1256 900 factus
1293 844 1453 898 fuerit
1486 845 1698 899 homo.»
1727 846 1786 899 Et
1814 861 1828 897 :
1852 863 1869 895 ι
1904 843 2051 898 Divi-

477 944 562 996 tiae
588 943 632 996 si
676 938 1097 1002 aliluant,nolite
1130 953 1225 992 cor
1258 938 1647 1006 apponere’h
1680 938 1745 990 Et
1768 955 1782 992 :
1803 954 1821 987 ι
1850 937 2051 992 Divites

473 1044 778 1105 eguerunt»
824 1033 1040 1087 virtutis
1085 1032 1308 1101 opibus,
1343 1049 1361 1083 ‹
1391 1041 1445 1085 et
1487 1030 1902 1086 esurierunt”:
1941 1047 2048 1086 non

477 1125 737 1179 habentes
791 1140 986 1193 panem
1036 1126 1186 1178 vitae.
1235 1122 1302 1178 Et
1357 1142 1371 1178 :
1438 1142 1457 1175 ι
1517 1124 1650 1190 Quia
1710 1125 1949 1193 speravit
1995 1127 2047 1179 in

474 1217 817 1270 multitudine
851 1217 1158 1271 divitiarum
1200 1218 1505 1270 suarum".
1545 1235 1563 1269 ι
1604 1218 1668 1273 Ει
1703 1217 1954 1273 Salvator
1984 1220 2053 1275 de

473 1308 640 1361 stulto
671 1308 902 1375 quodam
938 1321 1104 1376 agens
1142 1324 1156 1360 :
1195 1324 1214 1357 ι
1256 1306 1497 1360 llmninis
1530 1306 1814 1375 cujusdam
1844 1307 2049 1371 divitis,

473 1399 684 1465 inquit,
743 1400 938 1453 uberes
999 1400 1208 1453 fructus
1272 1415 1400 1469 ager
1460 1399 1667 1456 tulit".
1727 1418 1746 1452 ι
1804 1400 2053 1456 Anii-mat

472 1493 635 1544 etiam
664 1492 879 1546 diliieile
910 1507 1049 1557 esse,
1082 1501 1139 1546 ut
1170 1492 1321 1547 dives
1352 1492 1518 1548 intret
1542 1494 1594 1546 in
1627 1507 1848 1561 regnum
1883 1494 2050 1547 ταξιο-

474 1601 592 1637 rum
612 1585 688 1643 ’7;
730 1595 784 1638 et
824 1600 969 1650 eum,
1000 1585 1090 1654 qui
1126 1585 1194 1640 de
1232 1598 1433 1640 aeterna
1466 1585 1575 1639 vita
1612 1586 1885 1640 dominum
1926 1601 2049 1655 per-

478 1685 790 1741 cunctatus,
821 1685 871 1731 et
905 1676 1119 1731 divitias
1154 1692 1341 1731 omnes
1372 1676 1681 1742 divendere,
1712 1685 1769 1731 et
1799 1678 2051 1747 pauperi-

475 1768 575 1824 bus
615 1785 840 1836 crepare
876 1768 1081 1838 jussus,
1101 1768 1170 1824 ob
1213 1770 1265 1823 id
1307 1769 1507 1823 dictum
1549 1780 1785 1825 moerere
1827 1769 2056 1826 aﬂ'ertus

476 1870 592 1923 est,
638 1868 922 1927 propterea
973 1868 1225 1914 mmstum
1277 1857 1444 1914 fuisse
1489 1858 1839 1928 Evangelimn
1882 1860 2053 1935 dicit,

476 1951 601 2020 quia
652 1970 669 2000 ι
716 1952 867 2004 tlives
914 1960 1034 2007 erat
1078 1952 1254 2006 Valde.
1298 1969 1316 2002 ι
1371 1952 1579 2006 Etenim
1624 1951 1894 2007 diliicilius
1936 1966 2058 2007 esse

476 2042 610 2096 dicit
666 2051 724 2095 nt
761 2043 908 2097 dives
948 2044 1208 2098 Helorum
1259 2058 1479 2113 regnum
1522 2042 1629 2115 4⁸1
1671 2053 2055 2113 consequatur,

476 2148 638 2200 quam
690 2143 749 2186 ut
793 2133 1032 2188 camelus
1084 2151 1178 2204 per
1221 2134 1466 2189 foramen
1513 2150 1642 2189 acus
1693 2143 1955 2191 transeat.
1996 2135 2062 2191 Et

479 2223 616 2279 alias
669 2226 930 2281 divitibus
989 2228 1216 2296 loquens
1272 2247 1286 2283 :
1347 2246 1366 2280 ι
1422 2227 1515 2282 Vae
1566 2227 1719 2284 vobis
1770 2227 2057 2297 divitibus,

478 2315 685 2386 inquit,
734 2319 861 2387 quia
917 2320 1128 2376 habetis
1179 2321 1604 2376 consolationem
1651 2334 1890 2376 vestram
1914 2323 1983 2378 νε.
2034 2343 2055 2377 ι

478 2406 645 2463 Isaias
690 2426 818 2465 vero
865 2412 1109 2480 quodam’
1150 2412 1275 2469 loco
1314 2413 1447 2470 dicit
1495 2429 1509 2466 :
1566 2430 1585 2464 ι
1644 2410 2064 2470 lnbonorahitur

478 2502 646 2568 gloria
698 2501 853 2557 Moab
905 2502 957 2557 in
1007 2503 1259 2558 omnibus
1308 2504 1511 2559 divitiis
1558 2504 1676 2575 ejus
1696 2503 1766 2559 ⁸³.
1804 2523 1822 2555 ι
1877 2503 2063 2576 Itaque

478 2593 804 2661 prooemium
840 2594 1202 2664 improbitatis
1229 2597 1326 2650 viri
1359 2597 1642 2667 praponit,
1678 2612 1800 2650 cum
1835 2597 2060 2652 divitem

478 2686 627 2739 illum
660 2687 910 2756 appellat.
941 2689 1404 2755 Quemadmodum
1436 2690 1579 2744 enim
1614 2690 1901 2758 Scriptura
1931 2691 2063 2746 bea-

478 2788 591 2831 tum
620 2776 742 2845 .lnb,
767 2778 1012 2848 quamvis
1038 2789 1185 2834 esset
1209 2779 1678 2849 opulentissimus,
1704 2780 1925 2836 divitem
1957 2796 2063 2835 non

482 2866 741 2935 appellat,
776 2867 870 2921 sed
905 2867 1062 2934 quasi
1092 2867 1346 2922 virtutem
1388 2868 1536 2925 illius
1567 2868 1830 2925 deﬁniens
1859 2871 2065 2940 justum

478 2974 603 3011 eum
648 2958 915 3022 nominat,
944 2970 994 3013 et
1027 2958 1383 3028 inculpatum,
1408 2975 1472 3015 ac
1503 2960 1782 3016 timentem
1816 2960 1982 3016 Deum
2013 2972 2068 3017 et

484 3051 846 3106 abstinentem
884 3067 942 3107 se
978 3054 1043 3108 ab
1081 3054 1227 3109 omni
1269 3054 1471 3116 malo‘,
1504 3055 1815 3111 describens
1851 3056 2065 3127 qualem

2154 566 2334 618 αὐτῶν
2362 566 2585 629 κακίας,
2603 566 2698 619 τοῦ
2719 567 2976 619 πλουσίου
2999 568 3099 635 τὴν
3126 565 3322 638 κλῆσιν
3335 565 3568 634 τίθησιν.
3592 568 3658 620 ’Ὀ
3669 585 3739 621 τε

2152 657 2261 727 γὰρ
2282 658 2695 728 Ψαλμογράφος
2719 656 3092 726 σφόδρατοῦτο
3132 659 3431 726 κατηγορεῖ
3452 658 3741 727 παραινῶν

2150 750 2229 822 τῷ
2249 751 2444 821 δικαίῳ
2464 751 2537 821 μὴ
2564 750 2932 803 δεδίττεσθαι·
2971 770 2990 799 ε
3030 749 3120 819 Μὴ
3151 748 3319 817 φοϐοῦ
3348 750 3476 802 ὅταν
3506 748 3740 821 πλουτή-

2152 860 2220 914 σῃ
2239 842 2578 913 ἄνθρωπος.»
2612 842 2720 896 Καί
2749 858 2763 870 '
2789 841 3022 905 Πλοῦτος
3047 841 3142 893 ἐὰν
3178 841 3298 910 ῥέῃ,
3350 837 3425 909 μὴ
3452 840 3735 908 προστίθε.

2153 935 2247 988 σθε
2281 935 2534 1005 καρδίαν.
2556 954 2655 987 ι-
2684 954 2701 986 ι
2739 935 2806 987 O't'
2833 951 2893 988 τε
2923 934 3172 987 πλούσιοι
3200 932 3550 1002 ὲπτώχευσαν
3584 952 3603 984 ι
3640 933 3740 986 τοῦ

2151 1027 2275 1081 κατ’
2326 1030 2531 1098 ἀρετὴν
2583 1015 2842 1090 πλούτου,
2890 1046 2907 1076 ι
2943 1027 3042 1080 καὶ
3070 1025 3371 1078 ἐπείνασαν
3401 1044 3421 1075 ι
3464 1023 3563 1094 τῆς
3589 1024 3743 1094 ζωῆς

2148 1123 2242 1175 τὸν
2272 1121 2436 1191 ἄρτον
2467 1122 2570 1174 οὐκ
2595 1119 2833 1190 ἔχοντες.
2859 1119 2985 1173 Καίο
3016 1138 3035 1172 ι
3063 1120 3187 1171 Ὀτι
3209 1117 3514 1188 ἑπήλπισεν
3543 1118 3636 1170 ἐπὶ
3654 1116 3742 1186 τῷ

2150 1214 2349 1284 πλήθει
2384 1212 2479 1266 τοῦ
2512 1213 2771 1267 πλούτου.
2806 1230 2825 1264 ι
2859 1212 2975 1266 Καὶ
2999 1213 3027 1264 ὁ
3071 1211 3263 1280 Σωτὴρ
3296 1210 3428 1280 περί
3445 1226 3590 1273 τινος
3616 1209 3746 1262 δια-

2150 1304 2445 1373 λεγόμενος
2493 1304 2763 1374 ἄφρονος*
2819 1320 2840 1355 ι
2886 1299 3206 1373 Ἀνθρώπου
3259 1301 3404 1363 τινὸς
3453 1300 3742 1363 πλουσίου,

2152 1395 2341 1464 φησιν,
2406 1395 2717 1464 εὐφόρησεν
2769 1395 2802 1465 ἡ
2856 1393 3032 1466 χώρα.
3062 1411 3081 1444 ι
3127 1393 3515 1460 Ἀποφαίνεται
3546 1392 3603 1444 δὲ
3639 1391 3744 1445 καὶ
3827 1412 3833 1415 -

2152 1486 2412 1541 δύσκολον
2468 1488 2559 1540 τὸν
2589 1486 2847 1542 πλούσιον
2882 1487 3149 1540 εἰσελθεῖν
3205 1488 3286 1549 είς
3318 1485 3418 1557 τὴν
3457 1486 3743 1557 βασιλείαν

2153 1582 2259 1634 τῶν
2293 1581 2561 1650 οὐρανῶν.
2620 1581 2731 1634 Καὶ
2766 1581 3017 1652 περὶτῆς
3056 1581 3277 1636 αἰωνίου
3326 1580 3475 1650 ζωῆς
3521 1581 3744 1651 ἐρωτή-

2155 1690 2347 1738 σαντα,
2387 1674 2483 1727 καὶ
2514 1673 2766 1742 πωλῆσαι
2800 1674 3216 1744 προσταχθέντα
3241 1673 3420 1727 πάντα
3464 1673 3532 1726 τὰ
3553 1672 3745 1741 ὑπάρ-

2153 1780 2350 1832 χοντα,
2431 1764 2528 1816 καὶ
2586 1763 2774 1817 δοῦναι
2821 1767 3057 1835 πτωχοῖς
3083 1804 3100 1831 ,
3156 1764 3255 1818 καὶ
3302 1761 3611 1832 λυπηθέντα
3658 1759 3745 1832 τῷ

2161 1857 2389 1925 ῥήματι,
2423 1857 2510 1910 διὰ
2555 1856 2715 1909 τοῦτο
2747 1855 3085 1925 λελυπῆσθαι
3112 1855 3262 1923 λέγει
3294 1856 3355 1908 τὸ
3381 1855 3746 1923 Εὐαγγέλιον,

2155 1943 2225 2019 ἦν
2246 1950 2356 2018 γὰρ
2385 1947 2644 2012 πλούσιος
2692 1948 2923 2019 σφόδρα.
2988 1946 3209 2018 Ἀμέλει
3265 1946 3362 1999 καὶ
3410 1945 3750 2015 ἐργωδέστε-

2160 2059 2253 2112 ρον
2304 2037 2444 2094 εϊναι
2483 2042 2633 2109 λέγει
2692 2040 2952 2094 πλούσιον
3010 2040 3111 2109 τῆς
3166 2038 3420 2110 οὐρανίου
3459 2037 3749 2107 βασιλείας

2157 2137 2347 2205 τυχεῖν
2367 2176 2383 2201 ,
2415 2134 2512 2188 τοῦ
2558 2134 2806 2206 κάμηλον
2832 2134 2920 2187 διὰ
2949 2131 3342 2202 τρυπημαλιᾶς
3382 2130 3606 2202 ῥαφίδος
3621 2130 3750 2181 είσο

2160 2228 2356 2281 ελθεϊν.
2406 2228 2517 2281 Καί
2554 2243 2687 2279 ποτε
2758 2223 3042 2288 πλουσίοις
3076 2222 3465 2291 διαλεγόμενος
3494 2237 3508 2250 ’
3549 2240 3568 2272 ι
3600 2220 3751 2275 οὐαὶ

2160 2321 2291 2392 ὑμῖν
2318 2322 2431 2383 τοῖς
2470 2319 2772 2385 πλουσίοις,
2812 2315 2980 2387 φησὶν
3004 2357 3018 2380 ,
3052 2316 3135 2368 ὅτι
3164 2312 3400 2383 ἀπέχετε
3426 2312 3524 2383 τὴν
3560 2313 3755 2381 παρά-

2162 2414 2359 2485 κλησιν
2387 2410 2566 2483 ὑμῶν.
2607 2430 2626 2463 ι
2667 2412 2833 2480 Λέγει
2861 2410 2919 2463 δέ.
2951 2425 3054 2462 που
3089 2409 3182 2461 καὶ
3223 2406 3458 2469 Ἡσαΐας
3493 2421 3506 2435 ·
3548 2423 3566 2455 ι
3593 2405 3750 2457 ’Δτι-

2167 2507 2515 2577 μασθήσεται
2542 2507 2575 2578 ἡ
2603 2505 2733 2570 δόξα.
2768 2503 2939 2557 Μωὰδ
2979 2505 3036 2556 ἐν
3070 2500 3237 2554 παντὶ
3266 2499 3482 2570 πλούτῳ
3515 2497 3745 2554 αὐτοῦ.»

2168 2597 2466 2667 Προοίμιον
2506 2596 2689 2648 τοίνυν
2717 2597 2818 2666 τῆς
2856 2593 2952 2647 τοῦ
2995 2591 3190 2662 ἀνδρὸς
3238 2592 3562 2658 σκαιότητος
3608 2607 3754 2660 προ-

2162 2690 2351 2743 τάττει
2371 2689 2432 2741 τὸ
2486 2687 2767 2741 πλούσιον.
2806 2686 3019 2756 Ὠσπερ
3049 2684 3157 2754 γὰρ
3189 2683 3283 2737 τὸν
3311 2681 3585 2753 μακάριον
3601 2680 3753 2743 Ἰὼϐ,

2164 2780 2347 2835 καίτοι
2393 2779 2744 2850 τυγχάνοντα
2793 2775 3325 2832 πολυκτεανὼτατον
3382 2777 3483 2828 οὐκ
3517 2773 3754 2828 ἐκάλεσε

2167 2873 2424 2925 πλούσιον
2472 2875 2506 2944 ἡ
2560 2871 2752 2942 Γραφὴ
2800 2870 2917 2925 ἀλλ’
2956 2864 3067 2922 οἷον
3102 2867 3395 2939 ὁριζομένη
3430 2867 3527 2938 τὴν
3579 2865 3756 2919 αὑτοῦ

2167 2965 2399 3036 ἀρετὴν,
2433 2965 2644 3019 δίκαιον
2673 2964 2836 3018 αὑτὸν
2864 2960 3147 3033 ὀνομάζει,
3182 2963 3279 3015 καὶ
3307 2960 3621 3031 ἄμεμπτον,
3651 2958 3757 3014 καὶ

2170 3058 2426 3127 θεοσεϐῆ,
2449 3057 2794 3126 ἀπεχόμενον
2827 3055 2937 3109 ἀπὸ
2971 3053 3173 3117 παντὸς
3211 3052 3381 3109 κακοῦ
3426 3050 3521 3105 καὶ
3576 3068 3755 3122 πονη-

479 3158 603 3196 esse
636 3151 887 3211 oporteat
923 3160 1084 3210 eum,
1117 3146 1210 3215 qui
1250 3160 1377 3199 vere
1409 3155 1493 3200 est
1535 3144 1697 3199 homo
1740 3164 1753 3200 :
1792 3146 1864 3200 ita
1902 3147 2063 3200 etiam

2173 3148 2292 3219 ροῦ,
2339 3150 2524 3203 ὁποῖον
2569 3143 2712 3201 εἶναι
2753 3147 2837 3200 δεῖ
2870 3147 2962 3201 τὸν
3014 3145 3234 3216 ἀληθῶς
3276 3145 3564 3216 ἄνθρωπον
3611 3142 3760 3196 ὑπο-

483 3235 788 3305 imprulmm
830 3251 926 3304 pro
963 3238 1114 3292 omni
1157 3236 1274 3305 ejus
1318 3237 1554 3306 nequitia
1596 3236 1815 3292 divitem
1856 3240 2065 3307 definit,

483 3335 538 3382 et
585 3328 798 3394 merito,
831 3329 970 3398 quia’
1000 3328 1046 3383 si
1092 3344 1158 3383 ex
1199 3329 1411 3383 Domini
1452 3329 1722 3384 sententia
1763 3329 1901 3385 beati
1945 3342 2071 3387 sunt

480 3419 809 3488 pauperrs',
858 3419 978 3473 tniri
1047 3420 1290 3489 profecto
1344 3422 1536 3477 divites
1598 3432 1778 3477 erunt.
1842 3422 2071 3479 Verum-

468 3504 666 3563 tamen
702 3510 902 3565 tlivilia-
938 3521 992 3565 et
1027 3522 1314 3583 paupertas
1350 3530 1457 3568 non
1494 3531 1556 3571 ex
1595 3516 1842 3589 pecunia,
1873 3519 1967 3575 sed
2003 3534 2071 3576 ex

482 3603 780 3659 Voluptatis
806 3604 999 3660 alicctu
1029 3606 1417 3675 dijudicantur.

562 3802 579 3833 ι
618 3782 676 3835 Et
708 3782 1028 3839 induebatur
1054 3801 1292 3857 purpura
1324 3800 1378 3843 et.
1433 3789 1612 3861 bysso.
1650 3810 1669 3844 ι
1706 3790 2075 3849 Vestimento-

485 3889 603 3929 rum
638 3875 922 3933 diversitas
946 3895 1404 3948 supervacaneam
1434 3893 1486 3936 et
1512 3884 1757 3938 inutilem
1786 3887 2070 3942 mollitiem

485 3981 659 4034 notat,
697 3988 857 4041 quam
892 3972 1068 4027 anima
1105 3974 1311 4029 deliciis
1373 3976 1552 4061 tletlilla
1596 3987 1651 4032 et
1698 3979 1938 4034 colorum
1980 3996 2071 4034 va-

491 4061 683 4117 rie'ate
730 4065 1048 4127 superbirns
1090 4066 1401 4136 excogitare
1447 4069 1754 4124 consuevit.
1796 4070 2074 4141 Multiplex

488 4154 650 4207 etiam
669 4164 722 4207 et
746 4156 1009 4210 il‘iberale
1034 4157 1303 4226 ingenium
1321 4157 1435 4227 (45)
1450 4161 1913 4234 argtiit.'Attliqu:e
1931 4166 2075 4219 enim

488 4246 829 4309 sanctiones,
880 4263 1088 4301 morum
1114 4251 1404 4303 versutiam
1459 4253 1668 4307 scilicet
1721 4265 2060 4323 aversantes,

492 4349 598 4387 nun
634 4336 951 4403 permittunt
980 4352 1303 4408 quemquam
1347 4343 1726 4398 vestimentum
1771 4362 1837 4401 ex
1866 4332 2077 4404 duobus

491 4436 802 4493 contextum
847 4427 1068 4482 induere
1100 4427 1142 4483 ³.
1173 4424 1272 4483 lli'c
1307 4445 1434 4486 vero
1477 4443 1677 4504 prmter
1720 4435 2077 4507 Sardanapali

565 4579 614 4611 ⁹³
636 4578 779 4635 Psal.
807 4595 997 4643 nvnt,
1022 4582 1110 4636 ΓΙ.
1184 4583 1230 4617 ⁸⁸
1255 4583 1394 4639 Psal.
1423 4564 1665 4651 LXI,1L-
1723 4588 1773 4623 "
1793 4588 1935 4646 Psal.
1962 4601 2063 4656 ιω

565 4651 667 4706 lsa.
694 4666 800 4715 xvi,
830 4651 914 4707 14.
993 4654 1011 4684 ⁸
1032 4653 1152 4707 Job.
1177 4669 1216 4717 ι,
1244 4656 1291 4710 l.
1368 4657 1389 4687 ’
1413 4656 1602 4713 Matth.
1627 4675 1680 4719 v,
1703 4662 1757 4716 5.
1835 4661 1856 4693 ³
1885 4662 2040 4719 Deut.

2167 4595 2394 4719 ΙἝως.
2420 4611 2520 4663 xu,
2551 4595 2635 4651 ιδ.
2711 4596 2756 4627 ⁸⁷
2782 4594 2915 4651 Luc.
2940 4611 3091 4659 τνιη,
3128 4594 3219 4650 24.

1585 4696 1602 4713 ο
1635 4696 1680 4727 1,
1704 4696 1757 4716 υ.
1885 4696 2040 4720 υιλιιι.
2068 4696 2203 4731 λιιι,
2224 4696 2279 4718 ἂν

494 4647 539 4683 ⁸⁵
564 4651 667 4706 lsa.
694 4666 800 4715 xvi,
830 4651 914 4707 14.
993 4654 1011 4684 ⁸
1032 4653 1152 4707 Job.
1177 4669 1216 4717 ι,
1244 4656 1291 4710 l.

2170 3242 2465 3310 γράφουσα
2506 3254 2522 3269 ο
2556 3239 2702 3293 οὓτω
2723 3238 2935 3293 καὶτὸν
2963 3237 3172 3307 φαῦλον
3204 3236 3328 3290 ἀντὶ
3359 3234 3543 3302 πάσης
3579 3231 3756 3286 αὐτοῦ

2171 3334 2271 3403 τῆς
2297 3334 2500 3397 κακίας
2533 3331 2784 3404 ὁρίζεται
2819 3330 3103 3395 πλούσιον,
3129 3329 3225 3382 καὶ
3250 3328 3393 3400 μάλα
3418 3326 3663 3387 εἰκότως.
3687 3322 3760 3378 Εἰ

2171 3427 2281 3495 γὰρ
2317 3425 2581 3496 μακάριοι
2606 3427 2655 3478 oi
2686 3425 2918 3494 πτωχοὶ,
2969 3423 3113 3476 κατὰ
3143 3422 3242 3493 τὴν
3260 3420 3355 3475 τοῦ
3390 3420 3594 3488 Κυρίου
3638 3435 3761 3486 φω-

2172 3520 2293 3589 νὴν,
2327 3519 2503 3574 ἄθλιοι
2536 3517 2780 3589 δηλονότι
2808 3517 2859 3570 oi
2888 3516 3160 3570 πλούσιοι.
3193 3515 3339 3584 Πλὴν
3373 3512 3622 3574 πλοῦτος,
3655 3515 3763 3563 καὶ

2174 3612 2337 3666 πενία
2370 3611 2471 3666 οὐκ
2506 3612 2564 3666 ὲν
2601 3611 2907 3683 χρήμασιν,
2949 3608 3067 3666 ἀλλ’
3102 3609 3161 3661 ὲν
3203 3605 3527 3680 προαιρέσει
3558 3603 3763 3675 γνωρί-

2175 3707 2351 3771 ζεται.

2256 3815 2274 3847 ι
2322 3794 2435 3849 Καὶ
2470 3794 2848 3849 ἐνεδιδύσκετο
2878 3792 3170 3864 πορφύραν
3200 3792 3295 3847 καὶ
3342 3790 3567 3862 βύσσον.
3605 3807 3624 3841 ι
3680 3785 3765 3842 Τὸ

2175 3886 2286 3940 τῶν
2320 3888 2644 3957 ἐνδυμάτων
2669 3888 2929 3956 διάφορον
2964 3887 3224 3957 σημαίνει
3274 3885 3372 3955 μὲν
3413 3884 3509 3937 καὶ
3546 3883 3606 3936 τὸ
3656 3882 3764 3952 τῆς

2179 3980 2439 4050 βλακείας
2464 3981 2747 4051 περιττὸν,
2774 3981 2869 4032 καὶ
2895 3980 3179 4050 ἀνόνητον,
3210 3979 3349 4048 ὅπερ
3376 3976 3568 4030 εἴωθεν
3597 3977 3767 4044 ἐφευ-

2179 4072 2395 4142 ρίσκειν
2421 4074 2688 4143 τρυφῶσα
2718 4072 2866 4142 ψυχὴ
2895 4113 2908 4136 ,
2942 4073 3036 4124 καὶ
3065 4071 3343 4134 ποικίλαις
3379 4068 3759 4140 βρενθυομένη

2183 4162 2406 4233 βαφαῖς.
2454 4165 2619 4235 Δηλοῖ
2658 4165 2715 4217 δὲ
2768 4165 2862 4217 καὶ
2899 4164 2960 4217 τὸ
2991 4163 3085 4215 τοῦ
3125 4162 3329 4233 τρόπου
3360 4160 3605 4214 ποικίλον
3663 4159 3764 4212 καὶ

2181 4256 2563 4325 ἀνελεύθερον.
2620 4255 2702 4308 Τὰ
2749 4257 2849 4327 μὲν
2886 4257 2994 4326 γὰρ
3028 4255 3240 4309 παλαιὰ
3272 4254 3622 4323 διατάγματα
3658 4251 3766 4305 οὐκ

2179 4347 2568 4417 ἐπιτρέπουσιν
2609 4349 2825 4418 ἱμάτιον
2854 4349 2918 4402 ὲκ
2968 4348 3115 4400 δυοῖν
3161 4345 3476 4416 ὑφασμένον
3517 4341 3768 4413 ἀμπέχε-

2183 4440 2340 4508 σθαι,
2375 4440 2475 4512 τὴν
2506 4439 2599 4493 τοῦ
2630 4441 2835 4512 τρόπου
2864 4439 3093 4509 διπλόην
3122 4437 3565 4507 ἁποτρεπόμενα.
3586 4426 3762 4497 Dirce:

3326 4594 3374 4627 "
3396 4592 3529 4647 Luc.
3554 4607 3631 4657 vt,
3656 4589 3753 4645 14.

1736 4798 2052 4860 Francisoi
2088 4799 2293 4862 Scorsi
2330 4808 2517 4865 notas.

499 4917 827 4996 evangelista
888 4918 1212 4996 appellatum
1263 4916 1598 4996 _Joseph_nm,
1627 4919 1710 4996 ὅτι
1758 4920 1851 4973 τὸν
1896 4921 2063 4996 τίμιοι

2253 4925 2365 4996 (45)
2408 4926 2677 4982 Illiberale
2715 4927 3000 4994 ingenium.
3061 4922 3339 4996 Multiplex
3370 4925 3667 4996 ingenium,
3697 4928 3761 4981 et

503 4990 853 5063 μαργαρίτην
909 4987 998 5041 διὰ
1030 4989 1345 5063 παρρησίας
1381 4988 1657 5057 ὠνήσατο,
1692 4992 1794 5063 hoc
1821 4987 2073 5063 est,pqnia

500 5059 787 5133 pretiosam
831 5059 1179 5133 margaritam
1210 5060 1432 5133 ﬁdenter
1461 5062 1782 5133 comparavit
1807 5059 1963 5133 :Auhi
1984 5060 2075 5133 διὰ

505 5129 845 5202 παρρησίας,
903 5131 1115 5183 videtur
1179 5131 1504 5202 respondere
1561 5130 1638 5200 τῷ
1686 5129 1967 5202 τολμήσας
2014 5131 2074 5185 S.

506 5199 698 5258 Marci.
756 5199 970 5268 Integra
1016 5214 1147 5268 ergo
1184 5199 1424 5253 auctoris
1479 5199 1747 5254 sententia
1792 5199 1905 5254 hare
1952 5210 2075 5255 est:

506 5273 641 5327 Cum
687 5270 870 5325 divitis
917 5271 1196 5339 nomenin
1225 5269 1422 5339 malam
1461 5271 1899 5339 partemistepius
1930 5271 2081 5325 acci-

507 5344 711 5412 piatur,
735 5341 1034 5409 appellatus
1062 5338 1163 5392 fuit
1186 5342 1254 5391 ab
1283 5336 1624 5412 Evangelista
1646 5336 1867 5412 pJoseph
1897 5340 2072 5412 dives,

506 5408 615 5467 neu
641 5413 793 5480 quasi
811 5408 917 5465 hoc
940 5423 1190 5480 magnum
1216 5417 1363 5480 esset
1382 5408 1499 5480 ejus
1536 5409 1708 5480 laudis
1748 5411 2077 5476 encomium,

508 5477 987 5550 quod—abundaret
1026 5477 1240 5550 opibus,
1273 5479 1367 5532 sed
1407 5477 1532 5545 quia
1564 5479 1633 5534 iis
1656 5494 1788 5534 usus
1805 5489 1889 5550 est
1919 5480 2081 5542 bene,

2181 5009 2456 5068 versutum
2512 4997 2881 5068 ἀνελεύθερον,
2927 4997 3184 5052 illiberale
3210 4995 3407 5068 Noster
3436 4995 3524 5051 hic
3567 4998 3756 5066 appel-

2184 5067 2283 5129 lat,
2339 5077 2393 5120 et
2428 5078 2621 5134 recte;
2681 5067 2810 5137 quia
2855 5068 3145 5133 duphcitas
3178 5067 3368 5130 animi,
3416 5079 3470 5121 et
3518 5068 3764 5120 valrities

2184 5137 2583 5191 servilevitium
2625 5134 2729 5194 est.
2759 5134 2896 5191 Nota
2932 5152 3018 5191 res
3058 5147 3144 5191 est
3172 5152 3239 5192 ex
3287 5137 3534 5196 comicis.
3578 5152 3607 5188 a
3642 5137 3763 5204 qui-

2186 5207 2292 5261 bus
2340 5207 2480 5261 servi
2545 5207 2866 5276 plerumque
2922 5207 3253 5260 inducuntur
3317 5205 3652 5274 versipelles,
3706 5211 3763 5257 et

2189 5276 2436 5343 pseudoli
2466 5295 2481 5331 :
2534 5277 2824 5332 Terentius
2852 5277 2901 5330 in
2934 5277 3162 5344 Adelph.
3205 5276 3324 5330 Act.
3354 5291 3435 5340 Ill,
3487 5292 3635 5329 scen.
3672 5290 3720 5328 Iv
3745 5288 3763 5325 :

2189 5345 2292 5399 Hic
2330 5345 2461 5401 Geta
2492 5358 2743 5414 prrelerea
2773 5362 2832 5400 ut
2891 5357 3073 5413 captus
3125 5356 3199 5400 est
3234 5361 3499 5399 servorum
3525 5362 3626 5398 non
3650 5361 3763 5397 nm-

2188 5416 2290 5470 lus.
2310 5416 2378 5468 At
2399 5430 2560 5483 quem
2586 5416 2761 5471 locum
2798 5417 3038 5470 Donatus
3074 5432 3091 5470 :
3111 5414 3328 5471 Servum
3350 5416 3551 5469 evenire
3575 5415 3764 5467 bonum

2189 5501 2296 5538 non
2351 5486 2489 5539 ratio
2526 5495 2627 5547 est,
2691 5496 2783 5538 aut
2829 5494 3045 5548 natura,
3085 5486 3174 5538 sed
3220 5499 3399 5548 casus,
3432 5492 3609 5551 utpote
3637 5486 3689 5537 in
3711 5496 3766 5534 re

484 5548 896 5623 téonilidputiam
951 5564 1017 5603 ex
1081 5548 1467 5623 illisnsumeus
1545 5550 1612 5602 ad
1662 5549 1977 5615 petendum,
2031 5558 2088 5603 et
2184 5556 2485 5610 rarissima.
2517 5554 2717 5609 Contra
2760 5570 2888 5608 vero
2917 5556 3164 5609 sincerus
3197 5555 3430 5615 animus,
3492 5548 3768 5623 ingenuus

513 5622 908 5689 recipiendum,
946 5632 1000 5674 et
1028 5618 1190 5689 veluti
1209 5616 1407 5670 Christi
1440 5630 1640 5686 corpus
1659 5632 1756 5686 per
1783 5633 1878 5672 eas
1899 5632 2089 5673 emen-

514 5688 666 5741 dum.
716 5690 781 5743 Et
813 5703 947 5743 sane
993 5688 1208 5744 divitias
1233 5695 1285 5739 et
1316 5695 1692 5753 paupertatem
1743 5703 1849 5741 nun
1885 5703 1953 5741 ex
2007 5703 2088 5751 se,

2185 5633 2239 5678 et
2288 5625 2504 5679 nobilis.
2538 5624 2607 5679 Μ.
2667 5623 2899 5686 Tullius,
2929 5624 3001 5676 De
3036 5624 3238 5694 arnicit.
3295 5635 3541 5694 apertum
3575 5632 3760 5694 pectus

2188 5694 2347 5747 amici
2373 5697 2762 5751 commendans
2792 5694 2975 5750 subdit
3002 5710 3016 5748 :
3054 5692 3148 5749 Vel
3177 5689 3357 5763 aperte
3381 5689 3766 5761 odisse'magis

519 5756 618 5833 sed
655 5772 719 5810 ex
766 5757 961 5833 aﬂ'ectu
993 5771 1066 5833 et
1095 5754 1641 5833 voluntate_utentism
1669 5757 1722 5810 in
1787 5758 1946 5815 laude
2008 5757 2090 5812 vel
2188 5763 2473 5833 ingenuum
2503 5775 2600 5817 σει.

524 5820 656 5876 vitio
686 5829 972 5893 ponendas
1018 5829 1160 5884 idem
1182 5832 1372 5881 auctor
1399 5822 1540 5878 inira
1560 5823 1810 5880 aliirmat.
