4072 6456
408 397 523 460 957

1812 410 2139 470 HOMILIA
2184 411 2352 472 VIII.

3600 426 3708 489 258

407 516 558 570 ἀλλὰ
586 515 684 586 τὴν
715 516 931 589 ἀγαθὴν
969 518 1305 575 κατάστασιν
1340 522 1440 593 τῆς
1478 521 1684 594 ψυχῆς,
1729 527 1787 576 ἐν
1828 520 1990 598 ᾖτοὺη

2119 538 2279 592 quau.
2318 539 2603 593 speramus
2641 523 3034 595 haereditatem,
3071 539 3192 598 post
3247 533 3445 587 mullos
3493 534 3712 591 labores

406 608 664 672 δικαίους
719 611 997 664 ἀναπαύει
1047 615 1076 666 ὁ
1123 615 1318 682 Λόγος,
1377 616 1579 668 κόλπον
1653 616 2013 686 Ἀδραμιαίον

408 701 701 770 ὠνόμασε.
741 704 970 772 Πρῶτος
1002 707 1110 776 γὰρ
1151 703 1302 770 οὗτος
1352 709 1380 761 ὁ
1411 709 1762 778 πατριάρχης
1802 709 1891 761 διὰ.
1920 711 2012 762 πί-

409 808 595 855 στεως
621 793 720 862 τῆς
744 795 1116 866 ἐλπιζομένης
1157 797 1460 869 εὐκληρίας
1499 800 1640 868 μετά
1669 799 1769 869 τὴν
1809 800 2010 872 πολλὴν

408 887 792 940 κακοπάθειαν
821 889 1002 960 ἔτυχε.
1046 891 1156 960 Τὴν
1191 890 1324 958 γοῦν
1356 891 1465 943 τῶν
1503 893 1834 962 άμετρήτων
1869 895 2010 963 ἁγο.⁴

409 978 529 1030 θῶν
557 979 784 1046 ἔνδειξιν
815 981 894 1052 τῷ
917 981 1013 1036 τοῦ
1038 983 1246 1035 κόλπου
1271 984 1629 1054 διασημαίνει
1659 985 1889 1054 ὀνόματι
1916 1027 1930 1050 ,
1963 978 2009 1052 ᾧ

409 1070 623 1134 πάντες
669 1072 738 1124 δι’
785 1075 988 1142 ἀρετῆς
1039 1076 1133 1128 τὸν
1177 1078 1428 1146 παρόντα
1470 1076 1818 1140 διαπλέοντες
1867 1077 2002 1148 βίον,

404 1164 547 1216 ὅταν
589 1165 842 1218 ἐντεῦθεν
880 1167 1206 1238 ἀπάρωσιν,
1235 1169 1312 1232 ὡς
1345 1171 1402 1220 ἐν
1431 1169 1686 1239 ἀκλύστῳ
1707 1171 1884 1238 λιμένι
1908 1171 2006 1233 τὰς

403 1257 596 1325 ψυχάς
631 1258 1037 1328 ἐνορμίζονται.
1070 1260 1288 1314 Γένοιτο
1327 1261 1372 1314 δ’
1422 1262 1490 1316 ἂν
1531 1265 1665 1332 ἡμῖν
1710 1263 2005 1318 ἀκόλουθον

405 1350 646 1402 κάκεῖνο
670 1353 1045 1421 ἐπαπορῆσαι,
1071 1353 1261 1422 ἐπειδὴ
1289 1352 1445 1408 οὐδὲν
1478 1355 1588 1408 τῶν
1615 1357 2004 1426 ἀπροαιρέτων

407 1443 654 1511 ὑπάρχει
691 1445 1061 1514 μακαριστὸν,
1095 1444 1216 1508 πῶς
1254 1450 1280 1500 ὁ
1310 1445 1564 1519 Λάζαρος
1596 1449 1868 1511 ἀκουσίως
1901 1466 2002 1501 πε-

405 1536 645 1602 νὸμενος
683 1535 785 1603 τῆς
842 1538 1124 1607 μακαρίας
1178 1537 1373 1608 ἔτυχεν
1413 1540 1811 1606 ἀπολαύσεως;
1861 1539 2001 1593 Οὔτε

406 1627 524 1694 γάρ
558 1626 627 1678 ἂν
657 1629 752 1680 καὶ
783 1627 986 1691 πάντες
1012 1631 1060 1682 οἱ
1087 1616 1377 1700 πενόμενοι
1410 1633 1518 1684 τῶν
1549 1633 1680 1686 ῐσων
1705 1632 1857 1701 αὑτῷ
1879 1633 2002 1686 τεύο

405 1719 597 1782 ξονται
644 1721 914 1789 ἀμοισῶν.
964 1724 1152 1793 Φαμὲν
1213 1719 1328 1790 οὖν,
1374 1725 1449 1786 ὡς
1495 1725 1867 1796 ἐπαινουμένη
1902 1727 2001 1796 μὲν

402 1810 562 1862 ἔστιν
628 1810 807 1864 ἔνδεια
865 1813 897 1882 ή
949 1814 1221 1878 ἑκούσιος,
1257 1817 1325 1884 ἣν
1366 1815 1666 1886 μακαρίζει
1700 1817 1728 1868 ὁ
1769 1816 1998 1886 Κύριος·

2121 627 2454 672 consecutus
2489 629 2590 672 e5t.
2629 619 2814 687 itaque
2857 621 3249 677 immensorum
3300 625 3563 680 bonorum
3610 629 3708 682 de-

2116 708 2440 763 moustratio
2467 709 2634 770 {sinus
2681 709 3040 778 appellatione
3069 715 3403 782 continetur,
3435 719 3500 770 ad
3546 735 3705 786 quem

2115 813 2326 862 omnes,
2363 801 2451 869 qui
2507 801 2630 854 vita:
2680 801 2839 868 hujus
2890 804 3288 872 navigationem
3339 825 3460 862 cum
3509 811 3710 867 virtute

2113 889 2430 957 conﬁciunt,
2466 902 2750 960 postquam
2787 893 2910 946 hinc
2939 895 3237 959 solverunt,
3277 899 3422 953 velut
3448 902 3514 956 ad
3550 913 3706 957 tran-

2112 984 2337 1054 quillum
2380 993 2593 1052 portum
2647 986 2857 1038 animas
2908 988 3205 1055 appellunt.
3263 991 3705 1049 Consentaneum

2113 1093 2240 1129 vero
2273 1077 2426 1129 nobis
2455 1086 2534 1130 est
2572 1075 2696 1128 illud
2726 1079 2888 1128 etiam
2924 1094 3189 1144 quaerere,
3226 1097 3348 1134 cum
3384 1083 3513 1136 nihil
3548 1086 3704 1138 invo-

2111 1165 2400 1219 luutarium
2451 1165 2784 1218 beatitudine
2836 1166 3054 1234 dignum
3087 1168 3178 1232 sit,
3231 1169 3324 1238 qui
3363 1169 3559 1224 factmu
3595 1185 3700 1242 est,

2111 1269 2167 1313 ut
2195 1257 2455 1322 Lazarus,
2485 1259 2576 1327 qui
2618 1260 2820 1313 invitus
2866 1271 3181 1328 paupertate
3217 1264 3540 1332 angebatur,
3574 1268 3702 1321 bea-

2109 1351 2394 1404 titudinem
2438 1360 2866 1418 consequeretur
2898 1350 3052 1421 (5|)?
3077 1349 3265 1422 Neque
3298 1355 3444 1408 enim
3488 1371 3698 1424 omnes,

2104 1441 2194 1510 qui
2228 1450 2471 1510 egestate
2506 1440 2778 1502 laborant,
2816 1455 2999 1508 parem
3033 1457 3154 1494 cum
3189 1442 3278 1496 illo
3305 1447 3700 1500 remuneratio-

2107 1549 2227 1588 nem
2283 1533 2560 1600 accepturi
2617 1543 2761 1587 sunt.
2817 1531 3003 1602 Itaque
3055 1533 3288 1590 dicimus
3340 1537 3697 1594 voluntariam

2103 1626 2322 1694 quidem
2365 1635 2736 1694 paupertatem
2782 1641 2901 1679 esse
2936 1627 3092 1680 laude
3123 1627 3365 1696 dignam,
3397 1643 3559 1697 quam
3591 1631 3699 1684 Do-

2105 1717 2285 1772 minus
2318 1717 2532 1772 beatam
2561 1717 2850 1786 praedicat;
2883 1727 3061 1771 tamen
3091 1720 3328 1787 prudens
3363 1721 3502 1775 ratio
3529 1722 3692 1776 etiam

2105 1813 2332 1866 invitum
2369 1812 2566 1866 bonum
2599 1813 2666 1866 ad
2697 1813 2947 1866 virtutem
2988 1815 3284 1868 transferre
3316 1827 3510 1884 potest,
3545 1834 3698 1874 com-

401 1901 552 1972 πλὴν
578 1901 692 1954 ἀλλ’
723 1905 750 1956 ὁ
779 1903 1026 1974 ἐχέφρων
1063 1905 1320 1976 λογισμὸς
1343 1905 1550 1959 δύναιτ’
1574 1907 1640 1961 ἂν
1667 1910 1990 1976 μεταγαγεῖι

2107 1905 2384 1959 miscendo
2430 1905 2791 1958 voluntariam
2847 1905 3188 1959 tolerantiam
3256 1922 3378 1961 cum
3425 1925 3551 1962 casu
3596 1911 3692 1980 qui

402 1998 493 2056 εἰς
522 1995 728 2066 ἀρετὴν
769 1996 866 2050 καὶ
915 1998 976 2050 τὸ
1029 1997 1288 2051 ἀκούσιον
1335 1999 1565 2067 ἀγαθὸν,
1603 2001 1703 2070 τὴν
1743 2001 1996 2054 ἑκούσιον

402 2088 698 2158 ὑπομονὴν
747 2088 828 2160 τῷ
878 2089 1154 2159 συμϐάντι
1193 2091 1440 2160 ἀκουσίῳ
1481 2093 1992 2161 συγκερασάμενος.

400 2179 606 2232 Πολλοί
639 2181 737 2248 μὲν
760 2181 870 2251 γὰρ
901 2183 1110 2251 πτωχοὶ
1137 2184 1203 2252 τῇ
1232 2183 1546 2252 περιουσίᾳ,
1589 2184 1993 2237 πλεονεκτικώ-

398 2287 562 2322 τατοι
615 2270 671 2322 δέ
722 2273 789 2341 τῇ
845 2273 1172 2344 προαιρέσει
1227 2274 1616 2344 τυγχάνουσιν,
1670 2269 1754 2338 οἷς
1818 2275 1996 2339 οὐδεὶς

400 2363 601 2417 ἔπεστι
647 2365 747 2432 τῆς
795 2364 1009 2426 ἐνδείας
1055 2364 1245 2434 μισθός
1276 2381 1290 2395 ο
1332 2367 1427 2419 καὶ
1479 2367 1647 2421 πόθεν
1686 2369 1775 2431 ἂν,
1832 2369 1993 2438 φησὶ,

396 2455 687 2526 γνώριμος
716 2457 928 2525 γένοιτο
950 2460 983 2526 ὴ
1021 2457 1112 2510 τοῦ
1146 2459 1404 2529 Λαζάρου
1430 2461 1790 2530 προαίρεσις;
1839 2461 1994 2515 οὐδὲν

395 2549 516 2618 γὰρ
558 2550 688 2619 περὶ
721 2551 928 2603 τούτων
959 2553 987 2604 ὁ
1021 2551 1179 2620 λόγος
1216 2553 1350 2622 ἡμῖν
1396 2554 1644 2622 ἐσήμανε
1679 2570 1694 2584 ο
1733 2555 1830 2606 καὶ
1887 2554 1996 2624 μὴν

397 2641 467 2704 ἐξ
492 2641 676 2694 αὐτῶν
714 2642 825 2696 τῶν
861 2643 1259 2712 Εύαγγελικῶν
1309 2643 1575 2715 ῥημάτων
1617 2644 1780 2698 τοῦτο
1811 2645 1994 2715 ῥᾴδιον

398 2731 666 2788 συνιδεῖν.
692 2731 922 2786 Ἕλκεσι
951 2734 1062 2804 γὰρ
1097 2735 1197 2788 καὶ
1229 2736 1562 2807 γυμνητείᾳ,
1594 2736 1691 2788 καὶ
1718 2734 1862 2804 λιμῷ
1912 2752 1994 2788 τε·

395 2823 782 2893 τρύχωμένος,
811 2827 905 2878 καὶ
936 2826 1034 2880 τοῦ
1063 2827 1323 2880 πλουσίου
1349 2827 1450 2897 τὴν
1478 2826 1692 2898 τρυφὴν
1716 2825 1988 2897 ὁσημέραι

396 2915 569 2984 ἐρῶν,
595 2915 720 2970 οὔτε
753 2919 848 2989 τῆς
877 2919 1075 2988 βύσσου
1132 2922 1226 2974 καὶ
1256 2922 1354 2990 τῆς
1387 2920 1677 2990 πορφύρας
1712 2922 1770 2972 ἐν
1798 2921 1990 2972 ἐπιθυο

2100 2007 2288 2050 contra
2311 1994 2644 2050 voluntatem
2676 1995 2902 2062 accidit;
2942 1996 3090 2049 multi
3123 1996 3266 2049 enim
3301 2007 3427 2050 sunt
3462 1998 3692 2054 fortunis

2100 2102 2386 2157 pauperes,
2420 2089 2509 2155 qui
2544 2088 2707 2142 iidem
2739 2088 3010 2143 voluntate
3053 2089 3281 2142 habendi
3325 2098 3453 2144 sunt
3481 2093 3688 2147 avidis-

2097 2181 2242 2244 simi,
2267 2195 2402 2249 quos
2432 2179 2574 2233 nulla
2601 2189 2778 2234 manet
2806 2180 3135 2249 paupertatis
3162 2196 3390 2238 merces.
3427 2183 3490 2236 Et
3521 2185 3692 2238 unde-

2099 2289 2256 2338 nam,
2304 2275 2480 2341 inquit
2531 2271 2640 2337 ille,
2695 2283 2909 2327 constat
2969 2272 3162 2326 Lazari
3211 2274 3494 2329 voluntas?
3543 2275 3686 2331 Nihil

2094 2365 2237 2421 enim
2273 2364 2340 2418 de
2370 2364 2472 2417 bac
2504 2364 2659 2417 nobis
2681 2363 3023 2433 evangelicus
3053 2379 3231 2419 sermo
3259 2366 3548 2433 significat.
3577 2367 3684 2422 Sed

2097 2467 2274 2511 tamen
2301 2472 2364 2510 ex
2397 2457 2528 2524 ipsis
2554 2454 2829 2524 Evangelii
2860 2457 3038 2510 verbis
3069 2455 3229 2510 facile
3258 2457 3309 2510 id
3343 2458 3686 2527 intelligitur,

2096 2551 2221 2618 quia
2252 2564 2374 2603 cum
2418 2547 2706 2610 ulceribus,
2747 2546 3012 2610 nuditate,
3042 2561 3104 2600 ac
3139 2548 3277 2601 fame
3311 2547 3685 2614 alllictaretur,

2096 2648 2150 2694 et
2180 2640 2360 2693 divitis
2409 2638 2592 2690 luxum
2624 2637 2864 2704 quotidie
2901 2637 3129 2700 videret,
3164 2651 3336 2705 neque
3371 2638 3593 2706 byssum
3627 2648 3681 2692 et

2099 2744 2388 2798 purpuram
2414 2729 2743 2796 coacupivit,
2769 2741 2943 2797 neque
2965 2729 3206 2782 ciborum
3237 2730 3483 2783 varietati
3511 2731 3686 2784 inhia-

2101 2825 2242 2876 visse
2295 2823 2529 2882 videtur,
2577 2821 2670 2874 sed
2704 2821 2771 2872 de
2805 2820 2959 2872 micis
3004 2820 3265 2873 duntaxat
3312 2822 3680 2876 ﬂCCCSSaI’iIIIII

2101 2927 2310 2970 natura:
2340 2915 2582 2967 debitum
2613 2911 2823 2966 solvere
2853 2912 3124 2980 cupiebat.

400 3014 505 3083 μία
532 3015 775 3080 ἐγένετο,
803 3015 926 3068 οὔτε
971 3017 1098 3087 περὶ
1121 3018 1219 3088 τὴν
1248 3017 1521 3071 ποικιλίαν
1576 3017 1687 3069 τῶν
1715 3017 2032 3086 ἐδεσμάτων
2072 3013 2323 3083 φαίνεται
2358 3009 2807 3081 λιχνευσάμενος,
2874 3007 2990 3062 ἀλλ’
3021 3012 3086 3063 ἐκ
3131 3011 3244 3064 τῶν
3275 3011 3476 3082 ψιχίων
3520 3013 3684 3083 μόνον

399 3101 674 3172 ἐπεθύμει
700 3106 885 3158 δοῦναι
909 3107 970 3159 τὸ
1001 3108 1303 3176 ἀναγκαῖον
1335 3109 1430 3177 τῆς
1482 3107 1697 3175 φύσεως
1735 3106 1980 3176 ὄφλημα.

479 3214 498 3246 ι
559 3197 826 3250 Ἀπέθανε
873 3200 932 3253 δὲ
987 3202 1082 3253 καὶ
1139 3204 1167 3255 ὁ
1223 3200 1504 3266 πλούσιος,
1559 3201 1655 3255 καὶ
1702 3201 1900 3270 ἐτάφη.
1960 3219 1978 3251 ι
2015 3205 2058 3263 C

403 3289 606 3359 ’ῼχετο
635 3291 731 3343 καὶ
759 3291 1012 3346 διόλωλεν
1042 3295 1070 3345 ὁ
1101 3292 1354 3363 λαμπρός
1383 3311 1445 3346 τε
1475 3295 1572 3346 καὶ
1617 3293 1980 3363 ἁϐροδίαιτος,

399 3380 432 3431 ὁ
480 3380 539 3430 ἐν
585 3378 773 3450 βύσσῳ
825 3383 921 3435 καὶ
977 3382 1238 3455 πορφύρᾳ
1288 3381 1685 3453 ὡραῖζόμενος,
1731 3385 1758 3436 ὁ
1787 3383 1984 3436 ἐσθίων

394 3471 626 3541 ἐρίφους
677 3474 740 3525 ἐκ
791 3475 1089 3544 ποιμνίων,
1119 3478 1213 3530 καὶ
1250 3475 1524 3547 μοσχάρια
1556 3477 1621 3529 ἐκ
1657 3477 1828 3546 μέσου
1860 3475 1986 3546 βου-

394 3563 599 3616 κολίων
656 3565 958 3636 γαλαθηνά.
1001 3567 1187 3620 Ταῦτα
1233 3568 1290 3620 δὲ
1343 3569 1414 3620 τά
1463 3570 1781 3640 προφητικά
1810 3585 1824 3600 ο
1856 3586 1874 3619 ι
1925 3568 1984 3621 '0

396 3656 578 3709 πίνων
624 3657 716 3709 τὸν
761 3657 1110 3729 διῦλισμένον
1155 3655 1322 3725 οἶνον,
1375 3661 1470 3714 καὶ
1506 3660 1574 3713 τὰ
1610 3660 1802 3732 πρῶτα
1836 3661 1983 3732 μύρα

395 3748 712 3817 χριόμενος.
767 3766 786 3800 ι
841 3741 1044 3804 Σκόπει
1073 3751 1167 3818 δέ,
1210 3751 1285 3815 ὼς
1319 3752 1413 3805 ἐπὶ
1453 3751 1555 3822 μὲν
1583 3751 1677 3805 τοῦ
1713 3752 1982 3823 πένητος,

395 3841 499 3892 οὐκ
522 3841 773 3912 ἐμνήσθη
793 3842 996 3913 ταφῆς,
1022 3845 1113 3896 ἐπὶ
1150 3845 1207 3897 δέ
1234 3844 1328 3898 τοῦ
1355 3844 1614 3898 πλουσίου
1648 3845 1745 3899 καὶ
1777 3845 1982 3915 ταύτην

398 3932 754 4004 συντέταχεν,
809 3935 1122 3999 ἀκολούθως
1167 3937 1329 3990 τοῦτο
1378 3937 1574 3990 ποιῶν.
1623 3937 1697 3990 Τὸ
1739 3937 1839 4008 μὲν
1873 3939 1979 4008 γὰρ

393 4023 654 4095 Λάζαρδν
687 4026 836 4088 εἰκὸς
863 4027 1176 4096 ἀκηδέστως
1213 4027 1442 4097 ῥιφῆναί
1484 4045 1586 4081 που
1617 4029 1846 4097 ἄταφον.
1878 4029 1975 4091 Τίς

393 4117 506 4186 γὰρ
530 4117 598 4169 ἂν
633 4119 1027 4190 προσηκούσης
1061 4119 1217 4182 ὁσίας
1251 4119 1476 4188 ἠξίωσε,
1499 4119 1589 4172 τὸν
1620 4120 1756 4190 μηδὲ
1781 4119 1980 4189 ψιχίων

391 4208 548 4272 ἄξιον
577 4210 978 4280 νομιζόμενονς
1020 4209 1108 4279 Τῷ
1137 4210 1380 4281 πλουσίῳ
1415 4211 1603 4264 πολλοὶ
1654 4211 1752 4281 μὲν
1795 4213 1844 4266 οἱ
1887 4213 1980 4264 ἐπὶ

389 4303 459 4369 τῇ
495 4301 706 4370 ἐκφορᾷ
737 4302 1248 4372 προπομπεύοντες,
1281 4303 1474 4355 πολλαὶ
1502 4303 1560 4356 δέ
1592 4303 1857 4373 θρηνῳδοὶ
1881 4306 1979 4366 τάς

387 4396 646 4460 οἰμωγὰς
682 4395 1060 4447 ἐπιτείνουσαι
1093 4395 1337 4464 ’λάρναξ
1379 4396 1436 4448 δὲ
1484 4395 1576 4448 τὸν
1623 4396 1818 4463 νεκρὸν
1854 4398 1978 4447 ἐπι-

389 4486 744 4554 κρύπτουσα,
770 4488 864 4539 καὶ
898 4491 929 4556 ή
959 4486 1155 4556 κηδεία
1187 4487 1441 4558 λαμπρὰ,
1477 4489 1571 4540 καὶ
1601 4487 1663 4539 τὸ
1692 4487 1786 4539 τοῦ
1811 4487 1978 4540 Δαϐὶδ

2168 3213 2187 3246 ι
2226 3193 2472 3247 Mortuus
2503 3200 2584 3245 est
2622 3199 2800 3244 autem
2849 3197 2903 3244 et
2937 3187 3111 3252 dives,
3143 3197 3200 3242 et
3236 3187 3479 3257 sepultus
3514 3203 3618 3249 est.
3654 3212 3676 3246 ι

2091 3282 2339 3336 Excessit
2355 3294 2385 3334 e
2406 3281 2533 3342 vita,
2551 3291 2599 3332 et
2631 3279 2834 3331 interiit
2854 3276 3166 3345 splendidus
3191 3277 3298 3344 ille,
3317 3289 3372 3332 et
3388 3281 3683 3350 delicatus,

2088 3381 2143 3428 et
2171 3375 2332 3443 bysso
2363 3381 2416 3425 et
2439 3387 2674 3442 purpura
2695 3368 3136 3438 conspiciendus,
3161 3370 3251 3440 qui
3306 3390 3324 3423 ι
3355 3375 3679 3431 comedebat

2089 3467 2272 3520 luedos
2316 3463 2382 3518 de
2426 3477 2611 3533 grege,
2645 3475 2700 3517 et
2734 3463 2998 3517 lactentes
3047 3462 3241 3517 vltulas
3286 3464 3350 3520 de
3382 3466 3500 3520 med
3523 3481 3556 3521 ο
3585 3483 3676 3521 ar-

2088 3566 2418 3611 mentorum.
2472 3573 2490 3607 ι
2539 3555 2665 3610 Haec
2720 3563 2896 3609 autem
2953 3557 3112 3610 verba
3165 3557 3441 3625 prapheta:
3492 3569 3674 3616 sunt:

2095 3667 2114 3700 ι
2144 3649 2246 3714 Qui
2274 3647 2491 3702 bibebat
2515 3650 2696 3702 vinum
2723 3647 3064 3711 defmcatum,
3085 3658 3139 3703 et
3174 3652 3460 3720 unguentis
3489 3653 3676 3718 primis

2087 3741 2388 3810 ungebatur
2418 3740 2462 3794 ‘.
2503 3759 2522 3792 ι
2576 3741 2868 3796 Considera
2921 3750 3126 3807 autem,
3157 3757 3280 3797 cum
3315 3743 3381 3798 de
3427 3733 3677 3800 tuendi-.0

2087 3829 2416 3899 loqueretur,
2470 3829 2671 3883 nullam
2726 3829 3018 3898 sepultura:
3071 3831 3265 3885 fecisse
3318 3834 3674 3900 mentionem,

2085 3937 2206 3978 Cum
2240 3935 2367 3976 vero
2399 3921 2465 3976 de
2510 3921 2700 3987 divite,
2747 3935 2865 3975 eam
2901 3921 3082 3974 statim
3130 3922 3463 3991 adjunxisse.
3514 3924 3670 3989 Quo]

2085 4023 2448 4085 congruenter
2497 4014 2622 4070 fecit
2671 4031 2686 4068 :
2739 4013 3029 4068 verisimile
3082 4014 3226 4068 enim
3273 4024 3357 4069 est
3404 4014 3668 4070 Lazarum

2078 4112 2238 4179 justis
2261 4109 2467 4163 funeris
2489 4109 2752 4172 caruisse,
2771 4120 2930 4176 atque
2955 4107 3275 4176 insepultum
3299 4108 3476 4176 aliquo
3495 4107 3671 4164 fuisse

2082 4203 2419 4271 projectum:
2445 4201 2567 4267 quis
2603 4201 2746 4254 enim
2790 4215 2910 4252 eum
2956 4200 3223 4267 supremis
3261 4201 3554 4255 honoribus
3583 4201 3669 4256 di-

2082 4311 2180 4366 gna
2191 4305 2337 4348 retur
2356 4292 2464 4363 50
2504 4295 2597 4362 qui
2622 4308 2688 4346 ne
2707 4293 2863 4347 micis
2887 4294 3103 4361 quidem
3123 4295 3309 4362 dignus
3336 4294 3670 4348 habebatur?

2083 4383 2276 4438 Divitis
2327 4398 2454 4437 vero
2507 4380 2669 4436 funus
2719 4382 2872 4434 multi
2924 4385 3446 4450 prosequebantur:
3484 4384 3670 4439 multae

2088 4483 2250 4536 etiam
2284 4484 2510 4536 aderant
2541 4479 2768 4549 pra-(ica:
2801 4495 2918 4542 qua:
2951 4479 3155 4533 luctum
3196 4481 3384 4534 naaniis
3412 4482 3665 4536 intende-

386 4576 842 4647 ὲκπληρούμενιν
874 4593 888 4607 ·
938 4595 958 4628 ι
999 4579 1064 4631 Οἱ
1106 4577 1266 4645 τάφοι
1328 4577 1509 4631 αὐτῶν
1578 4578 1751 4632 οἰκίαι
1792 4579 1976 4632 αὐτῶν

2094 4585 2233 4629 aaut.
2271 4573 2504 4628 Loculus
2540 4588 2688 4634 vero,
2718 4587 2824 4640 quo
2859 4573 3134 4627 conditum
3172 4572 3402 4626 cadaver
3444 4581 3581 4634 erat,
3613 4581 3669 4626 et

388 4671 475 4731 εἰς
501 4669 596 4720 τὸν
621 4669 814 4724 αἰῶνα.
851 4687 870 4721 ι

471 4867 491 4900 ι
535 4850 644 4901 Καὶ
682 4851 740 4901 ἐν
782 4849 858 4920 τῷ
891 4851 994 4923 ᾄδῃ
1043 4851 1256 4922 ἐπάρας
1285 4853 1414 4916 τοὺς
1453 4851 1768 4922 ὀφθαλμοὺς
1810 4851 1974 4905 αὑτοῦ

389 4940 660 5008 ὑπάρχων
696 4941 752 4991 ἐν
788 4941 1067 5010 βασάνοις,
1099 4942 1200 5012 ὁρᾷ
1230 4943 1320 4994 τὸν
1353 4943 1604 5012 Ἀϐραὰμ
1631 4943 1739 4996 ἀπὺ
1769 4941 1978 5012 μακρό-

388 5033 508 5098 θεν,
563 5033 659 5085 καὶ
714 5034 965 5105 Λάζαρον
1025 5037 1083 5086 ἐν
1141 5037 1253 5098 τοῖς
1305 5035 1527 5096 κόλποις
1557 5035 1844 5107 ’Λϐραάμ,
1887 5036 1978 5087 καὶ

463 5165 486 5194 ⁵
510 5162 676 5216 Amos
701 5177 774 5228 τι,
794 5162 849 5216 4.
926 5163 947 5193 ⁵
971 5161 1116 5216 Psal.
1149 5178 1338 5228 XLVIII,
1367 5163 1453 5218 12.

2082 4681 2274 4737 pompa
2303 4664 2506 4719 funeris
2535 4664 2834 4732 splendida,
2856 4673 2910 4715 et
2937 4664 3065 4716 illud
3097 4663 3265 4716 David
3297 4663 3624 4732 implebatur
3648 4681 3664 4718 :

2087 4780 2104 4811 ι
2141 4758 2399 4824 Sepulcra
2449 4771 2638 4810 eorum
2684 4755 2876 4808 domus
2910 4755 3121 4807 illorum
3174 4755 3225 4807 in
3269 4764 3530 4808 teterriqu
3563 4755 3604 4808 '.
3640 4771 3662 4806 ι

2159 4867 2178 4901 ι
2204 4849 2270 4904 Et
2311 4850 2361 4901 iu
2400 4845 2611 4900 inferno
2636 4845 2852 4900 elevans
2885 4845 3071 4899 oculos
3093 4859 3240 4910 suos,
3269 4860 3392 4899 cum
3430 4854 3574 4899 esset
3611 4845 3664 4896 in

2087 4942 2394 5004 tormentis,
2425 4938 2559 4994 vidit
2593 4940 2864 4993 Abraham
2918 4955 2944 4990 a
2993 4939 3170 5007 longe,
3218 4949 3270 4991 et
3305 4938 3568 4992 Lazarum
3611 4937 3666 4990 iu

2086 5035 2205 5088 sinu
2232 5035 2366 5103 ejus,
2385 5040 2436 5086 et
2468 5032 2710 5086 clamans
2725 5030 2892 5100 dixit:
2916 5031 3215 5098 Abraham,
3257 5032 3514 5086 miserere
3538 5031 3664 5096 uici,

1629 5254 1956 5317 Francisci
1990 5252 2205 5317 Scorsi
2243 5261 2431 5316 uetas.

391 5353 557 5424 tingit
579 5353 938 5425 Theophanes
962 5365 1166 5419 noster,
1191 5371 1311 5409 cum
1342 5357 1416 5409 ait
1444 5357 1587 5410 hunc
1609 5359 1976 5426 patriarcham

392 5429 632 5494 prinmm
686 5427 810 5480 lidei
867 5440 980 5480 suae
1035 5430 1226 5480 merito
1276 5440 1549 5495 speratam
1598 5427 1973 5482 hereditatem

391 5497 564 5550 fuisse
596 5507 975 5552 consecutum.
1025 5495 1339 5550 Uberiorem
1379 5498 1538 5565 hujus
1576 5498 1677 5550 loci
1713 5500 1975 5565 explana-

393 5573 594 5620 tionem
642 5570 688 5621 si
725 5568 1030 5637 desideras,
1078 5569 1160 5620 adi
1207 5566 1525 5635 Gregorium
1576 5568 1874 5637 Nysseuum
1919 5571 1972 5622 in

390 5637 622 5704 dialogo,
654 5654 750 5693 seu
797 5639 939 5690 libro
980 5636 1056 5689 De
1095 5639 1272 5688 anima
1307 5650 1352 5688 et
1396 5636 1791 5691 resurrectione.

464 5707 574 5776 (5i)
617 5708 1012 5763 Beatitudiuem
1061 5716 1483 5773 consequeretur.
1532 5709 1686 5774 Quod
1726 5707 1968 5764 Lazarus

390 5776 476 5830 hic
511 5781 786 5833 mendicus
808 5779 951 5830 alius
978 5778 1072 5838 sit,
1105 5789 1265 5844 atque
1321 5777 1407 5830 ille
1450 5793 1608 5846 quem
1649 5777 1900 5834 Chrisuis
1939 5795 1968 5833 e

388 5852 608 5906 mortuis
641 5857 930 5906 revocant
969 5855 1225 5902 constans
1271 5857 1350 5903 est
1391 5849 1632 5902 omnium
1683 5859 1963 5906 auctorum

2087 5359 2308 5423 Opinio:
2349 5359 2456 5412 imo
2475 5368 2529 5412 et
2551 5374 2668 5413 eam
2700 5359 2866 5414 totius
2904 5360 3160 5417 Ecclesize
3197 5366 3518 5419 sententiam
3543 5379 3665 5419 esse

2084 5427 2425 5502 Maltlonatus
2455 5442 2636 5482 n03ter
2661 5429 2914 5502 allii-mat,
2955 5434 3153 5501 quipue
3179 5450 3298 5502 qua:
3325 5437 3462 5488 duos
3494 5435 3662 5488 faciat

2082 5499 2338 5561 Lazarus,
2381 5507 2434 5550 et
2487 5503 2703 5568 utrique
2755 5499 3290 5567 cullumreithibeat,
3335 5513 3390 5559 et
3446 5504 3662 5557 dedicet

2081 5570 2278 5640 templa
2317 5586 2330 5621 :
2363 5568 2504 5637 quod
2557 5585 2717 5622 unum
2749 5580 2833 5626 est
2867 5588 2930 5625 ex
2969 5578 3323 5638 argumentis,
3379 5590 3485 5640 quo
3533 5589 3658 5640 pro-

2078 5638 2239 5692 batur
2264 5647 2404 5706 quod
2437 5655 2599 5705 sUpra
2628 5640 2885 5703 diximus,
2923 5658 2979 5697 n.
3014 5644 3066 5703 6,
3107 5638 3558 5696 liisttiriaiirliauc
3589 5658 3658 5697 ex

2074 5721 2228 5781 parte
2260 5712 2608 5781 censendam,
2643 5727 2747 5763 non
2771 5713 3079 5781 parabolani
3109 5719 3298 5781 totam.
3327 5711 3454 5766 Vide
3478 5713 3654 5781 ipsum

2074 5780 2440 5833 Maldouatum
2481 5780 2532 5831 in
2583 5795 2706 5847 cap.
2758 5797 2846 5835 xvi
2907 5779 3088 5837 Lucan
3130 5779 3275 5836 Idem
3319 5779 3656 5838 habetVCor-

2073 5851 2248 5906 uellus
2280 5865 2310 5903 a
2335 5849 2536 5919 Lapide
2559 5851 2665 5905 hic.
