4072 6410
376 325 497 389 269

1763 318 2093 379 IIGMlLlA
2133 319 2303 382 Vill.

3541 313 3650 377 2ῑο

379 443 493 496 κᾶν
557 443 638 505 εἰς
681 438 749 492 τὰ
798 440 1078 507 στοιχεῖα,
1125 438 1185 504 ἐξ
1228 430 1302 490 ὧν
1351 435 1652 505 συνέστηκε
1692 432 1967 501 λέλυται),

2074 433 2315 500 qualibet
2347 420 2550 492 anima,
2597 429 2846 497 quamvis
2897 429 2949 482 in
3000 428 3289 493 elementa,
3341 444 3404 484 ex
3451 432 3653 499 quibus

377 535 446 588 τὸ
477 524 706 604 δυνάμει
737 531 836 600 μὲν
866 530 947 593 ὃν,
990 530 1243 601 ἐνεργείᾳ
1278 519 1335 582 δὲ
1369 527 1737 597 γενησόμενον
1798 531 1970 596 προσ-

379 628 648 697 εδήὶωσε.
680 625 941 678 Λείπεται
974 620 1068 677 οὖν
1095 623 1243 694 ἡμᾶς
1277 623 1455 675 ἐκεῖνο
1484 621 1828 690 ζητήσαντας
1867 625 1972 688 μα·-

380 719 524 783 θεῖν,
578 717 747 781 πῶςό
780 719 838 770 ὲν
888 720 954 789 τῇ
1001 715 1232 788 τοιαύτῃ
1282 714 1631 785 σμηχόμενος
1686 712 1964 782 συμφορᾷ,

382 810 649 881 ερροντίδα
688 811 925 862 ποιεῖται
961 809 1067 861 τῶν
1098 807 1204 860 ὑπὸ
1247 808 1352 876 γῆς
1390 805 1533 858 κατὰ
1581 804 1742 874 γένος
1789 808 1968 875 προσ-

380 904 633 971 ηκόντων
656 901 826 972 αὐτῷ·
866 903 1003 972 φησὶ
1029 901 1140 971 γὰρ
1181 901 1319 970 πρὸς
1340 899 1432 952 τὸν
1450 899 1821 971 πᾶτριάρχηνο

470 1084 692 1152 Ἐρωτῶ
747 1099 832 1146 σε,
864 1082 1066 1152 Πάτερ,
1111 1081 1201 1134 ἵνα
1262 1079 1490 1153 πέμψῃς
1548 1079 1712 1132 αὐτὸν
1751 1079 1828 1142 είς
1868 1078 1969 1149 τὴν

375 1178 568 1230 οἰκίαν
625 1177 722 1230 τοῦ
774 1175 984 1245 πατρός
1044 1191 1148 1245 μου
1177 1189 1190 1203 ·
1219 1175 1326 1244 εχω
1352 1175 1462 1243 γὰρ
1489 1173 1652 1226 πέντε
1679 1171 1965 1240 ἀδελφοὺς,

377 1269 536 1331 ὅπως
584 1267 1030 1337 διαμαρτύρηται
1081 1265 1288 1330 αὐτοῖς,
1323 1265 1409 1318 ἵνα
1467 1265 1542 1335 μὴ
1572 1265 1665 1317 καὶ
1699 1265 1853 1316 αὐτοὶ
1877 1263 1965 1317 ἐλ-

379 1361 555 1415 θωσιν
601 1361 683 1423 είς
725 1361 816 1414 τὸν
861 1361 1025 1414 τόπον
1081 1361 1178 1429 τῆς
1230 1349 1487 1429 βασάνου.
1517 1378 1532 1411 ι
1565 1359 1676 1411 Καὶ
1714 1359 1968 1428 Ἄϐραάμ

380 1455 655 1518 εἰπόντος,
687 1455 762 1515 ὡς
795 1455 957 1520 ἀρκεῖ
981 1453 1194 1515 τούτοις
1223 1455 1254 1522 ὴ
1288 1455 1354 1504 ἐκ
1383 1451 1476 1504 τοῦ
1518 1453 1683 1521 νόμου
1729 1452 1824 1504 καὶ⁹
1857 1451 1967 1507 τῶν

378 1545 686 1615 προφητῶν
720 1544 1062 1615 χειραγωγία
1089 1557 1103 1571 ⁸
1139 1561 1157 1594 ι
1201 1544 1426 1613 Ἔχουσι
1466 1543 1596 1612 γὰρ,
1644 1544 1802 1614 φησι,
1839 1544 1965 1597 Μω-

382 1639 485 1690 σέα
525 1637 621 1690 καὶ
669 1639 794 1700 τοὺς
833 1638 1140 1707 προφήτας.
1172 1655 1190 1686 ι
1231 1637 1356 1689 Ἔτι
1401 1635 1800 1705 προσελιπάρει
1847 1652 1968 1688 πει-

379 1730 704 1799 θανωτέρσν
733 1729 1066 1800 γενήσεσθαι
1094 1729 1278 1792 αὐτοῖς
1301 1728 1504 1796 λέγων,
1529 1729 1627 1798 τὴν
1650 1728 1745 1781 τοῦ
1769 1728 1966 1799 νεκροῦ

2073 525 2429 577 constitutum
2457 531 2595 588 erat,
2625 524 2697 576 sit
2721 522 3094 592 dissolutum),
3115 538 3234 577 esse
3260 524 3477 594 quidem
3508 540 3651 578 nunc

2073 615 2202 670 illud
2217 614 2622 685 potestate(59),
2640 615 2876 669 futurum
2896 629 3020 668 vero
3037 627 3160 669 aetu
3189 617 3652 685 prmsigniticarit.

2073 706 2334 778 Superest
2369 706 2475 777 52
2512 706 2706 774 igitur,
2739 716 2794 758 ιιι
2825 720 3132 774 quacramus
3182 706 3295 777 (60)
3318 747 3332 768 .
3382 711 3653 776 ιμιοιιεοιίη

2073 799 2139 863 is,
2188 799 2277 868 qui
2324 797 2632 867 huiusmodi
2687 798 2998 851 calamitate
3032 797 3226 858 uritur.
3274 813 3458 850 curam
3514 800 3658 869 gerit

2071 903 2258 944 eorum
2290 888 2379 958 qui
2416 903 2475 942 se
2506 898 2670 956 super
2699 893 2898 940 terram
2932 887 3145 954 generis
3173 887 3493 955 cognatione
3523 904 3656 942 ron-

2074 983 2304 1052 tingunt.
2336 978 2472 1033 Nam
2515 968 2836 1048 patriarcha:
2865 976 2994 1032 dicit
3033 996 3047 1030 :

2151 1111 2169 1144 ι
2205 1091 2355 1160 Rogo
2388 1102 2458 1153 te,
2495 1089 2672 1152 Pater,
2701 1096 2758 1142 ut
2784 1089 2967 1142 mittas
2997 1103 3120 1142 eum
3155 1089 3206 1141 in
3235 1088 3451 1141 douuun
3484 1089 3655 1158 patris

2072 1185 2177 1241 mei
2213 1204 2228 1240 :
2268 1186 2440 1240 haheo
2468 1185 2611 1237 enim
2649 1185 2885 1252 quinque
2920 1181 3138 1249 fratres,
3173 1191 3230 1234 ut
3261 1192 3488 1236 testetur
3525 1181 3652 1244 illis.

2071 1293 2138 1332 ne
2164 1289 2218 1332 et
2249 1278 2347 1346 ipsi
2392 1277 2607 1330 veniant
2654 1277 2704 1328 in
2751 1275 2896 1328 hunc
2943 1274 3120 1328 locum
3167 1283 3585 1328 tormentorum.
3625 1295 3645 1326 ›

2069 1368 2317 1437 Cumque
2350 1369 2582 1423 dixisset
2612 1365 2975 1430 Abrahatnus,
3010 1363 3253 1418 sufficere
3296 1365 3396 1426 eis,
3442 1365 3582 1433 quod
3622 1382 3650 1418 a

2071 1461 2205 1530 lege,
2253 1477 2320 1515 ac
2348 1460 2626 1529 prophetis
2675 1456 3109 1512 manuducautur
3140 1475 3154 1510 ;
3190 1476 3208 1508 ι
3246 1455 3478 1521 Habent,
3510 1458 3651 1510 enim

2069 1552 2246 1622 inquit
2299 1550 2535 1620 Moysem
2594 1559 2647 1603 et
2700 1549 2992 1619 prophetas
3046 1567 3065 1599 ι
3119 1549 3413 1617 perorabat
3479 1551 3656 1603 adhuc

2068 1644 2274 1707 dicens,
2304 1641 2512 1697 facilius
2539 1643 2618 1696 eis
2657 1656 3058 1710 persuasurum,
3090 1639 3137 1694 si
3184 1649 3428 1694 mortuus
3459 1638 3655 1707 aliquis

2072 1738 2426 1791 excitaretur.
2477 1734 2627 1800 Quod
2677 1733 2844 1801 igitur
2885 1748 2949 1787 ex
2994 1730 3082 1785 his
3127 1733 3320 1798 dogma
3361 1730 3659 1785 discimus?

377 1823 709 1878 ἀναϐίωσιν.
746 1821 812 1874 Τί
870 1817 962 1875 οὖν
995 1823 1053 1874 ὲν
1091 1819 1304 1883 τούτοις
1353 1820 1531 1889 δόγμα
1590 1821 1962 1890 μανθάνομεν;

2074 1829 2336 1884 Nimirum
2398 1827 2662 1882 Lazarum
2710 1827 2924 1894 quidem
2987 1833 3246 1893 tanquam
3295 1824 3388 1892 qui
3438 1831 3653 1892 portum

391 1913 623 1982 Ἐπειδὴ
649 1915 678 1964 δ
701 1912 801 1982 μὲν
830 1911 1104 1980 Λάζαρος,
1147 1911 1224 1974 ὡς
1253 1912 1310 1962 ἐν
1341 1911 1520 1980 λιμένι
1574 1909 1970 1980 καθορμισθεὶς

377 2003 616 2072 ἄσχολος
644 2000 712 2070 ἦν
740 2003 876 2073 πρὸς
901 2002 1054 2055 οὐδὲν
1086 2001 1192 2054 τῶν
1221 2004 1278 2054 ὲν
1299 2004 1364 2070 τῇ
1387 2004 1458 2072 γῇ
1485 2001 1620 2064 ὅλως
1641 2001 1968 2070 ἐπιστρεφό-

380 2113 552 2165 μενος
578 2111 592 2124 ο
625 2096 772 2157 τίνος
805 2095 915 2163 γὰρ
947 2093 1012 2147 ἂν
1040 2094 1132 2146 καὶ
1161 2091 1409 2164 ἐμνήσθη
1447 2093 1676 2163 μηδενὸς
1725 2093 1968 2147 ἀπολαύ-

380 2203 488 2248 σας
517 2185 626 2236 τῶν
657 2185 799 2237 κατὰ
855 2187 951 2236 τὸν
983 2183 1097 2253 βίον
1149 2183 1324 2254 ἡδέων
1355 2202 1370 2250 ;
1418 2183 1479 2238 Ὀ
1501 2184 1556 2238 δὲ
1605 2185 1858 2248 πλούσιος
1899 2189 1966 2257 τῇ

378 2279 573 2347 τρυφῇ
613 2274 970 2330 ὲναποθανὼν
1003 2275 1084 2328 ἔτι
1124 2275 1382 2344 καθάπερ
1407 2277 1518 2330 τιν)⁸
1547 2276 1716 2350 κόλλῃ
1745 2268 1810 2348 τῇ
1832 2294 1966 2347 σαρ-

381 2371 512 2439 κίνη
541 2370 679 2438 ζωῇ,
715 2369 810 2421 καὶ
840 2367 980 2437 μετὰ
1019 2368 1251 2420 θάνατον
1289 2366 1470 2436 ἴσχετο
1493 2384 1506 2396 ·
1542 2369 1624 2421 ἕτι
1668 2369 1778 2439 γὰρ
1822 2369 1968 2438 αύτῷ

377 2463 474 2514 διὰ
525 2461 807 2530 φροντίδος
846 2455 972 2531 ἦνή
1027 2459 1334 2530 ἡδυπάθεια
1362 2461 1461 2528 τῆς
1499 2461 1722 2530 σαρκὸς,
1755 2462 1848 2514 καὶ
1872 2460 1968 2514 τοῦ

377 2554 646 2621 αἶματος.
670 2555 751 2606 Δι’
780 2546 855 2606 ὧν
884 2553 992 2623 γὰρ
1013 2553 1123 2606 τῶν
1154 2552 1279 2606 καθ’
1302 2546 1442 2622 αἷμα
1459 2554 1968 2623 προσωκειωμένῳν

377 2646 661 2717 ἐμνήσθη,
712 2646 869 2715 δῆλος
927 2640 998 2716 ἦν
1046 2646 1214 2716 μήπω
1242 2645 1339 2714 τῆς
1369 2647 1638 2714 σαρκίνης
1678 2645 1968 2710 ἀπολυθεὶς

381 2739 786 2810 προσπαθείας.
814 2738 916 2791 Διά
970 2738 1130 2790 τοῦτο
1171 2739 1281 2807 γάρ
1329 2754 1464 2807 φησι
1501 2740 1598 2791 καὶ
1628 2738 1791 2792 πέντε
1823 2735 1966 2792 εἶναι

379 2834 513 2893 τοὺς
555 2830 954 2894 κοινωνοῦντας
987 2831 1138 2902 αὐτῷ
1171 2833 1272 2904 τοῦ,
1312 2831 1505 2900 γένους
1536 2831 1612 2894 ὡς
1645 2830 1968 2902 διαιρουμέ-

383 2942 484 2993 νης
513 2924 761 2993 πενταχῆ
810 2923 912 2993 τῆς
963 2923 1290 2991 αἰσθήσεως.
1351 2923 1604 2977 Δείκνυσι
1655 2924 1838 2978 τοίνυν
1879 2925 1968 2980 διὰ

383 3015 612 3069 πάντων
643 3015 674 3067 δ
722 3013 946 3085 Κύριος,
975 3016 1052 3079 ὡς
1073 3015 1124 3068 εῐ
1165 3032 1250 3079 τις
1279 3017 1417 3079 ὅλως
1478 3016 1546 3068 δι’
1573 3015 1698 3068 ὅλου
1728 3018 1972 3088 ἁποσαρο

386 3105 598 3172 κωθείη
623 3107 691 3175 τῇ
726 3105 938 3176 διανοίᾳ
978 3107 1158 3160 πᾶσαν
1203 3109 1381 3177 ψυχῆς
1421 3106 1660 3176 κίνησιν,
1693 3108 1787 3161 καὶ
1813 3108 1967 3180 ἐνέρ-

381 3215 544 3268 γειαν
587 3167 691 3250 ‘évﬂ
714 3199 826 3256 τοῖς
885 3167 1156 3268 θέλήμασι
1215 3167 1564 3269 τῆξσαρκδς
1614 3167 1883 3270 ἀσχολῶν,
1904 3167 1917 3180 ⁸
1939 3203 1968 3254 ὁ
1993 3167 2039 3229 C‘

382 3293 629 3356 τοιοῦτος
652 3291 774 3345 οὐδὲ
800 3293 895 3361 τῆς
921 3292 1123 3361 σαρκὸς
1147 3290 1253 3356 ἔξω
1284 3293 1372 3345 διὰ
1397 3292 1628 3346 θανάτου
1651 3295 1964 3363 γενόμενος,

379 3389 496 3438 τῶν
521 3387 642 3438 κατ’
678 3384 850 3452 αὐτὴν
883 3384 1230 3454 παθημάτων
1270 3386 1592 3455 χωρίζεται,
1617 3385 1734 3439 ἀλλ’
1759 3387 1834 3450 ὡς
1872 3386 1968 3457 ίξῷ

380 3497 492 3531 τινι
544 3483 612 3549 τῇ
663 3479 762 3545 τῆς
831 3478 1162 3546 ἡδυπαθείας
1214 3479 1474 3550 ῳνηθεξᾳ
1533 3478 1969 3547 ἐνίσχεταιοΔιὰ

379 3571 596 3623 τούτων
645 3571 739 3623 οὖν
775 3570 1187 3634 παιδευθέντες,
1238 3570 1538 3640 ἀγαπητοὶ,
1576 3570 1970 3640 σπουδάσωμεν

379 3663 474 3716 διὰ
515 3663 620 3732 τῆς
651 3663 773 3714 κατ’
799 3664 1003 3732 ἀρετήν
1027 3662 1174 3732 ζωῆς
1199 3662 1536 3733 χωρίζεσθαί
1557 3679 1694 3727 πως,
1719 3663 1814 3715 καὶ
1835 3664 1974 3715 ἀπο-

383 3757 618 3809 λύεσθαι
654 3759 754 3825 τῆς
782 3756 919 3826 πρὸς
945 3756 1012 3808 τὰ
1041 3756 1206 3825 γήϊνα
1238 3755 1502 3825 σχέσεως,
1532 3756 1619 3808 ἵνα
1649 3755 1786 3823 μετὰ
1809 3755 1973 3809 θάνα-

387 3867 480 3900 την
519 3848 599 3918 μὴ
633 3849 894 3918 φέρωμεν
925 3848 994 3901 τὰ
1018 3847 1247 3916 λείψανα
1298 3849 1400 3917 τῆς
1445 3849 1758 3918 σαρκὼδους
1799 3850 1966 3920 ζωῆς,

385 3937 477 3995 οἷά
505 3958 632 3994 τινα
661 3941 876 4011 γλυὼδη
917 3941 1092 4012 πηὶὸν
1127 3942 1221 3994 καὶ
1252 3941 1536 4010 ἐχέκολλον
1561 3957 1576 3969 ⁸
1608 3942 1743 3995 ἀλλὰ
1795 3942 1966 3996 καθά-

386 4051 495 4104 περ
521 4035 668 4098 τινὸς
698 4033 896 4103 δεσμοῦ
924 4035 1358 4105 περιρραγέντος
1407 4034 1500 4086 τοῦ
1531 4033 1807 4104 σώματος.
1840 4035 1970 4088 κοῦ-

387 4143 513 4192 φος,
569 4126 664 4178 atat
693 4123 882 4187 ἄνετος
921 4127 988 4196 τῇ
1016 4124 1161 4196 ψυχῇ
1190 4127 1218 4178 ὁ
1248 4125 1386 4195 πρὸς
1434 4125 1496 4177 τὸ
1517 4126 1721 4194 ἀγαθὸν
1744 4127 1972 4197 γένηται

384 4221 618 4288 δρόμος,
655 4217 776 4271 οὐδὲ
815 4219 945 4286 μιᾶς
975 4218 1151 4287 αὐτὴν
1177 4217 1445 4289 σαρκίνης
1487 4218 1782 4288 ἀχθηδόνος
1831 4220 1972 4290 πρὸς

383 4309 594 4380 ἑαυτὴν
645 4310 1012 4379 ύφελκούσης,
1042 4311 1140 4363 ικαὶ
1186 4309 1362 4376 οὓτως
1413 4309 1566 4362 ἔσται
1621 4309 1710 4364 διὰ
1766 4311 1970 4374 παντὸς

2070 1922 2297 1989 ceperit,
2351 1921 2452 1974 hoc
2501 1927 2852 1972 consecutum
2901 1914 3092 1980 fuisse,
3144 1924 3201 1967 ut
3245 1914 3392 1968 omni
3433 1927 3656 1981 prorsus

2072 2031 2251 2070 rerum
2293 2025 2636 2067 terrenarum
2668 2026 2796 2065 cura
2827 2019 3043 2064 vacaret
3078 2024 3093 2062 :
3127 2007 3258 2077 quid
3293 2006 3436 2060 enim
3473 2020 3658 2059 recor-

2069 2109 2309 2171 darctur,
2341 2107 2430 2176 qui
2467 2105 2609 2159 nulla
2656 2119 2714 2158 re
2749 2104 3047 2158 delectatus
3083 2101 3256 2153 fuerat
3288 2114 3498 2160 earum,
3534 2113 3656 2166 qua,

2069 2199 2124 2254 in
2171 2199 2271 2254 hac
2318 2199 2424 2252 vita
2467 2196 2719 2266 jucunda:
2753 2194 3062 2250 habentur?
3098 2191 3328 2246 Divitem
3383 2205 3528 2254 vero,
3563 2189 3656 2260 qui

2072 2288 2124 2341 in
2154 2287 2301 2351 luxu,
2325 2297 2381 2342 et
2410 2286 2610 2340 divitiis
2643 2287 2783 2340 diem
2817 2283 3049 2344 obierat,
3078 2281 3244 2336 etiam
3279 2291 3398 2348 post
3428 2291 3655 2334 mortem

2070 2388 2328 2448 tanquam
2371 2379 2578 2449 glutino
2619 2377 2852 2448 quodam
2900 2376 3140 2430 carnalis
3180 2374 3302 2428 vita:
3329 2374 3603 2428 detentum
3641 2390 3654 2427 :

2071 2472 2268 2542 quippe
2297 2472 2689 2526 oblectamenta
2730 2469 2912 2523 carnis
2943 2478 2995 2522 et
3025 2467 3307 2535 sanguinis
3341 2466 3506 2520 etiam
3544 2474 3655 2518 tum

2072 2566 2146 2619 illi
2182 2580 2329 2619 cura:
2359 2573 2536 2617 erant.
2584 2561 2719 2617 Cum
2765 2562 2908 2616 enim
2947 2558 3250 2614 meminerit
3293 2573 3503 2619 eorum,
3537 2557 3661 2625 qui-

2070 2654 2297 2709 buscum
2321 2653 2586 2723 sanguine
2606 2637 3084 2722 conjunctuserat,
3104 2649 3390 2703 manifeste
3413 2647 3656 2703 ostendit

2071 2748 2138 2802 ab
2159 2745 2536 2801 affectionibus
2557 2746 2741 2799 carnis
2763 2744 2999 2798 nondum
3027 2757 3089 2816 se
3114 2756 3233 2796 esse
3256 2741 3505 2796 liberum.
3522 2739 3655 2794 Nam

2071 2850 2125 2897 et
2155 2841 2359 2896 idcirco
2390 2840 2522 2894 dicit
2548 2843 2787 2909 quinque
2815 2853 2936 2892 esse
2965 2851 3081 2900 eos,
3111 2836 3198 2903 qui
3236 2851 3418 2890 secum
3454 2850 3657 2904 cogna-

2073 2935 2220 2991 tione
2269 2933 2546 3001 conjuncti
2594 2940 2770 2996 erant,
2816 2933 2958 3000 quod
3008 2929 3276 2984 sentiendi
3327 2927 3558 2982 facultas
3601 2925 3656 2980 in

2069 3029 2310 3098 quinque
2349 3027 2421 3081 sit
2465 3025 2771 3080 distributa.
2819 3022 3068 3078 Ostendit
3106 3036 3236 3091 ergo
3277 3021 3530 3073 omnibus
3571 3019 3660 3073 his

2070 3117 2354 3182 Dominus,
2387 3118 2432 3173 si
2465 3117 2586 3184 quis
2619 3124 2791 3170 totum
2821 3128 2879 3168 se
2919 3114 3132 3182 penitus
3178 3112 3350 3177 carni,
3388 3122 3568 3165 mente
3601 3122 3657 3163 et

2074 3209 2404 3279 cogitatione
2434 3205 2724 3270 dediderit,
2761 3217 2952 3258 omnes
2992 3202 3184 3254 anima:
3217 3210 3415 3265 motus,
3449 3208 3503 3253 et
3533 3213 3664 3268 ope—

2075 3299 2405 3354 rationesin
2450 3297 2866 3366 appetitionihus
2894 3298 3073 3350 carnis
3102 3308 3385 3355 exercens,
3414 3309 3535 3348 eum
3568 3292 3657 3362 qui

2075 3403 2158 3446 est
2211 3389 2558 3460 hujusniodi,
2612 3404 2680 3441 ne
2727 3402 2822 3455 per
2872 3397 3099 3440 mortem
3151 3386 3368 3454 quidem
3421 3400 3449 3438 a
3497 3399 3660 3438 carne

2078 3485 2402 3553 disiunctum
2437 3485 2505 3537 ah
2544 3483 2686 3536 illius
2714 3482 3060 3550 passionihus
3093 3494 3217 3533 esse
3249 3489 3534 3542 remotum,
3564 3480 3657 3530 sed

2080 3579 2132 3632 in
2167 3577 2439 3632 consuetis
2469 3575 2829 3642 Voluptatibus
2865 3586 3119 3643 tanquam
3158 3575 3211 3629 in
3245 3575 3392 3628 visco
3429 3574 3658 3626 inliterev

2079 3682 2251 3724 scere.
2291 3665 2387 3721 His
2424 3667 2587 3736 igitur
2621 3666 2822 3731 edocti,
2853 3664 3182 3726 eharissimi,
3219 3663 3534 3716 Studeamus
3566 3678 3660 3729 per

2078 3761 2243 3814 vitam
2291 3769 2412 3813 cum
2461 3759 2658 3810 virtute
2705 3765 2880 3808 actam
2930 3755 3108 3807 diVelli
3154 3754 3553 3822 quodammodo
3596 3767 3660 3806 ac

2080 3853 2300 3908 liberari
2321 3855 2388 3907 ab
2410 3851 2602 3906 atTectu
2627 3859 2962 3903 terrenarum
2987 3862 3188 3908 rerum,
3217 3863 3283 3901 ne
3305 3857 3424 3913 post
3449 3846 3656 3899 obitum

2075 3947 2334 4015 reliquias
2359 3946 2480 3997 vita:
2504 3941 2744 3996 carnalis
2771 3951 3028 4009 tanquam
3055 3941 3224 3993 lutum
3248 3941 3515 4006 quoddam
3543 3939 3662 4008 glu-

2075 4035 2344 4096 tinosum,
2393 4049 2456 4087 ac
2503 4043 2660 4086 tenax
2715 4032 2993 4085 nobiscum
3043 4028 3299 4093 feramus,
3345 4029 3438 4082 sed
3491 4028 3660 4095 ruptis

2076 4127 2230 4195 quasi
2279 4121 2600 4194 quibusdam
2650 4123 2880 4177 vinculis
2928 4123 3195 4188 corporis,
3235 4121 3365 4175 levis
3401 4131 3455 4175 et
3499 4134 3661 4188 expe-

2074 4219 2221 4273 ditus
2255 4220 2321 4270 ad
2365 4232 2633 4271 summum
2669 4217 2868 4270 bonum
2902 4215 2996 4269 ﬂat
3036 4215 3231 4269 animae
3261 4229 3476 4276 cursus,
3513 4214 3658 4265 nulla

2074 4321 2194 4365 eam
2244 4310 2309 4364 ad
2359 4322 2418 4364 se
2468 4308 2716 4363 trahente
2768 4307 3012 4362 molestia
3062 4306 3279 4372 carnis;
3329 4317 3382 4360 et
3432 4307 3505 4360 ita
3555 4305 3661 4360 erit

1657 4449 1982 4511 Francisci
2015 4451 2222 4512 Scorsi
2256 4457 2446 4511 notae.

379 4572 911 4645 GregoriiiNysseni
971 4573 1215 4630 doctrina
1271 4575 1323 4628 in
1383 4575 1698 4643 supradiCto
1742 4575 1971 4645 dialogo,

2082 4575 2192 4628 δεῖν
2216 4575 2298 4628 ὅτι
2336 4575 2572 4643 μάλιστα
2598 4575 2726 4638 τοὺς
2754 4577 2812 4627 ἐν
2842 4573 3008 4642 σαρκὶ
3039 4571 3380 4645 βιοτεύοντας
3559 4573 3660 4645 τῆς

382 4661 548 4710 quem
570 4644 716 4714 mihi
745 4661 847 4698 non
876 4653 960 4697 est
985 4646 1205 4698 dubimn
1239 4660 1268 4698 a
1298 4646 1626 4712 Theophane
1653 4644 1972 4714 significari,

383 4721 532 4766 sicut
567 4713 618 4765 in
651 4715 832 4767 multis
862 4715 1003 4775 aliis,
1041 4725 1149 4768 tota
1183 4717 1284 4769 hac
1308 4718 1550 4769 homilia.
1581 4713 1847 4769 Caeterum
1879 4731 1972 4782 an,

384 4798 441 4835 et
473 4785 746 4850 quomodo
778 4786 959 4839 anima
993 4795 1238 4852 separata
1266 4787 1527 4853 intelligat
1565 4795 1619 4839 et
1657 4786 1971 4854 singularia,

385 4865 530 4926 etc-it
581 4868 699 4919 qua:
731 4855 783 4906 in
846 4855 947 4910 hac
1002 4856 1110 4909 vita
1153 4866 1320 4926 sunt,
1394 4867 1686 4926 cognoscat
1737 4855 1975 4923 disputat

386 4923 453 4975 ι).
484 4921 726 4976 Thomas
757 4928 810 4996 in
842 4941 914 4989 tv,
968 4927 1097 4980 dist.
1141 4925 1193 4988 1,
1226 4937 1417 4996 quaest.
1453 4921 1506 4990 1⁷,
1540 4926 1787 4980 articulis
1826 4921 1971 4996 qua-

385 5005 536 5053 tu0r,
563 5009 721 5060 quem
756 4995 886 5062 lege.

461 5065 580 5132 (59)
608 5062 733 5115 Esse
762 5065 969 5133 quidem
990 5074 1267 5133 potestate.
1295 5065 1632 5121 Scholastice
1653 5065 1740 5119 hic
1770 5065 1974 5134 planis-

382 5134 527 5188 sime.
582 5134 818 5200 loquitur
867 5137 955 5188 hic
1011 5136 1172 5193 Pater
1207 5139 1271 5190 de
1315 5151 1543 5204 corpore
1591 5137 1874 5196 dissoluto.
1919 5145 1974 5189 et

383 5214 765 5275 resurrecturo
795 5218 1050 5273 supremo
1075 5207 1161 5259 die
1207 5207 1434 5274 loquens
1473 5205 1702 5275 δυνάμει
1745 5206 1844 5274 μὲν
1889 5204 1970 5270 ὃν,

382 5272 647 5343 ἐνεργείᾳ
667 5274 724 5327 δὲ,
741 5272 1130 5344 γενησόμενον.
1161 5272 1404 5330 Potentia
1426 5272 1640 5344 quidem
1687 5272 1805 5341 est;
1832 5275 1974 5330 futuo

385 5360 506 5398 rum
543 5359 670 5396 vero
705 5357 849 5398 actu.
876 5345 1014 5411 Quid
1046 5347 1318 5400 coneisius
1338 5357 1392 5398 et
1430 5346 1650 5400 verius?

460 5414 576 5482 (60)
625 5412 872 5487 Superest
892 5417 1079 5486 igitur,
1099 5429 1149 5487 ut
1181 5431 1500 5485 qureramus.
1543 5415 1693 5470 ﬂant:
1718 5419 1974 5487 quaestio-

383 5501 510 5538 nem
556 5497 731 5558 meret
761 5485 1038 5554 Nysseuus
1105 5486 1156 5537 in
1184 5501 1326 5555 stupe
1350 5488 1514 5540 citato
1564 5485 1795 5558 dialogo,
1825 5489 1976 5554 cujus

386 5558 552 5610 verba
586 5555 709 5622 quia
727 5558 1013 5610 continent
1036 5557 1294 5610 moralem
1344 5555 1761 5625 espositioneni,
1787 5571 1840 5613 et
1863 5558 1977 5612 do—

386 5637 716 5690 cumentum,
758 5626 926 5680 simul
958 5636 1015 5678 ut
1073 5640 1376 5692 congruens
1422 5627 1770 5694 Theophanis
1805 5627 1976 5682 nostri

386 5712 580 5750 sensus
604 5708 955 5764 agnoscatur,
999 5697 1088 5749 hic
1114 5700 1344 5750 referam
1375 5713 1390 5750 :
1429 5696 1527 5748 Ἐκ
1552 5696 1760 5751 τούτων
1780 5698 1838 5750 δὲ
1866 5699 1978 5751 τῶν

381 5765 546 5840 διηγη
554 5767 741 5838 μάτων
754 5765 992 5839 οἰόμεθα
1009 5765 1170 5821 τοῦτο
1198 5767 1549 5841 δογματίζειν
1560 5768 1653 5821 τὸν
1665 5768 1892 5841 Κύριον,
1919 5770 1979 5824 τὸ

2083 4646 2208 4699 κατ’
2229 4640 2434 4714 ἀρετὴν
2463 4645 2609 4714 ζωῆς
2640 4640 2974 4714 χωρίζεσθαι
3008 4659 3145 4707 πως,
3171 4642 3298 4714 καὶ.⁸
3321 4640 3659 4714 ᾁπολύεσθαι

2080 4716 2177 4784 τῆς
2215 4710 2350 4784 πρὸς
2381 4710 2840 4784 αὐτὴνσχέσέως,
2870 4714 2958 4765 ἵνα
2997 4715 3132 4784 μετὰ
3156 4714 3245 4784 τὸν
3277 4710 3508 4784 θάνατον
3581 4711 3656 4784 μὴ

2081 4781 2246 4839 πάλιν
2260 4781 2434 4838 ἄλλου
2459 4781 2694 4838 θανάτου
2713 4784 2967 4851 δεώμεθα
2989 4783 3057 4834 τὰ
3069 4781 3296 4849 λείψανα
3314 4782 3412 4846 τῆς
3438 4782 3661 4850 σαρκώ-

2076 4856 2201 4918 Son;
2249 4855 2446 4924 κόλλης
2491 4854 2976 4922 ἁποκαθαίροντος.
3031 4852 3270 4924 ΡριῇΙιίισ
3322 4853 3656 4904 narrationes

2075 4921 2439 4980 existimamus
2459 4942 2667 4979 censere
2685 4921 2990 4984 Dominum,
3014 4921 3152 4993 quod
3177 4930 3409 4993 oporteat
3433 4938 3517 4973 eos
3566 4923 3660 4986 qui

2076 4999 2133 5050 in
2178 5013 2335 5050 carne
2393 4999 2588 5058 vivunt,
2646 5011 2804 5063 quam
2854 4991 3082 5046 maxime
3107 4991 3392 5044 secundum
3417 4993 3658 5063 rirtutem

2081 5068 2295 5121 vivendo
2344 5062 2726 5136 quodammodo
2750 5065 3004 5136 separari,
3033 5072 3084 5115 et
3111 5063 3344 5128 expediri
3373 5062 3436 5114 ab
3461 5064 3659 5136 affectu

2081 5139 2258 5191 curitis
2290 5132 2366 5190 ηδ’
2404 5146 2519 5199 post
2565 5147 2779 5187 mortem
2806 5135 2915 5186 alia
2972 5143 3137 5186 morte
3176 5149 3359 5185 rursus
3390 5149 3519 5200 opus
3564 5132 3660 5185 Ita-

2083 5207 2320 5269 beamus,
2371 5223 2488 5276 qua:
2528 5203 3070 5276 retiqniasﬁcarnalis
3147 5202 3363 5276 glutim's
3428 5213 3658 5276 separet,

2080 5287 2327 5331 excernat
2367 5272 2414 5330 et
2450 5272 2718 5345 expurget.
2773 5275 2925 5345 Hutic
2973 5277 3146 5328 locum
3189 5272 3368 5345 _atfert
3407 5273 3654 5345 etiaml).

2084 5349 2324 5402 Thomas
2353 5347 2406 5400 in
2438 5341 2640 5400 Catena
2668 5361 2853 5399 aurea.
2887 5343 3082 5398 Verum
3105 5345 3156 5396 in
3184 5341 3494 5405 Sententiis,
3529 5343 3655 5394 dist.

2075 5417 2167 5480 44,
2202 5428 2393 5484 quast.
2417 5417 2474 5481 9.,
2497 5426 2600 5468 art.
2629 5415 2684 5476 1,
2719 5415 3105 5483 quaestiuncula
3132 5414 3168 5466 4
3205 5413 3271 5466 ad
3299 5475 3304 5480 _
3331 5412 3652 5473 secundum,

2077 5489 2152 5542 ait
2173 5491 2455 5541 damnatos
2486 5501 2592 5539 non
2622 5499 2950 5540 conservare
2978 5485 3273 5536 amicitiam
3297 5484 3363 5534 ad
3407 5495 3656 5546 eosquns

2078 5558 2382 5612 inordinate
2403 5557 2730 5620 dilexerunt,
2765 5555 2861 5611 sed
2885 5557 2936 5608 in
2965 5555 3068 5607 hoc
3096 5553 3423 5605 voluntatem
3465 5565 3653 5604 eorum

2076 5643 2387 5698 perversam
2437 5641 2833 5698 remanseram,
2885 5625 3028 5694 quod
3069 5636 3287 5677 causam
3333 5621 3654 5681 inordinata)

2077 5696 2385 5754 dilectionis
2414 5697 2594 5752 adhuc
2625 5696 2932 5766 diligerent.
