4072 6444
431 420 543 483 27'!

1830 407 2167 470 HOMILIA
2209 408 2312 469 IX.

3604 399 3713 464 ‘278

437 535 604 606 ἀλκὴ,
637 534 711 605 μὴ
744 534 845 602 τῆς
878 533 1032 597 θείας
1059 533 1240 603 ψήφου
1274 530 1659 602 ἐπινευούσης.
1706 527 1847 581 Ἀλλ’
1880 528 1930 579 οἱ
1955 529 2021 597 τῇ

2131 536 2447 596 potestatem
2516 528 2739 583 habere.
2816 525 3015 581 Verum
3079 524 3170 595 qui
3237 522 3380 578 inani
3453 521 3715 590 sapientia

440 630 651 697 ματαίᾳ
695 626 861 697 σοφία
922 625 1361 687 κατασαπέντες,
1429 625 1524 677 καὶ
1569 621 1694 675 καθ’
1734 620 1891 691 ἡμῶν
1926 619 2027 681 τὰς

437 721 652 772 ἑαυτῶν
701 718 956 786 γλώσσας
1015 719 1091 781 ὡς
1157 719 1437 788 μάχαιραν
1472 716 1743 779 θίξαντες,
1774 714 1872 767 καὶ
1905 714 2028 774 ταῖς

437 811 651 864 ἑαυτῶν
685 810 1050 879 εὐγλωττίαις
1106 807 1536 879 συνηγοροῦντες
1583 807 1660 876 τῷ
1682 806 1889 874 ψεύδει,
1933 804 2027 858 καὶ

434 904 539 972 τὴν
575 902 793 967 ἀπάτην
835 900 1367 963 κατακαλλύνοντες,
1411 899 1717 966 ἀνατρέψαι
1749 899 1809 949 τὸ
1840 898 2027 967 θαῦμα

436 994 601 1046 τοῦτο
647 996 1132 1064 ἐπιχειρήσαντες,
1169 995 1250 1056 εἰς
1304 992 1506 1046 ἄτοπον
1558 992 1618 1043 τὸ
1648 992 1748 1058 τῆς
1782 990 2027 1059 ἱστορίας

435 1086 702 1154 ἐμϐαλεῖν
752 1086 1153 1155 ἐπειράθησαν.
1201 1085 1339 1136 Φασὶ
1401 1084 1547 1153 γάρ·
1577 1084 1701 1143 Πῶς
1744 1083 1771 1134 ὁ
1821 1079 2027 1149 Ἰησοῦς

434 1182 548 1233 τῶν
583 1178 857 1247 δαιμόνων
889 1177 1100 1246 ἐχθρῶν
1134 1176 1305 1229 ὄντων
1337 1176 1578 1245 ἐπλήρου
1616 1174 1715 1245 τὴν
1738 1174 2026 1243 ἁντιὸόλη-

434 1289 528 1323 σιν
559 1270 862 1340 ἐπιτρέψας
892 1269 1078 1330 αὐτοῖς
1102 1267 1202 1337 τὴν
1231 1269 1312 1330 εἰς
1339 1266 1467 1328 τοὺς
1514 1267 1734 1336 χοίρους
1782 1264 2025 1316 εἰσέλευ-

434 1381 565 1431 civ;
604 1365 706 1416 ποῦ
769 1365 826 1417 δὲ
882 1366 978 1415 καὶ
1040 1364 1186 1417 συῶν
1236 1364 1408 1432 ἀγέλη
1451 1364 1591 1415 κατά
1618 1362 1717 1433 τὴν
1763 1361 2025 1415 Ἰουδαίαν

432 1458 660 1523 ἐγένετο
730 1456 827 1510 τοῦ
894 1456 1193 1511 Μωσαῖκοῦ
1244 1458 1412 1528 νόμου
1460 1459 1598 1527 μηδὲ
1641 1458 2025 1526 ἐπιθιγγάνειν

433 1550 586 1619 χειρὶ
627 1549 847 1620 χοίρων,
892 1550 969 1611 ὼς
1015 1550 1342 1620 ἀκαθάρτων
1390 1550 1744 1612 κελεύοντοςς
1779 1550 1896 1603 Κᾶν
1922 1548 2026 1602 δῶ-

442 1659 547 1710 μεν
574 1643 767 1712 φέρειν
796 1642 894 1713 τὴν
920 1641 1287 1710 Παλαιστίνην
1320 1642 1581 1707 συὸὼσια,
1609 1645 1687 1705 εἰς
1715 1644 2023 1712 ἀντιπαρά-

438 1750 636 1785 στασιν
692 1733 751 1786 τὸ
806 1735 906 1804 τῆς
965 1736 1275 1798 ἐνστάσεως
1322 1736 1741 1805 μεταφέροντες,
1777 1736 1895 1799 πῶς
1924 1737 2024 1789 οὐκ

432 1821 506 1894 ἦν
544 1825 732 1878 ἄδικον
758 1826 885 1887 τοὺς
916 1825 1191 1890 δεσπότας
1226 1827 1335 1879 τῶν
1358 1828 1561 1897 χοίρων
1582 1827 1691 1879 τῶν
1729 1828 1875 1880 ἰδίων
1900 1845 2023 1880 στε-

435 1915 767 1984 ρίσκεσθαι;
804 1915 963 1969 Ἐστι
1005 1918 1073 1969 τὰ
1106 1918 1202 1987 τῆς
1260 1920 1500 1988 ἀπορίας
1540 1919 1735 1989 κομιδῇ
1785 1919 2021 1985 γέλωτος

430 2006 588 2071 ἄξια.
618 2007 805 2079 Ταύτῃ
832 2025 915 2060 τοι
947 2012 1043 2062 καὶ
1069 2009 1213 2078 μάλα
1244 2010 1524 2079 εὐφρόνως
1552 2012 1712 2080 ἡμεῖς
1734 2010 1833 2081 τὴν
1860 2028 2023 2063 συκο-

434 2100 675 2167 (ξαντὶαν
744 2100 1183 2173 ἀποκρουόμενοι
1242 2102 1401 2155 τοῦτό
1462 2122 1678 2173 φαμεν·
1714 2105 1789 2165 ὡς
1852 2108 1899 2157 εἰ
1948 2106 2022 2176 μὴ

433 2193 743 2263 ἐπέτρεψεν
775 2195 855 2257 είς
885 2198 1012 2259 τοὺς
1037 2196 1255 2267 χοίρους
1292 2196 1533 2250 είσδύναι
1577 2198 1709 2261 τοὺς
1735 2198 2019 2268 δαίμονας,

432 2286 634 2355 ἄδηλον
685 2282 752 2357 ἦν
800 2291 913 2352 τοῖς
970 2290 1191 2352 πολλοῖς
1248 2290 1358 2360 ὅπη
1393 2290 1754 2361 μετέστησαν,
1790 2293 1883 2343 καὶ
1910 2295 2023 2355 τοῖς

435 2376 777 2445 κατηγόροις
806 2380 904 2446 τῆς
938 2377 1201 2448 ἀληθείας
1229 2379 1411 2447 λέγειν
1442 2380 1672 2444 ἐδέδοτο,
1708 2381 1779 2442 ὡς
1807 2382 1908 2434 οὐκ
1942 2382 2022 2443 είς

431 2468 538 2533 τὴν
572 2468 808 2522 ἄϐυσσον
834 2468 1063 2541 ᾤχοντο,
1089 2471 1207 2525 ἀλλ’
1239 2474 1367 2537 ἴσως
1388 2474 1467 2537 εἰς
1498 2473 1686 2546 ἕτερον
1712 2476 2017 2545 ἄνθρωπον,

433 2561 533 2611 καὶ
563 2561 789 2631 οὐδεμία
818 2563 915 2616 τοῦ
946 2565 1231 2635 θαύματος
1279 2566 1484 2638 ὄνησις.
1524 2570 1635 2622 Καὶ
1666 2571 1853 2638 ὥσπερ
1881 2570 1946 2622 ἂν
1975 2572 2027 2623 sl

434 2670 523 2716 τις
554 2653 871 2726 λωποδύτης
906 2658 970 2709 ἐκ
998 2657 1158 2727 λόχου
1204 2660 1350 2723 τινὸς
1398 2660 1650 2729 διωχθεὶς
1674 2662 1915 2725 ἄπεισιν,
1966 2663 2023 2715 ἐν

436 2742 619 2813 ἑτέρῳ
647 2742 791 2814 λόχῳ
822 2747 890 2798 τὰ
945 2747 1045 2816 τῆς
1099 2747 1361 2815 λῃστείας
1391 2750 1826 2820 ἐπιδειξάμενος.
1860 2752 2026 2823 Δηλο-

442 2835 594 2885 ποιεῖ
615 2834 746 2901 γοῦν
779 2836 842 2889 ἐκ
879 2836 1107 2903 τούτων,
1144 2839 1219 2901 ὡς
1254 2839 1353 2909 οὐχ
1401 2836 1505 2892 οἷοί
1536 2843 1674 2893 εἰσιν
1708 2844 2024 2912 ἀντιστῆναι

437 2924 521 2993 τῷ
578 2925 935 2994 ὲπιτάγματι.
968 2929 1094 2983 Ὀτι
1155 2930 1213 2983 δὲ
1271 2932 1328 2983 ἐν
1374 2932 1604 3003 Ἰουδαῖοι
1658 2929 1801 3002 ἦσαν
1831 2936 2025 3001 ἀγέλαι

442 3014 614 3081 συῶν,
664 3016 824 3087 δῆλον
860 3021 923 3071 ἐκ
985 3019 1083 3072 τοῦ
1127 3023 1310 3075 πᾶσαν
1354 3020 1493 3076 εἶναι
1533 3025 1634 3093 τὴν
1659 3026 2025 3093 Παλαιστίνην

453 3108 753 3178 Ῥωμαίοις
785 3111 1085 3182 ὑπόφορον.
1111 3112 1239 3167 Τοῖν
1262 3114 1373 3183 γὰρ
1424 3114 1484 3168 'H
1497 3116 1687 3186 ρώδοιν
1713 3120 1917 3187 ἀμφοῖν
1945 3120 2025 3190 τῷ

2135 630 2497 691 putruerunt,
2557 632 2611 675 et
2669 621 2880 690 linguas
2955 620 3241 672 adversum
3302 632 3398 670 nos
3459 626 3712 683 tanquam

2133 716 2367 784 gladium
2409 722 2694 777 acuerunt,
2749 726 2953 781 suaque
3003 711 3251 764 facundia
3302 708 3565 763 mendacii
3618 723 3713 775 pa-

2133 807 2421 861 trocinium
2460 814 2694 870 tuentur,
2722 820 2784 859 ac
2813 804 3054 858 fallacias
3084 803 3367 863 adornant,
3401 799 3715 854 miraculum

2132 900 2236 954 hoc
2268 908 2513 953 evertere
2547 908 2827 963 conantes,
2877 896 3164 950 absurdam
3207 894 3497 948 ostendere
3528 905 3715 945 narra-

2134 992 2334 1045 tionem
2367 991 2677 1045 historicatn
2708 989 2887 1043 conati
2921 999 3065 1042 sunt.
3115 987 3307 1039 Dicunt
3341 984 3484 1038 enim
3516 999 3529 1035 :
3563 983 3713 1046 Quo-

2131 1084 2291 1137 modo
2316 1082 2472 1137 Jesus
2506 1081 2811 1136 daemonum
2847 1080 2946 1134 sibi
2985 1079 3325 1132 inimicorum
3364 1075 3715 1143 supplicatio-

2131 1191 2255 1230 nem
2315 1174 2543 1245 perfeeit
2600 1175 2921 1244 permittens
2965 1171 3064 1236 eis,
3115 1178 3173 1224 ut
3219 1170 3629 1237 ingrederentur
3660 1165 3712 1218 in

2131 1270 2365 1339 porcos?
2391 1270 2477 1323 ubi
2514 1283 2641 1324 vero
2670 1282 2799 1337 grex
2832 1280 3117 1336 porcorum
3146 1263 3198 1317 in
3224 1261 3406 1316 ludant
3453 1262 3716 1328 pasceba-

2134 1374 2243 1427 tur,
2294 1378 2418 1417 cum
2457 1362 2617 1416 Musis
2672 1362 2788 1429 lege
2821 1360 3089 1415 sancitum
3152 1366 3317 1419 esset,
3348 1364 3406 1407 ut
3446 1368 3511 1406 ne
3553 1366 3713 1404 manu

2131 1456 2346 1525 quidem
2381 1470 2572 1525 porcos
2607 1463 2789 1523 utpote
2827 1451 3133 1506 immundos
3175 1449 3459 1519 quisquam
3506 1443 3716 1498 centiu-

2130 1557 2299 1617 geret.
2337 1548 2489 1615 Quod
2518 1548 2561 1601 si
2592 1548 2784 1602 demus
2824 1545 2985 1599 etiam
3028 1543 3079 1597 in
3120 1539 3406 1594 Palaestina
3439 1534 3712 1607 procreari

2130 1656 2363 1711 porcos,
2421 1641 2776 1693 intentionem
2836 1638 2947 1707 (72)
3013 1635 3259 1692 criminis
3317 1632 3383 1685 ad
3442 1629 3712 1684 mitiorem

2130 1732 2504 1787 obsistentium
2560 1729 2967 1793 transferentes,
3021 1729 3111 1797 qui
3160 1739 3371 1794 aequum
3413 1729 3550 1785 erat,
3592 1734 3713 1787 porv

2128 1840 2314 1878 cormn
2349 1824 2696 1893 possessione
2734 1821 2980 1876 dominos
3022 1816 3290 1887 spoliari?
3323 1815 3391 1868 At
3418 1813 3529 1867 risu
3562 1810 3717 1879 piane

2128 1918 2285 1985 digna
2328 1914 2591 1969 dubitatio
2621 1922 2725 1967 est.
2777 1912 3034 1979 Adeoque
3064 1924 3167 1963 nos
3194 1906 3500 1961 rectissimo
3551 1917 3711 1957 sensu

2125 2007 2451 2064 calumniam
2528 2005 2852 2074 repellentes
2913 2004 3016 2057 hoc
3070 2000 3345 2061 dicimus;
3408 1995 3549 2065 quod
3609 1992 3713 2046 nisi

2128 2101 2464 2172 permisisset
2495 2099 2829 2154 (immunibus
2865 2097 2914 2150 in
2948 2109 3140 2163 porcos
3170 2093 3392 2156 intrare,
3446 2087 3712 2143 incertum

2126 2192 2455 2248 multitudini
2490 2192 2725 2245 futurum
2774 2187 2988 2252 fuisset,
3021 2200 3254 2255 quonam
3290 2181 3713 2249 immigrassent,

2125 2296 2179 2340 et
2227 2285 2473 2337 veritatis
2542 2281 3027 2337 calumniatoribus
3081 2278 3205 2332 data
3259 2274 3450 2328 fuisset
3499 2267 3714 2325 occasio

2126 2378 2357 2439 dicendi,
2395 2392 2489 2432 eos
2519 2392 2624 2430 non
2655 2376 2706 2430 in
2734 2376 3072 2434 barathrum,
3114 2369 3207 2425 sed
3242 2368 3426 2421 forsan
3465 2365 3518 2418 in
3547 2362 3711 2416 alium

2128 2473 2401 2528 hominem
2460 2470 2724 2532 irruisse,
2773 2474 2828 2520 ct
2875 2468 2946 2520 ita
2999 2463 3177 2517 nullus
3230 2460 3421 2514 fuisset
3466 2452 3711 2509 miraculi

2127 2567 2358 2621 fructus.
2397 2562 2545 2618 Haud
2582 2562 2740 2613 aliter
2764 2573 2924 2627 quam
2958 2557 3001 2610 si
3035 2562 3311 2625 grassator
3341 2549 3609 2620 quispiam
3647 2559 3713 2599 et

2129 2661 2310 2728 aliquo
2364 2658 2681 2712 insidiarum
2713 2652 2833 2707 loco
2867 2649 3142 2716 depulsus,
3180 2644 3305 2700 alibi
3337 2641 3562 2696 insidias
3600 2638 3713 2690 col-

2126 2751 2290 2811 locet,
2346 2748 2434 2801 ubi
2485 2747 2575 2799 det
2623 2759 2842 2813 cperam
2899 2735 3218 2793 latrociniis.
3272 2732 3348 2786 Ex
3400 2731 3483 2784 his
3530 2730 3714 2797 itaque

2128 2839 2475 2895 manifestum
2509 2836 2658 2903 facit,
2689 2850 2781 2889 eos
2811 2838 3079 2902 praecepto
3114 2842 3218 2882 non
3253 2837 3409 2896 posse
3438 2821 3710 2877 resiStere.

2129 2935 2279 3002 Quod
2303 2949 2429 2988 vero
2465 2946 2750 3002 porcorum
2782 2943 2973 2997 greges
2998 2928 3052 2980 in
3081 2924 3265 2978 ludaea
3287 2921 3485 2975 fuerint
3507 2915 3713 2971 indeli-

2127 3037 2277 3098 quet,
2297 3028 2436 3096 quod
2456 3026 2704 3079 universa
2733 3021 3010 3076 Palaestina
3032 3016 3290 3072 Romanis
3310 3014 3419 3084 56
3436 3010 3713 3080 vectigalis

2130 3128 2247 3173 erat
2280 3117 2415 3185 (75).
2447 3114 2768 3169 Tradiderat
2804 3111 2948 3165 enim
2984 3109 3163 3163 Caesar
3198 3104 3395 3160 ludsea:
3440 3101 3713 3169 principa-

442 3216 502 3252 τε
528 3200 655 3271 υἱῷ,
684 3201 779 3256 καὶ
806 3201 885 3273 τῷ
919 3203 1101 3274 υἱωνῷ
1133 3204 1495 3278 Ἀντιπάτρου
1519 3208 1613 3260 τοῦ
1640 3208 1899 3280 Ἕλληνος
1924 3215 2023 3283 τῆς

2132 3222 2241 3266 tum
2277 3210 2492 3279 utrique
2525 3205 2726 3261 Herodi
2774 3204 2909 3275 (74),
2940 3209 2993 3257 et
3025 3201 3156 3266 filio,
3187 3208 3243 3255 et
3271 3195 3452 3267 nepoti
3491 3195 3710 3264 Antipa-

1680 3362 2001 3426 Francisci
2034 3363 2243 3426 Scorsi
2278 3369 2466 3425 notae.

542 3478 1069 3557 (72).!ntentionem.
1124 3484 1418 3543 Ἔνστασις
1470 3494 1523 3540 ct
1555 3487 2027 3557 ἀντιπαράστασις

442 3550 745 3624 quid_sint_
790 3568 855 3624 es
922 3553 1276 3624 Hermogenis
1361 3557 1443 3608 his
1506 3559 1683 3610 verbis
1736 3550 2023 3624 intelliges.

457 3620 654 3697 '[lp'sv
686 3622 796 3697 γάρ
818 3622 1076 3697 ἔνστασις
1107 3623 1280 3697 βίαιόν
1313 3625 1364 3675 τί
1420 3628 1556 3678 ἐστι.
1592 3627 1756 3694 Φήσει
1812 3620 2027 3697 γὰρμὴ

442 3693 668 3764 ἐξεῖναι.
710 3692 774 3743 Ἠ
812 3692 878 3764 δὲ,
904 3692 1371 3764 ἀντιπαράστασις
1404 3692 1833 3764 παρασκευάζει,
1872 3692 2029 3750 ὅτιέἱ

445 3764 544 3813 καὶ
579 3760 812 3823 ἔξεστιν,
835 3762 950 3815 ἀλλ’
981 3764 1081 3831 οὐχ
1113 3760 1313 3827 οὓτως,
1344 3764 1465 3816 οὐδὲ
1485 3760 1595 3817 ’ἐπὶ
1625 3766 1856 3829 τούτοις.
1920 3766 2029 3819 lloc

444 3842 563 3905 est:
610 3831 905 3905 ’Evcrraot;
935 3835 1074 3885 enim
1122 3836 1398 3887 violentum
1450 3837 1697 3905 quiddam
1729 3848 1837 3901 est;
1892 3836 2029 3889 dicet

443 3902 587 3975 enim
650 3918 757 3975 non
801 3903 994 3955 licere:
1048 3912 1104 3955 at
1174 3902 1646 3973 ἀντιπαράστασις
1701 3908 1843 3960 addit
1890 3907 2029 3975 quod

444 3972 661 4023 etiamsi
698 3972 923 4034 licuerit,
978 3989 1080 4025 non
1121 3982 1296 4028 tamen
1327 3972 1423 4027 hoc
1480 3979 1653 4039 modo,
1687 3994 1777 4030 nec
1830 3972 2026 4030 ἱηΊιὶδ.

444 4040 683 4094 Intentio
731 4042 976 4095 criminis
1026 4060 1052 4094 τι
1120 4043 1327 4097 Latinis
1384 4044 1640 4108 ἔνστασις
1681 4047 1916 4111 dicitur;
1977 4056 2033 4100 at

444 4125 578 4181 vero
634 4113 869 4164 secunda
923 4117 1192 4181 quaedam,
1248 4124 1303 4168 et
1358 4114 1544 4167 mitior
1604 4116 1853 4181 intentio,
1924 4131 2020 4169 seu

444 4180 789 4254 obsistentia,
845 4194 906 4235 nt
944 4180 1037 4236 fait
1104 4184 1331 4237 Budaeus
1383 4180 1872 4254 ἀντιπαράστασις.
1929 4184 2025 4240 liis

445 4250 727 4324 vocabulis
748 4252 1025 4305 rhetorum
1068 4255 1300 4324 propriis
1333 4254 1498 4306 utitur
1529 4250 1618 4308 hic
1657 4254 2023 4324 Theophanes

446 4321 638 4441 ίήτωρ
664 4334 755 4371 seu
793 4324 974 4390 potius
1035 4323 1477 4392 ῥητορικώτατος
1510 4326 1609 4393 (sic
1634 4328 1777 4378 enim
1814 4321 2022 4381 inscri-

485 4390 597 4440 itnr
626 4388 676 4441 in
702 4391 909 4441 aliouot
938 4394 1363 4441 exetnnlaribusl
1386 4404 1439 4441 et
1470 4396 1621 4441 otiosi
1643 4394 1844 4441 forensi
1873 4412 2022 4441 more!

485 4390 597 4440 itur
626 4390 676 4441 in
702 4391 909 4459 aliquot
938 4390 1363 4461 exemplaribus)
1386 4404 1439 4445 et
1470 4390 1621 4462 quasi
1643 4394 1845 4449 forensi
1873 4412 2028 4451 more

445 4475 635 4533 secum
695 4462 1036 4533 adversarios
1090 4473 1141 4515 et
1215 4464 1640 4519 enluntniatores
1699 4467 2027 4533 evangelica)

2135 3488 2479 3558 παράστασιν
2502 3487 2606 3540 dixi
2626 3487 2766 3555 apud
2801 3491 3076 3558 auctorem
3114 3484 3176 3537 ad
3198 3479 3519 3558 Herenpiunt
3549 3496 3563 3543 ;
3588 3493 3709 3531 nam

2137 3549 2276 3622 apud
2303 3549 2775 3620 Ciceronent,'lib.
2813 3573 2824 3607 I
2854 3554 2926 3609 De
2958 3556 3176 3617 invent.,
3200 3562 3253 3606 et
3288 3549 3709 3622 Quintilimnm,

2137 3619 2228 3681 lib.
2267 3643 2345 3688 ιιι,
2384 3642 2503 3692 cap.
2562 3619 2909 3688 9,7Ciceroni
2949 3624 3334 3691 suffragantem
3370 3619 3529 3692 paulo
3554 3634 3713 3692 secus

2139 3697 2407 3764 accipitur
2455 3690 2561 3750 hoc
2598 3700 2817 3749 verbum
2851 3713 2864 3758 ;
2907 3690 3301 3764 firmamentum
3348 3691 3494 3764 enim
3527 3690 3589 3764 ad
3620 3692 3715 3741 de-

2140 3760 2404 3819 fensorem
2433 3769 2664 3820 attinere
2713 3767 2932 3825 docent,
2964 3776 3016 3816 et
3049 3762 3309 3816 definiunt
3338 3760 3709 3813 firmissimam

2139 3838 2662 3902 argumentationem
2731 3834 3072 3896 defensoris,
3129 3841 3184 3885 et
3225 3830 3588 3902 “aptissimam
3644 3827 3710 3902 ad

2133 3898 2541 3974 jndicationem,
2601 3918 2659 3957 ιιι
2688 3905 2730 3959 si
2786 3904 2915 3974 velit
2945 3902 3164 3974 Orestes
3205 3900 3384 3952 dicere
3445 3898 3711 3974 ejusmodi

2141 3970 2381 4030 animum
2438 3976 2631 4029 matris
2687 3990 2793 4025 sum
2840 3973 3003 4026 fuisse
3057 3973 3106 4023 in
3159 3980 3366 4039 patrem
3428 3984 3607 4029 suum,
3657 3970 3712 4020 in

2141 4047 2400 4113 seipsum,
2437 4048 2485 4098 in
2503 4061 2767 4103 sororem,
2796 4046 2846 4095 in
2885 4058 3128 4113 regnum,
3160 4044 3213 4113 in
3248 4039 3443 4113 famam
3495 4040 3712 4106 generis

2131 4126 2185 4170 et
2227 4110 2465 4181 familim,
2501 4128 2558 4169 ιιι
2591 4118 2657 4169 ab
2687 4131 2747 4167 ea
2787 4110 2977 4181 ptenas
3027 4112 3177 4165 liberi
3231 4110 3311 4163 sui
3369 4113 3710 4177 potissimum

2164 4198 2308 4240 etere
2342 4187 2648 4239 debuerint.
2709 4180 2830 4237 llate
2877 4183 3105 4235 Tullius.
3166 4180 3536 4246 Quintilianus
3583 4193 3713 4231 vero

2164 4202 2648 4240 elerettelmct'tnt.
2709 4202 2830 4237 tunc
2890 4202 3105 4235 ltttttlts.
3166 4202 3536 4246 uttlttuuunus
3586 4202 3711 4231 veru

2124 4202 2243 4311 Foco
2298 4256 2461 4309 citato
2499 4258 2599 4309 hoc
2626 4256 3019 4308 firmamentmu
3057 4252 3283 4322 συνέχον
3336 4251 3544 4312 ϐιωορ,
3568 4249 3711 4322 quod

2124 4328 2339 4388 Latine,
2379 4327 2686 4386 continens,
2745 4325 2949 4377 dixeris
3014 4320 3381 4391 quasiiotant
3436 4320 3714 4391 contineat

2127 4412 2376 4461 causam,
2415 4396 2555 4463 quod
2614 4394 2989 4448 firmissimum
3029 4389 3093 4444 ad
3125 4389 3709 4463 jndicationemafl'er-

2129 4476 2239 4528 tur,
2292 4476 2344 4519 et
2376 4461 2495 4533 post
2549 4465 2690 4532 quod
2728 4465 2859 4517 nihil
2905 4463 3189 4531 quaeritur.
3229 4462 3351 4515 Haec
3382 4461 3448 4514 de
3494 4461 3578 4515 his
3621 4475 3715 4514 vo-

446 4532 948 4613 ltistorittluagimles
1004 4532 1150 4585 fat-it.
1194 4533 1322 4585 Nam
1358 4533 1609 4587 ἔνστασιν
1671 4532 1900 4601 primum
1928 4553 2021 4589 eo-

2131 4535 2336 4613 cabnlis
2380 4532 2647 4613 explicata
2688 4535 2793 4613 sint
2822 4535 2886 4586 ἐκ
2932 4533 3235 4613 παρέργου,
3274 4546 3398 4613 quat
3445 4545 3573 4613 non“
3603 4540 3708 4583 tam

446 4616 569 4678 rum
630 4603 984 4665 objet-tinnum
1036 4605 1356 4672 appellant:
1416 4604 1530 4657 Non
1570 4616 1691 4657 sunt
1750 4606 1801 4657 in
1852 4606 2022 4659 Palic-

443 4675 587 4743 stirta
615 4686 894 4743 porcorum
932 4690 1121 4740 greges
1153 4693 1165 4737 ;
1193 4675 1663 4743 ἁντιπαράστασιν
1700 4680 2024 4729 secundum:

444 4738 731 4816 Quamvis,
795 4738 1056 4816 inquiunt
1100 4738 1410 4816 adversarii
1482 4746 1567 4816 (ex
1632 4762 1819 4799 t‘Ol'lllll
1883 4748 2025 4801 enim

446 4824 692 4884 persona
716 4811 990 4884 loquitur),
1030 4815 1218 4867 demus
1275 4817 1323 4865 iu
1364 4811 1647 4868 Palmstina
1684 4816 1849 4869 fuisse
1900 4833 2027 4884 pur-

446 4893 568 4942 eus,
618 4881 846 4945 primam
902 4883 1252 4936 intentioni-tn
1307 4886 1371 4937 ad
1413 4886 1730 4937 sccnndam'
1754 4881 2025 4941 mitiorem

445 4950 849 5024 transferamus
909 4954 1317 5024 obsistentium:
1373 4967 1426 5007 et
1453 4972 1614 5021 quam
1644 4972 1855 5024 acquum
1885 4968 2024 5022 erat,

446 5028 559 5069 etc.
622 5017 744 5070 llaac
786 5023 1021 5074 secunda
1081 5023 1399 5078 obsistentia
1450 5017 1848 5078 firmamentum
1881 5017 2029 5081 vide;

447 5097 546 5158 tur
590 5090 765 5141 vocari
823 5095 961 5158 apud
998 5103 1269 5147 auctorem
1312 5094 1377 5146 ad
1438 5095 1786 5157 Herennium,
1828 5097 1923 5150 lib.
1961 5113 1974 5150 ι
2009 5115 2023 5155 :

445 5155 751 5235 itidemque
783 5155 1287 5235 apudCypriannm
1325 5163 1600 5235 Suarium,
1645 5167 1735 5234 qui
1765 5155 1880 5234 ejus
1910 5182 2027 5221 ver-

445 5226 533 5304 bis
586 5238 642 5280 ct
698 5226 1057 5304 prafCeptione
1113 5236 1286 5304 utitur
1329 5234 1421 5288 lib.
1479 5251 1533 5295 ιι,
1572 5226 1688 5303 ῥῖψ’.
1734 5226 1819 5299 1'5,
1884 5237 2025 5304 quod

448 5296 555 5373 hoc
583 5301 831 5373 exernplo
853 5296 887 5353 ιι
921 5302 1230 5355 rhetoribus
1273 5316 1536 5371 usurpato
1561 5296 2024 5373 explicatiusliet.

448 5366 688 5449 ργασία,
736 5371 1244 5449 inquitaccnsator,
1274 5366 1465 5441 injuste
1498 5366 1741 5427 occidisti
1775 5385 2022 5429 matrem.

444 5437 577 5517 lixae
616 5440 999 5517 eritintentio.
1064 5444 1133 5494 Αι
1174 5437 1405 5517 Qrestes
1442 5460 1564 5498 rcus
1596 5446 1809 5513 depellit
1846 5448 2021 5500 inten-

445 5510 647 5562 tionem
699 5510 855 5563 allata
892 5513 1305 5584 rationczuNon
1336 5514 1535 5581 injuste
1564 5531 1578 5581 ;
1612 5510 1700 5568 illa
1731 5517 1873 5569 enim
1927 5532 2026 5584 pa-

446 5586 586 5630 trem
616 5594 793 5632 meum
832 5585 1128 5637 occiderat.
1153 5582 1263 5638 Iloc
1287 5600 1550 5639 concesso
1588 5586 1752 5639 instat
1783 5582 2024 5639 set-nudo

442 5663 542 5714 per
574 5650 1047 5719 ἀντιπαράστασιν
1088 5665 1377 5709 accusator
1402 5673 1415 5709 :
1444 5655 1506 5707 At
1532 5672 1634 5709 non
1665 5658 2023 5710 indemnatum

438 5720 604 5800 abste
623 5738 801 5787 ρωηαε
824 5726 953 5800 dare
993 5725 1284 5791 oportebat.
1340 5724 1463 5800 liene
1496 5726 1823 5800 explanandi
1868 5727 2024 5793 hujus

442 5788 543 5865 iaci
604 5806 767 5865 causa
808 5808 838 5845 a
906 5788 1188 5865 rhetorum
1244 5810 1384 5863 penu
1420 5788 1800 5865 depromenda
1849 5812 1877 5849 a
1936 5788 2023 5851 ine

442 5859 679 5918 luerunt.
700 5861 975 5919 Caeterum
995 5859 1392 5921 firmamentum
1415 5859 1555 5920 idein
1574 5881 1691 5922 esse
1712 5866 1852 5937 quod
1875 5868 2021 5920 ἀντι-

2133 4604 2364 4658 fiirtztssc
2397 4601 2644 4657 omnibus
2670 4604 2967 4671 explorata.
3033 4604 3296 4655 Cancrum
3333 4603 3398 4655 ad
3433 4601 3712 4665 explican-

2133 4677 2259 4728 dum
2325 4688 2567 4728 ItOSll‘tllli
2608 4686 2882 4729 auctorem
2935 4689 3128 4742 parum
3180 4674 3345 4725 refert
3387 4682 3566 4724 ntrttm
3615 4671 3711 4742 fir-

2134 4756 2464 4801 mamentum
2510 4750 2703 4808 prima.
2745 4761 2812 4798 an
2865 4741 3098 4799 secunda
3152 4744 3371 4797 notione
3406 4742 3537 4795 velis
3563 4741 3709 4795 acci-

2133 4833 2277 4885 pere.
2330 4816 2476 4871 Salis
2543 4816 2717 4870 habeo
2758 4815 2817 4879 si,
2870 4815 2996 4883 quid
3064 4812 3166 4867 sibi
3228 4814 3355 4866 velit
3404 4812 3713 4883 ἀντιπαρά-

2133 4904 2321 4949 στασις
2360 4886 2689 4939 intellectum
2718 4886 2805 4939 sit.

2206 4956 2316 5030 (75)
2361 4956 2615 5030 Romanis
2649 4954 2913 5030 vectigalis
2935 4962 3080 5030 erat;
3096 4953 3259 5007 Facta
3290 4952 3399 5030 fuit
3427 4954 3709 5030 tributaria

2133 5042 2161 5079 a
2194 5024 2448 5094 Pompeio
2478 5024 2669 5096 Magno
2702 5025 3007 5096 Paimstina.
3041 5025 3173 5078 Cum
3217 5025 3363 5096 enim
3389 5026 3439 5078 in
3466 5024 3708 5096 Judseant

2131 5098 2195 5148 ad
2251 5094 2653 5166 controversias
2708 5094 2936 5166 Hyrcani
2981 5103 3033 5147 et
3094 5095 3410 5160 Aristobnli,
3474 5095 3707 5148 filiorum

2130 5168 2419 5221 Alexandri
2458 5164 2771 5221 luti-tuorum
2799 5164 2960 5235 regis,
3007 5166 3073 5218 de
3122 5179 3288 5232 regno
3325 5166 3707 5235 dissidentium

2130 5238 2461 5291 dirimendas
2502 5239 2761 5303 venisset,
2791 5234 3208 5290 ab’Aristobnlo
3246 5237 3491 5289 irritatus
3518 5234 3709 5287 lliero~

2130 5310 2389 5377 soiymam
2472 5308 2521 5361 vi
2577 5311 2741 5375 cepit,
2804 5321 2867 5360 ac
2925 5320 3112 5360 muros
3175 5305 3342 5359 diruit
3392 5306 3709 5374 :Hyreanu

2130 5378 2497 5431 sacerdotium
2529 5394 2556 5430 a
2598 5378 2913 5445 parentibus
2962 5378 3195 5445 legatum
3235 5377 3497 5445 reddidit;
3532 5384 3585 5427 et
3614 5389 3709 5440 per

2132 5447 2274 5499 hanc
2290 5444 2633 5502 occasionem
2653 5447 2894 5502 Judaeum
2910 5444 3225 5517 vectigalem
3250 5444 3708 5517 populojllmnana

2131 5517 2275 5579 fecit,
2332 5518 2545 5587 illisque
2595 5528 3002 5587 procuratorem
3035 5516 3288 5587 _’reliqnit
3325 5516 3703 5587 Αιιιιμειιισιιιιις

2129 5589 2220 5655 qui
2260 5582 2471 5641 deinde
2493 5582 2749 5655 Pompeio
2783 5597 2996 5641 mortuo
3019 5585 3250 5655 Caesaris
3284 5585 3546 5651 permissu
3578 5582 3704 5635 llie-

2127 5653 2412 5780 r'osol‘vmaa
2444 5653 2842 5713 Inurosrcfecil
2874 5676 2889 5715 ;
2924 5658 3042 5710 vide
3071 5653 3385 5722 Josephum.

2202 5728 2312 5780 f7l
2378 5726 2597 5780 Utriaue
2656 5728 2876 5780 Ilerodi.
2936 5726 3084 5779 Alter
3134 5724 3377 5777 Herodes

2202 5722 2312 5797 (71)
2378 5726 2597 5797 Utrique
2656 5728 2876 5782 Ilerodi.
2920 5726 3084 5797 gAlter
3134 5724 3377 5797 Herodes
3434 5722 3703 5797 Antipatri

2132 5794 2273 5851 filius
2296 5794 2628 5861 Ascalonita,
2662 5798 2749 5864 qui
2787 5798 2886 5851 fuit
2916 5794 3255 5856 int'anticida,
3290 5804 3460 5859 usque
3494 5796 3559 5847 ad
3603 5810 3702 5845 nu-

2130 5885 2255 5922 num
2285 5870 2484 5923 Christi
2520 5884 2741 5931 annum,
2772 5884 2876 5936 quo
2907 5868 2972 5919 ab
2998 5866 3296 5919 Octaviano
3324 5864 3537 5919 Caesare
3576 5878 3703 5930 sop-
