4072 6466
431 415 537 473 2’83

1646 406 2144 469 THEOPHANIS
2186 406 2522 468 CERAMEI

3586 396 3696 459 ‘28i

426 537 787 597 congruenter
818 527 967 584 facit.
1029 524 1475 593 Quandoquidem
1537 525 1734 580 mortis
1789 522 1856 576 ad
1911 534 2006 575 nos

2133 521 2266 592 ιτοῢ
2326 520 2558 574 Θανάτου
2616 517 2972 589 παρείσδυσις
3001 516 3066 568 ἐκ
3109 515 3205 583 τῆς
3232 511 3506 583 παρθένου
3543 511 3692 573 Εὔας

426 625 605 678 aditus
655 621 778 677 Eva:
835 621 1061 690 virginis
1113 619 1246 674 vitio
1298 617 1600 687 patefactus
1655 625 1759 672 est.
1817 612 2012 668 Verum

429 723 615 781 aperto
645 728 798 769 sacro
826 712 1034 775 codice,
1073 710 1234 764 verba
1268 709 1380 778 ipsa
1413 709 1696 763 audiamus
1730 710 1796 761 ιο.

504 824 524 856 ε
571 806 627 859 1η
685 805 775 858 illo
835 813 1102 870 tempore,
1165 802 1329 856 homo
1393 802 1613 870 quidam
1669 801 1902 856 accessit
1947 799 2013 854 ad

431 893 631 956 Jesttm,
679 893 763 947 cui
813 907 1006 946 nomen
1061 891 1259 958 Jairus,
1295 902 1351 946 et
1381 892 1495 960 ipse
1541 892 1794 961 princeps
1835 890 2012 962 Syna-

429 1001 599 1055 gogae,
652 994 706 1038 et
753 983 948 1037 cecidit
992 984 1059 1038 ad
1110 984 1274 1052 pedes
1319 982 1448 1038 Jesu
1491 998 1690 1051 rogans
1739 998 1860 1036 eum
1888 1022 1903 1048 ,
1953 991 2014 1037 ut

431 1080 657 1131 intraret
707 1078 758 1130 in
806 1077 1024 1130 domttm
1077 1075 1230 1144 ejus;
1293 1076 1416 1145 quia
1473 1075 1628 1129 unica
1672 1074 1778 1128 ﬁlia
1821 1085 1937 1129 erat
1965 1074 2014 1128 ei

430 1168 543 1224 fere
601 1184 860 1222 annorum
927 1168 1250 1233 duodecim;
1312 1177 1368 1220 et
1423 1168 1538 1222 haec
1594 1169 1944 1222 moriebatur.
1987 1185 2007 1219 ι

429 1261 786 1315 Admirationi
841 1259 972 1314 mihi
1032 1268 1117 1314 est
1163 1259 1214 1313 itt
1267 1260 1381 1328 ipso
1425 1259 1797 1328 explicationis
1839 1258 2014 1323 initio,

431 1363 634 1422 quanto
670 1351 991 1417 intervallo,
1023 1353 1130 1422 jam
1181 1352 1305 1406 inde
1335 1367 1362 1404 a
1395 1352 1660 1422 principio
1685 1389 1702 1414 ,
1751 1351 1841 1420 qui
1877 1352 2017 1404 inter

431 1447 678 1502 ethnicos
716 1446 874 1501 [idem
904 1461 1215 1515 suswpere,
1253 1443 1471 1502 Iudaeos
1498 1447 1848 1500 anteivcrint.
1882 1445 2013 1499 Nam

433 1539 679 1593 centurio
729 1539 944 1607 quidem
977 1538 1064 1591 ille
1117 1548 1396 1607 tantopere
1448 1539 1774 1602 conﬁdebat,
1805 1549 1860 1591 ut
1893 1553 2017 1592 cre-

437 1630 586 1682 deret
629 1643 786 1695 posse
841 1627 1176 1683 Salvatorem
1218 1630 1378 1682 etiam
1415 1630 1691 1682 absentem
1736 1631 2016 1696 aegrotanti

439 1734 605 1787 puero
655 1721 1014 1774 valetudinem
1072 1722 1237 1776 verbo
1291 1722 1601 1785 restituere,
1634 1731 1688 1774 et
1735 1730 2019 1790 propterea

438 1812 693 1865 dicebat:
733 1829 750 1862 ι
780 1811 875 1864 Dic
928 1811 1117 1874 verbo,
1162 1819 1216 1863 et
1263 1813 1543 1865 sanabitur
1597 1827 1730 1880 puer
1787 1825 1959 1863 meus.
1996 1827 2014 1860 ι

2123 613 2361 681 ἐγένετο.
2412 612 2571 666 Ἀλλὰ
2627 611 2728 681 τὴν
2780 611 2933 680 ἱερὰν
2992 607 3178 661 δέλτον
3235 603 3651 668 ἀναπτύξαντες
3680 640 3698 665 ,

2123 703 2306 757 αὐτῶν
2331 703 2444 757 τῶν
2474 703 2736 773 ῥημάτων
2766 700 3112 769 ἀκούσωμεν.

2200 815 2220 848 ι
2253 795 2343 866 Τῷ
2385 796 2563 866 καιρῷ
2609 795 2803 864 ἐκείνῳ
2847 793 3136 863 ἄνθρωπός
3184 807 3270 853 τις
3304 787 3579 858 προσῆλθε
3618 787 3702 858 τῷ

2136 886 2337 957 Ἰησοῦ,
2394 886 2620 957 ὀνόματι
2686 889 2946 958 Ἰάειρος,
2991 887 3085 940 καὶ
3135 887 3300 949 αὐτὸς
3361 886 3545 955 ἄρχων
3595 884 3701 950 τῆς

2123 978 2482 1048 Συναγωγῆς,
2509 980 2604 1032 καὶ
2640 978 2821 1032 πεσὼν
2851 978 3002 1049 παρά
3029 980 3158 1042 τοὺς
3184 979 3352 1040 πόδας
3373 977 3466 1029 τοῦ
3492 975 3701 1044 Ἰησοῦ,

2123 1069 2428 1138 παρεκάλει
2466 1070 2632 1123 αὐτὸν
2667 1070 2933 1122 εἰσελθεῖν
2979 1071 3060 1132 είς
3092 1070 3184 1121 τὸν
3217 1064 3365 1122 οἷκον
3397 1067 3588 1129 αὑτοῦ,
3615 1068 3702 1118 ὅτι

2125 1163 2416 1231 θυγάτριον
2446 1164 2734 1232 μονογενὲς
2757 1163 2833 1232 τῷ
2862 1163 3033 1232 αὐτῷ,
3070 1161 3144 1225 ὡς
3171 1162 3309 1214 ἐτῶν
3344 1160 3573 1224 δώδεκα,
3603 1159 3704 1214 καὶ

2123 1253 2263 1324 αὕτη
2290 1253 2655 1324 ἀπέθνησκεν.
2704 1273 2722 1306 ι
2762 1253 2995 1306 Ἐπεστί
3036 1271 3128 1324 μοι
3168 1252 3452 1321 θαυμάσαι
3527 1253 3703 1320 ἀρχο-

2127 1346 2272 1417 μένῳ
2329 1346 2432 1415 τῆς
2491 1346 2828 1417 ἐξηγήσεως,
2878 1347 3001 1399 ὅσον
3069 1346 3308 1417 ἀρχῆθεν
3350 1346 3401 1397 οἰ
3431 1345 3490 1407 ἐξ
3523 1343 3704 1396 ἐθνῶν

2125 1438 2553 1500 πεπιστευκότες
2571 1439 2701 1502 τοὺς
2720 1437 3003 1502 ’ῐουδαίους
3025 1439 3125 1490 ὑπε
3137 1439 3481 1506 ρηκόντισαν.
3511 1436 3571 1489 '0
3598 1436 3706 1504 μὲν

2125 1531 2236 1602 γὰρ
2258 1531 2655 1601 ἑκατόνταρχος
2677 1533 2884 1593 ἐκεῖνος
2903 1529 3075 1590 οὕτως
3101 1529 3461 1599 ἐτεθαρρήκει
3481 1525 3710 1580 πιστεύ-

2129 1641 2250 1688 σας,
2283 1623 2358 1685 ὠς
2393 1623 2485 1675 καὶ
2513 1622 2670 1676 ἀπὼν
2706 1625 2734 1675 6
2763 1623 2954 1690 Σωτὴρ
2989 1623 3090 1674 οὐκ
3131 1622 3389 1674 ἀδυνατεῖ
3415 1620 3507 1672 τὸν
3532 1619 3704 1672 ἀσθε-

2127 1714 2320 1767 νοῦντα
2374 1715 2541 1766 παῖδα
2595 1712 2672 1784 τῷ
2724 1713 2865 1781 λόγῳ
2900 1712 3190 1765 ἰάσασθαι·
3237 1711 3317 1764 διὸ
3351 1711 3446 1764 καὶ⁵
3479 1710 3706 1775 ἔλεγενο

2136 1827 2153 1858 ι
2199 1807 2332 1860 Εἰπὲ
2390 1807 2556 1876 λόγῳ,
2607 1806 2706 1859 καὶ
2761 1806 3045 1875 ἰαθήσεται
3095 1804 3125 1855 6
3155 1805 3286 1866 παῖς
3318 1821 3441 1872 μου.
3481 1822 3500 1854 ι
3545 1803 3602 1854 Ὁ
3642 1801 3710 1852 δὲ

441 1903 538 1957 ilic
569 1917 696 1956 vero
727 1904 976 1972 princeps
1008 1903 1304 1973 Synagogzn
1339 1902 1520 1957 Jairus
1553 1903 1836 1956 Dominum
1869 1911 2024 1967 rogat

2133 1899 2321 1966 παρὼν
2368 1873 2699 1966 Συναγωγῆς
2760 1873 2944 1967 ἄρχων
2971 1896 3194 1965 Ἰάειρος
3247 1895 3380 1948 εἴσω
3407 1894 3506 1964 τῆς
3527 1893 3710 1953 οἰκίας

439 2003 498 2046 ιιι
523 1994 742 2046 domum
780 1995 1133 2060 ingrediatur,
1165 1995 1484 2048 existimans
1514 2007 1634 2045 eum
1671 1993 1772 2044 alia
1813 1992 2022 2043 ratione

441 2083 670 2136 salutem
713 2081 903 2148 puellm
953 2081 1148 2136 aﬂerre
1178 2098 1282 2136 non
1317 2097 1492 2150 posse.
1524 2081 1652 2134 Erat
1701 2081 1844 2135 enim
1874 2079 2023 2135 Jairo

446 2171 551 2224 ﬁlia
586 2171 756 2225 l‘orma
791 2172 1038 2241 insignis,
1070 2187 1191 2241 qua
1220 2171 1702 2226 incontaminatum
1732 2172 2023 2238 virginita-

442 2265 515 2316 tis
555 2261 740 2318 florem
803 2272 1056 2332 tanquam
1115 2263 1287 2318 calice
1335 2263 1598 2317 inclusum
1657 2263 2026 2330 intactumque

442 2356 716 2408 servabat.
753 2353 917 2408 Multa
968 2355 1152 2423 paucis
1204 2356 1520 2424 complexus
1551 2363 1633 2408 est
1671 2354 2022 2422 evangelista,

445 2445 880 2499 lamentationem
937 2447 1249 2500 narratione
1305 2455 1511 2502 texens.
1557 2463 1574 2495 ι
1609 2445 1796 2509 Unica,
1830 2446 2023 2514 inquit,

443 2546 562 2590 erat
598 2537 789 2605 puella.
823 2557 840 2590 ι
884 2538 1044 2593 Vides
1077 2539 1402 2593 calamitatis
1431 2539 1773 2606 gravitatem,
1807 2549 1862 2590 ttt
1890 2553 2027 2605 pau-

445 2627 524 2680 cis
578 2627 664 2679 hic
704 2640 884 2681 sermo
935 2643 1120 2682 casmn
1177 2629 1378 2696 tragice
1429 2628 1867 2696 repraesentarit?
1900 2628 2028 2696 quid

448 2718 592 2771 enim
647 2717 902 2773 indicavit
951 2718 1038 2773 bis
1088 2720 1305 2773 verbis?
1357 2719 1472 2772 Non
1523 2728 1657 2783 erat,
1692 2735 1753 2773 ea
1792 2729 2026 2784 mortua,

450 2811 631 2876 proles
681 2809 785 2862 alia
835 2809 901 2864 ad
951 2825 1110 2876 quam
1164 2820 1416 2880 parentes
1453 2810 1639 2866 oculos
1689 2819 2029 2875 convertere,

447 2909 505 2954 et
545 2899 813 2970 lacrymas
866 2902 1118 2956 cohibere
1177 2916 1429 2971 possent;
1485 2913 1601 2958 erat
1645 2903 1790 2958 enim
1845 2911 2031 2972 partus

452 2990 702 3060 unigena.
766 2991 849 3045 Ad
913 2992 1014 3045 hoc
1078 2993 1308 3062 puellam
1386 2995 1692 3048 duodenum
1765 3010 2028 3049 annorum

451 3093 664 3145 notans,
729 3084 1180 3153 iucundissimum
1223 3088 1460 3142 ostendit
1528 3097 1742 3158 tempus
1814 3089 2026 3154 aetatis;

2125 1991 2391 2043 εἰσελθεῖν
2456 1991 2549 2042 τὸν
2605 1989 2875 2058 δεσπότην
2929 1985 3262 2058 παρακαλεῖ,
3326 1986 3570 2054 οἰόμενος
3625 1982 3711 2053 μὴ

2125 2083 2301 2146 ἄλλως
2336 2083 2598 2136 δύνασθαι
2628 2085 2693 2151 τῇ
2742 2080 2896 2134 παιδὶ
2924 2079 3023 2149 τὴν
3042 2079 3342 2150 θεραπείαν
3373 2079 3706 2148 ἐπαγαγεῖν.

2125 2172 2234 2230 Ἦν
2263 2178 2372 2247 γάρ
2403 2176 2480 2246 τῷ
2513 2177 2730 2244 Ἰαείρῳ
2773 2173 3068 2243 θυγάτριον
3111 2173 3254 2244 μάλα
3300 2174 3488 2240 καλὸν,
3521 2173 3580 2224 τὸ
3602 2173 3712 2238 τῆς

2129 2268 2429 2338 παρθενίας
2487 2268 2646 2330 ἄνθος
2680 2271 2946 2339 ἄχραντον
2999 2268 3262 2336 φέρουσα,
3293 2265 3368 2327 ὡς
3402 2266 3460 2318 ἐν
3505 2263 3716 2316 κάλυκι

2127 2360 2459 2430 τηρούμενον
2474 2360 2714 2416 ἄθικτον.
2740 2361 2914 2414 Πολλά
2936 2363 2993 2413 ὲν
3015 2359 3216 2426 ὀλίγοις
3238 2358 3264 2408 6
3284 2353 3709 2424 εύαγγελιστὴς,

2128 2451 2417 2520 περιέλαϐε
2447 2450 2640 2521 θρῆνον
2669 2453 2876 2520 ὑφάνας
2897 2450 3284 2521 τῷδιηγήματι
3304 2463 3319 2478 ο
3351 2446 3712 2515 «μονογενὴς,

2129 2545 2320 2612 φησὶν,
2375 2543 2618 2612 ὑπῆρχεν
2647 2545 2680 2611 ἡ
2703 2546 2856 2605 παῖς.
2890 2561 2908 2594 ι
2949 2541 3114 2612 Ὁρᾷς
3145 2542 3204 2594 τὸ
3237 2539 3402 2608 βάρος
3434 2537 3530 2604 τῆς
3567 2553 3718 2604 συμ-

2129 2637 2326 2703 φορᾶς,
2389 2636 2464 2696 ὡς
2517 2635 2575 2686 ἐν
2604 2634 2808 2701 ὀλίγοις
2839 2637 2867 2687 ό
2909 2634 3066 2702 λόγος
3106 2631 3168 2684 τὸ
3196 2630 3367 2692 πάθος
3395 2626 3716 2698 ἐξετραγῴ-

2129 2725 2294 2797 δησες
2328 2727 2380 2778 τί
2403 2728 2511 2796 γὰρ
2543 2728 2600 2779 ἐν
2629 2727 2842 2787 τούτοις
2875 2725 3147 2796 ἐδήλωσεν
3175 2741 3190 2789 ;
3228 2725 3342 2775 Οὐκ
3377 2717 3445 2793 ἦν
3488 2721 3717 2790 ἐκείνης

2132 2817 2400 2886 θανούσης
2429 2821 2508 2882 εἰς
2531 2819 2720 2888 ἕτερον
2744 2818 2870 2881 τοὺς
2896 2820 3075 2885 γονεῖς
3100 2815 3308 2868 ἀπιδεῖν
3333 2813 3566 2879 παιδίον,
3609 2812 3715 2864 καὶ

2132 2911 2405 2979 στῆσαιτὸ
2430 2909 2663 2980 δάκρυον
2683 2925 2696 2937 ·
2728 2908 3020 2979 μονογενὴς
3047 2907 3153 2977 γάρ
3178 2907 3206 2959 6
3227 2906 3384 2968 τόκος
3403 2923 3416 2936 ·
3451 2903 3586 2956 ἀλλὰ
3610 2903 3715 2956 καὶ

2131 3003 2192 3054 τὸ
2221 3001 2528 3070 δωδεκαετῆ
2555 3000 2652 3070 τὴν
2692 3002 2854 3052 παῖδα
2879 3001 3075 3059 εἰπεῖν,
3100 2998 3230 3051 αὐτὸ
3261 2997 3322 3049 τὸ
3351 2996 3450 3064 τῆς
3489 2995 3714 3066 ἡλικίας

2134 3093 2389 3163 ἐμφαίνει
2446 3093 2506 3144 τὸ
2538 3093 2933 3162 χαριέστατον·
2975 3092 3066 3144 ὅτε
3108 3091 3201 3144 τὸν
3240 3089 3499 3159 ὑμέναιον
3531 3088 3586 3138 αἱ
3615 3086 3715 3138 κό-

453 3176 672 3242 quando
732 3175 984 3230 nimirum
1046 3177 1238 3244 puellae
1291 3179 1627 3249 hymenaeum
1680 3181 1936 3249 cogitant,
1979 3191 2028 3233 et

2138 3203 2227 3254 ραι
2256 3181 2616 3252 φαντάζονται
2640 3200 2653 3214 ⁸
2679 3185 2772 3236 καὶ
2817 3182 3050 3252 νυμφίον
3081 3181 3304 3251 ὡραῖον,
3337 3181 3429 3231 καὶ
3461 3176 3715 3230 παστάδα

454 3260 748 3316 formosum
790 3278 1070 3332 sponsum,
1105 3277 1158 3319 et
1190 3266 1453 3334 genialem
1507 3266 1823 3321 thalamum.
1855 3267 2028 3321 Multa:

2137 3275 2432 3346 γαμήλιον,
2463 3274 2661 3327 πολλαὶ
2688 3274 2744 3327 δέ
2775 3275 2872 3326 καὶ
2913 3275 3042 3342 περὶ
3070 3273 3303 3332 κάλλους
3336 3269 3615 3340 ἐρίζουσαι
3640 3269 3712 3336 τῇ

455 3353 616 3407 etiam
653 3355 716 3406 de
742 3353 927 3409 forma:
975 3357 1287 3423 praastantia
1337 3359 1720 3414 contendentes
1762 3358 2034 3428 pigmenta

456 3443 523 3497 ad
552 3445 844 3498 naturalem
879 3445 1331 3514 pulchritudinem
1376 3449 1694 3519 ndjungunt,
1731 3459 1790 3503 ttt
1816 3451 2037 3504 intuen-

460 3536 601 3590 tibus
647 3535 896 3592 l‘ormosze
937 3538 1238 3593 videantur.
1273 3539 1339 3593 Et
1362 3541 1593 3596 fortasse
1639 3543 1856 3597 domum
1894 3543 2038 3596 illius

461 3627 610 3682 multi
667 3630 813 3696 proci
864 3628 1311 3700 frequentabant;
1364 3644 1418 3688 et
1459 3644 1573 3688 erat
1603 3635 1744 3689 inter
1774 3651 1866 3690 eos
1901 3651 2037 3689 con-

461 3721 627 3774 tentio
652 3723 890 3790 qtuedam
930 3724 1156 3789 ingenua
1189 3725 1297 3796 59
1325 3728 1446 3795 quis
1469 3727 1690 3797 reliquis
1714 3737 2040 3797 praeoptatus

458 3812 720 3879 virginem
773 3814 823 3867 in
881 3815 1286 3870 matrimonium
1363 3819 1603 3889 duceret.
1665 3821 1728 3872 Et
1787 3822 2042 3888 pronuba:

463 3903 699 3957 vicissim
762 3906 1136 3972 succedentes,
1198 3916 1359 3975 atque
1407 3910 1508 3962 alia
1561 3910 1726 3964 alium
1782 3926 2039 3978 sponsum

462 3992 710 4046 laudibus
770 3995 1022 4060 eli'eretts,
1085 3998 1393 4067 conjugittm
1449 4002 1689 4070 urgebat.
1737 4000 1840 4054 Sel
1891 4017 2040 4070 Spem

462 4083 529 4139 de
554 4085 727 4152 put-lla
776 4098 1089 4157 conceptam
1121 4089 1321 4158 excipit
1361 4093 1581 4146 morbus
1623 4092 1854 4145 futuram
1886 4091 2045 4162 paulo

465 4186 583 4245 post
611 4187 836 4232 mortem
873 4181 1168 4236 intentans.
1209 4181 1370 4236 Venit
1414 4184 1578 4252 igitur
1610 4199 1802 4252 parcns
1843 4185 2046 4238 arenti-

466 4265 569 4320 bus
604 4283 711 4335 νινε
742 4268 827 4321 illa
863 4284 1099 4324 aet-omna
1157 4271 1476 4338 visceribus,
1518 4282 1572 4328 et
1613 4274 1821 4328 ardenti
1884 4274 2047 4328 corde

469 4360 835 4426 precationem
890 4359 1152 4416 Salvatori
1211 4365 1482 4433 proponit.
1523 4365 1736 4436 Accipit
1779 4365 2049 4436 supplica-

471 4451 674 4503 tionem
723 4453 770 4506 is
815 4453 905 4523 qui
955 4453 1182 4508 salutem
1232 4457 1431 4512 mundo
1469 4457 1691 4513 daturus
1738 4458 2045 4514 advenerat.

2141 3367 2346 3434 φυσικῇ
2383 3363 2502 3436 ὥρᾳ
2531 3362 2628 3416 καὶ
2671 3362 3008 3433 κομμωτικά
3039 3378 3166 3414 τινα
3197 3358 3604 3430 προστιθέασιν,
3633 3356 3715 3418 ὡς

2137 3456 2203 3509 ἂν
2252 3459 2362 3519 τοῖς
2423 3454 2623 3526 ὁρῶσιν
2676 3454 2884 3521 ὀφθῶσι
2915 3452 3100 3508 καλαί.
3134 3453 3290 3520 Τάχα
3322 3469 3427 3503 που
3461 3449 3552 3501 καὶ
3578 3465 3720 3518 μνη-

2142 3547 2339 3616 στῆρες
2386 3547 2617 3614 ἐφοίτων
2673 3545 2882 3612 πολλοὶ,
2918 3545 3014 3600 καὶ
3043 3543 3250 3614 ἅμιλλα
3277 3539 3344 3613 ἦν
3378 3541 3590 3601 τούτοις
3610 3539 3720 3591 οὐκ

2140 3641 2393 3711 ἀγεννὴς,
2455 3640 2538 3702 τίς
2605 3639 2670 3693 ἂν
2701 3637 3028 3709 προκριθεὶς
3059 3638 3272 3703 γένοιτο
3308 3636 3405 3705 τῆς
3438 3631 3718 3702 παρθένου

2142 3733 2284 3801 ἀνήρ
2306 3747 2320 3764 ι
2345 3731 2440 3783 καὶ
2501 3731 2908 3800 προμνήστριαι
2962 3726 3265 3797 ἀμοιὸαδὸν
3294 3723 3582 3783 είσιοῦσαι,
3617 3719 3720 3772 καὶ⁵

2142 3823 2277 3893 άλλη
2334 3823 2494 3876 ἄλλον
2541 3821 2776 3891 νυμφίον
2819 3821 2912 3872 ἐπὶ
2953 3819 3097 3890 μέγα
3137 3817 3430 3885 ἐξαίρουσα
3465 3814 3525 3866 τὸ
3555 3811 3723 3880 κῆδος

2144 3915 2425 3968 ἔσπευδεν.
2453 3913 2616 3966 Ἀλλά
2673 3913 2773 3976 τὰς
2829 3913 2921 3965 ἐπὶ
2976 3913 3044 3981 τῇ
3079 3911 3219 3980 κόρῃ
3247 3908 3469 3970 ἐλπίδας
3500 3906 3533 3974 ἡ
3563 3904 3722 3965 νόσος

2144 4007 2452 4075 διαδέχεται
2478 4004 2780 4059 ἀπειλοῦσα
2803 4003 2896 4058 τὸν
2927 4004 3043 4073 μετ’
3078 4001 3259 4068 ὀλίγον
3287 3997 3513 4052 ἔσεσθαι
3553 3996 3727 4050 θάνα-

2145 4116 2256 4152 τον.
2295 4098 2464 4150 Ἴεται
2521 4091 2615 4150 οὖν
2674 4099 2702 4150 6
2763 4097 2947 4166 πατὴρ
3011 4095 3080 4148 τά
3133 4093 3420 4161 σπλάγχνα
3451 4090 3528 4160 τῷ
3557 4088 3724 4140 πάθει

2146 4191 2514 4262 φρυγόμενος,
2547 4190 2643 4243 καὶ
2691 4188 2888 4258 ζεούσῃ
2933 4186 3136 4258 καρδίᾳ
3178 4185 3474 4255 προσάγων
3505 4181 3582 4250 τῷ
3608 4181 3728 4233 Σωο

2145 4283 2275 4352 τῆρι
2339 4279 2439 4351 τὴν
2499 4279 2708 4350 δέησιν.
2740 4278 2966 4348 Δέχεται
3024 4277 3125 4346 τὴν
3175 4275 3389 4328 ἱκεσίαν
3428 4275 3455 4326 6
3483 4273 3577 4325 ἐπὶ
3611 4288 3724 4323 σω-

2147 4374 2343 4445 τηρίαν
2393 4369 2485 4425 τοῦ
2551 4371 2758 4440 κόσμου
2814 4367 3273 4438 παραγενόμενος.
3302 4367 3489 4434 Ἔργῳ
3522 4380 3582 4430 γε
3617 4364 3729 4432 μὴν

2149 4464 2244 4519 τού
2298 4461 2749 4535 ἀρχισυναγώγου
2794 4461 2894 4529 τὴν
2947 4458 3207 4511 ἀπιστίαν
3247 4454 3728 4525 ἐπανορθούμενος

473 4543 673 4598 Verum
705 4554 765 4598 ut
792 4561 957 4615 opere
1004 4547 1121 4616 ipso
1169 4548 1430 4619 principis
1467 4549 1764 4620 Synagogae
1801 4551 2028 4606 diﬂiden-

2152 4558 2336 4612 δίδωσι
2375 4555 2572 4625 σχολὴν
2598 4552 2778 4622 ἐαυτῷ
2825 4551 2967 4604 κατὰ
2996 4550 3092 4618 τὴν
3127 4550 3244 4603 ὁδὸν
3278 4549 3375 4617 τῆς
3403 4544 3732 4616 αἱμορροού-

471 4635 601 4688 tiam
657 4639 990 4702 emendaret,
1039 4637 1271 4707 spatium
1311 4639 1413 4694 sibi
1456 4640 1509 4694 in
1557 4639 1750 4694 itinere
1799 4641 2051 4709 sumpsit,

2155 4669 2254 4721 σης-
2274 4650 2375 4720 τὴν
2431 4650 2598 4711 tactv,
2636 4649 2711 4708 ὡς
2771 4645 2837 4697 ἂν
2867 4644 2955 4695 ἐπ’
2988 4643 3170 4704 ἀδείας
3199 4640 3293 4694 τοῦ
3337 4641 3568 4692 θανάτου
3624 4637 3731 4706 τῆς

471 4728 809 4783 curationem
847 4729 1108 4797 mulieris,
1151 4747 1270 4800 qua:
1298 4731 1536 4786 ﬂuxione
1579 4732 1857 4799 sanguinis
1902 4731 2028 4786 labo

2154 4745 2323 4812 κόρης
2377 4739 2920 4810 κατακρατήσαντος,
2961 4734 3187 4804 γένηται
3240 4732 3301 4784 τὸ
3328 4731 3512 4802 θαῦμα
3549 4745 3731 4798 παρα-

477 4818 648 4882 rabat,
700 4833 807 4886 quo
861 4818 1034 4888 magis
1086 4821 1417 4890 inopinatum
1444 4830 1499 4876 et
1548 4820 1866 4877 admirabile
1901 4821 2054 4876 ﬂeret
2151 4833 2457 4903 δοξότερον.

479 4909 794 4963 miraculum
837 4909 1023 4978 puella).
1049 4925 1078 4964 a
1105 4920 1369 4979 potestate
1398 4913 1585 4968 mortis
1610 4923 1832 4982 ereptas.

556 5019 574 5053 ι
622 4999 687 5055 Ει
711 5003 955 5069 contigit,
987 5003 1111 5056 dum
1145 5004 1286 5068 iret,
1314 5019 1343 5056 a
1379 5003 1552 5058 turbis
1573 5007 2052 5077 comprimebatur;

2232 5027 2252 5060 ι
2289 5007 2380 5060 Ἐν
2429 5004 2487 5058 δὲ
2533 5003 2613 5073 τῷ
2672 5001 2908 5070 ὑπάγειν
2947 5000 3135 5063 αὐτὸν,
3163 4999 3213 5051 οί
3243 4997 3392 5068 ὄχλοι
3418 4996 3735 5050 συνέθλιϐον

479 5102 536 5150 et
565 5093 758 5146 mulier
787 5095 1031 5162 quaedam
1068 5105 1188 5149 erat
1213 5095 1268 5148 in
1299 5095 1444 5149 lluxu
1487 5099 1769 5167 sanguinis
1799 5099 1866 5156 ab
1896 5100 2022 5156 anni

2157 5099 2319 5154 αὑτόν
2341 5115 2356 5130 ο
2385 5097 2480 5151 καὶ
2535 5095 2673 5166 γυνὴ
2736 5089 2871 5148 οὖσα
2901 5093 2964 5146 ὲν
2998 5091 3150 5162 ῥύσει
3199 5091 3430 5159 αἵματος
3462 5087 3566 5141 ἀπὸ
3593 5087 3735 5139 ἐτῶν

483 5185 789 5252 duodecim,
829 5201 948 5254 quae
989 5187 1043 5240 in
1077 5187 1315 5242 medicos
1343 5197 1661 5256 erogaverat
1687 5205 1900 5247 onmem
1934 5193 2028 5247 sub

2157 5189 2387 5252 δώδεκα,
2425 5187 2550 5258 ἥτις
2582 5186 2787 5257 ἰατροῖς
2814 5181 3290 5253 προσαναλώσασα
3319 5179 3438 5232 ὅλον
3467 5179 3559 5231 τὸν
3594 5177 3735 5245 βίον,

481 5279 736 5332 stantiam
768 5292 948 5344 suam,
977 5292 1076 5332 nec
1103 5279 1170 5332 ab
1200 5278 1311 5332 ullo
1339 5279 1511 5348 potuit
1556 5285 1758 5336 curari.
1795 5301 1814 5334 ι
1869 5282 2028 5338 Consi

2157 5283 2258 5337 ούκ
2295 5283 2483 5351 ῐσχυεν
2537 5279 2633 5333 ἀπ’
2662 5277 2880 5340 οὐδενὸς
2925 5274 3354 5344 θεραπευθῆναι.
3390 5291 3410 5324 ι
3444 5271 3642 5324 Σκόπει
3679 5269 3738 5322 δὲ

485 5371 610 5424 dera
645 5379 844 5438 quanta
872 5369 1018 5422 illum
1039 5368 1318 5424 hominum
1344 5371 1498 5426 turba
1526 5385 1968 5442 prosequeretur,
2005 5391 2028 5428 υ

2163 5375 2287 5438 ὅσος
2316 5373 2474 5444 ὄχλος
2514 5371 2838 5442 παρείπετο,
2873 5367 2948 5432 ὡς
2975 5367 3071 5420 καὶ
3095 5365 3304 5419 θλίόειν
3329 5364 3490 5417 αὑτὸν
3516 5378 3740 5414 στενου-

486 5461 652 5513 etiam
684 5459 974 5514 coarctatis
1004 5458 1257 5526 compitis
1286 5459 1437 5515 illum
1483 5463 1944 5532 comprimerent:
1978 5465 2028 5519 in

2172 5466 2349 5538 μένων
2371 5464 2479 5519 τῶν
2509 5463 2736 5532 ἀγυιῶν.
2788 5462 2874 5514 Ἐν
2901 5455 2982 5523 οἷς
3009 5454 3077 5530 ἦν
3115 5457 3210 5512 καὶ
3251 5457 3474 5526 γύναιον
3506 5454 3741 5523 αἵματος

489 5562 578 5606 ter
621 5566 758 5621 quas
803 5560 920 5604 erat
980 5551 1330 5619 muliercula,
1393 5568 1554 5622 quant
1607 5553 1747 5610 male
1791 5555 2028 5625 sanguini

2169 5557 2416 5628 ἀμέτρου
2469 5553 2858 5625 κεκακωμένον
2910 5550 3141 5623 φορᾷ,ἢ
3196 5549 3265 5603 τά
3305 5548 3579 5620 προσόντα
3626 5545 3742 5608 τοῖς

497 5643 677 5699 tluxus
716 5644 979 5712 habebat;
1011 5658 1129 5714 qua:
1159 5659 1217 5700 re
1243 5647 1391 5701 omni
1420 5648 1714 5704 domestica
1751 5648 1803 5702 in
1832 5650 2028 5703 medice

2173 5648 2383 5720 ἰατροῖς
2437 5643 2788 5710 ἀναλώσασα,
2845 5642 2943 5697 καὶ
2995 5640 3184 5710 κέρδος
3218 5636 3497 5708 εὑραμένη
3534 5632 3740 5704 μηδέν·

581 5823 624 5853 ¹⁰
656 5824 785 5879 Luc.
814 5842 928 5887 \‘lll,
957 5828 1019 5881 41
1055 5840 1208 5894 seqq.
