4072 6456
422 452 533 515 285

1839 448 2170 512 IIOMlLIA
2232 453 2306 516 X.

3588 461 3695 525 285

419 559 494 634 ἦν
530 560 638 630 γάρ
671 560 735 615 τὸ
781 560 962 626 πάθος
989 561 1355 633 ἀνθρωπίνοις
1393 560 1663 626 ἐπινοίαις
1688 561 2002 631 ἀνήκεστον.

2120 560 2414 630 insumpta,
2440 561 2643 616 nullum
2668 563 2875 618 fecerat
2902 560 3134 619 lucrum.
3165 564 3384 622 Morbus
3402 570 3545 623 enim
3574 583 3694 625 erat

452 659 804 727 Δπηρεικυϊα
846 658 988 727 πρὸς
1045 658 1220 711 πάντα
1271 656 1468 729 βουλὴν
1501 656 1817 725 βουλεύεται
1851 672 2009 707 συνε-

420 748 545 818 τὴν,
580 747 717 817 πρὸς
746 748 838 800 τὸν
879 748 1116 817 ἄμισθον
1181 749 1365 819 ίατρδν
1417 748 1695 818 ὀτραλέως
1755 747 2006 818 δραμεῖν,

420 841 503 903 ὡς
527 841 686 910 ἁδρὸν
724 841 872 908 μάλα
910 841 1104 911 μισθὸν
1124 842 1225 909 τὴν
1256 842 1440 893 πίστιν
1461 840 1782 910 κομίζουσα.
1811 837 2007 905 Ἔλεγε

420 932 556 1002 γὰρ.
595 931 667 995 ὡς
704 932 864 994 ἄλλος
917 932 1053 1002 φησι
1099 932 1515 1001 εύαγγελιστὴς,
1547 933 1652 997 ὅτι,
1692 950 1709 983 ι
1750 930 1869 983 Κᾶν
1898 930 2008 983 τῶν

424 1024 664 1093 ἱματίων
699 1023 871 1076 αὑτοῦ
917 1024 1078 1094 μόνον
1108 1025 1356 1094 ἅψωμαι,
1385 1025 1726 1094 σωθήσομαι.
1761 1042 1779 1075 ι
1837 1023 2002 1076 Ἀλλὰ

417 1117 572 1177 τίνος
620 1115 781 1185 χάριν
837 1117 897 1167 ού
954 1115 1205 1187 πρόσεισι
1248 1114 1518 1186 φανερῶς,
1549 1115 1687 1185 ὼςή
1724 1114 2007 1168 Χαναναία

417 1209 519 1258 καὶ
552 1207 585 1275 ἡ
645 1206 1073 1272 συγκύπτουσα;
1102 1205 1409 1277 Ἐπίσημος
1463 1202 1531 1277 ἧν
1565 1205 1704 1276 αὕτη
1747 1204 1842 1258 καὶ
1868 1204 2007 1274 γνὼ-

418 1313 588 1366 ριμος
617 1298 730 1359 τοῖς
759 1299 949 1358 πᾶσιν,
991 1293 1058 1367 ἦν
1085 1297 1140 1350 δὲ
1170 1298 1248 1365 τῷ
1272 1297 1423 1369 νόμῳ
1451 1296 1768 1368 ἀκάθαρτος
1795 1298 1827 1365 ή
1868 1313 2007 1349 κατ-

393 1374 661 1471 ξεχομένη
714 1388 966 1458 αἱμάτων
1043 1380 1163 1459 ῥοῇ,
1191 1389 1285 1443 καὶ
1336 1391 1434 1442 οὐκ
1480 1385 1550 1461 ἦν
1584 1387 1748 1442 αὑτοῦ
1782 1387 2006 1457 θεμιτὸν

389 1480 809 1577 ὔέπιθιγγὲινειν
842 1480 986 1543 τινὸς
1016 1480 1185 1552 ίεροῦ.
1215 1482 1355 1552 Φησὶ
1385 1482 1493 1553 γὰρ
1525 1486 1552 1537 6
1576 1483 1740 1553 νόμος
1763 1498 1780 1512 ν
1813 1499 1833 1533 ι
1861 1480 2004 1550 Γυνὴ

392 1570 517 1651 ξέάν
581 1572 679 1643 ῥέῃ
737 1571 890 1643 ῥύσει
940 1574 1170 1643 αἵματος
1207 1576 1423 1645 ἡμέρας
1456 1575 1698 1640 πλείους,
1734 1578 1907 1629 πᾶσαι
1946 1578 2003 1629 αί

415 1665 625 1733 ἡμέραι
679 1665 887 1734 ῥύσεως
926 1666 1297 1739 ἀκαθαρσίας,
1344 1671 1453 1732 πᾶς
1497 1671 1523 1721 ό
1558 1669 1866 1740 ἁπτόμενος
1908 1669 2008 1722 αὑ-

413 1756 556 1824 τῆς,
593 1758 908 1828 ἀκάθαρτος
970 1758 1145 1812 ἔσται.
1190 1778 1208 1812 ι
1253 1761 1539 1814 Δεδοικυῖα
1582 1763 1764 1815 τοίνυν
1823 1762 2004 1815 ποδῶν

383 1849 708 1917 ,ἀχράντων
740 1850 1079 1919 ἐφάψασθαι,
1116 1853 1213 1905 καὶ
1246 1852 1365 1923 ἅμα
1406 1854 1672 1925 κρύπτειν
1714 1853 2000 1922 ἐθέλουσα,

414 1940 453 1993 ἃ
489 1941 873 2012 σωφρονοῦσαι
901 1947 1161 2009 γυναῖκες
1186 1945 1594 1999 ἀνακαλύπτειν
1625 1945 1999 2016 αἰσχύνονται,

415 2032 678 2086 κλέπτειν
700 2034 799 2104 τὴν
830 2036 1108 2106 σωτηρίαν
1141 2037 1371 2091 ἐπινοεῖ.

393 1270 401 1325 l

394 1340 401 1369 ί

496 2233 514 2265 ι
555 2215 665 2266 Καὶ
698 2214 1080 2286 προσελθοῦσα
1106 2215 1333 2270 ὄπισθεν
1355 2216 1533 2287 ἥψατο
1562 2216 1658 2269 τοῦ
1689 2219 2000 2287 κρασπέδου

412 2307 513 2360 τοῦ
580 2307 797 2377 ἱματίου
848 2307 1038 2373 αὐτοῦ,
1088 2309 1183 2361 καὶ
1239 2310 1583 2379 παραχρῆμα
1619 2309 1748 2381 ἔστη
1781 2312 1813 2378 ὴ
1843 2309 2002 2381 ῥύσις

410 2403 513 2456 τοῦ
582 2402 808 2471 αἵματος
868 2402 1060 2473 αὐτῆς.
1103 2405 1166 2456 Ὢ
1222 2405 1318 2458 τοῦ
1352 2406 1659 2477 θαύματοςί
1722 2408 1911 2461 καινόν
1945 2426 1999 2460 τι

412 2495 581 2547 τοῦτο
612 2495 1059 2566 θαυματουργίας
1095 2494 1235 2561 εἶδος
1264 2499 1292 2551 6
1322 2500 1605 2572 Δεσπότης
1640 2500 2000 2567 ἐνδείκνυται,

416 2589 563 2657 μήτε
593 2588 692 2658 τῆς
723 2589 989 2657 νοσούσης
1015 2588 1317 2658 ἁψάμενος,
1355 2592 1494 2660 μήτε
1543 2590 1686 2661 λόγῳ
1728 2590 2004 2661 θεραπεύ-

417 2696 522 2743 σας
554 2679 947 2748 τὴνκάκωτιν,
990 2681 1127 2733 ἀλλὰ
1158 2685 1225 2751 τῇ
1270 2681 1453 2735 πίστει
1502 2683 1891 2753 ἐπιμετρήσας
1938 2683 2000 2737 τὸ

413 2771 574 2834 ἔλεος
596 2786 613 2803 ⁸
642 2772 918 2843 προσῆλθε
954 2773 1094 2842 μετὰ
1117 2774 1379 2839 πίστεως,
1408 2773 1627 2844 καὶτῆς
1661 2775 1873 2836 ἐλπίδος
1899 2775 2000 2845 οὐχ

415 2863 695 2932 ἥμαρτεν.
738 2863 825 2927 Ὠς
883 2865 1049 2917 καλὸν
1088 2869 1121 2935 ὴ
1177 2866 1364 2929 πίστις
1397 2866 1607 2936 ἰσχύειν
1642 2868 1999 2937 παρασκευά·

417 2955 592 3019 ζουσα
625 2960 686 3009 ὲν
723 2960 858 3028 ἡμῖν
891 2959 990 3030 τὴν
1018 2960 1264 3013 θεόδοτον
1294 2961 1456 3031 χάριν
1485 2977 1497 2991 ⁶
1537 2963 1597 3015 τὸ
1649 2962 1707 3014 δὲ
1756 2963 1999 3032 διψυχεῖν

416 3049 739 3117 ἐπιζήμιον.
776 3050 836 3102 Εί
864 3051 973 3121 γὰρ
998 3054 1088 3104 καὶ
1121 3053 1265 3122 ίερὸν
1292 3048 1358 3123 ἧν
1396 3053 1487 3106 τοῦ
1516 3055 1788 3125 ἀχράντου
1829 3055 1997 3124 χιτῶ-

417 3156 508 3201 νος
542 3139 603 3191 τὸ
637 3139 933 3209 ἱερώτατον
971 3144 1301 3212 κράσπεδον,
1338 3144 1413 3209 ὡς
1456 3145 1591 3199 Θεοῦ
1643 3148 1844 3218 σαρκὸς
1896 3150 1997 3217 ἐφ·-

2113 653 2401 723 ejusmodi,
2437 665 2496 709 ut
2531 658 2674 711 nulla
2708 670 2896 728 posset
2921 661 3160 717 humana
3203 674 3317 717 arte
3346 665 3551 718 curari.
3585 664 3693 718 De-

2111 746 2345 813 speratis
2369 748 2536 816 igitur
2559 751 2810 804 omnibus
2836 754 3109 815 remediis.
3142 756 3372 822 sapienti
3418 757 3518 810 sibi
3561 772 3694 808 cou-

2109 836 2229 889 silio
2253 837 2488 891 consulit
2511 839 2766 894 celeriter
2796 842 2862 895 ad
2886 844 3178 905 medicum,
3205 846 3294 914 qni
3324 847 3491 915 gratis
3512 856 3690 909 curat,

2109 930 2475 1001 confugiendi,
2501 932 2658 987 ﬁdem
2685 934 2861 989 ferens
2888 937 3122 1005 capiosre
3142 938 3405 990 mercedis
3426 937 3686 1005 loco(78).

2113 1043 2130 1075 ι
2155 1023 2376 1080 Dicebat
2407 1026 2575 1091 enim,
2602 1036 2662 1079 ut
2686 1027 2825 1080 alius
2840 1029 3165 1098 evangelista
3187 1030 3260 1083 ait
3288 1046 3302 1083 :
3336 1048 3353 1079 ι
3374 1030 3508 1095 Quia
3536 1029 3582 1081 si
3606 1027 3687 1083 vel

2109 1117 2487 1170 vestimentum
2522 1117 2639 1185 ejus
2689 1121 2940 1189 tetigero,
2973 1120 3118 1174 salva
3141 1135 3234 1174 ero
3266 1122 3331 1173 “.
3362 1141 3380 1173 ι
3420 1121 3523 1174 Sed
3559 1122 3685 1189 quid

2106 1215 2209 1270 est,
2238 1209 2378 1275 quod
2423 1223 2530 1263 non
2562 1210 2759 1277 palam,
2800 1221 2853 1265 et
2880 1210 3167 1266 manifesto
3199 1212 3427 1277 aeredit,
3462 1224 3519 1265 ut
3544 1212 3689 1267 Cha-

2105 1312 2292 1351 nanaza
2332 1298 2397 1366 “,
2439 1309 2491 1354 et
2523 1301 2715 1355 mulier
2742 1300 2830 1355 illa
2858 1302 3112 1356 inclinata
3144 1303 3229 1356 "‘3
3262 1304 3504 1358 Celebris
3548 1305 3684 1367 baac,

2106 1397 2162 1443 et
2182 1400 2308 1443 nota
2342 1392 2596 1446 omnibus
2630 1403 2769 1455 erat,
2801 1392 2920 1462 lege
2964 1402 3147 1448 autem
3181 1395 3455 1447 immunda
3493 1396 3689 1448 mulier

2106 1480 2428 1548 habebatur,
2458 1497 2578 1551 qua:
2612 1484 2894 1553 sanguinis
2937 1485 3083 1539 ﬂuxu
3134 1495 3436 1550 teneretur,
3481 1502 3578 1539 nec
3610 1486 3687 1540 fas

2106 1571 2154 1626 ei
2187 1582 2306 1626 erat
2334 1574 2627 1642 quidquam
2665 1576 2805 1631 sacri
2841 1576 3179 1645 contingere.
3229 1577 3319 1630 Ait
3367 1578 3508 1631 enim
3557 1578 3683 1630 lex:

2112 1680 2130 1713 ι
2163 1661 2375 1725 Mulier,
2412 1663 2456 1717 si
2491 1662 2620 1717 fluat
2652 1664 2794 1717 llnxu
2817 1664 3096 1734 sanguinis
3129 1665 3308 1733 plures
3334 1665 3469 1727 dies,
3499 1678 3687 1718 omnes

2108 1758 2226 1812 dies
2256 1756 2444 1811 ﬂuoris
2475 1759 2871 1812 immnnditiae:
2908 1760 3088 1813 omnis
3125 1768 3350 1829 tangens
3397 1773 3539 1822 eam,
3582 1757 3687 1811 im-

2109 1853 2342 1906 mnndns
2363 1850 2462 1906 erit
2498 1852 2564 1905 “.
2589 1869 2606 1901 ι
2636 1850 2823 1918 Itaque
2852 1850 3307 1903 incontaminatos
3334 1848 3498 1917 pedes
3527 1847 3691 1900 attin-

2107 1960 2232 2015 gere
2261 1945 2453 2008 verita,
2490 1953 2546 1996 et
2575 1944 2735 1997 simul
2768 1951 2824 1995 ut
2856 1941 3057 1996 celaret
3100 1957 3218 2010 quae
3252 1939 3460 2009 pudica:
3488 1938 3686 1992 mulie-

2112 2051 2198 2091 res
2231 2035 2535 2106 patefacere
2574 2035 2923 2101 erubescunt,
2978 2034 3209 2087 salutem
3260 2029 3514 2086 sulfurari
3551 2044 3685 2084 con-

2110 2130 2313 2184 stituit.

2188 2248 2206 2280 ι
2247 2229 2315 2282 Ει
2345 2231 2610 2283 accedens
2661 2237 2808 2282 retro
2857 2225 3033 2296 tetigit
3076 2224 3343 2279 ﬁmbriam
3380 2219 3683 2276 vestimenti

2107 2320 2257 2390 ejus;
2294 2332 2345 2376 et
2372 2321 2659 2375 confestim
2696 2319 2847 2374 stetit
2874 2318 3050 2372 ﬂuxus
3084 2316 3367 2387 sanguinis
3396 2316 3533 2384 ejus.
3571 2332 3588 2365 ι
3639 2312 3684 2366 Ο

2108 2430 2221 2469 rem
2253 2411 2671 2467 admirandam!
2728 2426 2927 2464 novum
2960 2409 3206 2463 miraculi
3242 2423 3413 2477 genus
3441 2417 3523 2462 est
3558 2406 3682 2468 boc,

2108 2506 2245 2575 quod
2300 2504 2559 2559 Dominus
2610 2503 2864 2563 ostendit,
2918 2516 3094 2567 neque
3143 2511 3399 2570 aegrotam
3437 2509 3683 2566 tangens,

2105 2613 2280 2668 neque
2307 2598 2471 2650 verbo
2503 2597 2753 2651 morbum
2787 2593 3081 2662 expellens,
3114 2593 3209 2648 sed
3257 2589 3683 2645 misericordiam

2107 2692 2211 2745 fide
2230 2690 2542 2753 dimetiens;
2568 2685 2802 2741 accessit
2823 2680 2947 2739 cum
2980 2684 3085 2737 [ide
3108 2683 3332 2747 mulier;
3357 2681 3468 2751 60
3488 2690 3542 2734 et
3561 2692 3685 2748 spes

2104 2783 2251 2838 illam
2311 2795 2410 2834 sua
2461 2779 2716 2832 frustrata
2753 2791 2857 2831 non
2893 2785 2998 2830 est.
3052 2773 3322 2841 Quantum
3361 2773 3560 2826 bonum
3603 2775 3685 2822 est

2104 2873 2259 2936 fides,
2297 2885 2418 2940 qua:
2446 2877 2739 2939 praeparat,
2774 2881 2832 2921 ut
2878 2865 3062 2920 divina
3111 2867 3284 2934 gratia
3320 2860 3373 2916 in
3426 2859 3582 2913 nobis
3612 2858 3685 2913 sit

2103 2964 2310 3026 efﬁcax,
2348 2960 2641 3015 diliidentia
2683 2974 2812 3013 vero
2841 2959 3119 3011 damnosa.
3168 2953 3303 3008 Nam
3338 2961 3394 3006 et
3428 2952 3473 3005 si
3502 2950 3684 3020 puris-

2101 3057 2255 3110 sima:
2291 3057 2490 3108 tunicae
2525 3051 2867 3105 sanctissima
2899 3047 3109 3101 ﬁmbria
3144 3060 3297 3100 sacra
3315 3053 3455 3108 erat,
3486 3053 3683 3109 utquaa

2105 3148 2197 3201 Dei
2233 3160 2451 3201 carnem
2479 3142 2843 3211 contingebat,
2882 3149 3057 3194 tamen
3093 3139 3223 3191 fides
3269 3133 3513 3189 mulieris
3540 3133 3685 3186 illius

420 3232 755 3299 απτόμενον,
784 3232 900 3286 ἀλλ’
938 3235 971 3303 ἠ
1002 3234 1102 3303 τῆς
1132 3238 1395 3302 γυναικδς
1430 3240 1611 3301 πίστις
1624 3240 1883 3308 πρόξενος
1908 3239 2002 3309 τῆς

2113 3239 2237 3292 doni
2280 3234 2618 3292 conciliatrix
2669 3233 2789 3288 fuit.
2840 3232 3161 3301 Tetigerunt
3195 3228 3337 3283 enim
3369 3226 3566 3279 milites
3593 3239 3686 3279 ve-

418 3326 647 3395 χάριτος
675 3326 919 3394 γέγονεν.
948 3327 1202 3396 ’Ἥψαντο
1231 3330 1339 3400 γάρ
1357 3330 1466 3382 τῶν
1506 3331 1737 3399 ἱματίων
1763 3333 1812 3384 οί
1835 3349 2003 3402 στρα-

419 3419 617 3471 τιῶται
630 3419 772 3472 κατά
782 3421 876 3473 τὸν
893 3420 987 3473 τοῦ
1008 3421 1213 3485 πάθους
1235 3422 1427 3493 καιρὸν
1448 3422 1542 3476 τὸν
1562 3425 1881 3495 ίουδαῐσμὸν
1903 3426 2004 3479 αύ-

414 3513 532 3565 τῶν
565 3514 1078 3583 κληροποιούμενοι,
1102 3514 1219 3567 ἀλλ’
1252 3515 1353 3568 οὐκ
1379 3515 1641 3586 όνήσιμος
1670 3518 1703 3587 ὴ
1729 3518 2003 3589 πρόσαψις

416 3606 672 3672 γέγονεν.
713 3603 1240 3675 Ἐξεταστικώτερον
1285 3605 1343 3659 δὲ
1373 3606 1402 3658 6
1434 3605 1580 3675 ἱερὸς
1614 3608 1843 3677 Μάρκος
1899 3611 2003 3662 ἔπ-

419 3697 840 3766 εξηγησάμενος
860 3696 923 3750 τὸ
941 3696 1189 3767 διήγημα
1203 3714 1217 3729 ·
1243 3716 1261 3749 ι
1277 3697 1477 3765 Ἔγνω,
1492 3699 1646 3770 φησι,
1667 3698 1744 3769 τῷ
1764 3698 1999 3769 σώματι,

418 3791 502 3843 ὅτι
537 3789 663 3858 ἰάθη
693 3788 801 3841 ἀπὸ
823 3787 925 3858 τῆς
954 3789 1239 3858 μάστιγος.
1289 3807 1307 3838 ι
1334 3787 1400 3840 Τί
1444 3788 1606 3841 τοῦτο
1646 3789 1823 3859 δηλῶν
1850 3805 1865 3856 ;
1913 3791 2000 3855 Ὠς

419 3883 477 3935 al
504 3882 602 3935 τοῦ
661 3880 913 3949 σώματος
972 3878 1268 3945 κακώσεις,
1306 3876 1396 3934 οἷά
1424 3897 1572 3944 τινες
1612 3881 1897 3952 μάστιγες,
1929 3881 2005 3945 ὡς

421 3974 631 4027 ἐπίπαν
656 3974 956 4042 ἐπάγονται
981 3974 1105 4034 ταῖς
1145 3973 1518 4037 ἀτακτούσαις
1546 3972 1768 4045 ψυχαῖς.
1795 3974 1921 4029 Ὅτι
1947 3975 2006 4027 δὲ

421 4066 601 4120 ταῦτα
662 4064 859 4136 ἀληθῆ,
918 4067 946 4119 6
1000 4064 1158 4132 λόγος
1205 4064 1371 4128 δείξει
1400 4065 1786 4137 ἀμογητί·τῷ
1806 4084 1868 4120 τε
1898 4067 2007 4135 γὰρ

424 4160 823 4230 θεραπευθέντι
880 4161 941 4212 ὲν
989 4162 1055 4228 τῇ
1116 4158 1473 4228 πενταρίθμῳ
1515 4158 1609 4211 τοῦ
1656 4157 2007 4229 Σολομῶντος

425 4254 582 4323 στοᾷ,
610 4250 755 4303 οὕτω
787 4251 955 4322 φησιν
987 4251 1015 4302 6
1048 4250 1285 4318 Χριστός
1310 4265 1324 4281 ’
1365 4267 1384 4300 ι
1429 4249 1536 4301 Ἴδε
1562 4249 1723 4319 ὑγιὴς
1754 4250 2005 4317 γέγονας,

426 4346 634 4415 μηκέτι
663 4345 966 4415 ἁμάρτανε,
992 4344 1080 4396 ἵνα
1113 4344 1185 4413 μή
1208 4361 1259 4394 τι
1282 4344 1468 4413 χεῖρον
1498 4343 1579 4404 είς
1602 4341 1663 4394 σὲ
1687 4342 1939 4412 γένηται.
1981 4359 2002 4393 ι

426 4439 539 4492 Καὶ
569 4439 681 4499 τοῖς
716 4434 1092 4506 κεχραμμένῳ
1118 4435 1384 4487 συνειδότι
1416 4433 1731 4505 δεχομένοις
1763 4433 1832 4486 τὰ
1850 4432 2004 4500 ἅγια,

2105 3329 2360 3383 stimenta
2402 3326 2613 3381 Domini
2651 3334 2893 3391 tempore
2921 3320 3220 3383 Passionis,
3270 3333 3334 3373 ea
3363 3318 3554 3372 sortito
3583 3314 3683 3368 tri-

2105 3422 2352 3485 buentes,
2383 3422 2474 3475 sed
2506 3418 2641 3473 nihil
2666 3417 2786 3471 illos
2810 3415 2951 3483 juvit
2984 3421 3268 3468 contactus
3289 3424 3500 3465 eorum.
3540 3406 3683 3462 San-

2104 3523 2226 3569 ctus
2291 3528 2419 3568 vero
2475 3511 2689 3566 Marcus
2758 3508 3127 3564 narrationem
3191 3505 3333 3558 hanc
3380 3501 3685 3556 accuratius

2103 3618 2415 3673 exponens:
2454 3619 2474 3653 ι
2527 3601 2729 3663 Sensit,
2784 3599 2982 3667 inquit,
3030 3610 3280 3662 corpore,
3331 3593 3455 3661 quia
3492 3599 3682 3646 sanata

2106 3704 2248 3751 esset
2282 3711 2311 3748 a
2336 3695 2488 3763 plaga
2518 3693 2601 3745 “2
2639 3711 2657 3743 ι
2708 3691 2848 3757 Quid
2881 3691 2964 3745 bis
3000 3689 3179 3742 verbis
3209 3682 3520 3755 Significat?
3558 3697 3684 3737 cor-

2110 3788 2255 3857 poris
2278 3786 2528 3839 nimirnm
2555 3781 2933 3837 alllictationes
2953 3790 3009 3833 et
3040 3777 3255 3831 morbos
3281 3774 3436 3843 quasi
3461 3773 3684 3827 verbera

2108 3879 2376 3949 qumdam,
2417 3886 2473 3930 et
2502 3875 2687 3944 plagas
2721 3873 3039 3942 plerumque
3081 3866 3454 3933 intemperatis
3488 3862 3686 3917 animis

2109 3971 2299 4027 incuti.
2342 3971 2470 4023 Haec
2510 3978 2688 4021 autem
2719 3978 2847 4018 vera
2878 3977 2999 4017 esse
3032 3958 3190 4014 facile
3218 3955 3466 4011 ostendet
3510 3952 3686 4007 oratio

2108 4072 2332 4127 nostra;
2364 4077 2485 4115 nam
2512 4070 2567 4113 ct
2595 4058 2667 4112 illi
2698 4058 2786 4126 qui
2824 4056 2875 4109 in
2905 4057 3143 4123 quinque
3176 4047 3482 4104 Salomonis
3512 4044 3687 4114 porti-

2107 4156 2263 4211 cibus
2298 4160 2519 4208 curatus
2548 4160 2650 4217 est,
2683 4151 2757 4203 ita
2787 4148 3041 4203 Christus
3082 4143 3293 4212 inquit:
3332 4157 3351 4191 ‹
3414 4139 3550 4193 Ecce
3597 4151 3688 4191 sa-

2109 4266 2213 4305 nus
2236 4248 2412 4302 factus
2439 4262 2519 4311 es,
2544 4247 2656 4316 jam
2710 4242 2816 4296 noli
2873 4253 3122 4309 peccare,
3180 4250 3248 4289 ne
3303 4231 3538 4287 deterius
3589 4229 3684 4283 ll‘bi

2110 4340 2314 4411 aliquid
2342 4332 2715 4406 contingat".
2746 4353 2765 4386 ι
2801 4334 2867 4388 Et
2900 4330 3195 4402 Apostolus
3228 4328 3318 4391 iis,
3348 4325 3438 4393 qui
3472 4323 3682 4390 impura

2110 4431 2440 4490 conscientia
2469 4440 2656 4484 sancta
2686 4427 3015 4482 sumebant:
3051 4440 3070 4473 ι
3139 4421 3288 4483 ldeo,
3350 4416 3543 4483 inquit,
3600 4415 3684 4466 in-

425 4533 595 4601 φησὶν
639 4532 670 4583 6
702 4504 1029 4592 martia-colo;
1054 4504 1073 4559 ’⁷
1113 4529 1214 4582 Διὰ
1272 4526 1432 4581 τοῦτο
1504 4528 1562 4580 ὲν
1628 4527 1759 4596 ὑμῖν
1819 4525 2002 4584 πολλοὶ

2114 4535 2195 4581 ter
2231 4539 2328 4579 vos
2373 4520 2523 4577 multi
2582 4519 2803 4584 inﬁrmi,
2862 4527 2917 4573 et
2946 4511 3265 4570 imbecilles.
3322 4517 3377 4563 et
3408 4504 3686 4560 dormiunt

423 4624 699 4686 ἀσθενεῖς,
731 4624 825 4676 καὶ
853 4624 1149 4695 ἄρρωστοι,
1174 4621 1269 4673 καὶ
1301 4619 1605 4689 κοιμῶνται
1638 4618 1837 4673 ἱκανοί.
1872 4637 1892 4669 ι

503 4736 525 4768 ι
572 4717 684 4769 Καὶ
741 4712 895 4769 εἷπεν
912 4713 1119 4783 Ἰησοῦς
1141 4728 1153 4742 ·
1184 4713 1281 4775 Τίς
1319 4731 1422 4783 μου
1466 4713 1672 4783 ἧψατος
1704 4711 2005 4782 Ἀρνουμέ-

426 4825 539 4861 νων
567 4807 626 4860 δὲ
682 4807 923 4870 πάντων,
950 4802 1107 4860 εἶπεν
1127 4808 1155 4859 6
1204 4806 1438 4877 Πέτρος,
1465 4804 1563 4857 καὶ
1594 4805 1644 4856 οί
1676 4804 1774 4857 σὺν
1805 4801 1962 4872 αὑτῷ
1986 4819 2002 4835 ο

424 4901 752 4965 Ἐπιστάτα,
788 4900 837 4951 οί
870 4899 1019 4969 ὄχλοι
1045 4897 1332 4969 συνέχουσί
1364 4914 1447 4959 σε.
1504 4897 1597 4951 καὶ
1624 4893 2001 4960 ἀποθλίϐουσι,

422 4992 521 5045 καὶ
544 4990 756 5058 λέγεις’
792 4990 890 5052 Τίς
947 5007 1050 5060 μου
1080 4989 1299 5060 liquato;
1332 5007 1351 5040 ι
1387 4988 1503 5041 Οὐκ
1556 4987 1715 5040 ἔλαθε
1740 4986 1833 5039 τὸν
1871 5002 2009 5055 καρ-

420 5083 545 5145 δίας
574 5084 670 5136 καὶ
699 5082 929 5151 νεφροὺς
952 5082 1327 5151 ὲμὸατεύοντα
1352 5082 1383 5149 ἡ
1416 5082 1516 5150 τῆς
1545 5078 1807 5148 γυναικὸς
1848 5078 2009 5128 ἔπαι-

425 5174 667 5244 νουμένη
731 5174 931 5243 κλοπὴ,
982 5172 1108 5225 οὔτε
1166 5171 1274 5244 μὴν
1318 5172 1588 5226 καλύπτει
1618 5171 1827 5241 ταύτην
1856 5170 2006 5239 σιγῇ.

506 5333 549 5363 ¹¹
589 5330 756 5385 Marc.
799 5347 852 5389 ν,
894 5329 985 5383 28.
1063 5331 1106 5361 ⁸³
1148 5328 1335 5382 Matth.
1377 5343 1467 5393 xv,
1506 5328 1599 5383 2‘2.

424 5418 483 5471 τ,
523 5402 611 5456 14.
688 5404 732 5433 ⁸ο
772 5400 794 5456 ι
832 5401 960 5453 Cor.
1001 5415 1079 5464 ιι,
1115 5400 1206 5454 30.
1250 5400 1292 5433 ι’
1335 5398 1477 5454 Psal.
1521 5413 1618 5465 νιι,
1661 5397 1749 5452 10.

1697 5327 1742 5359 ¹³
1782 5327 1917 5382 Luc.
1958 5342 2078 5393 xui,
2118 5326 2203 5379 ll.

2114 4617 2265 4673 multi
2294 4617 2357 4669 ¹⁶.
2397 4634 2415 4667 ι

2191 4729 2210 4762 ι
2258 4708 2327 4764 Ει
2354 4709 2430 4763 ait
2456 4706 2635 4771 Jesus,
2662 4704 2782 4775 quis
2803 4713 2905 4769 est,
2937 4701 3030 4773 qui
3062 4715 3149 4755 me
3183 4698 3401 4770 tetigit?
3427 4694 3690 4766 Neganti-

2113 4804 2215 4859 bus
2245 4811 2424 4855 antem
2465 4800 2741 4863 omnibus,
2789 4798 2924 4852 dixit
2970 4795 3185 4860 Petrus,
3234 4803 3289 4848 et
3318 4792 3408 4863 qni
3436 4804 3556 4845 cum
3598 4786 3691 4841 illo

2113 4902 2267 4946 erant
2299 4908 2314 4945 :
2366 4890 2693 4958 Praeceptor,
2725 4891 2893 4943 turbae
2938 4896 2993 4943 te
3044 4884 3429 4955 comprimunt,
3465 4888 3518 4934 et
3552 4877 3691 4932 ami-

2116 4994 2272 5054 gunt,
2301 4990 2356 5037 et
2391 4983 2522 5036 dicis
2561 5000 2575 5035 :
2608 4980 2741 5047 Quis
2772 4995 2857 5034 me
2886 4979 3104 5047 tetigit?
3135 4996 3154 5028 ι
3195 4974 3312 5029 Νοη
3354 4972 3508 5026 latuit
3540 4984 3686 5032 eum,

2116 5075 2209 5143 qui
2237 5069 2401 5127 corda
2439 5080 2493 5124 et
2520 5086 2676 5124 renes
2706 5076 2984 5123 scrutatur
3020 5067 3089 5131 ",
3126 5062 3399 5119 laudabile
3450 5058 3694 5114 mulieris

2120 5166 2347 5233 furtum,
2400 5180 2575 5234 neque
2631 5173 2809 5223 tamen
2845 5161 2896 5214 id
2936 5157 3153 5213 silentio
3201 5156 3365 5211 celat.
3421 5150 3560 5220 Quid
3608 5158 3694 5204 est

2283 5323 2327 5356 “
2366 5323 2537 5377 Levit.
2582 5335 2673 5386 xv,
2712 5318 2802 5372 25.
2882 5317 2947 5347 ¹⁶⁶
2988 5314 3154 5369 Marc.
3190 5328 3242 5378 ν,
3284 5311 3375 5367 29.
3455 5311 3498 5341 ¹⁸
3530 5307 3689 5362 Joan.

1658 5514 1978 5579 Francisci
2017 5510 2229 5577 Secrsi
2273 5520 2462 5573 notos.

502 5618 613 5688 (‘18)
652 5618 896 5686 (Σομὶοεω
921 5620 1171 5673 mercedis
1220 5619 1354 5673 loco.
1402 5620 1467 5673 Et
1524 5620 1639 5673 haec
1694 5620 1859 5673 etiam
1912 5619 1996 5689 pia

427 5706 581 5760 aeque
633 5706 699 5745 ac
730 5701 957 5743 venusta
1001 5692 1263 5760 sententia
1318 5705 1425 5743 una
1474 5690 1729 5760 litterula,
1788 5690 1994 5743 librarii

428 5758 594 5816 credo
638 5760 855 5814 inscitia
892 5761 1093 5812 inserta
1144 5759 1445 5814 deformata
1486 5769 1626 5812 erat.
1676 5758 1813 5825 Quid
1849 5760 1993 5813 enim

426 5833 526 5887 sibi
568 5831 754 5883 volunt
800 5832 917 5882 lucc
956 5829 1031 5891 ὡς
1070 5830 1279 5899 ἀνδρῶν
1314 5830 1458 5897 μάλα
1493 5829 1684 5899 μισθδν
1721 5832 1820 5897 τὴν
1854 5829 1995 5881 πίων

426 5903 754 5975 κομίζουσα,
781 5899 940 5965 ﬁdem
972 5901 1140 5967 ferens
1171 5897 1239 5951 ιιι
1262 5901 1485 5968 pretium
1514 5897 1783 5953 hominum
1817 5899 1989 5957 valde.

2108 5616 2419 5683 Legentlnm
2453 5615 2635 5681 itaque
2683 5613 2864 5682 ἁνδροὶ
2898 5626 2994 5683 pro
3025 5606 3239 5683 ἀνδρῶν
3260 5620 3334 5683 _ex_
3371 5603 3493 5657 cod.
3526 5602 3594 5658 Ο.
3627 5614 3685 5657 et

2114 5674 2334 5753 quidem
2359 5685 2420 5737 τὸ
2446 5674 2591 5754 μάλά
2616 5694 2762 5754 recte
2782 5674 3090 5750 appositum
3115 5674 3379 5754 etddttipbv
3402 5688 3684 5743 perperam

2110 5747 2189 5809 τῶ
2211 5747 2459 5825 ἀνδρῶν.’
2475 5753 2755 5807 Sententia
2785 5747 2910 5806 vero
2930 5748 3168 5803 auctoris
3201 5747 3251 5801 id
3282 5756 3467 5813 aperte
3496 5754 3679 5814 postu-

2107 5826 2201 5892 lat,
2230 5827 2372 5897 quud
2405 5826 2694 5879 edidimus.
