4072 6474
403 382 508 445 9.87

1605 373 2104 434 TllEOPIIANlS
2142 374 2478 434 CERAMEI

3563 370 3670 432 288

406 507 535 545 vero
583 488 748 559 quod,
798 499 920 541 eum
959 496 1178 539 sanaret
1224 483 1377 548 alios,
1421 481 1725 552 imperabat
1777 493 1836 536 ut
1868 498 1978 536 rem

2101 483 2212 546 Πῶς
2231 484 2324 536 οὖν
2350 483 2547 545 ἄλλους
2573 481 2672 551 μὲν
2690 481 3011 552 θεραπεύων
3035 480 3326 552 ἐχεμυθεῖν
3343 479 3670 550 ἀπέστελλε,

409 583 630 636 tacitam
689 593 870 633 secum
907 577 1193 639 haberent,
1230 583 1282 628 et
1319 575 1520 628 nemini
1578 576 1841 641 dicerent,
1903 575 1991 630 hic

410 685 588 728 autem
621 686 731 725 rem
767 677 967 738 gestam
1001 667 1257 734 praedicat
1286 667 1563 734 gloriose?
1595 666 1827 722 Maxime
1860 683 1988 723 cou-

409 766 689 818 vcnieuter
721 761 772 814 id
801 759 960 823 facit;
994 759 1154 812 simul
1185 759 1326 812 enim
1353 760 1585 813 ostendit
1613 762 1843 826 mulieri,
1869 778 1986 816 eam

413 871 517 908 non
559 853 725 905 fuisse
753 850 1020 902 occultam
1058 850 1154 908 illi,
1197 864 1224 901 a
1263 866 1368 919 quo
1397 851 1625 904 salutem
1657 863 1944 918 acceperat
1973 871 1988 906 :

407 955 457 998 et
477 944 633 998 simul
657 945 947 995 ferventem
974 941 1118 994 illitis
1140 940 1295 995 ﬁdem
1321 944 1387 996 iis
1412 943 1576 1010 quise
1603 944 1986 1013 sequebantur,

408 1035 579 1101 palam
614 1032 759 1086 facit.
797 1032 991 1085 Verum
1040 1034 1320 1086 considera
1368 1033 1498 1086 mihi
1551 1035 1845 1102 discipulos
1891 1038 1989 1088 itu-

413 1123 704 1191 perfcetos.
739 1122 833 1175 llle
858 1123 1000 1176 enim
1040 1123 1427 1192 interrogabat,
1455 1126 1704 1193 quisnam
1740 1129 1988 1191 accessit,

407 1222 459 1268 et
491 1229 575 1268 me
613 1213 786 1281 tetigit
820 1215 967 1267 ﬁde?
1017 1213 1071 1267 hi
1124 1229 1254 1267 vero
1283 1223 1481 1267 tactum
1517 1217 1767 1269 sensilem
1803 1219 1986 1285 snSpi-

409 1307 697 1359 cabantur.
722 1305 862 1370 Quid
891 1320 1017 1359 vero
1043 1317 1147 1368 est,
1176 1308 1314 1372 quod
1349 1308 1416 1358 ait
1447 1323 1461 1360 :
1510 1326 1528 1356 ‹
1565 1307 1701 1360 Novi
1737 1309 1986 1360 virtutem

407 1401 476 1452 de
511 1413 596 1451 me
629 1398 872 1452 exiisse?
919 1417 936 1449 ι
976 1398 1116 1452 Num
1148 1414 1252 1466 qua
1305 1399 1589 1453 diminutio
1658 1392 1817 1454 ﬁebat
1875 1401 1989 1469 ejus

409 1491 627 1542 virtutis
676 1490 972 1559 dispertita:
1017 1492 1068 1544 in
1107 1505 1200 1544 eos
1233 1491 1321 1560 qui
1349 1493 1686 1545 Sanabautur
1711 1496 1733 1546 ’ἰ
1764 1495 1982 1561 Apage!

411 1581 867 1648 quemadmodum
905 1585 1049 1635 enim
1090 1584 1218 1634 licet
1267 1599 1328 1636 cx
1383 1600 1484 1635 una
1541 1584 1655 1638 face
1706 1599 1988 1640 Sexcentas

416 1670 552 1723 alias
581 1673 869 1737 accendas,
926 1674 1200 1738 impertito
1238 1676 1488 1728 omnibus
1527 1677 1748 1740 lumine,
1809 1690 1989 1730 manet

410 1762 504 1815 illa
537 1763 850 1829 imminuta;
880 1764 950 1816 ita
996 1766 1312 1818 indeﬁciens
1353 1769 1441 1820 Dei
1496 1769 1687 1832 virtus,
1737 1786 1856 1822 cum
1894 1772 1991 1822 do-

410 1871 538 1909 num
574 1856 896 1912 valetudinis
926 1861 1176 1912 omnibus
1215 1861 1525 1928 largiretur,
1577 1863 1782 1931 integra
1815 1880 1990 1916 rema-

408 1944 600 2010 nebat;
663 1947 746 2000 vel
787 1947 830 2000 si
867 1951 1055 2012 mavis,
1097 1959 1155 2004 ut
1201 1951 1441 2005 scientize
1490 1968 1612 2005 eum
1669 1954 1734 2006 iis
1766 1955 1855 2022 qui
1894 1958 1992 2008 do-

411 2044 605 2090 centur
656 2041 1089 2106 communicauit,
1126 2048 1263 2110 apud
1298 2045 1547 2097 doctores
1580 2046 1721 2112 ipsos
1770 2047 1993 2115 integra:

409 2138 765 2193 permanent,
804 2129 908 2198 61
947 2131 1016 2184 ita
1053 2132 1228 2185 diVina
1258 2135 1428 2200 gratia
1462 2134 1748 2187 distributa
1786 2137 1850 2189 iis
1900 2136 1990 2206 qui

411 2215 559 2270 illam
585 2218 880 2286 accipiunt,
913 2221 1046 2274 nihil
1078 2237 1299 2289 prorsus
1330 2225 1533 2293 patitur
1562 2224 1896 2280 detrimenti.

490 2428 510 2461 ‹
560 2408 765 2466 Videas
792 2423 972 2467 autem
1021 2413 1210 2468 mulier
1244 2415 1368 2484 quia
1404 2430 1508 2469 non
1540 2418 1714 2482 latuit,
1755 2427 1994 2473 tremens

413 2505 582 2570 venit,
616 2513 669 2559 et
700 2507 928 2573 procidit
955 2515 1078 2560 ante
1108 2511 1268 2574 pedes
1291 2507 1446 2574 ejus;
1493 2518 1546 2562 et
1573 2509 1642 2562 ob
1669 2525 1827 2578 quam
1875 2526 1999 2563 can.

415 2608 531 2648 sam
566 2597 801 2665 tetigerit
837 2614 984 2661 eum,
1041 2598 1297 2652 indicavit
1351 2616 1532 2654 coram
1574 2604 1720 2657 omni
1779 2605 1991 2672 populo,

419 2694 474 2739 et
508 2688 959 2754 quemadmodum
994 2689 1278 2744 confestim
1319 2705 1508 2745 sanata
1544 2703 1647 2748 est.
1680 2715 1699 2743 ι
1736 2697 1827 2749 Illa
1865 2713 1995 2750 sane

421 2778 630 2843 mulier,
670 2780 860 2849 inquit,
894 2785 1176 2846 exterrita,
1229 2794 1276 2837 et
1315 2785 1533 2847 timens,
1576 2803 1642 2840 ne
1694 2787 1834 2841 forte
1888 2806 1992 2842 non

420 2880 570 2924 recte
601 2872 703 2926 hoc
741 2872 942 2925 furtum
993 2874 1093 2926 sibi
1126 2877 1464 2941 procederet,
1515 2879 1580 2930 ad
1629 2879 1746 2948 ejus
1799 2882 1997 2934 accidit

421 2960 604 3027 pedes,
641 2969 694 3014 et
734 2962 1036 3030 proﬁtetur,
1069 2966 1208 3029 quod
1242 2974 1356 3017 erat
1389 2968 1655 3019 occultum
1683 2984 1696 3020 :
1748 2967 1997 3024 Christus

423 3064 552 3103 vero
582 3051 814 3104 dilandat
847 3054 991 3106 illius
1016 3055 1174 3108 ﬁdem
1205 3072 1218 3119 ;
1253 3066 1304 3108 et
1337 3057 1498 3109 tiliam
1534 3057 1676 3111 illam
1711 3075 1805 3127 per
1839 3061 1993 3114 ﬁdem

422 3139 729 3206 adoptatum
765 3141 1016 3210 appellat.
1049 3143 1218 3208 Quam
1266 3144 1422 3197 beata
1459 3147 1687 3200 celebris
1727 3147 1842 3202 iure
1879 3166 1994 3202 mn-

2101 3151 2335 3219 ἀοῖδιμος
2367 3150 2504 3217 αὕτη
2539 3148 2675 3215 γυνὴ

423 3227 545 3291 lier,
581 3245 699 3296 qua:
731 3240 783 3282 ct
811 3232 1194 3286 valetudimem
1237 3235 1372 3287 citra
1407 3235 1646 3289 laborem
1673 3239 1993 3307 obtinuerit,

424 3327 479 3371 et
516 3320 580 3371 ad
617 3320 706 3372 Dei
737 3323 1096 3390 cognitionem
1131 3326 1364 3379 admissa
1420 3327 1600 3389 fuerit,
1635 3330 1830 3398 quippe
1874 3347 1994 3384 eum

424 3414 550 3464 Jesu
585 3412 689 3464 ﬁlia
726 3423 910 3466 vocata
939 3415 1046 3466 sit!
1087 3415 1232 3468 Felix
1267 3431 1395 3470 vero
1445 3418 1605 3472 etiam
1655 3425 1830 3473 anima
1887 3423 1996 3488 illa,

428 3517 547 3570 qum
577 3503 755 3556 .lesum
794 3515 848 3558 ut
893 3505 1005 3560 haec
1048 3508 1240 3560 mulier
1291 3525 1426 3577 pone
1475 3513 1736 3580 sequitur,
1786 3522 1838 3566 et
1884 3517 1998 3582 ejus

430 3594 680 3646 licinium
718 3595 919 3665 tangit;
975 3598 1171 3665 quippe
1202 3613 1321 3652 cum
1361 3603 1457 3653 hac
1491 3602 1716 3655 historia
1756 3620 1852 3657 nos
1900 3609 1996 3658 do-

431 3699 551 3740 ceat.
582 3685 835 3757 Spiritus,
868 3677 1031 3759 quod.
1065 3707 1265 3761 quanto
1295 3695 1413 3762 quis
1441 3697 1711 3752 Christum
1751 3717 1844 3769 per
1876 3702 1999 3755 imi-

433 3781 708 3843 tationem,
742 3785 914 3850 quoad
947 3784 1153 3837 homini
1189 3789 1371 3840 datum
1405 3800 1510 3852 est,
1545 3790 1706 3844 fuerit
1740 3808 2001 3846 consecu-

431 3881 536 3933 tus,
577 3880 628 3924 et
667 3887 763 3941 per
795 3874 1044 3927 virtutem
1097 3878 1316 3948 propius
1367 3881 1432 3932 ad
1482 3880 1649 3934 Deum
1685 3887 1999 3949 accesserit,

437 3961 699 4014 ﬁmbriam
745 3965 922 4018 adhuc
959 3966 1224 4021 duntaxat
1258 3970 1452 4037 tetigit,
1501 3986 1564 4024 eo
1616 3974 1757 4035 quod
1795 3974 1999 4027 nullum

409 4052 629 4106 'habeat
661 4053 823 4107 ﬁxum
868 4057 1085 4110 modum
1128 4073 1190 4110 ac
1224 4061 1513 4113 terminum
1553 4060 1666 4132 (79)
1700 4064 1893 4117 virtus.

507 4161 528 4194 ι
575 4143 763 4197 Adhuc
792 4137 890 4199 ille
930 4145 1202 4217 loquente,
1253 4153 1400 4204 venit
1431 4153 1645 4220 quidam
1692 4156 1756 4207 ad
1808 4157 2006 4223 princi-

432 4250 552 4300 pem
585 4249 870 4305 synagoga:
901 4238 1087 4293 dicens
1125 4241 1199 4306 ei,
1234 4244 1357 4310 quia
1389 4254 1594 4299 mortua
1622 4255 1704 4300 est
1735 4246 1839 4301 ﬁlia
1879 4257 2000 4302 tua:

436 4325 545 4382 noli
578 4341 774 4381 vexare
803 4327 978 4383 illum.
1015 4348 1034 4381 ›
1081 4330 1214 4384 Cum
1258 4342 1467 4387 tantum
1525 4336 1575 4387 in
1613 4337 1807 4390 itinere
1841 4352 2005 4391 morae

436 4417 747 4480 traxissent,
780 4435 923 4473 mors
955 4424 1350 4478 adulescentula
1387 4428 1552 4494 potita
1599 4440 1701 4494 est,
1737 4438 2004 4484 ctrcnun-

2095 577 2412 646 καὶῆκιστα
2444 576 2624 643 λέγειν
2656 575 2786 638 τινὶ,
2835 573 3069 628 ἐνταῦθα
3107 573 3162 626 δὲ
3214 573 3307 626 καὶ
3345 571 3672 642 θριαμϐεύει

2092 670 2152 723 τὸ
2183 671 2447 738 γεγονόςς
2484 671 2618 722 Δίαν
2679 670 3071 739 προσηκόντως
3130 667 3286 720 τοῦτο
3321 671 3464 734 ποιεῖ
3492 684 3506 699 '
3533 666 3672 734 ὁμοῦ

2075 781 2149 815 τε
2194 763 2301 832 γὰρ
2361 763 2599 814 agimen
2631 766 2694 833 τῇ
2729 763 2950 830 γυναικὶ
3009 761 3084 824 ὡς
3126 762 3226 813 οὐκ
3255 759 3412 813 ἔλαθε
3445 759 3535 811 τὸν
3569 759 3673 828 τὴν

2095 860 2237 913 ἴασιν
2272 860 2670 928 παρεχόμενον,
2712 858 2807 909 καὶ
2840 857 2956 924 ἅμα
2991 858 3100 918 τοῖς
3127 854 3416 922 ἑπομένοις
3445 854 3677 922 φανεροῖ

2093 951 2189 1017 τῆς
2223 949 2460 1009 πίστεως
2513 948 2681 1014 αὐτῆς
2725 947 2785 997 τὸ
2816 946 3097 1014 διάπυρον.
3125 945 3287 996 Ἀλλά
3338 960 3426 1011 μοι
3479 944 3675 994 σκόπει

2092 1039 2152 1093 τὸ
2181 1041 2284 1092 τῶν
2347 1039 2606 1107 μαθητῶν
2635 1038 2840 1098 ἀτελές.
2886 1038 2944 1089 '0
2976 1037 3074 1105 μὲν
3110 1035 3217 1104 γὰρ
3267 1034 3470 1103 ἤρετος
3507 1033 3604 1094 Τίς
3644 1032 3675 1082 ὁ

2095 1131 2488 1201 προσεγγίσας,
2543 1130 2635 1182 καὶ
2692 1129 2969 1197 ἁψάμενός
3019 1144 3119 1195 μου
3161 1128 3228 1194 τῇ
3273 1125 3494 1186 πίστει;
3533 1123 3581 1174 οἱ
3613 1121 3675 1172 δὲ

2093 1225 2192 1293 τὴν
2219 1224 2336 1275 κατ’
2368 1223 2620 1291 αἴσθησιν
2652 1221 2792 1290 ἁφὴν
2829 1217 3195 1277 ὕπετόπαζον.
3226 1216 3290 1267 Τί
3320 1214 3376 1266 δέ
3413 1216 3528 1265 ἐστι
3563 1213 3624 1265 τό
3657 1227 3673 1241 ⁸

2096 1319 2310 1384 ’Ἐγνων
2342 1317 2440 1383 τὴν
2494 1314 2723 1384 δύναμιν
2779 1309 3101 1375 ἐξελθοῦσαν
3141 1307 3236 1359 ἀπ’
3283 1304 3457 1376 ἑμοῦς
3505 1306 3675 1374 μήτις

2094 1408 2395 1470 ἐλάττωσις
2429 1407 2483 1456 ὲν
2510 1409 2621 1467 τοῖς
2682 1403 3148 1472 θεραπευομένοις
3193 1400 3413 1467 ἐγένετο
3453 1398 3676 1451 σκιδνα-

2098 1500 2267 1569 μένης
2302 1497 2465 1550 αὐτοῦ
2505 1497 2602 1562 τῆς
2650 1495 2966 1564 δυνάμεως
3007 1493 3264 1559 Ἀπαγεί
3312 1489 3501 1559 ὥσπερ
3563 1487 3680 1556 γὰρ

2093 1592 2198 1644 ἀπὸ
2234 1593 2361 1661 μιᾶς
2386 1589 2687 1657 λαμπάδος,
2717 1589 2820 1640 κᾶν
2849 1586 3046 1655 μυρίας
3069 1585 3233 1645 ἄλλας
3262 1582 3504 1651 cedem,
3531 1578 3675 1640 αὖεή

2090 1702 2149 1735 τε
2189 1684 2335 1753 μένει
2366 1681 2674 1750 ὁλόκληρος,
2703 1679 2794 1731 καὶ
2829 1679 3032 1738 πάσαις
3055 1674 3148 1727 τοῦ
3181 1671 3464 1742 φωτισμοῦ
3505 1687 3678 1740 μετα-

2093 1776 2345 1829 δίδωσιν·
2384 1773 2553 1834 οὕτως
2585 1773 2616 1841 ἡ
2651 1770 2743 1823 τοῦ
2777 1769 2910 1821 Θεοῦ
2958 1767 3242 1836 ἀκάματος
3278 1763 3506 1832 δύναμις
3538 1762 3678 1814 πᾶσι

2099 1867 2411 1937 χορηγοῦσα
2439 1865 2548 1916 τῶν
2579 1865 2827 1930 ἰαμάτων
2871 1861 2967 1932 τὴν
3011 1860 3197 1929 χάριν,
3228 1857 3529 1924 ὁλόκληρος
3581 1848 3678 1921 ἦν.

2099 1962 2239 2014 Εξδε
2278 1960 2477 2030 βούλει,
2516 1957 2703 2024 ὥσπερ
2763 1957 2817 2007 ai
2881 1955 3188 2020 ἐπιστῆμαι
3251 1949 3364 2009 τοῖς
3426 1945 3682 1998 διδασκοο

2103 2053 2285 2120 μένοις
2319 2049 2734 2120 μεταδιδόμεναι
2780 2044 2931 2114 παρὰ
2983 2045 3094 2104 τοῖς
3153 2038 3495 2100 διδασκάλοις
3555 2035 3684 2087 ὁλό-

2099 2145 2287 2215 κληροι
2342 2143 2615 2209 μένουσιν,
2671 2139 2839 2199 οὕτως
2897 2137 2928 2204 ἡ
2963 2134 3056 2186 τοῦ
3092 2131 3229 2184 Θεοῦ
3257 2131 3419 2201 χάρις
3455 2127 3684 2198 μερίς-θ’

2101 2237 2238 2304 μένη
2289 2235 2401 2294 τοῖς
2471 2231 2808 2300 δεχομένοις,
2878 2225 2986 2278 οὐδ’
3043 2222 3330 2294 ἡντιναοῦν
3378 2219 3682 2288 ὑφίσταται

2102 2329 2350 2399 μείωσιν.

2174 2440 2189 2469 ι
2213 2417 2416 2469 Ἰδοῦσα
2441 2417 2498 2470 δὲ
2531 2417 2563 2486 ἡ
2592 2416 2752 2482 γυνὴ,
2785 2415 2864 2466 ὅτι
2885 2412 2984 2464 οὐκ
3013 2407 3193 2473 ἔλαθε,
3218 2408 3495 2477 τρέμουσα
3516 2400 3680 2475 ἦλθε,

2097 2514 2189 2567 καὶ
2227 2509 2611 2580 προσπεσοῦσα
2670 2505 2837 2574 αὐτῷ,
2879 2504 2942 2556 δι’
2969 2503 3036 2573 ἣν
3064 2501 3240 2554 αἰτίαν
3281 2498 3457 2570 ἥψατο
3484 2496 3678 2557 αὑτοῦ,

2084 2603 2438 2674 ’ἀπήγγειλεν
2492 2601 2724 2651 ἐνώπιον
2753 2594 2955 2655 παντδς
2987 2593 3080 2646 τοῦ
3127 2591 3281 2654 λαοῦ,
3316 2591 3405 2643 καὶ
3440 2589 3514 2650 ὡς
3548 2589 3678 2656 ἰάθη

2100 2695 2468 2765 παραχρῆμα.
2527 2711 2542 2742 ι
2596 2689 2659 2742 Ἥ
2722 2689 2821 2758 μὲν
2879 2683 2993 2746 οὖν,
3031 2685 3186 2754 φησι,
3227 2683 3364 2750 γυνὴ
3396 2681 3678 2742 δειλιῶσα,

2099 2787 2193 2838 καὶ
2220 2785 2522 2854 τρέμουσα,
2565 2782 2638 2850 μή
2673 2779 2789 2841 πως
2828 2779 2927 2830 οὐκ
2957 2779 3038 2838 εἷς
3076 2774 3241 2827 καλὸν
3268 2775 3300 2844 ἡ
3333 2772 3506 2841 κλοπὴ
3535 2768 3678 2835 αὕτη

2100 2879 2311 2947 γέγονε,
2349 2873 2740 2944 προσπεσοῦσα
2796 2871 3051 2940 ὁμολογεῖ
3100 2869 3158 2920 τὸ
3189 2867 3534 2936 ἀπόρρητον·
3568 2863 3594 2912 6
3621 2861 3681 2912 δὲ

2101 2969 2194 3024 καὶ
2220 2971 2316 3037 τὴν
2360 2969 2542 3019 πίστιν
2587 2966 2757 3030 αὐτῆς
2814 2963 3046 3025 ἐπαινεῖ,
3080 2960 3173 3012 καὶ
3218 2955 3490 3026 θυγατέρα
3520 2954 3682 3006 καλεῖ

2100 3059 2474 3111 οίκειωθεῖσαν
2538 3057 2626 3108 διὰ
2657 3055 2756 3120 τῆς
2808 3056 3062 3112 πίστεως.
3107 3051 3193 3112 Ὠς
3231 3049 3477 3118 μακαρία
3507 3045 3604 3114 μὲν
3642 3047 3676 3112 ἡ

2665 3166 2698 3215 3,
2735 3146 2829 3197 καὶ
2856 3146 2954 3211 τῆς
2985 3142 3172 3211 ὑγείας
3203 3141 3404 3210 ἀμοχθὶ
3435 3137 3682 3191 ἀπολαύ-

2102 3261 2264 3304 σασα,
2297 3246 2387 3294 καὶ
2423 3244 2500 3302 εἰς
2555 3242 2653 3306 τὴν
2685 3237 2773 3290 τοῦ
2805 3235 2941 3289 Θεοῦ
2976 3234 3289 3302 εἰσαχθεῖσα
3325 3229 3680 3298 συγγένειαν,

2099 3336 2174 3398 ὡς
2204 3335 2450 3402 θυγάτηρ
2483 3331 2743 3400 κληθεῖσα
2775 3327 2869 3381 τοῦ
2913 3326 3115 3396 Ἰησοῦ.
3151 3324 3418 3392 Μακαρία
3442 3323 3497 3375 δὲ
3526 3322 3622 3373 καὶ
3649 3323 3681 3388 ἡ

2099 3425 2221 3479 κατ’
2272 3425 2488 3492 ἐκείνην
2543 3422 2710 3491 ψυχὴ,
2744 3423 2775 3490 ἡ
2805 3419 3029 3472 ὄπισθεν
3082 3417 3326 3487 ἑπομένη
3357 3414 3434 3484 τῷ
3471 3412 3680 3483 Ἰησοῦ,

2101 3523 2195 3573 καὶ
2231 3518 2512 3585 ἁπτομένη
2567 3516 2662 3567 τοῦ
2717 3502 3028 3582 κρασπέδου
3090 3509 3282 3572 αὐτοῦ,
3334 3509 3682 3570 διδάσκοντος

2100 3611 2188 3663 διὰ
2218 3611 2315 3678 τῆς
2360 3607 2601 3676 ἱστορίας
2636 3605 2727 3657 τοῦ
2763 3604 3102 3673 Πνεύματος,
3131 3602 3206 3662 ὡς
3233 3603 3357 3653 ὅσον
3389 3617 3474 3661 τις
3504 3599 3686 3650 ὀπίσω

2105 3701 2309 3770 βαδίσει.
2353 3697 2593 3768 Χριστοῦ
2622 3698 2712 3749 διὰ
2737 3696 2855 3763 τῆς,
2890 3695 2967 3756 ὼς
2999 3693 3224 3761 ἐφικτὸν
3255 3690 3548 3760 ἀνθρώπῳ,
3591 3708 3687 3756 μι-

2109 3783 2346 3862 μήσεως,
2398 3792 2490 3842 καὶ
2548 3789 2614 3840 δι’
2668 3790 2867 3856 ἀρετῆς
2904 3786 3262 3855 προσεγγίσει
3309 3783 3447 3851 Θεῷ,
3478 3781 3684 3833 ἕτιτοῦ

2106 3882 2414 3952 κρασπέδου
2446 3881 2606 3949 μόνον
2656 3877 2926 3947 ἐκρήψατο,
2961 3875 3048 3930 διὰ
3081 3875 3139 3928 τὸ
3175 3873 3401 3942 ἄπειρον
3419 3873 3524 3941 τῆς
3551 3873 3686 3943 ἀρε·

2103 3976 2204 4044 τῆς
2233 3977 2331 4028 καὶ
2359 3974 2636 4044 ἀόριστον.
2726 3978 2728 3980 ⁷
3143 3975 3145 3978 ⁴

2182 4169 2200 4201 ι
2242 4151 2363 4202 ’Ἔτι
2407 4147 2572 4201 αὑτοῦ
2623 4147 2938 4210 λαλοῦντος,
2999 4143 3219 4217 ἔρχεταί
3269 4160 3355 4206 τις
3403 4141 3557 4212 παρὰ
3585 4139 3687 4193 τοῦ

2105 4241 2555 4312 ἀρχισυναγώγου
2583 4239 2755 4308 λέγων
2781 4239 2951 4310 αὐτῷ,
2989 4239 3071 4290 ὅτι
3089 4237 3405 4306 τέθνηκενὴ
3434 4234 3688 4303 θυγάτηρ

2109 4354 2226 4397 σου,
2265 4336 2338 4406 μὴ
2381 4333 2579 4386 σκύλλε
2625 4333 2720 4385 τὸν
2766 4330 3108 4384 διδάσκαλον.
3155 4347 3174 4380 ι
3211 4328 3496 4395 Τοσαύτης
3523 4343 3690 4393 γεγο-

2107 4429 2261 4489 νυίας
2301 4426 2440 4480 κατὰ
2478 4427 2577 4493 τὴν
2604 4422 2913 4492 ὁδοιπορίαν
2942 4422 3156 4491 τριϐῆς,
3185 4424 3213 4473 ὁ
3236 4421 3465 4481 θάνατος
3509 4419 3688 4487 ὑπερ-

435 4512 601 4564 tiatur
632 4514 769 4582 patri
803 4515 1012 4584 puellae,
1040 4533 1110 4572 ne
1146 4518 1389 4573 inutilem
1421 4521 1734 4591 prteeeptori
1760 4523 1997 4577 laborem

2116 4520 2291 4589 ισχύει
2337 4519 2437 4586 τῆς
2497 4517 2782 4588 μείρακος,
2817 4514 2913 4568 καὶ
2969 4513 3375 4580 ὑπαγγέλλεται
3410 4512 3486 4580 τῷ
3517 4511 3692 4576 πατρὶ

433 4605 716 4673 exhibeat;
751 4609 1135 4664 existimabant
1164 4611 1305 4666 enim
1336 4613 1592 4666 virtutem
1639 4614 1746 4668 illis
1786 4608 2008 4669 eatenus

431 4697 705 4752 eﬁieacem
731 4714 869 4765 esse,
897 4697 1074 4770 quoad
1097 4704 1273 4759 anima
1311 4719 1434 4760 cum
1463 4719 1697 4774 corpore
1719 4705 2005 4773 conjuncta

433 4802 595 4845 esset.
630 4793 741 4848 Hoc
771 4794 946 4864 ipsum
969 4802 1027 4849 et
1056 4792 1264 4849 Martha
1293 4796 1496 4851 sentire
1522 4796 1636 4850 visa
1659 4813 1724 4852 ex
1757 4798 1862 4851 illis
1887 4812 2007 4852 ver-

2113 4615 2212 4681 τῆς
2246 4612 2450 4674 παιδὸς·
2471 4611 2547 4680 μὴ
2585 4610 2890 4678 παρασχεῖν
2909 4606 2990 4675 τῷ
3030 4605 3337 4671 διδασκάλῳ
3367 4605 3536 4656 κόπον
3564 4603 3696 4654 ἀνό-

2113 4719 2309 4772 νητον·
2337 4701 2509 4772 ᾤοντο
2541 4701 2649 4768 γὰρ
2686 4699 2851 4769 μέχρι
2880 4698 3002 4750 τότε
3031 4693 3172 4751 εἶναι
3205 4698 3304 4766 τὴν
3339 4695 3493 4765 ἰσχὺν
3521 4693 3691 4745 αὐτοῦ

2111 4796 2355 4868 ἐνεργὸν,
2385 4795 2492 4858 ἓως
2521 4793 2553 4864 ἡ
2585 4792 2735 4864 ψυχὴ
2758 4791 2835 4862 τῷ
2867 4793 3083 4860 σώματι
3119 4788 3356 4843 σύνεστι.
3391 4787 3559 4838 Ταυτὶ
3593 4784 3695 4838 καὶ

1662 4944 1983 5006 Francisei
2025 4943 2235 5007 Seorsi
2265 4947 2456 5005 noue.

507 5039 621 5106 (79)
657 5039 848 5096 Fixum
889 5044 1100 5103 modum
1133 5061 1195 5097 ac
1215 5045 1517 5100 terminum.
1555 5045 1630 5098 Ex
1655 5045 2009 5100 celeberrima

437 5112 830 5183 verissimaqu
867 5123 1175 5183 sanctorum
1213 5116 1450 5167 omnium
1488 5130 1616 5168 voce
1647 5130 1861 5183 semper
1891 5129 2010 5167 esse

438 5181 492 5235 in
526 5182 726 5253 virtute
767 5182 1179 5250 proliciendum,
1229 5199 1292 5237 ac
1352 5181 1777 5253 procedendum,
1828 5184 2008 5237 consi-

442 5250 692 5305 stendum
725 5268 1018 5320 nunquam.
1047 5253 1120 5304 lta
1156 5253 1213 5307 S.
1251 5250 1517 5307 Maiimus
1541 5269 1648 5324 quo
1685 5263 1866 5324 noster
1896 5253 2009 5324 fre:

443 5331 670 5388 quenter
711 5324 896 5382 utitur,
942 5333 1086 5374 cent.
1123 5339 1204 5383 ιιι.
1257 5321 1570 5381 ()lieonom,'
1601 5339 1717 5390 cap.
1752 5323 1818 5376 15
1855 5341 1867 5376 :
1901 5321 2007 5387 Qui

441 5393 650 5445 virtutis
681 5392 892 5444 modum
919 5391 1180 5456 inﬁnitum
1209 5396 1491 5460 cognoscit,
1527 5411 1792 5461 nunquam
1820 5409 2006 5445 secun-

440 5462 563 5514 dum
602 5461 750 5514 illum
785 5476 994 5513 currere
1041 5462 1253 5515 desinit.
1291 5463 1350 5514 Et
1383 5478 1445 5514 ex
1481 5465 1723 5515 dortrina
1765 5463 1827 5518 S.
1860 5461 2007 5514 Tho-

443 5548 562 5595 mee,
590 5532 624 5584 ‘2
657 5530 708 5584 2.
728 5529 1027 5597 quasstﬂ-i,
1054 5533 1223 5594 art.2,
1245 5543 1297 5586 et
1319 5531 1685 5600 theologorum
1713 5531 1800 5599 qui
1819 5533 2011 5583 docent

442 5603 783 5663 charitatem,
835 5609 888 5652 et
951 5615 1074 5653 cum
1116 5615 1176 5652 ea
1223 5616 1412 5654 omnes
1473 5605 1605 5655 alias
1665 5604 1894 5654 virtutes
1952 5600 2006 5654 in

443 5668 710 5722 inﬁnitum
767 5685 923 5734 posse
983 5685 1196 5737 semper
1245 5674 1458 5738 augeri;
1497 5675 1587 5725 sed
1633 5672 1774 5733 vide,
1823 5672 2007 5733 sodes,

444 5739 752 5808 Cornelium
779 5754 807 5789 a
843 5739 1040 5806 Lapide
1065 5740 1254 5794 societ.
1295 5752 1494 5794 nostra:
1527 5741 1788 5808 optimum
1821 5755 2010 5792 sacra-

447 5819 562 5858 rum
600 5806 920 5861 Litterarum
957 5819 1008 5863 et
1041 5811 1316 5877 copiosum
1354 5806 1698 5878 interpretem
1730 5811 1779 5864 in
1826 5810 1910 5862 illa
1945 5810 2010 5862 de

2107 5043 2261 5099 Pauli
2292 5041 2357 5094 ad
2402 5040 2635 5108 Philipp.
2661 5053 2721 5092 ιιι
2755 5053 2771 5090 :
2805 5036 3039 5099 Fratres,
3074 5051 3162 5104 ego
3190 5050 3270 5087 me
3324 5050 3425 5108 non
3459 5033 3695 5085 arbitror

2110 5104 2558 5182 comprehendisse
2585 5104 2626 5162 ἐ
2667 5123 2830 5182 unum
2873 5117 3082 5168 autem,
3125 5119 3242 5172 quw
3287 5104 3494 5182 quidem
3552 5111 3693 5154 retro

2109 5174 2237 5236 sunt
2279 5181 2610 5240 obliviscetur,
2658 5177 2725 5229 ad
2753 5193 2809 5229 ea
2841 5190 2960 5228 vero
3001 5188 3117 5242 qua:
3145 5185 3264 5226 sunt
3296 5174 3479 5239 priora
3511 5183 3692 5224 eaten-

2111 5254 2235 5306 dens
2263 5251 2517 5318 meipsum
2544 5249 2639 5318 radi
2662 5247 3000 5318 destinatum
3028 5258 3307 5318 persequor
3347 5246 3414 5294 ad
3449 5243 3692 5318 brevium

2109 5311 2693 5382 supernw't'ocationis.
2744 5314 2841 5368 Ubi
2894 5313 3057 5366 multa
3119 5313 3282 5372 dicta,
3332 5323 3386 5365 et
3434 5311 3687 5382 exempli

2109 5381 2352 5445 veterum
2384 5387 2601 5441 Patrum
2639 5387 2743 5438 huc
2793 5383 3046 5436 facientia
3081 5381 3322 5448 colligit;
3355 5381 3482 5449 quin
3517 5390 3570 5432 et
3599 5396 3691 5432 ra-

2113 5463 2341 5526 tionem,
2379 5467 2432 5513 et
2463 5467 2917 5526 causas__semp_er
2967 5450 3342 5526 progrediendi
3380 5454 3459 5526 in_
3485 5452 3688 5502 virtute

2115 5521 2375 5599 plurimas
2422 5529 2596 5599 docet.
2648 5523 2796 5599 [lane
2839 5523 3136 5599 doctrinam
3169 5536 3231 5573 ex
3295 5521 3395 5573 hoc
3446 5521 3583 5582 loco,
3612 5529 3692 5599 _et

2115 5591 2304 5655 multis
2336 5601 2388 5654 in
2415 5597 2534 5650 aliis
2563 5594 2799 5648 homiliis
2839 5591 3197 5659 Theophanes
3235 5599 3418 5643 noster
3451 5591 3691 5658 trapeto-

2115 5673 2232 5738 gice
2261 5667 2580 5736 explicando
2624 5665 2788 5738 dicta,
2845 5658 3094 5738 factaque
3159 5658 3430 5738 Evangelii
3473 5661 3688 5738 repetit,

2115 5728 2170 5792 Et
2231 5728 2486 5800 inculcat,
2534 5744 2588 5788 ut
2619 5733 2860 5800 apprime
2905 5732 3112 5792 utilem,
3147 5740 3199 5783 et
3235 5730 3287 5783 in
3337 5744 3489 5782 usum
3521 5728 3692 5796 perfe-

2117 5809 2303 5863 ctioris
2332 5809 2455 5860 vita:
2486 5804 2746 5859 studiosis
2772 5802 3185 5856 traducendum.
