4072 6418
472 306 575 371 ‘291

1682 301 2173 366 THEOPIIANIS
2213 303 2555 366 CERAMEE

3631 316 3744 378 292
3803 301 3819 313 '

471 426 878 483 considerantes
904 422 1111 495 aequale
1148 430 1363 492 tempus
1392 421 1516 477 vita:
1543 421 1756 492 puellae,
1788 427 1846 477 et
1869 418 2040 476 morbi

2149 439 2238 476 νον
2271 422 2416 491 ὀρῶν
2448 441 2508 477 τε
2541 423 2642 495 τῆς
2670 424 2766 480 τοῦ
2791 427 3053 499 κορασίου
3083 427 3255 502 ζωῆς,
3311 432 3409 486 καὶ
3448 431 3546 503 τῆς
3581 435 3744 489 νόσον

471 517 740 584 mulieris,
769 526 1063 588 utrumque
1091 517 1353 571 duodenis
1381 515 1691 570 dimensum
1714 514 1899 579 annis,
1938 526 2048 567 non

468 612 753 675 aberrare,
784 620 838 667 et
862 610 1262 678 inconsequens
1285 608 1496 679 aliquid
1530 624 1559 662 a
1590 608 1870 677 proposito
1899 605 2046 662 vide-

470 720 594 758 mur
618 705 818 759 dicere.
861 688 1266 772 Namquandiu
1320 692 1602 772 Synagoga
1644 690 1814 764 vixit,
1858 699 2048 754 tandiu

468 796 809 850 ethnicorum
840 793 1126 848 multitudo
1151 795 1358 864 peccati
1392 796 1584 848 morbo
1608 801 1875 862 occupata
1904 790 2045 858 fuit;

472 896 656 954 postea
689 889 1028 959 vero.q'uam
1065 885 1155 939 illa
1196 884 1249 939 in
1282 874 1689 939 Emmanuelem
1741 892 1825 940 est
1853 883 2052 939 debac-

465 976 648 1037 chata,
677 983 731 1029 et
762 989 856 1043 per
884 974 1257 1029 inﬁdelitatem
1284 985 1520 1042 mortua,
1540 974 1657 1030 haec
1682 974 1784 1029 fuit
1807 990 1835 1027 a
1859 975 2049 1030 morbo

464 1067 574 1139 63
606 1066 858 1121 liberata.
891 1066 999 1122 Sed
1023 1076 1079 1122 et
1104 1082 1371 1123 annorum
1392 1071 1668 1122 ’numerus
1704 1066 1906 1120 indicat
1928 1081 2049 1136 quae

466 1160 535 1212 ad
571 1172 768 1212 sensus
798 1166 855 1211 et
897 1167 1110 1227 tempus
1147 1159 1421 1224 attinent,
1455 1158 1663 1226 quibus
1709 1156 1761 1210 in
1811 1158 2047 1211 humana

463 1261 657 1304 natura
705 1249 1002 1317 impietatis
1042 1251 1268 1305 morbus
1308 1249 1539 1329 invaluit
1582 1265 1599 1305 :
1652 1260 1863 1318 tempus
1899 1249 2046 1304 enim

462 1340 832 1409 septenarium
863 1348 948 1394 est
982 1342 1092 1411 (81)
1129 1355 1322 1396 sensus
1373 1334 1503 1395 vero
1529 1342 1837 1411 quinarius.
1891 1339 2045 1406 Quod

463 1446 591 1485 vero
626 1439 745 1497 post
772 1431 1080 1486 restitutam
1106 1431 1398 1487 immundae
1436 1432 1649 1486 mulieri
1679 1422 2043 1485 valetudinem

464 1520 726 1576 defuncta
759 1521 938 1591 puella
972 1536 1004 1576 a
1035 1523 1267 1578 mortuis
1297 1523 1628 1588 restituitur,
1658 1536 1727 1577 ne
1776 1523 1878 1576 hoc
1925 1523 2047 1592 qui-

461 1613 585 1666 dem
664 1612 732 1666 ab
784 1615 1054 1683 exquisita
1107 1615 1369 1686 allegoria
1428 1625 1515 1671 est
1586 1616 1846 1670 alienum.
1909 1614 2044 1669 Nam

465 1718 489 1753 ι
554 1694 818 1771 Reliquiae.
876 1703 1042 1758 salva:
1094 1704 1225 1759 tient
1275 1696 1361 1772 ⁵ο,
1414 1723 1435 1757 ι
1492 1705 1647 1773 juxta
1699 1705 2041 1776 Apostoluiu,

2156 519 2254 587 τῆς
2281 519 2565 585 γυναικὸς,
2613 520 2696 583 εἰς
2752 522 3036 586 ἐνιαυτοὺς
3089 522 3463 596 μετρούμενον
3522 526 3618 579 δύο
3644 528 3743 581 καὶ

2154 607 2310 674 δέκα,
2339 608 2400 661 οὺ
2437 608 2756 678 ξενιζόμεθα
2801 614 2941 682 πρὸς
2988 614 3051 667 τὸ
3095 614 3393 670 ἀκόλουθον
3419 617 3738 687 βλέποντες.

2155 702 2298 756 Καθ’
2328 705 2454 757 ὅσον
2487 704 2595 777 γὰρ
2615 705 2806 776 χρόνον
2829 709 2860 779 ή
2888 711 3183 778 συναγωγὴ
3211 709 3332 781 ἔζη,
3365 713 3398 779 ἡ
3425 710 3535 762 τῶν
3562 711 3739 765 ἐθνῶν

2169 796 2474 865 Ἐκκλησία
2519 799 2585 868 τῇ
2617 797 2760 868 νόσῳ
2793 799 2893 867 τῆς
2927 799 3205 871 ἁμαρτίας
3240 801 3557 870 συνείχετο·
3593 801 3739 856 ὲκεί-

2156 903 2253 957 νης
2279 888 2744 958 πεπαρῳνηκυίας
2774 890 2912 959 πρὸς
2939 890 3031 943 τὸν
3069 888 3446 962 Ἐμμανουήλ,
3476 893 3570 947 καὶ
3601 896 3740 948 ἀπο·-

2158 980 2429 1051 θανούσης
2470 983 2539 1053 τῇ
2586 981 2838 1055 ἀπιστίᾳ,
2869 983 3011 1055 αὕτη
3033 984 3128 1037 τοῦ
3157 986 3466 1056 νοσήματος
3494 983 3738 1041 λέλυται.

2167 1073 2330 1126 Ἀλλά
2362 1075 2459 1128 καὶ
2485 1076 2514 1128 ὁ
2542 1074 2652 1127 τῶν
2681 1076 2820 1130 ἐτῶν
2851 1076 3088 1146 ἀριθμὸς
3124 1077 3234 1131 τῶν
3275 1079 3406 1148 περὶ
3428 1079 3737 1149 αἰσθήσεώς

2154 1169 2294 1229 ἐστι,
2323 1168 2418 1220 καὶ
2447 1169 2642 1237 χρόνου
2670 1168 2989 1238 δηλωτικὸς,
3026 1170 3087 1224 ἐν
3141 1165 3224 1233 οἷς
3276 1173 3609 1240 κατεκράτει
3632 1170 3736 1240 τῆς

2154 1259 2373 1328 φύσεως
2403 1260 2505 1326 τῆς
2537 1260 2794 1325 ἀσεϐείας
2830 1261 2891 1315 τὸ
2939 1264 3185 1334 νόσημα’
3234 1260 3590 1331 ἑϐδομαδικδς
3622 1264 3736 1331 γὰρ

2151 1355 2180 1406 ὁ
2208 1352 2424 1422 χρόνος,
2450 1351 2751 1424 πενταδικὴ
2783 1353 2840 1406 δὲ
2860 1355 2895 1424 ή
2929 1353 3185 1424 αἴσθησις
3204 1370 3220 1386 ο
3278 1354 3326 1406 εἰ
3361 1353 3419 1408 δὲ
3447 1356 3540 1408 καὶ
3590 1355 3737 1424 μετά

2152 1445 2252 1514 τῆς
2275 1443 2595 1518 ἀκαθάρτου
2629 1444 2727 1514 τὴν
2768 1444 3072 1516 θεραπείαν
3112 1446 3469 1516 ήτεθνηκυία
3520 1446 3739 1517 ἐγείρε-

2149 1557 2264 1603 ται,
2303 1538 2428 1593 οὐδὲ
2469 1539 2630 1593 τοῦτο
2656 1541 2723 1610 τῇ
2757 1539 2959 1610 θεωρίᾳ
2992 1538 3101 1592 τῶν
3147 1537 3534 1609 ἐξητασμένων
3581 1540 3735 1592 ἐστὶν

2152 1629 2554 1683 ἀνακόλουθον·
2625 1648 2644 1681 ι
2678 1630 2790 1682 Καὶ
2843 1629 2904 1683 τὸ
2935 1630 3292 1701 κατάλειμμα
3340 1631 3669 1701 σωθήσεται,
3710 1650 3729 1683 ι

2152 1718 2297 1771 κατά
2325 1720 2419 1772 τὸν
2457 1719 2809 1784 Ἀπόστολον,
2862 1738 2881 1770 ι
2921 1718 3256 1781 εἰσελθόντος
3293 1718 3386 1771 τοῦ
3423 1718 3738 1789 πληρώμα-

471 1811 492 1846 ι
552 1809 677 1849 eum
742 1796 987 1865 ingressa
1046 1785 1212 1852 fuerit
1263 1798 1505 1866 gentium
1554 1798 1835 1869 plenitudo
1893 1790 1961 1852 ²¹.
2022 1815 2040 1848 ι

2152 1830 2243 1876 τος
2263 1811 2375 1865 τῶν
2406 1812 2602 1866 ἐθνῶν.
2641 1830 2660 1865 ο
2725 1782 2888 1866 ’Λλλά
2931 1813 2986 1865 τί
3016 1813 3155 1884 πρὸς
3184 1813 3378 1885 κλῆσιν
3408 1782 3599 1879 ἐθνῶν,
3620 1782 3737 1869 -καὶ

462 1880 569 1937 Sed
620 1883 749 1954 quid
830 1886 966 1939 abeo
1028 1886 1094 1940 ad
1166 1888 1513 1942 vocationem
1580 1888 1924 1943 ethnicorum
1992 1896 2048 1941 et

461 1974 724 2042 reliquias
781 1974 1039 2029 lsraelis?
1087 1986 1144 2031 et
1189 1959 1418 2033 externa
1464 1979 1908 2049 circumspiciens
1960 1993 2047 2033 me

460 2065 636 2133 ipsum
670 2082 776 2120 non
809 2066 970 2122 video
989 2069 1090 2123 hac
1106 2070 1427 2125 narratione
1455 2066 1841 2140 descriptum?
1872 2068 2047 2126 Ades-

457 2158 585 2213 dum
631 2154 687 2212 in
732 2159 956 2214 historia
990 2169 1246 2230 tanquam
1294 2162 1350 2216 in
1385 2163 1606 2232 speculo
1632 2162 1861 2234 ﬁgamus
1896 2177 2049 2218 men-

460 2251 527 2304 tis
548 2252 819 2316 obtutum,
844 2261 902 2305 ut
920 2255 1292 2323 unusquisque
1312 2267 1557 2309 nostrum
1578 2256 1832 2310 miseram
1855 2257 2048 2311 anitum

457 2358 569 2396 suae
604 2336 976 2398 cenditionem
1012 2340 1434 2399 animadvertat.
1460 2340 1660 2401 Eadem
1693 2348 1840 2401 enim
1864 2347 2047 2404 anima

455 2442 511 2487 et
551 2434 745 2488 mulier
781 2435 1070 2504 sanguinis
1116 2428 1383 2505 proﬂuvio
1421 2430 1717 2504 laborans,
1763 2446 1818 2493 et
1866 2440 2046 2508 puella

455 2533 581 2579 est:
617 2524 814 2579 mulier
844 2525 1074 2595 quidem
1110 2529 1378 2599 sanguine
1420 2527 1626 2593 ﬂuens,
1657 2529 1785 2599 quia
1812 2529 2046 2587 faculta-

458 2625 563 2669 tem
615 2616 720 2671 sibi
754 2618 939 2671 datam
975 2620 1044 2672 ad
1095 2619 1396 2688 gignendos
1449 2620 1663 2689 piorum
1701 2636 2044 2685 sermonum,

453 2717 510 2763 et
548 2709 814 2763 bonorum
863 2725 1092 2778 Operum
1130 2709 1343 2766 fructus
1366 2750 1384 2776 ,
1435 2713 1489 2766 in
1521 2706 1783 2767 ﬂuentem
1831 2714 2047 2783 passio-

458 2812 585 2850 num
617 2798 905 2852 materiam
931 2800 1073 2853 male
1099 2800 1388 2866 derivavit,
1420 2811 1476 2857 et
1504 2804 1705 2858 exilem
1751 2805 2047 2861 virtutum-

455 2902 566 2957 que
596 2888 838 2944 sterilem
883 2891 1161 2957 reddidit,
1217 2902 1272 2947 et
1310 2893 1481 2948 solam
1535 2896 1746 2963 peccati
1795 2900 2045 2966 concepit

458 2982 871 3051 intpuritatem:
897 2984 1086 3039 eadem
1118 3000 1282 3054 porro
1308 2985 1489 3040 anima
1513 2988 1691 3056 puella
1711 2997 1796 3044 est
1823 3000 2047 3061 propter

457 3073 827 3143 virginitatem
852 3115 870 3141 ,
906 3085 962 3131 et
985 3076 1365 3132 castimoniam
1390 3117 1407 3145 ,
1441 3087 1497 3133 et
1527 3090 1754 3150 propter
1781 3080 2039 3137 similitu-

2162 1903 2555 1975 Ἰσραηλιτικὺν
2576 1902 2779 1973 βαδίζω
2803 1899 3200 1974 κατάλειμμα’;
3225 1906 3318 1957 καὶ
3348 1903 3417 1958 τά
3444 1903 3550 1969 ἔξω
3576 1922 3736 1976 περι-

2150 1995 2390 2061 σκοπῶν,
2422 1995 2789 2066 ἐμαυτδνρὺχ
2812 1996 2926 2067 ὁρῶ
2944 1997 3023 2066 τῷ
3057 1998 3361 2068 διηγήματι
3393 1997 3734 2070 ζωγραφοὺο

2152 2105 2344 2158 μενον;
2377 2085 2548 2160 Δεῦρο
2572 2089 2658 2159 δὴ,
2677 2080 2753 2152 ῶς
2781 2090 2842 2141 ἐν
2876 2089 3196 2161 κατόπτρῳ,
3238 2092 3303 2160 τῇ
3360 2090 3573 2160 ἱστορίᾳ
3598 2091 3734 2143 ἐνα-

2145 2179 2469 2248 τενίσωμεν,
2535 2168 2623 2232 ἵνα
2678 2177 2932 2249 εὕρωμεν
2963 2178 3198 2242 ἕκαστος
3226 2179 3329 2248 τὴν
3383 2168 3482 2247 τῆς
3530 2177 3735 2232 ἑαυτοῦ

2145 2270 2326 2342 ψυχῆς
2348 2270 2643 2341 ἀθλιότητα
2666 2287 2682 2301 ⁸
2715 2274 2749 2343 ή
2780 2272 2922 2342 αὑτὴ
2943 2270 3055 2341 γὰρ
3081 2270 3254 2342 ψυχὴ,
3286 2270 3382 2325 καί
3405 2272 3737 2344 αἰμορρους,

2148 2365 2243 2417 καὶ
2269 2363 2406 2434 κόρη
2434 2364 2605 2419 ἐστίν.
2676 2364 2767 2431 Ὧς
2797 2368 2900 2438 μὲν
2927 2370 3255 2443 αἱμόρρους,
3300 2373 3384 2426 ὅτι
3417 2372 3518 2443 τὴν
3555 2372 3745 2427 δοθεί-

2148 2469 2249 2507 σαν
2310 2455 2448 2526 αὐτῇ
2504 2455 2738 2527 δύναμιν
2769 2459 2850 2522 εἰς
2881 2459 3095 2527 γένεσιν
3122 2462 3296 2531 λόγων
3342 2465 3604 2531 εὐσεσῶν,
3637 2464 3743 2519 καὶ

2147 2545 2402 2616 πράξεων
2460 2547 2686 2615 ἀγαθῶν
2733 2550 2817 2613 εἰς
2858 2550 2959 2623 τὴν
3006 2553 3184 2626 ῥοώδη
3214 2554 3323 2609 τῶν
3378 2555 3567 2611 παθῶν
3594 2556 3740 2630 ὕλην

2146 2638 2334 2702 κακῶς
2357 2639 2701 2710 ὑποσύρασα,
2731 2642 2828 2695 καὶ
2858 2645 3056 2712 ἄγονον
3077 2646 3280 2717 ἀρετῆς
3310 2649 3609 2719 ποιήσασα,
3635 2652 3744 2704 καὶ

2146 2727 2390 2800 ἐξίτηλον
2413 2731 2584 2802 μόνην
2620 2731 2722 2803 τὴν
2756 2734 2859 2805 τῆς
2888 2737 3167 2807 ἁμαρτίας
3192 2738 3540 2812 ἀκαθαρσίαν
3572 2743 3747 2796 ἐκνο-

2146 2823 2355 2893 φόρησε
2376 2840 2393 2856 ο
2446 2824 2582 2895 κόρη
2611 2824 2668 2877 δέ
2697 2827 2730 2896 ή
2760 2826 2900 2898 αὐτὴ
2943 2828 3092 2902 ψυχὴ
3142 2830 3232 2883 διὰ
3254 2832 3353 2903 τὴν
3403 2833 3738 2904 παρθενίαν,

2144 2917 2240 2969 καὶ
2276 2915 2648 2989 καθαρότητα,
2674 2920 2768 2972 καί
2799 2920 2898 2992 τήν
2931 2922 3068 2993 πρὸς
3099 2922 3162 2976 τὸ
3211 2916 3493 2996 ἀκήρατον
3523 2927 3743 2995 ἀγαθὸν

2142 3010 2458 3080 ὁμοιότητα,
2508 3011 2693 3067 τελεία
2731 3012 2870 3068 οὖσα
2896 3016 3036 3087 πρὸς
3081 3016 3176 3071 τὸν
3228 3020 3502 3090 ἄχραντον
3527 3023 3740 3091 γάμον,

2066 3132 2110 3190 C
2145 3102 2240 3155 καὶ
2262 3102 2362 3172 τὴν
2417 3101 2509 3157 τοῦ
2569 3102 2764 3175 νοητοῦ
2797 3104 3036 3177 νυμφίου
3100 3123 3424 3177 συναφειαν.
3480 3108 3630 3182 Αὕτη
3659 3114 3737 3183 τῇ

454 3165 632 3219 dinem
656 3204 671 3227 ,
702 3181 868 3236 quam
922 3168 1087 3222 habet
1142 3183 1264 3222 cum
1297 3161 1540 3237 perfecto
1587 3171 1731 3226 bono
1757 3209 1773 3237 ,
1816 3186 1940 3227 cum
1969 3174 2040 3227 sit

2143 3194 2280 3262 πρὸς
2311 3161 2511 3248 κακίαν
2566 3161 3214 3271 πῷατροπήκλινήρης
3252 3161 3548 3270 ’ἐγέγόνεί

455 3252 790 3324 incorruptis
818 3255 1008 3310 idonea
1040 3257 1485 3327 nuptiis,etapta
1508 3260 1809 3331 spiritualis
1840 3261 2043 3333 Sponsi

450 3345 750 3402 connubio.
806 3345 936 3402 Hauc
964 3348 1031 3402 ad
1086 3350 1291 3404 malum
1337 3365 1600 3407 conversa
1646 3370 1791 3425 argra
1821 3356 2043 3411 decum-

450 3433 616 3489 bebat
642 3435 694 3489 in
725 3438 973 3505 corporis
1005 3439 1188 3507 domo,
1237 3451 1586 3510 peccatorum
1631 3446 1821 3501 morbo
1865 3447 2040 3504 febri-

446 3539 555 3594 que
583 3527 927 3583 conﬂictata:
960 3529 1376 3602 ingravescente
1437 3536 1685 3591 sedenim
1717 3539 1862 3593 malo
1894 3540 2001 3594 vita
2021 3577 2039 3608 ,

449 3632 572 3686 qua:
629 3633 726 3687 per
783 3621 1036 3676 virtutem
1077 3623 1317 3691 ducitur,
1352 3626 1563 3695 privata
1613 3636 1715 3684 est.
1776 3629 2036 3697 Quaenam

447 3707 615 3779 igitur
645 3712 843 3767 salutis
869 3714 1039 3783 spes?
1066 3713 1273 3786 Lugeat
1294 3718 1510 3775 animus
1542 3729 1800 3792 tanquam
1843 3724 2039 3793 puellae

445 3810 633 3868 pater:
676 3802 940 3860 doleatet
989 3820 1187 3862 sensus
1222 3817 1480 3880 tanquam
1536 3813 1704 3868 animi
1744 3817 2039 3871 contuber-

444 3892 626 3957 nalis.
657 3906 719 3950 ut
766 3898 1070 3954 animarum
1121 3901 1368 3959 medicus
1413 3918 1532 3958 eam
1565 3904 1716 3975 lapsu
1756 3908 2035 3977 restituat,

441 3992 501 4037 et
551 3985 622 4039 ob
655 3984 708 4039 id
755 3986 1075 4055 gaudebunt
1117 3991 1434 4061 angelorum
1469 3996 1787 4051 exercitus:
1839 4015 1860 4050 ι
1891 3997 2037 4054 Gau-

439 4072 592 4126 dium
638 4074 784 4128 enim
820 4085 906 4130 est
939 4077 992 4131 in
1026 4080 1168 4133 caelo
1209 4094 1374 4150 super
1405 4098 1512 4137 uno
1538 4096 1825 4154 peccatore
1854 4090 2035 4158 poeni-

440 4162 674 4218 tentiam
717 4176 912 4234 agente
955 4168 1034 4234 ",
1074 4187 1094 4222 ι
1157 4180 1214 4225 et
1264 4186 1530 4230 converso
1584 4175 1655 4231 ad
1690 4178 1896 4246 Deum,
1942 4183 2032 4239 cui

438 4253 676 4310 debetur
702 4258 886 4314 omnis
915 4259 1115 4331 gloria,
1150 4263 1325 4320 honor
1348 4274 1405 4322 et
1431 4270 1711 4326 veneratio
1738 4271 1796 4327 in
1828 4273 2030 4330 saecula

436 4347 782 4406 saeculorum.
816 4351 1011 4409 Amen.

1050 4466 1341 4524 IIOMILIA
1378 4469 1478 4526 XI.

2049 4478 2098 4537 D

2140 3284 2291 3356 οἰκίᾳ
2344 3286 2441 3340 τοῦ
2477 3285 2735 3358 σώματος
2784 3291 2852 3361 τῇ
2888 3290 2997 3345 τῶν
3049 3292 3402 3363 ἁμαρτωλῶν
3442 3296 3737 3369 ἀρρωστίᾳ

2142 3380 2518 3450 πυρέττουσα·
2569 3387 3097 3456 κατακρατήσαντος
3148 3386 3207 3441 δὲ
3258 3386 3356 3441 τοῦ
3400 3387 3595 3452 κακοῦ,
3624 3388 3737 3457 τῆς

2140 3471 2263 3525 κατ’
2293 3472 2497 3544 ἀρετὴν
2528 3473 2675 3549 ζωῆς
2707 3477 3110 3550 ἀπεστέρηται.
3140 3480 3241 3544 Τίς
3263 3476 3357 3534 οὖν
3390 3482 3510 3535 ἐστι
3544 3498 3733 3552 σωτη-

2142 3563 2263 3634 ρίας
2297 3562 2490 3633 ἐλπίςς
2544 3566 2828 3637 Θρηνείτω
2873 3571 2903 3623 ό
2933 3568 3088 3637 νοῦς,
3118 3570 3197 3634 ὡς
3243 3571 3273 3624 ό
3295 3571 3395 3642 τῆς
3420 3572 3592 3642 κόρης
3618 3591 3736 3627 πο.-

2137 3658 2276 3728 τήρο
2307 3658 2642 3729 συναλγείτω
2677 3663 2711 3733 ἡ
2734 3661 2995 3733 αἴσθησις
3037 3658 3127 3718 οἷα
3183 3664 3438 3731 σύνοικος
3458 3667 3552 3721 τοῦ
3579 3667 3727 3735 νοὸς,

2140 3749 2227 3804 ἵνα
2256 3750 2287 3804 ὁ
2315 3751 2425 3805 τῶν
2446 3752 2636 3823 ψυχῶν
2662 3755 2850 3826 ἰατρὸς
2881 3757 3167 3829 ἀναστήσῃ
3213 3758 3422 3827 ταύτην
3451 3759 3545 3813 τοῦ
3575 3763 3733 3813 πτώ-

2139 3859 2331 3913 ματος,
2359 3845 2458 3896 καὶ
2485 3845 2824 3914 χαρήσονται
2880 3847 2979 3902 ἐπὶ
3004 3850 3180 3922 τούτῳ
3208 3851 3265 3904 αἰ
3283 3852 3539 3921 οὐράνιαι
3557 3869 3729 3920 στρα-

2133 3935 2268 3989 τιαί.
2298 3954 2318 3986 ι
2355 3935 2518 4005 Χαρὰ
2538 3936 2648 4007 γὰρ
2683 3938 2898 4007 γίνεται
2932 3943 2992 3995 ἐν
3025 3943 3244 4013 οὐρανῷ
3295 3943 3392 3996 ἐπὶ
3418 3944 3503 3997 ἐνὶ
3531 3946 3727 4015 ἀμαρ-

2131 4027 2290 4098 τωλῷ
2343 4029 2718 4098 μετανοοῦντι,
2768 4032 2866 4086 καὶ
2925 4035 3316 4104 ἐπιστρέφοντι
3364 4037 3448 4101 εἰς
3478 4030 3725 4105 Θεόν·ᾧ

2132 4119 2337 4188 πρέπει
2368 4121 2524 4174 πᾶσα
2579 4120 2731 4188 δόξα,
2753 4123 2892 4193 τιμὴ
2923 4125 3020 4178 καὶ
3048 4126 3429 4200 προσκύνησις
3470 4130 3552 4192 εἰς
3587 4127 3724 4193 τοὺς

2131 4210 2340 4276 αἰῶνας
2370 4210 2481 4267 τῶν
2500 4212 2742 4271 αἰώνων.
2797 4215 2996 4288 Ἀμήν.

2719 4474 2968 4536 υΜῘΛῐΑ
3001 4480 3109 4538 ιΔν.

437 4551 516 4607 De
546 4555 852 4625 .egisperito
901 4556 1263 4651 interrogante
1304 4560 1610 4651 pominum,
1656 4576 1710 4621 et
1738 4568 1804 4625 de
1831 4585 1895 4625 eo
1922 4573 2016 4643 qui

2143 4569 2266 4639 Περί
2307 4568 2419 4651 τοᾷ
2457 4570 2881 4651 ἐρωτήσαντος
2918 4574 3278 4651 τὸνγΚύριον
3304 4572 3577 4651 rapaci},
3610 4580 3716 4643 καί

996 4628 1180 4682 incidit
1210 4631 1267 4684 in
1298 4631 1553 4688 latrones.

505 4732 624 4791 Non
658 4744 944 4808 tantopere
973 4741 1233 4809 squalens
1256 4783 1275 4809 ,
1321 4752 1379 4799 et
1409 4758 1605 4816 aspera
1629 4785 1646 4815 ,
1687 4759 1744 4804 et
1780 4751 2025 4810 arefacta

434 4837 578 4884 terra
593 4829 870 4885 ccelestem
897 4835 1100 4903 appetit
1123 4834 1376 4904 imbrem,
1398 4849 1659 4903 quantum
1686 4856 1790 4912 ego
1808 4858 1906 4899 ora
1927 4860 2025 4902 ve-

427 4930 547 4975 stra
563 4920 675 4994 64
695 4924 879 4978 videre
892 4926 1196 4995 cupiebatn,
1216 4943 1250 4983 ο
1269 4929 1378 4984 Deo
1400 4932 1780 5003 acceptissima
1802 4939 2020 4996 concio.

410 5011 657 5078 .Quando
682 5029 812 5069 vero
838 5015 927 5071 hic
957 5018 1098 5087 apud
1131 5034 1227 5074 vos
1256 5019 1359 5085 fui,
1392 5036 1500 5076 non
1531 5031 1818 5096 tantopere
1847 5029 2012 5084 ardo-

2283 4639 2420 4711 περί
2452 4639 2562 4697 τοῦ
2587 4639 2965 4713 ἐμπεσόντος
2995 4650 3078 4711 εἰς
3108 4639 3253 4716 τοὺς
3283 4639 3543 4719 ininde.

2199 4756 2276 4812 Οὐ
2310 4756 2568 4812 τοσοῦτον
2586 4759 2870 4832 αἰχμώδης
2900 4762 2994 4831 γῆ,
3021 4763 3117 4816 καὶ
3140 4766 3377 4837 κραναῆ,
3407 4769 3500 4822 καὶ
3536 4770 3713 4824 κατά-

2127 4847 2293 4922 ξηρος
2323 4850 2434 4904 τῶν
2465 4851 2737 4921 οὐρανίων
2765 4852 2992 4925 ὄμϐρων
3034 4857 3269 4924 ἐφίεται,
3313 4859 3513 4915 ὁπόσον
3555 4863 3712 4931 ἐγλι-

2123 4944 2303 5012 κόμην
2335 4942 2500 5005 αὐτὸς
2524 4945 2625 5006 τὰς
2650 4944 2926 5016 ὑμετέρας
2954 4946 3107 5017 ὄψεις
3141 4949 3293 5018 ἰδεῖν,
3320 4950 3709 5021 θεοφιλέστατε

2122 5035 2370 5103 σύλλογε.
2413 5036 2610 5090 Ἦνίκα
2634 5036 2769 5106 γοῦν
2791 5039 3061 5111 παρήμην
3082 5043 3336 5098 ἐνταυθοῖ
3362 5045 3483 5115 μεθ’
3521 5047 3703 5117 ὑμῶν,

426 5118 544 5157 rem
585 5105 732 5160 sensi
774 5108 961 5177 :quod
996 5109 1143 5164 enim
1176 5125 1286 5180 prae
1329 5113 1615 5181 manibus,
1663 5127 1720 5171 et
1749 5118 1801 5172 in
1833 5120 2008 5177 oculis

2146 5128 2176 5181 ὑ
2216 5128 2474 5183 τοσοῦτον
2521 5130 2844 5202 ᾐσθανόμην
2871 5105 2967 5186 sed
2999 5105 3193 5190 πόθου.
3230 5137 3305 5191 Τὸ
3338 5105 3449 5210 {dp
3482 5105 3709 5211 npdxst;

430 5194 594 5248 situm
628 5204 736 5258 est,
793 5197 1014 5267 segnius
1073 5199 1405 5255 desiderium
1438 5213 1646 5261 movet.
1687 5204 1823 5262 Cum
1882 5224 2011 5266 vero

2143 5237 2233 5283 ›ον,
2283 5220 2379 5274 καὶ
2407 5194 2746 5291 βλεπόμενον
2777 5194 2952 5292 ἀργὸν
2986 5225 3069 5288 εἰς
3093 5194 3393 5299 ἐπιθυμίαν
3416 5194 3430 5261 ἶ
3455 5194 3703 5302 ὁπηνίκα

426 5285 730 5354 disiunctus
803 5302 953 5342 eram
1008 5303 1041 5344 a
1086 5292 1278 5358 vobis,
1329 5298 1524 5365 agnovi
1590 5314 1834 5355 amorem
1893 5304 2012 5358 vio-

2146 5309 2174 5361 ὲ
2196 5285 2544 5380 κεχώρισμαι
2567 5285 2662 5380 ἀφ’
2697 5285 2877 5383 ὑμῶν,
2898 5285 3073 5382 ἔγνων
3096 5316 3192 5371 τὸν
3214 5285 3379 5372 πόθον
3400 5320 3492 5377 τὸν
3522 5285 3702 5392 βίαιον

426 5377 631 5433 lentum
660 5393 784 5434 esse
836 5390 1157 5450 tyrannum,
1188 5392 1248 5437 ut
1296 5386 1544 5453 proxime
1595 5390 1662 5443 ad
1714 5392 2000 5450 veritatem

494 5510 539 5542 ”
575 5509 680 5565 lsa.
718 5509 799 5576 Χ,
825 5511 931 5579 22;
970 5513 1131 5573 Rom.
1171 5531 1248 5586 ιι,
1279 5517 1372 5573 27.

2117 5399 2411 5471 τύραννον,
2433 5401 2510 5465 ὡς
2548 5403 2718 5470 ἐγγὺς
2771 5404 3037 5475 ἀληθείας
3073 5402 3214 5463 εἶναι
3242 5411 3304 5464 τὺ
3332 5413 3447 5477 τοῖς
3477 5410 3585 5478 ἔξω
3611 5411 3703 5468 λει-

1473 5521 1519 5554 ἰ
1549 5519 1709 5579 Rom.
1744 5542 1798 5580 ιι
1821 5567 1837 5593 ,
1862 5527 1955 5585 25.
2033 5532 2080 5563 ’³
2122 5531 2258 5589 Luc.
2295 5551 2387 5600 xv,
2428 5534 2517 5591 10.

1654 5644 1973 5710 Francisci
2011 5651 2222 5713 Scorsi
2261 5661 2450 5718 noue.

496 5726 612 5799 (ει)
651 5728 876 5803 Tempus
921 5740 1063 5794 enim
1113 5745 1466 5814 septenariunt
1510 5746 1565 5805 l.
1621 5746 1758 5807 Vide
1804 5756 1948 5812 dicta
1985 5758 2206 5815 homilia
2241 5761 2442 5833 prima,
2488 5773 2607 5822 not.
2654 5740 2745 5835 l7,
2802 5776 2859 5825 et
2889 5767 3034 5833 intra
3063 5768 3216 5829 hom.
3245 5769 3343 5831 40.
