  <div class='ocr_page' id='page_1' title='image "/cluster/home/n/w/nwhite01/storage/ocr_20150623/132/coo.31924054870377/154.png"; bbox 0 0 4072 6456; ppageno 0'>
   <div class='ocr_carea' id='block_1_1' title="bbox 417 362 527 425">
    <p class='ocr_par' dir='ltr' id='par_1_1' title="bbox 417 362 527 425">
     <span class='ocr_line' id='line_1_1' title="bbox 417 362 527 425; baseline 0 0"><span class='ocrx_word' id='word_1_1' title='bbox 417 362 527 425; x_wconf 62' lang='lat'><strong>293</strong></span> 
     </span>
    </p>
   </div>
   <div class='ocr_carea' id='block_1_2' title="bbox 1825 362 2308 424">
    <p class='ocr_par' dir='ltr' id='par_1_2' title="bbox 1825 362 2308 424">
     <span class='ocr_line' id='line_1_2' title="bbox 1825 362 2308 424; baseline 0.008 -4"><span class='ocrx_word' id='word_1_2' title='bbox 1825 362 2159 422; x_wconf 71' lang='lat' dir='ltr'><strong>HOMILIA</strong></span> <span class='ocrx_word' id='word_1_3' title='bbox 2202 364 2308 424; x_wconf 76' lang='lat' dir='ltr'><strong>XI.</strong></span> 
     </span>
    </p>
   </div>
   <div class='ocr_carea' id='block_1_3' title="bbox 3592 371 3699 436">
    <p class='ocr_par' dir='ltr' id='par_1_3' title="bbox 3592 371 3699 436">
     <span class='ocr_line' id='line_1_3' title="bbox 3592 371 3699 436; baseline 0.037 -4"><span class='ocrx_word' id='word_1_4' title='bbox 3592 371 3699 436; x_wconf 54' lang='lat'><strong>2&#39;44</strong></span> 
     </span>
    </p>
   </div>
   <div class='ocr_carea' id='block_1_4' title="bbox 418 469 1993 549">
    <p class='ocr_par' dir='ltr' id='par_1_4' title="bbox 418 469 1993 546">
     <span class='ocr_line' id='line_1_4' title="bbox 418 469 1993 546; baseline -0.003 -20"><span class='ocrx_word' id='word_1_5' title='bbox 418 475 679 546; x_wconf 82' lang='grc' dir='ltr'>γόμενον,</span> <span class='ocrx_word' id='word_1_6' title='bbox 736 472 1048 543; x_wconf 82' lang='grc' dir='ltr'><strong>γηράσκειν</strong></span> <span class='ocrx_word' id='word_1_7' title='bbox 1101 473 1227 535; x_wconf 81' lang='grc' dir='ltr'>τοὺς</span> <span class='ocrx_word' id='word_1_8' title='bbox 1280 471 1584 534; x_wconf 79' lang='grc' dir='ltr'><strong>ποθοῦντας</strong></span> <span class='ocrx_word' id='word_1_9' title='bbox 1624 469 1701 541; x_wconf 85' lang='grc' dir='ltr'>τῷ</span> <span class='ocrx_word' id='word_1_10' title='bbox 1728 470 1993 541; x_wconf 83' lang='grc' dir='ltr'>χωρισμῷ</span> 
     </span>
    </p>
   </div>
   <div class='ocr_carea' id='block_1_5' title="bbox 2097 469 3692 549">
    <p class='ocr_par' dir='ltr' id='par_1_5' title="bbox 2123 471 3692 549">
     <span class='ocr_line' id='line_1_5' title="bbox 2123 471 3692 549; baseline 0.006 -24"><span class='ocrx_word' id='word_1_11' title='bbox 2123 473 2363 537; x_wconf 87' lang='lat' dir='ltr'><strong>accedat,</strong></span> <span class='ocrx_word' id='word_1_12' title='bbox 2391 471 2531 541; x_wconf 90' lang='lat' dir='ltr'><strong>quod</strong></span> <span class='ocrx_word' id='word_1_13' title='bbox 2564 475 2632 527; x_wconf 90' lang='lat' dir='ltr'><strong>ab</strong></span> <span class='ocrx_word' id='word_1_14' title='bbox 2662 474 2901 529; x_wconf 80' lang='lat' dir='ltr'><strong>externis</strong></span> <span class='ocrx_word' id='word_1_15' title='bbox 2932 476 3290 544; x_wconf 81' lang='lat' dir='ltr'><strong>Scriptoribus</strong></span> <span class='ocrx_word' id='word_1_16' title='bbox 3320 477 3432 549; x_wconf 71' lang='lat'><strong>(82)</strong></span> <span class='ocrx_word' id='word_1_17' title='bbox 3465 480 3692 535; x_wconf 74' lang='lat' dir='ltr'><strong>dicitur:</strong></span> 
     </span>
    </p>
   </div>
   <div class='ocr_carea' id='block_1_6' title="bbox 416 565 2010 639">
    <p class='ocr_par' dir='ltr' id='par_1_6' title="bbox 416 565 2010 639">
     <span class='ocr_line' id='line_1_6' title="bbox 416 565 2010 639; baseline -0.003 -17"><span class='ocrx_word' id='word_1_18' title='bbox 416 565 567 622; x_wconf 77' lang='grc' dir='ltr'>Ἀλλ’</span> <span class='ocrx_word' id='word_1_19' title='bbox 596 566 830 638; x_wconf 74' lang='grc' dir='ltr'>ἐπείπερ</span> <span class='ocrx_word' id='word_1_20' title='bbox 861 568 1009 636; x_wconf 78' lang='grc' dir='ltr'>ἡμᾶς</span> <span class='ocrx_word' id='word_1_21' title='bbox 1037 569 1101 620; x_wconf 80' lang='grc' dir='ltr'>τὸ</span> <span class='ocrx_word' id='word_1_22' title='bbox 1128 566 1355 639; x_wconf 80' lang='grc' dir='ltr'><strong>Πνεῦμα</strong></span> <span class='ocrx_word' id='word_1_23' title='bbox 1382 568 1444 620; x_wconf 81' lang='grc' dir='ltr'>τὸ</span> <span class='ocrx_word' id='word_1_24' title='bbox 1471 568 1646 636; x_wconf 79' lang='grc' dir='ltr'>ἀγιον,</span> <span class='ocrx_word' id='word_1_25' title='bbox 1678 568 1772 619; x_wconf 73' lang='grc' dir='ltr'><strong>καὶ</strong></span> <span class='ocrx_word' id='word_1_26' title='bbox 1808 567 2010 635; x_wconf 83' lang='grc' dir='ltr'>μητρό-</span> 
     </span>
    </p>
   </div>
   <div class='ocr_carea' id='block_1_7' title="bbox 421 657 2009 731">
    <p class='ocr_par' dir='ltr' id='par_1_7' title="bbox 421 657 2009 731">
     <span class='ocr_line' id='line_1_7' title="bbox 421 657 2009 731; baseline -0.001 -20"><span class='ocrx_word' id='word_1_27' title='bbox 421 660 546 723; x_wconf 83' lang='grc' dir='ltr'>θεος</span> <span class='ocrx_word' id='word_1_28' title='bbox 570 661 840 712; x_wconf 81' lang='grc' dir='ltr'><strong>Δέσποινα</strong></span> <span class='ocrx_word' id='word_1_29' title='bbox 860 663 939 722; x_wconf 80' lang='grc' dir='ltr'><strong>εἰς</strong></span> <span class='ocrx_word' id='word_1_30' title='bbox 968 660 1026 713; x_wconf 80' lang='grc' dir='ltr'>ἓν</span> <span class='ocrx_word' id='word_1_31' title='bbox 1054 657 1210 722; x_wconf 77' lang='grc' dir='ltr'>αὖθις</span> <span class='ocrx_word' id='word_1_32' title='bbox 1239 662 1539 731; x_wconf 80' lang='grc' dir='ltr'><strong>συνήγαγε,</strong></span> <span class='ocrx_word' id='word_1_33' title='bbox 1566 659 1662 713; x_wconf 78' lang='grc' dir='ltr'>καὶ</span> <span class='ocrx_word' id='word_1_34' title='bbox 1696 658 2009 728; x_wconf 85' lang='grc' dir='ltr'>προσκυνῆ-</span> 
     </span>
    </p>
   </div>
   <div class='ocr_carea' id='block_1_8' title="bbox 421 751 2006 823">
    <p class='ocr_par' dir='ltr' id='par_1_8' title="bbox 421 751 2006 823">
     <span class='ocr_line' id='line_1_8' title="bbox 421 751 2006 823; baseline -0.002 -19"><span class='ocrx_word' id='word_1_35' title='bbox 421 769 515 806; x_wconf 85' lang='grc' dir='ltr'><strong>σαι</strong></span> <span class='ocrx_word' id='word_1_36' title='bbox 547 751 749 822; x_wconf 67' lang='grc' dir='ltr'>ὴξίωσε</span> <span class='ocrx_word' id='word_1_37' title='bbox 800 754 862 804; x_wconf 80' lang='grc' dir='ltr'>τὸ</span> <span class='ocrx_word' id='word_1_38' title='bbox 911 754 1331 822; x_wconf 84' lang='grc' dir='ltr'>ἀχειρὸτευκτον</span> <span class='ocrx_word' id='word_1_39' title='bbox 1384 754 1555 823; x_wconf 78' lang='grc' dir='ltr'>αὐτῆς</span> <span class='ocrx_word' id='word_1_40' title='bbox 1614 752 2006 819; x_wconf 84' lang='grc' dir='ltr'>ἀπεικόνισμα,</span> 
     </span>
    </p>
   </div>
   <div class='ocr_carea' id='block_1_9' title="bbox 419 845 2008 916">
    <p class='ocr_par' dir='ltr' id='par_1_9' title="bbox 419 845 2008 916">
     <span class='ocr_line' id='line_1_9' title="bbox 419 845 2008 916; baseline -0.002 -19"><span class='ocrx_word' id='word_1_41' title='bbox 419 847 519 897; x_wconf 75' lang='grc' dir='ltr'>καὶ</span> <span class='ocrx_word' id='word_1_42' title='bbox 577 845 819 897; x_wconf 85' lang='grc' dir='ltr'>δείκνυσι</span> <span class='ocrx_word' id='word_1_43' title='bbox 854 846 1067 916; x_wconf 81' lang='grc' dir='ltr'><strong>πατέρα</strong></span> <span class='ocrx_word' id='word_1_44' title='bbox 1102 847 1195 898; x_wconf 79' lang='grc' dir='ltr'><strong>ἐπὶ</strong></span> <span class='ocrx_word' id='word_1_45' title='bbox 1226 846 1438 908; x_wconf 84' lang='grc' dir='ltr'>τέκνοις</span> <span class='ocrx_word' id='word_1_46' title='bbox 1484 845 2008 915; x_wconf 85' lang='grc' dir='ltr'>ἐπευφραινόμενον,</span> 
     </span>
    </p>
   </div>
   <div class='ocr_carea' id='block_1_10' title="bbox 418 937 2009 1011">
    <p class='ocr_par' dir='ltr' id='par_1_10' title="bbox 418 937 2009 1011">
     <span class='ocr_line' id='line_1_10' title="bbox 418 937 2009 1011; baseline 0.004 -25"><span class='ocrx_word' id='word_1_47' title='bbox 418 938 555 1004; x_wconf 75' lang='grc' dir='ltr'>φέρε</span> <span class='ocrx_word' id='word_1_48' title='bbox 612 937 710 997; x_wconf 73' lang='grc' dir='ltr'><strong>τὰς</strong></span> <span class='ocrx_word' id='word_1_49' title='bbox 766 937 865 1004; x_wconf 72' lang='grc' dir='ltr'>τῆς</span> <span class='ocrx_word' id='word_1_50' title='bbox 895 939 1167 1000; x_wconf 82' lang='grc' dir='ltr'>ἀπουσίας</span> <span class='ocrx_word' id='word_1_51' title='bbox 1217 941 1435 1009; x_wconf 76' lang='grc' dir='ltr'>ῥυτίδας</span> <span class='ocrx_word' id='word_1_52' title='bbox 1496 940 1867 1003; x_wconf 73' lang='grc' dir='ltr'>ἀποϐαλόντες</span> <span class='ocrx_word' id='word_1_53' title='bbox 1910 941 2009 1011; x_wconf 79' lang='grc' dir='ltr'>τῆς</span> 
     </span>
    </p>
   </div>
   <div class='ocr_carea' id='block_1_11' title="bbox 422 1026 1385 1098">
    <p class='ocr_par' dir='ltr' id='par_1_11' title="bbox 422 1026 1385 1098">
     <span class='ocr_line' id='line_1_11' title="bbox 422 1026 1385 1098; baseline 0.008 -22"><span class='ocrx_word' id='word_1_54' title='bbox 422 1026 692 1093; x_wconf 71' lang='grc' dir='ltr'>συνήθους</span> <span class='ocrx_word' id='word_1_55' title='bbox 715 1026 1067 1091; x_wconf 82' lang='grc' dir='ltr'>διδασκαλίας</span> <span class='ocrx_word' id='word_1_56' title='bbox 1096 1028 1385 1098; x_wconf 73' lang='grc' dir='ltr'>ἁψώμεθα.</span> 
     </span>
    </p>
   </div>
   <div class='ocr_carea' id='block_1_12' title="bbox 494 1203 2006 1279">
    <p class='ocr_par' dir='ltr' id='par_1_12' title="bbox 494 1203 2006 1279">
     <span class='ocr_line' id='line_1_12' title="bbox 494 1203 2006 1279; baseline 0.005 -25"><span class='ocrx_word' id='word_1_57' title='bbox 494 1222 513 1254; x_wconf 75' lang='grc' dir='ltr'><strong>ι</strong></span> <span class='ocrx_word' id='word_1_58' title='bbox 551 1203 640 1271; x_wconf 80' lang='grc' dir='ltr'><strong>Τῷ</strong></span> <span class='ocrx_word' id='word_1_59' title='bbox 671 1205 849 1274; x_wconf 80' lang='grc' dir='ltr'>καιρῷ</span> <span class='ocrx_word' id='word_1_60' title='bbox 880 1206 1072 1276; x_wconf 83' lang='grc' dir='ltr'>ἐκείνῳ</span> <span class='ocrx_word' id='word_1_61' title='bbox 1097 1207 1320 1275; x_wconf 80' lang='grc' dir='ltr'>νομικός</span> <span class='ocrx_word' id='word_1_62' title='bbox 1360 1226 1441 1271; x_wconf 86' lang='grc' dir='ltr'><strong>τις</strong></span> <span class='ocrx_word' id='word_1_63' title='bbox 1478 1208 1754 1278; x_wconf 76' lang='grc' dir='ltr'>προσῆλθε</span> <span class='ocrx_word' id='word_1_64' title='bbox 1788 1208 1865 1279; x_wconf 82' lang='grc' dir='ltr'>τῷ</span> <span class='ocrx_word' id='word_1_65' title='bbox 1897 1208 2006 1277; x_wconf 86' lang='grc' dir='ltr'><strong>’1η-</strong></span> 
     </span>
    </p>
   </div>
   <div class='ocr_carea' id='block_1_13' title="bbox 412 1292 2008 1368">
    <p class='ocr_par' dir='ltr' id='par_1_13' title="bbox 412 1292 2008 1368">
     <span class='ocr_line' id='line_1_13' title="bbox 412 1292 2008 1368; baseline 0.004 -24"><span class='ocrx_word' id='word_1_66' title='bbox 412 1292 511 1345; x_wconf 75' lang='lat' dir='ltr'><strong>cro-3</strong></span> <span class='ocrx_word' id='word_1_67' title='bbox 546 1295 825 1362; x_wconf 78' lang='grc' dir='ltr'><strong>πειράζων</strong></span> <span class='ocrx_word' id='word_1_68' title='bbox 858 1294 1044 1359; x_wconf 76' lang='grc' dir='ltr'>αὐτὸν,</span> <span class='ocrx_word' id='word_1_69' title='bbox 1076 1298 1169 1347; x_wconf 72' lang='grc' dir='ltr'>καὶ</span> <span class='ocrx_word' id='word_1_70' title='bbox 1186 1296 1391 1362; x_wconf 81' lang='grc' dir='ltr'>λέγων’</span> <span class='ocrx_word' id='word_1_71' title='bbox 1425 1296 1745 1361; x_wconf 79' lang='grc' dir='ltr'>Διδάσκαλε,</span> <span class='ocrx_word' id='word_1_72' title='bbox 1769 1298 1820 1350; x_wconf 89' lang='grc' dir='ltr'><strong>τί</strong></span> <span class='ocrx_word' id='word_1_73' title='bbox 1847 1300 2008 1368; x_wconf 80' lang='grc' dir='ltr'>ποιή-</span> 
     </span>
    </p>
   </div>
   <div class='ocr_carea' id='block_1_14' title="bbox 411 1383 2004 1458">
    <p class='ocr_par' dir='ltr' id='par_1_14' title="bbox 411 1383 2004 1458">
     <span class='ocr_line' id='line_1_14' title="bbox 411 1383 2004 1458; baseline 0.005 -24"><span class='ocrx_word' id='word_1_74' title='bbox 411 1400 516 1444; x_wconf 75' lang='grc' dir='ltr'><strong>σας</strong></span> <span class='ocrx_word' id='word_1_75' title='bbox 550 1384 698 1452; x_wconf 74' lang='grc' dir='ltr'>ζωὴν</span> <span class='ocrx_word' id='word_1_76' title='bbox 739 1383 961 1435; x_wconf 73' lang='grc' dir='ltr'>αἰώνιον</span> <span class='ocrx_word' id='word_1_77' title='bbox 993 1385 1431 1455; x_wconf 82' lang='grc' dir='ltr'>κληρονομήσω;</span> <span class='ocrx_word' id='word_1_78' title='bbox 1463 1407 1481 1437; x_wconf 74' lang='grc' dir='ltr'><strong>ι</strong></span> <span class='ocrx_word' id='word_1_79' title='bbox 1532 1388 1691 1458; x_wconf 83' lang='grc' dir='ltr'>ᾯετο</span> <span class='ocrx_word' id='word_1_80' title='bbox 1725 1389 1823 1458; x_wconf 81' lang='grc' dir='ltr'><strong>μὲν</strong></span> <span class='ocrx_word' id='word_1_81' title='bbox 1846 1392 1872 1440; x_wconf 89' lang='grc' dir='ltr'>ὀ</span> <span class='ocrx_word' id='word_1_82' title='bbox 1905 1390 2004 1457; x_wconf 59' lang='lat' dir='ltr'><strong>(pe-</strong></span> 
     </span>
    </p>
   </div>
   <div class='ocr_carea' id='block_1_15' title="bbox 412 1476 2004 1553">
    <p class='ocr_par' dir='ltr' id='par_1_15' title="bbox 412 1476 2004 1553">
     <span class='ocr_line' id='line_1_15' title="bbox 412 1476 2004 1553; baseline 0.006 -28"><span class='ocrx_word' id='word_1_83' title='bbox 412 1476 512 1539; x_wconf 69' lang='grc' dir='ltr'><strong>ναξ</strong></span> <span class='ocrx_word' id='word_1_84' title='bbox 532 1476 718 1527; x_wconf 67' lang='grc' dir='ltr'>οὐτοσὶ</span> <span class='ocrx_word' id='word_1_85' title='bbox 742 1477 965 1544; x_wconf 73' lang='grc' dir='ltr'>νομικὸς</span> <span class='ocrx_word' id='word_1_86' title='bbox 989 1480 1055 1548; x_wconf 81' lang='grc' dir='ltr'>τῇ</span> <span class='ocrx_word' id='word_1_87' title='bbox 1086 1477 1448 1550; x_wconf 73' lang='grc' dir='ltr'>πεπλασμένῃ</span> <span class='ocrx_word' id='word_1_88' title='bbox 1479 1482 1659 1553; x_wconf 82' lang='grc' dir='ltr'>πεύσῃ</span> <span class='ocrx_word' id='word_1_89' title='bbox 1694 1482 2004 1552; x_wconf 80' lang='grc' dir='ltr'>ὑπεροπεῦ-</span> 
     </span>
    </p>
   </div>
   <div class='ocr_carea' id='block_1_16' title="bbox 410 1567 2006 1641">
    <p class='ocr_par' dir='ltr' id='par_1_16' title="bbox 410 1567 2006 1641">
     <span class='ocr_line' id='line_1_16' title="bbox 410 1567 2006 1641; baseline 0.006 -24"><span class='ocrx_word' id='word_1_90' title='bbox 410 1584 500 1619; x_wconf 84' lang='grc' dir='ltr'><strong>σαι</strong></span> <span class='ocrx_word' id='word_1_91' title='bbox 559 1568 639 1619; x_wconf 74' lang='grc' dir='ltr'><strong>εδν</strong></span> <span class='ocrx_word' id='word_1_92' title='bbox 699 1567 903 1637; x_wconf 78' lang='grc' dir='ltr'>Κύριον</span> <span class='ocrx_word' id='word_1_93' title='bbox 967 1570 1225 1638; x_wconf 74' lang='grc' dir='ltr'>νομίζων,</span> <span class='ocrx_word' id='word_1_94' title='bbox 1283 1574 1479 1641; x_wconf 74' lang='grc' dir='ltr'>καινήν</span> <span class='ocrx_word' id='word_1_95' title='bbox 1512 1587 1635 1626; x_wconf 85' lang='grc' dir='ltr'>τινα</span> <span class='ocrx_word' id='word_1_96' title='bbox 1656 1572 2006 1627; x_wconf 79' lang='grc' dir='ltr'>διδασκαλίαν</span> 
     </span>
    </p>
   </div>
   <div class='ocr_carea' id='block_1_17' title="bbox 413 1658 2005 1732">
    <p class='ocr_par' dir='ltr' id='par_1_17' title="bbox 413 1658 2005 1732">
     <span class='ocr_line' id='line_1_17' title="bbox 413 1658 2005 1732; baseline 0.006 -23"><span class='ocrx_word' id='word_1_97' title='bbox 413 1658 550 1721; x_wconf 81' lang='grc' dir='ltr'>παρ’</span> <span class='ocrx_word' id='word_1_98' title='bbox 602 1659 769 1711; x_wconf 74' lang='grc' dir='ltr'>αὐτοῦ</span> <span class='ocrx_word' id='word_1_99' title='bbox 811 1660 1085 1729; x_wconf 73' lang='grc' dir='ltr'>μυηθῆναι</span> <span class='ocrx_word' id='word_1_100' title='bbox 1122 1661 1215 1714; x_wconf 77' lang='grc' dir='ltr'>τοῦ</span> <span class='ocrx_word' id='word_1_101' title='bbox 1272 1665 1438 1732; x_wconf 82' lang='grc' dir='ltr'>νόμου</span> <span class='ocrx_word' id='word_1_102' title='bbox 1483 1665 1782 1729; x_wconf 79' lang='grc' dir='ltr'>ἀντίθετον,</span> <span class='ocrx_word' id='word_1_103' title='bbox 1836 1665 1911 1726; x_wconf 85' lang='grc' dir='ltr'>ὠς</span> <span class='ocrx_word' id='word_1_104' title='bbox 1938 1666 2005 1719; x_wconf 80' lang='grc' dir='ltr'>ἂν</span> 
     </span>
    </p>
   </div>
   <div class='ocr_carea' id='block_1_18' title="bbox 406 1748 1992 1825">
    <p class='ocr_par' dir='ltr' id='par_1_18' title="bbox 406 1748 1992 1825">
     <span class='ocr_line' id='line_1_18' title="bbox 406 1748 1992 1825; baseline 0.006 -26"><span class='ocrx_word' id='word_1_105' title='bbox 406 1749 587 1816; x_wconf 68' lang='grc' dir='ltr'>λαϐῆς</span> <span class='ocrx_word' id='word_1_106' title='bbox 623 1748 846 1815; x_wconf 78' lang='grc' dir='ltr'>εὐλόγου</span> <span class='ocrx_word' id='word_1_107' title='bbox 902 1751 1239 1820; x_wconf 73' lang='grc' dir='ltr'>δραξάμενος</span> <span class='ocrx_word' id='word_1_108' title='bbox 1278 1754 1479 1824; x_wconf 80' lang='grc' dir='ltr'>κινήσῃ</span> <span class='ocrx_word' id='word_1_109' title='bbox 1512 1754 1733 1821; x_wconf 84' lang='grc' dir='ltr'>γλῶσσα</span> <span class='ocrx_word' id='word_1_110' title='bbox 1763 1758 1992 1825; x_wconf 59' lang='grc' dir='ltr'>κατήγοη</span> 
     </span>
    </p>
   </div>
   <div class='ocr_carea' id='block_1_19' title="bbox 2114 562 3695 640">
    <p class='ocr_par' dir='ltr' id='par_1_19' title="bbox 2114 562 3695 640">
     <span class='ocr_line' id='line_1_19' title="bbox 2114 562 3695 640; baseline 0.006 -24"><span class='ocrx_word' id='word_1_111' title='bbox 2114 562 2488 618; x_wconf 79' lang='lat' dir='ltr'><strong>desiderantes</strong></span> <span class='ocrx_word' id='word_1_112' title='bbox 2544 564 2618 619; x_wconf 86' lang='lat' dir='ltr'><strong>rei</strong></span> <span class='ocrx_word' id='word_1_113' title='bbox 2661 566 2904 619; x_wconf 77' lang='lat' dir='ltr'><strong>absentia</strong></span> <span class='ocrx_word' id='word_1_114' title='bbox 2956 581 3373 623; x_wconf 87' lang='lat' dir='ltr'><strong>consenescere.</strong></span> <span class='ocrx_word' id='word_1_115' title='bbox 3417 569 3521 625; x_wconf 86' lang='lat' dir='ltr'><strong>Sed</strong></span> <span class='ocrx_word' id='word_1_116' title='bbox 3556 588 3695 640; x_wconf 55' lang='lat' dir='ltr'><strong>quoe</strong></span> 
     </span>
    </p>
   </div>
   <div class='ocr_carea' id='block_1_20' title="bbox 2115 654 3695 723">
    <p class='ocr_par' dir='ltr' id='par_1_20' title="bbox 2115 654 3695 723">
     <span class='ocr_line' id='line_1_20' title="bbox 2115 654 3695 723; baseline 0.004 -16"><span class='ocrx_word' id='word_1_117' title='bbox 2115 655 2257 707; x_wconf 90' lang='lat' dir='ltr'><strong>niam</strong></span> <span class='ocrx_word' id='word_1_118' title='bbox 2288 670 2386 709; x_wconf 92' lang='lat' dir='ltr'><strong>nos</strong></span> <span class='ocrx_word' id='word_1_119' title='bbox 2418 654 2656 723; x_wconf 84' lang='lat' dir='ltr'><strong>Spiritus</strong></span> <span class='ocrx_word' id='word_1_120' title='bbox 2692 666 2916 710; x_wconf 89' lang='lat' dir='ltr'><strong>sanctus</strong></span> <span class='ocrx_word' id='word_1_121' title='bbox 2939 696 2956 719; x_wconf 88' lang='lat'><strong>,</strong></span> <span class='ocrx_word' id='word_1_122' title='bbox 3006 665 3060 710; x_wconf 90' lang='lat' dir='ltr'><strong>et</strong></span> <span class='ocrx_word' id='word_1_123' title='bbox 3089 656 3313 713; x_wconf 89' lang='lat' dir='ltr'><strong>Domina</strong></span> <span class='ocrx_word' id='word_1_124' title='bbox 3346 672 3532 713; x_wconf 85' lang='lat' dir='ltr'><strong>nostra</strong></span> <span class='ocrx_word' id='word_1_125' title='bbox 3571 662 3695 714; x_wconf 49' lang='lat' dir='ltr'><strong>Deid</strong></span> 
     </span>
    </p>
   </div>
   <div class='ocr_carea' id='block_1_21' title="bbox 2111 744 3694 815">
    <p class='ocr_par' dir='ltr' id='par_1_21' title="bbox 2111 744 3694 815">
     <span class='ocr_line' id='line_1_21' title="bbox 2111 744 3694 815; baseline 0.004 -20"><span class='ocrx_word' id='word_1_126' title='bbox 2111 759 2308 813; x_wconf 82' lang='lat' dir='ltr'><strong>parens</strong></span> <span class='ocrx_word' id='word_1_127' title='bbox 2337 759 2524 797; x_wconf 84' lang='lat' dir='ltr'><strong>rursus</strong></span> <span class='ocrx_word' id='word_1_128' title='bbox 2560 744 2608 796; x_wconf 89' lang='lat' dir='ltr'><strong>in</strong></span> <span class='ocrx_word' id='word_1_129' title='bbox 2644 760 2806 797; x_wconf 91' lang='lat' dir='ltr'><strong>unum</strong></span> <span class='ocrx_word' id='word_1_130' title='bbox 2855 747 3073 798; x_wconf 83' lang='lat' dir='ltr'><strong>adduxit</strong></span> <span class='ocrx_word' id='word_1_131' title='bbox 3110 747 3283 801; x_wconf 89' lang='lat' dir='ltr'><strong>locum</strong></span> <span class='ocrx_word' id='word_1_132' title='bbox 3310 789 3324 815; x_wconf 98' lang='lat'><strong>,</strong></span> <span class='ocrx_word' id='word_1_133' title='bbox 3357 756 3411 802; x_wconf 86' lang='lat' dir='ltr'><strong>et</strong></span> <span class='ocrx_word' id='word_1_134' title='bbox 3440 750 3607 803; x_wconf 87' lang='lat' dir='ltr'><strong>voluit</strong></span> <span class='ocrx_word' id='word_1_135' title='bbox 3636 756 3694 803; x_wconf 92' lang='lat' dir='ltr'><strong>ut</strong></span> 
     </span>
    </p>
   </div>
   <div class='ocr_carea' id='block_1_22' title="bbox 2116 836 3690 916">
    <p class='ocr_par' dir='ltr' id='par_1_22' title="bbox 2116 836 3690 916">
     <span class='ocr_line' id='line_1_22' title="bbox 2116 836 3690 916; baseline 0.004 -26"><span class='ocrx_word' id='word_1_136' title='bbox 2116 836 2310 890; x_wconf 84' lang='lat' dir='ltr'><strong>iterum</strong></span> <span class='ocrx_word' id='word_1_137' title='bbox 2340 837 2630 907; x_wconf 82' lang='lat' dir='ltr'><strong>imaginem</strong></span> <span class='ocrx_word' id='word_1_138' title='bbox 2666 854 2816 892; x_wconf 89' lang='lat' dir='ltr'><strong>suam</strong></span> <span class='ocrx_word' id='word_1_139' title='bbox 2852 855 2958 892; x_wconf 90' lang='lat' dir='ltr'><strong>non</strong></span> <span class='ocrx_word' id='word_1_140' title='bbox 2991 841 3354 895; x_wconf 81' lang='lat' dir='ltr'><strong>manufactam</strong></span> <span class='ocrx_word' id='word_1_141' title='bbox 3384 844 3497 916; x_wconf 77' lang='lat'><strong>(85)</strong></span> <span class='ocrx_word' id='word_1_142' title='bbox 3526 858 3690 897; x_wconf 88' lang='lat' dir='ltr'><strong>vene-</strong></span> 
     </span>
    </p>
   </div>
   <div class='ocr_carea' id='block_1_23' title="bbox 2112 931 3686 1003">
    <p class='ocr_par' dir='ltr' id='par_1_23' title="bbox 2112 931 3686 1003">
     <span class='ocr_line' id='line_1_23' title="bbox 2112 931 3686 1003; baseline 0.006 -23"><span class='ocrx_word' id='word_1_143' title='bbox 2112 944 2383 993; x_wconf 89' lang='lat' dir='ltr'><strong>rarenmr,</strong></span> <span class='ocrx_word' id='word_1_144' title='bbox 2418 940 2473 983; x_wconf 88' lang='lat' dir='ltr'><strong>et</strong></span> <span class='ocrx_word' id='word_1_145' title='bbox 2501 941 2709 998; x_wconf 86' lang='lat' dir='ltr'><strong>patrem</strong></span> <span class='ocrx_word' id='word_1_146' title='bbox 2745 931 2868 985; x_wconf 79' lang='lat' dir='ltr'><strong>[iliis</strong></span> <span class='ocrx_word' id='word_1_147' title='bbox 2900 932 3169 986; x_wconf 81' lang='lat' dir='ltr'><strong>laetantem</strong></span> <span class='ocrx_word' id='word_1_148' title='bbox 3224 932 3393 1001; x_wconf 80' lang='lat' dir='ltr'><strong>facit,</strong></span> <span class='ocrx_word' id='word_1_149' title='bbox 3451 951 3549 1003; x_wconf 87' lang='lat' dir='ltr'><strong>age</strong></span> <span class='ocrx_word' id='word_1_150' title='bbox 3572 935 3686 1003; x_wconf 89' lang='lat' dir='ltr'><strong>jam</strong></span> 
     </span>
    </p>
   </div>
   <div class='ocr_carea' id='block_1_24' title="bbox 2112 1022 3689 1091">
    <p class='ocr_par' dir='ltr' id='par_1_24' title="bbox 2112 1022 3689 1091">
     <span class='ocr_line' id='line_1_24' title="bbox 2112 1022 3689 1091; baseline 0.004 -17"><span class='ocrx_word' id='word_1_151' title='bbox 2112 1037 2276 1088; x_wconf 79' lang='lat' dir='ltr'><strong>rugas</strong></span> <span class='ocrx_word' id='word_1_152' title='bbox 2308 1022 2567 1076; x_wconf 74' lang='lat' dir='ltr'><strong>absentia:</strong></span> <span class='ocrx_word' id='word_1_153' title='bbox 2597 1039 2760 1077; x_wconf 86' lang='lat' dir='ltr'><strong>causa</strong></span> <span class='ocrx_word' id='word_1_154' title='bbox 2802 1033 3107 1076; x_wconf 86' lang='lat' dir='ltr'><strong>contractas</strong></span> <span class='ocrx_word' id='word_1_155' title='bbox 3138 1026 3475 1079; x_wconf 85' lang='lat' dir='ltr'><strong>remittentes</strong></span> <span class='ocrx_word' id='word_1_156' title='bbox 3498 1066 3512 1091; x_wconf 93' lang='lat'><strong>,</strong></span> <span class='ocrx_word' id='word_1_157' title='bbox 3551 1042 3689 1081; x_wconf 90' lang='lat' dir='ltr'><strong>con-</strong></span> 
     </span>
    </p>
   </div>
   <div class='ocr_carea' id='block_1_25' title="bbox 2109 1114 3125 1183">
    <p class='ocr_par' dir='ltr' id='par_1_25' title="bbox 2109 1114 3125 1183">
     <span class='ocr_line' id='line_1_25' title="bbox 2109 1114 3125 1183; baseline 0.001 -17"><span class='ocrx_word' id='word_1_158' title='bbox 2109 1126 2321 1166; x_wconf 85' lang='lat' dir='ltr'><strong>suetum</strong></span> <span class='ocrx_word' id='word_1_159' title='bbox 2354 1115 2680 1183; x_wconf 80' lang='lat' dir='ltr'><strong>attingamus</strong></span> <span class='ocrx_word' id='word_1_160' title='bbox 2710 1130 3013 1168; x_wconf 86' lang='lat' dir='ltr'><strong>sermonem</strong></span> <span class='ocrx_word' id='word_1_161' title='bbox 3042 1114 3086 1144; x_wconf 82' lang='grc'><strong>¹³</strong></span> <span class='ocrx_word' id='word_1_162' title='bbox 3111 1131 3125 1167; x_wconf 90' lang='lat'><strong>:</strong></span> 
     </span>
    </p>
   </div>
   <div class='ocr_carea' id='block_1_26' title="bbox 2192 1203 3683 1274">
    <p class='ocr_par' dir='ltr' id='par_1_26' title="bbox 2192 1203 3683 1274">
     <span class='ocr_line' id='line_1_26' title="bbox 2192 1203 3683 1274; baseline 0.003 -18"><span class='ocrx_word' id='word_1_163' title='bbox 2192 1223 2211 1256; x_wconf 80' lang='grc' dir='ltr'><strong>ι</strong></span> <span class='ocrx_word' id='word_1_164' title='bbox 2254 1203 2309 1256; x_wconf 94' lang='lat' dir='ltr'><strong>lu</strong></span> <span class='ocrx_word' id='word_1_165' title='bbox 2350 1204 2438 1258; x_wconf 93' lang='lat' dir='ltr'><strong>illo</strong></span> <span class='ocrx_word' id='word_1_166' title='bbox 2489 1214 2733 1274; x_wconf 85' lang='lat' dir='ltr'><strong>tempore</strong></span> <span class='ocrx_word' id='word_1_167' title='bbox 2780 1206 2999 1273; x_wconf 84' lang='lat' dir='ltr'><strong>quidam</strong></span> <span class='ocrx_word' id='word_1_168' title='bbox 3058 1205 3403 1274; x_wconf 83' lang='lat' dir='ltr'><strong>legisperitus</strong></span> <span class='ocrx_word' id='word_1_169' title='bbox 3453 1210 3683 1262; x_wconf 89' lang='lat' dir='ltr'><strong>accessit</strong></span> 
     </span>
    </p>
   </div>
   <div class='ocr_carea' id='block_1_27' title="bbox 2110 1294 3682 1368">
    <p class='ocr_par' dir='ltr' id='par_1_27' title="bbox 2110 1294 3682 1368">
     <span class='ocr_line' id='line_1_27' title="bbox 2110 1294 3682 1368; baseline 0.003 -18"><span class='ocrx_word' id='word_1_170' title='bbox 2110 1300 2174 1350; x_wconf 88' lang='lat' dir='ltr'><strong>ad</strong></span> <span class='ocrx_word' id='word_1_171' title='bbox 2206 1294 2388 1350; x_wconf 75' lang='lat' dir='ltr'><strong>Iesum</strong></span> <span class='ocrx_word' id='word_1_172' title='bbox 2439 1306 2654 1349; x_wconf 80' lang='lat' dir='ltr'><strong>tentans</strong></span> <span class='ocrx_word' id='word_1_173' title='bbox 2716 1313 2835 1349; x_wconf 87' lang='lat' dir='ltr'><strong>eum</strong></span> <span class='ocrx_word' id='word_1_174' title='bbox 2862 1335 2878 1360; x_wconf 96' lang='lat'><strong>,</strong></span> <span class='ocrx_word' id='word_1_175' title='bbox 2911 1306 2963 1351; x_wconf 86' lang='lat' dir='ltr'><strong>et</strong></span> <span class='ocrx_word' id='word_1_176' title='bbox 3011 1297 3196 1350; x_wconf 79' lang='lat' dir='ltr'><strong>dicens</strong></span> <span class='ocrx_word' id='word_1_177' title='bbox 3224 1316 3236 1349; x_wconf 90' lang='lat'><strong>:</strong></span> <span class='ocrx_word' id='word_1_178' title='bbox 3274 1298 3527 1367; x_wconf 82' lang='lat' dir='ltr'><strong>Magister</strong></span> <span class='ocrx_word' id='word_1_179' title='bbox 3556 1304 3682 1368; x_wconf 87' lang='lat' dir='ltr'><strong>quid</strong></span> 
     </span>
    </p>
   </div>
   <div class='ocr_carea' id='block_1_28' title="bbox 2112 1388 3680 1456">
    <p class='ocr_par' dir='ltr' id='par_1_28' title="bbox 2112 1388 3680 1456">
     <span class='ocr_line' id='line_1_28' title="bbox 2112 1388 3680 1456; baseline -0.001 -14"><span class='ocrx_word' id='word_1_180' title='bbox 2112 1388 2361 1442; x_wconf 81' lang='lat' dir='ltr'><strong>faciendo</strong></span> <span class='ocrx_word' id='word_1_181' title='bbox 2395 1389 2555 1439; x_wconf 86' lang='lat' dir='ltr'><strong>vitam</strong></span> <span class='ocrx_word' id='word_1_182' title='bbox 2588 1400 2847 1440; x_wconf 59' lang='lat' dir='ltr'><strong>aeternam</strong></span> <span class='ocrx_word' id='word_1_183' title='bbox 2889 1388 3220 1456; x_wconf 72' lang='lat' dir='ltr'><strong>posside-bo?</strong></span> <span class='ocrx_word' id='word_1_184' title='bbox 3258 1406 3275 1438; x_wconf 76' lang='grc' dir='ltr'><strong>ι</strong></span> <span class='ocrx_word' id='word_1_185' title='bbox 3315 1389 3541 1443; x_wconf 80' lang='lat' dir='ltr'><strong>Putabat</strong></span> <span class='ocrx_word' id='word_1_186' title='bbox 3591 1408 3680 1445; x_wconf 83' lang='lat' dir='ltr'><strong>sa-</strong></span> 
     </span>
    </p>
   </div>
   <div class='ocr_carea' id='block_1_29' title="bbox 2108 1477 3688 1550">
    <p class='ocr_par' dir='ltr' id='par_1_29' title="bbox 2108 1477 3688 1550">
     <span class='ocr_line' id='line_1_29' title="bbox 2108 1477 3688 1550; baseline 0.001 -17"><span class='ocrx_word' id='word_1_187' title='bbox 2108 1494 2175 1533; x_wconf 90' lang='lat' dir='ltr'><strong>ne</strong></span> <span class='ocrx_word' id='word_1_188' title='bbox 2203 1481 2352 1532; x_wconf 79' lang='lat' dir='ltr'><strong>valer</strong></span> <span class='ocrx_word' id='word_1_189' title='bbox 2376 1480 2476 1532; x_wconf 89' lang='lat' dir='ltr'><strong>iste</strong></span> <span class='ocrx_word' id='word_1_190' title='bbox 2508 1478 2770 1548; x_wconf 78' lang='lat' dir='ltr'><strong>leguleius</strong></span> <span class='ocrx_word' id='word_1_191' title='bbox 2793 1477 3078 1532; x_wconf 84' lang='lat' dir='ltr'><strong>Dominum</strong></span> <span class='ocrx_word' id='word_1_192' title='bbox 3114 1478 3233 1533; x_wconf 79' lang='lat' dir='ltr'><strong>ﬁcta</strong></span> <span class='ocrx_word' id='word_1_193' title='bbox 3268 1479 3688 1550; x_wconf 80' lang='lat' dir='ltr'><strong>interrogatione</strong></span> 
     </span>
    </p>
   </div>
   <div class='ocr_carea' id='block_1_30' title="bbox 2105 1570 3677 1642">
    <p class='ocr_par' dir='ltr' id='par_1_30' title="bbox 2105 1570 3677 1642">
     <span class='ocr_line' id='line_1_30' title="bbox 2105 1570 3677 1642; baseline 0.001 -17"><span class='ocrx_word' id='word_1_194' title='bbox 2105 1586 2165 1625; x_wconf 87' lang='lat' dir='ltr'><strong>se</strong></span> <span class='ocrx_word' id='word_1_195' title='bbox 2215 1572 2595 1636; x_wconf 87' lang='lat' dir='ltr'><strong>decepturttm,</strong></span> <span class='ocrx_word' id='word_1_196' title='bbox 2628 1578 2682 1625; x_wconf 91' lang='lat' dir='ltr'><strong>et</strong></span> <span class='ocrx_word' id='word_1_197' title='bbox 2713 1587 2847 1623; x_wconf 87' lang='lat' dir='ltr'><strong>nova</strong></span> <span class='ocrx_word' id='word_1_198' title='bbox 2900 1572 3076 1640; x_wconf 90' lang='lat' dir='ltr'><strong>aliqua</strong></span> <span class='ocrx_word' id='word_1_199' title='bbox 3126 1570 3366 1624; x_wconf 84' lang='lat' dir='ltr'><strong>doctrina</strong></span> <span class='ocrx_word' id='word_1_200' title='bbox 3403 1570 3504 1642; x_wconf 82' lang='lat' dir='ltr'><strong>legi</strong></span> <span class='ocrx_word' id='word_1_201' title='bbox 3543 1588 3677 1626; x_wconf 90' lang='lat' dir='ltr'><strong>con-</strong></span> 
     </span>
    </p>
   </div>
   <div class='ocr_carea' id='block_1_31' title="bbox 2106 1662 3687 1731">
    <p class='ocr_par' dir='ltr' id='par_1_31' title="bbox 2106 1662 3687 1731">
     <span class='ocr_line' id='line_1_31' title="bbox 2106 1662 3687 1731; baseline 0.001 -15"><span class='ocrx_word' id='word_1_202' title='bbox 2106 1664 2271 1716; x_wconf 88' lang='lat' dir='ltr'><strong>traria</strong></span> <span class='ocrx_word' id='word_1_203' title='bbox 2310 1678 2369 1718; x_wconf 87' lang='lat' dir='ltr'><strong>se</strong></span> <span class='ocrx_word' id='word_1_204' title='bbox 2401 1662 2748 1716; x_wconf 85' lang='lat' dir='ltr'><strong>imbuendum</strong></span> <span class='ocrx_word' id='word_1_205' title='bbox 2785 1663 2851 1715; x_wconf 91' lang='lat' dir='ltr'><strong>ab</strong></span> <span class='ocrx_word' id='word_1_206' title='bbox 2878 1678 2945 1717; x_wconf 88' lang='lat' dir='ltr'><strong>eo</strong></span> <span class='ocrx_word' id='word_1_207' title='bbox 2970 1703 2982 1726; x_wconf 93' lang='lat'><strong>,</strong></span> <span class='ocrx_word' id='word_1_208' title='bbox 3046 1673 3100 1715; x_wconf 87' lang='grc' dir='ltr'><strong>ιιι</strong></span> <span class='ocrx_word' id='word_1_209' title='bbox 3126 1662 3275 1728; x_wconf 83' lang='lat' dir='ltr'><strong>justa</strong></span> <span class='ocrx_word' id='word_1_210' title='bbox 3317 1663 3494 1731; x_wconf 89' lang='lat' dir='ltr'><strong>aliqua</strong></span> <span class='ocrx_word' id='word_1_211' title='bbox 3529 1680 3687 1718; x_wconf 81' lang='lat' dir='ltr'><strong>causa</strong></span> 
     </span>
    </p>
   </div>
   <div class='ocr_carea' id='block_1_32' title="bbox 2105 1754 3687 1823">
    <p class='ocr_par' dir='ltr' id='par_1_32' title="bbox 2105 1754 3687 1823">
     <span class='ocr_line' id='line_1_32' title="bbox 2105 1754 3687 1823; baseline 0.001 -14"><span class='ocrx_word' id='word_1_212' title='bbox 2105 1765 2323 1823; x_wconf 88' lang='lat' dir='ltr'><strong>arrepta</strong></span> <span class='ocrx_word' id='word_1_213' title='bbox 2354 1754 2705 1808; x_wconf 88' lang='lat' dir='ltr'><strong>criminosam</strong></span> <span class='ocrx_word' id='word_1_214' title='bbox 2736 1754 2973 1822; x_wconf 78' lang='lat' dir='ltr'><strong>linguam</strong></span> <span class='ocrx_word' id='word_1_215' title='bbox 3000 1764 3271 1809; x_wconf 83' lang='lat' dir='ltr'><strong>exereret.</strong></span> <span class='ocrx_word' id='word_1_216' title='bbox 3308 1755 3465 1811; x_wconf 87' lang='lat' dir='ltr'><strong>Unde</strong></span> <span class='ocrx_word' id='word_1_217' title='bbox 3501 1767 3553 1810; x_wconf 85' lang='lat' dir='ltr'><strong>et</strong></span> <span class='ocrx_word' id='word_1_218' title='bbox 3577 1760 3687 1810; x_wconf 87' lang='lat' dir='ltr'><strong>oris</strong></span> 
     </span>
    </p>
   </div>
   <div class='ocr_carea' id='block_1_33' title="bbox 410 1815 1993 1917">
    <p class='ocr_par' dir='ltr' id='par_1_33' title="bbox 410 1815 1993 1917">
     <span class='ocr_line' id='line_1_33' title="bbox 410 1815 1993 1917; baseline 0.005 -25"><span class='ocrx_word' id='word_1_219' title='bbox 410 1815 550 1909; x_wconf 54' lang='lat' dir='ltr'><strong>pou.</strong></span> <span class='ocrx_word' id='word_1_220' title='bbox 582 1841 672 1892; x_wconf 77' lang='grc' dir='ltr'>Διὸ</span> <span class='ocrx_word' id='word_1_221' title='bbox 731 1844 823 1892; x_wconf 70' lang='grc' dir='ltr'><strong>καὶ</strong></span> <span class='ocrx_word' id='word_1_222' title='bbox 860 1815 1113 1911; x_wconf 59' lang='grc' dir='ltr'>προσεισι</span> <span class='ocrx_word' id='word_1_223' title='bbox 1172 1815 1578 1913; x_wconf 37' lang='lat' dir='ltr'><strong>exiutas-gnum</strong></span> <span class='ocrx_word' id='word_1_224' title='bbox 1610 1848 1755 1917; x_wconf 84' lang='grc' dir='ltr'>λόγῳ</span> <span class='ocrx_word' id='word_1_225' title='bbox 1792 1815 1993 1917; x_wconf 70' lang='grc' dir='ltr'>σεμνῷ,</span> 
     </span>
    </p>
   </div>
   <div class='ocr_carea' id='block_1_34' title="bbox 2097 1815 3685 1917">
    <p class='ocr_par' dir='ltr' id='par_1_34' title="bbox 2107 1846 3685 1917">
     <span class='ocr_line' id='line_1_34' title="bbox 2107 1846 3685 1917; baseline 0.002 -18"><span class='ocrx_word' id='word_1_226' title='bbox 2107 1847 2316 1913; x_wconf 89' lang='lat' dir='ltr'><strong>habitu,</strong></span> <span class='ocrx_word' id='word_1_227' title='bbox 2345 1856 2398 1900; x_wconf 91' lang='lat' dir='ltr'><strong>et</strong></span> <span class='ocrx_word' id='word_1_228' title='bbox 2424 1847 2672 1900; x_wconf 80' lang='lat' dir='ltr'><strong>oratione</strong></span> <span class='ocrx_word' id='word_1_229' title='bbox 2705 1846 3002 1915; x_wconf 89' lang='lat' dir='ltr'><strong>composita</strong></span> <span class='ocrx_word' id='word_1_230' title='bbox 3057 1847 3120 1898; x_wconf 93' lang='lat' dir='ltr'><strong>ad</strong></span> <span class='ocrx_word' id='word_1_231' title='bbox 3174 1847 3493 1917; x_wconf 87' lang='lat' dir='ltr'><strong>gravitatem</strong></span> <span class='ocrx_word' id='word_1_232' title='bbox 3524 1864 3685 1902; x_wconf 82' lang='lat' dir='ltr'><strong>acce-</strong></span> 
     </span>
    </p>
   </div>
   <div class='ocr_carea' id='block_1_35' title="bbox 407 1933 1998 2007">
    <p class='ocr_par' dir='ltr' id='par_1_35' title="bbox 407 1933 1998 2007">
     <span class='ocr_line' id='line_1_35' title="bbox 407 1933 1998 2007; baseline 0.007 -24"><span class='ocrx_word' id='word_1_233' title='bbox 407 1936 610 2003; x_wconf 69' lang='grc' dir='ltr'>γνώμῃ</span> <span class='ocrx_word' id='word_1_234' title='bbox 634 1933 691 1985; x_wconf 81' lang='grc' dir='ltr'>δὲ</span> <span class='ocrx_word' id='word_1_235' title='bbox 714 1934 1049 2004; x_wconf 67' lang='grc' dir='ltr'>διαστρόφῳ,</span> <span class='ocrx_word' id='word_1_236' title='bbox 1110 1938 1203 1988; x_wconf 74' lang='grc' dir='ltr'><strong>καὶ</strong></span> <span class='ocrx_word' id='word_1_237' title='bbox 1232 1938 1332 1989; x_wconf 73' lang='grc' dir='ltr'><strong>οὐκ</strong></span> <span class='ocrx_word' id='word_1_238' title='bbox 1365 1937 1499 2007; x_wconf 77' lang='grc' dir='ltr'>ὀρθῇ</span> <span class='ocrx_word' id='word_1_239' title='bbox 1538 1940 1847 2006; x_wconf 75' lang='grc' dir='ltr'>ἐγκυκλίως</span> <span class='ocrx_word' id='word_1_240' title='bbox 1883 1940 1998 1994; x_wconf 79' lang='grc' dir='ltr'>δια·</span> 
     </span>
    </p>
   </div>
   <div class='ocr_carea' id='block_1_36' title="bbox 406 2024 2000 2101">
    <p class='ocr_par' dir='ltr' id='par_1_36' title="bbox 406 2024 2000 2101">
     <span class='ocr_line' id='line_1_36' title="bbox 406 2024 2000 2101; baseline 0.007 -27"><span class='ocrx_word' id='word_1_241' title='bbox 406 2024 729 2093; x_wconf 68' lang='grc' dir='ltr'>λεγόμενος,</span> <span class='ocrx_word' id='word_1_242' title='bbox 782 2028 876 2078; x_wconf 70' lang='grc' dir='ltr'><strong>καὶ</strong></span> <span class='ocrx_word' id='word_1_243' title='bbox 932 2028 1291 2097; x_wconf 68' lang='grc' dir='ltr'>προφητικῶς</span> <span class='ocrx_word' id='word_1_244' title='bbox 1339 2030 1556 2094; x_wconf 75' lang='grc' dir='ltr'>εἰπεῖν,</span> <span class='ocrx_word' id='word_1_245' title='bbox 1606 2032 1833 2101; x_wconf 78' lang='grc' dir='ltr'>τροχιὰν</span> <span class='ocrx_word' id='word_1_246' title='bbox 1883 2033 2000 2085; x_wconf 73' lang='grc' dir='ltr'>ὁδὸν</span> 
     </span>
    </p>
   </div>
   <div class='ocr_carea' id='block_1_37' title="bbox 409 2122 1999 2195">
    <p class='ocr_par' dir='ltr' id='par_1_37' title="bbox 409 2122 1999 2195">
     <span class='ocr_line' id='line_1_37' title="bbox 409 2122 1999 2195; baseline 0.005 -25"><span class='ocrx_word' id='word_1_247' title='bbox 409 2122 817 2190; x_wconf 71' lang='grc' dir='ltr'>πορευόμενος·</span> <span class='ocrx_word' id='word_1_248' title='bbox 860 2124 1103 2192; x_wconf 79' lang='grc' dir='ltr'>ἣμὸροτε</span> <span class='ocrx_word' id='word_1_249' title='bbox 1161 2124 1261 2192; x_wconf 78' lang='grc' dir='ltr'><strong>μὲν</strong></span> <span class='ocrx_word' id='word_1_250' title='bbox 1293 2125 1388 2176; x_wconf 78' lang='grc' dir='ltr'>τοῦ</span> <span class='ocrx_word' id='word_1_251' title='bbox 1424 2125 1846 2195; x_wconf 72' lang='grc' dir='ltr'>ἐγχειρήματος,</span> <span class='ocrx_word' id='word_1_252' title='bbox 1903 2126 1999 2178; x_wconf 82' lang='grc' dir='ltr'>καὶ</span> 
     </span>
    </p>
   </div>
   <div class='ocr_carea' id='block_1_38' title="bbox 408 2213 1999 2289">
    <p class='ocr_par' dir='ltr' id='par_1_38' title="bbox 408 2213 1999 2289">
     <span class='ocr_line' id='line_1_38' title="bbox 408 2213 1999 2289; baseline 0.005 -26"><span class='ocrx_word' id='word_1_253' title='bbox 408 2215 730 2283; x_wconf 71' lang='grc' dir='ltr'>συνελήφθη</span> <span class='ocrx_word' id='word_1_254' title='bbox 758 2218 812 2266; x_wconf 81' lang='grc' dir='ltr'><strong>ἐν</strong></span> <span class='ocrx_word' id='word_1_255' title='bbox 842 2219 908 2285; x_wconf 83' lang='grc' dir='ltr'>τῇ</span> <span class='ocrx_word' id='word_1_256' title='bbox 938 2216 1152 2284; x_wconf 78' lang='grc' dir='ltr'>παγίδι,</span> <span class='ocrx_word' id='word_1_257' title='bbox 1251 2218 1511 2287; x_wconf 69' lang='grc' dir='ltr'>ἔκρυψεν.</span> <span class='ocrx_word' id='word_1_258' title='bbox 1551 2219 1609 2272; x_wconf 85' lang='lat'><strong>&#39;0</strong></span> <span class='ocrx_word' id='word_1_259' title='bbox 1640 2221 1747 2289; x_wconf 79' lang='grc' dir='ltr'>γὰρ</span> <span class='ocrx_word' id='word_1_260' title='bbox 1770 2220 1999 2288; x_wconf 80' lang='grc' dir='ltr'>δρασσό-</span> 
     </span>
    </p>
   </div>
   <div class='ocr_carea' id='block_1_39' title="bbox 409 2307 2000 2382">
    <p class='ocr_par' dir='ltr' id='par_1_39' title="bbox 409 2307 2000 2382">
     <span class='ocr_line' id='line_1_39' title="bbox 409 2307 2000 2382; baseline 0.008 -28"><span class='ocrx_word' id='word_1_261' title='bbox 409 2322 575 2373; x_wconf 79' lang='grc' dir='ltr'>μενος</span> <span class='ocrx_word' id='word_1_262' title='bbox 603 2307 729 2367; x_wconf 73' lang='grc' dir='ltr'>τοὺς</span> <span class='ocrx_word' id='word_1_263' title='bbox 771 2309 972 2375; x_wconf 76' lang='grc' dir='ltr'>σοφοὺς</span> <span class='ocrx_word' id='word_1_264' title='bbox 1011 2311 1069 2359; x_wconf 81' lang='grc' dir='ltr'><strong>ἐν</strong></span> <span class='ocrx_word' id='word_1_265' title='bbox 1095 2313 1158 2378; x_wconf 82' lang='grc' dir='ltr'>τῇ</span> <span class='ocrx_word' id='word_1_266' title='bbox 1196 2312 1506 2382; x_wconf 75' lang='grc' dir='ltr'>πανουργίᾳ</span> <span class='ocrx_word' id='word_1_267' title='bbox 1534 2313 1732 2375; x_wconf 77' lang='grc' dir='ltr'>αὐτῶν,</span> <span class='ocrx_word' id='word_1_268' title='bbox 1764 2315 1856 2365; x_wconf 81' lang='grc' dir='ltr'><strong>καὶ</strong></span> <span class='ocrx_word' id='word_1_269' title='bbox 1881 2315 2000 2367; x_wconf 80' lang='grc' dir='ltr'>τοῦ·</span> 
     </span>
    </p>
   </div>
   <div class='ocr_carea' id='block_1_40' title="bbox 407 2395 1997 2471">
    <p class='ocr_par' dir='ltr' id='par_1_40' title="bbox 407 2395 1997 2471">
     <span class='ocr_line' id='line_1_40' title="bbox 407 2395 1997 2471; baseline 0.006 -25"><span class='ocrx_word' id='word_1_270' title='bbox 407 2414 506 2447; x_wconf 51' lang='grc' dir='ltr'>τήν</span> <span class='ocrx_word' id='word_1_271' title='bbox 544 2397 609 2466; x_wconf 81' lang='grc' dir='ltr'>δὴ</span> <span class='ocrx_word' id='word_1_272' title='bbox 636 2401 755 2460; x_wconf 79' lang='grc' dir='ltr'>ταῖς</span> <span class='ocrx_word' id='word_1_273' title='bbox 807 2398 1051 2462; x_wconf 75' lang='grc' dir='ltr'>ἐντολαῖς</span> <span class='ocrx_word' id='word_1_274' title='bbox 1081 2402 1138 2452; x_wconf 84' lang='grc' dir='ltr'><strong>ἐν</strong></span> <span class='ocrx_word' id='word_1_275' title='bbox 1174 2395 1262 2463; x_wconf 77' lang='grc' dir='ltr'>αἷς</span> <span class='ocrx_word' id='word_1_276' title='bbox 1290 2403 1630 2471; x_wconf 75' lang='grc' dir='ltr'>ἐπόμπαζεν,</span> <span class='ocrx_word' id='word_1_277' title='bbox 1663 2402 1873 2456; x_wconf 84' lang='grc' dir='ltr'>ἁλίσκει</span> <span class='ocrx_word' id='word_1_278' title='bbox 1908 2423 1997 2457; x_wconf 94' lang='grc' dir='ltr'>σο-</span> 
     </span>
    </p>
   </div>
   <div class='ocr_carea' id='block_1_41' title="bbox 406 2490 1994 2565">
    <p class='ocr_par' dir='ltr' id='par_1_41' title="bbox 406 2490 1994 2565">
     <span class='ocr_line' id='line_1_41' title="bbox 406 2490 1994 2565; baseline 0.005 -25"><span class='ocrx_word' id='word_1_279' title='bbox 406 2490 552 2557; x_wconf 75' lang='grc' dir='ltr'>φῶς.</span> <span class='ocrx_word' id='word_1_280' title='bbox 602 2490 662 2542; x_wconf 83' lang='grc' dir='ltr'><em>Ὀ</em></span> <span class='ocrx_word' id='word_1_281' title='bbox 695 2491 793 2559; x_wconf 84' lang='grc' dir='ltr'><strong>μὲν</strong></span> <span class='ocrx_word' id='word_1_282' title='bbox 828 2492 938 2560; x_wconf 74' lang='grc' dir='ltr'>γὰρ</span> <span class='ocrx_word' id='word_1_283' title='bbox 974 2492 1175 2562; x_wconf 77' lang='grc' dir='ltr'>ἦρετο’</span> <span class='ocrx_word' id='word_1_284' title='bbox 1222 2512 1241 2544; x_wconf 75' lang='grc' dir='ltr'><strong>ι</strong></span> <span class='ocrx_word' id='word_1_285' title='bbox 1288 2493 1608 2556; x_wconf 82' lang='grc' dir='ltr'>Διδάσκαλε,</span> <span class='ocrx_word' id='word_1_286' title='bbox 1666 2494 1718 2546; x_wconf 89' lang='grc' dir='ltr'><strong>τί</strong></span> <span class='ocrx_word' id='word_1_287' title='bbox 1767 2498 1994 2565; x_wconf 76' lang='grc' dir='ltr'>ποιήσας</span> 
     </span>
    </p>
   </div>
   <div class='ocr_carea' id='block_1_42' title="bbox 400 2584 1995 2653">
    <p class='ocr_par' dir='ltr' id='par_1_42' title="bbox 400 2584 1995 2653">
     <span class='ocr_line' id='line_1_42' title="bbox 400 2584 1995 2653; baseline 0.002 -18"><span class='ocrx_word' id='word_1_288' title='bbox 400 2584 811 2653; x_wconf 74' lang='grc' dir='ltr'>κληρονομήσω</span> <span class='ocrx_word' id='word_1_289' title='bbox 854 2586 955 2651; x_wconf 73' lang='grc' dir='ltr'><strong>τὴν</strong></span> <span class='ocrx_word' id='word_1_290' title='bbox 1002 2584 1223 2637; x_wconf 82' lang='grc' dir='ltr'>αἰώνιον</span> <span class='ocrx_word' id='word_1_291' title='bbox 1252 2584 1421 2653; x_wconf 78' lang='grc' dir='ltr'>ζωήν.</span> <span class='ocrx_word' id='word_1_292' title='bbox 1461 2604 1479 2636; x_wconf 83' lang='grc'>›</span> <span class='ocrx_word' id='word_1_293' title='bbox 1551 2586 1610 2639; x_wconf 85' lang='grc' dir='ltr'>Ὀ</span> <span class='ocrx_word' id='word_1_294' title='bbox 1640 2586 1695 2637; x_wconf 73' lang='grc' dir='ltr'>δὲ</span> <span class='ocrx_word' id='word_1_295' title='bbox 1722 2586 1995 2639; x_wconf 89' lang='grc' dir='ltr'>δείκνυσιν</span> 
     </span>
    </p>
   </div>
   <div class='ocr_carea' id='block_1_43' title="bbox 401 2675 1995 2745">
    <p class='ocr_par' dir='ltr' id='par_1_43' title="bbox 401 2675 1995 2745">
     <span class='ocr_line' id='line_1_43' title="bbox 401 2675 1995 2745; baseline 0.002 -18"><span class='ocrx_word' id='word_1_296' title='bbox 401 2675 573 2727; x_wconf 70' lang='grc' dir='ltr'>αὑτὸν</span> <span class='ocrx_word' id='word_1_297' title='bbox 608 2675 786 2728; x_wconf 79' lang='grc' dir='ltr'>καίτοι</span> <span class='ocrx_word' id='word_1_298' title='bbox 836 2675 1172 2745; x_wconf 73' lang='grc' dir='ltr'>Γραμματὲα</span> <span class='ocrx_word' id='word_1_299' title='bbox 1220 2676 1350 2728; x_wconf 82' lang='grc' dir='ltr'>ὄντα</span> <span class='ocrx_word' id='word_1_300' title='bbox 1394 2678 1470 2745; x_wconf 78' lang='grc' dir='ltr'>μὴ</span> <span class='ocrx_word' id='word_1_301' title='bbox 1530 2678 1854 2730; x_wconf 80' lang='grc' dir='ltr'>ἐπίστασθαι</span> <span class='ocrx_word' id='word_1_302' title='bbox 1899 2678 1995 2731; x_wconf 83' lang='grc' dir='ltr'>τοῦ</span> 
     </span>
    </p>
   </div>
   <div class='ocr_carea' id='block_1_44' title="bbox 400 2764 1993 2841">
    <p class='ocr_par' dir='ltr' id='par_1_44' title="bbox 400 2764 1993 2841">
     <span class='ocr_line' id='line_1_44' title="bbox 400 2764 1993 2841; baseline 0.002 -22"><span class='ocrx_word' id='word_1_303' title='bbox 400 2771 575 2837; x_wconf 69' lang='grc' dir='ltr'>νόμου</span> <span class='ocrx_word' id='word_1_304' title='bbox 596 2768 655 2820; x_wconf 83' lang='grc' dir='ltr'><strong>τὸ</strong></span> <span class='ocrx_word' id='word_1_305' title='bbox 682 2768 950 2837; x_wconf 73' lang='grc' dir='ltr'>βούλημα.</span> <span class='ocrx_word' id='word_1_306' title='bbox 978 2764 1071 2830; x_wconf 80' lang='grc' dir='ltr'><strong>Οἷς</strong></span> <span class='ocrx_word' id='word_1_307' title='bbox 1103 2771 1212 2838; x_wconf 69' lang='grc' dir='ltr'><strong>γὰρ</strong></span> <span class='ocrx_word' id='word_1_308' title='bbox 1238 2767 1518 2840; x_wconf 83' lang='grc' dir='ltr'>ὅστιςῆνὸ</span> <span class='ocrx_word' id='word_1_309' title='bbox 1538 2771 1765 2841; x_wconf 84' lang='grc' dir='ltr'>πλησίον</span> <span class='ocrx_word' id='word_1_310' title='bbox 1782 2772 1993 2839; x_wconf 75' lang='grc' dir='ltr'>ἠγνόει,</span> 
     </span>
    </p>
   </div>
   <div class='ocr_carea' id='block_1_45' title="bbox 398 2860 1993 2931">
    <p class='ocr_par' dir='ltr' id='par_1_45' title="bbox 398 2860 1993 2931">
     <span class='ocr_line' id='line_1_45' title="bbox 398 2860 1993 2931; baseline 0.003 -22"><span class='ocrx_word' id='word_1_311' title='bbox 398 2861 501 2923; x_wconf 72' lang='grc' dir='ltr'>τῆς</span> <span class='ocrx_word' id='word_1_312' title='bbox 545 2860 807 2927; x_wconf 75' lang='grc' dir='ltr'>ἁκριόοὖς</span> <span class='ocrx_word' id='word_1_313' title='bbox 837 2860 931 2912; x_wconf 83' lang='grc' dir='ltr'>τοῦ</span> <span class='ocrx_word' id='word_1_314' title='bbox 983 2862 1149 2927; x_wconf 76' lang='grc' dir='ltr'>νόμου</span> <span class='ocrx_word' id='word_1_315' title='bbox 1186 2862 1435 2924; x_wconf 74' lang='grc' dir='ltr'>παιδείας</span> <span class='ocrx_word' id='word_1_316' title='bbox 1473 2863 1667 2925; x_wconf 84' lang='grc' dir='ltr'>ἐνδεῶς</span> <span class='ocrx_word' id='word_1_317' title='bbox 1716 2863 1855 2931; x_wconf 77' lang='grc' dir='ltr'>ἔχων</span> <span class='ocrx_word' id='word_1_318' title='bbox 1883 2863 1993 2914; x_wconf 80' lang='grc' dir='ltr'>δεί-</span> 
     </span>
    </p>
   </div>
   <div class='ocr_carea' id='block_1_46' title="bbox 402 2949 1993 3024">
    <p class='ocr_par' dir='ltr' id='par_1_46' title="bbox 402 2949 1993 3024">
     <span class='ocr_line' id='line_1_46' title="bbox 402 2949 1993 3024; baseline 0.004 -22"><span class='ocrx_word' id='word_1_319' title='bbox 402 2968 623 3004; x_wconf 81' lang='grc' dir='ltr'>κνυται.</span> <span class='ocrx_word' id='word_1_320' title='bbox 656 2953 797 3022; x_wconf 88' lang='grc' dir='ltr'>Τρία</span> <span class='ocrx_word' id='word_1_321' title='bbox 826 2953 917 3005; x_wconf 78' lang='grc' dir='ltr'><strong>οὖν</strong></span> <span class='ocrx_word' id='word_1_322' title='bbox 939 2956 966 3006; x_wconf 82' lang='grc' dir='ltr'><strong><em>ὁ</em></strong></span> <span class='ocrx_word' id='word_1_323' title='bbox 1002 2949 1084 3017; x_wconf 71' lang='grc' dir='ltr'>εἷς</span> <span class='ocrx_word' id='word_1_324' title='bbox 1115 2954 1216 3022; x_wconf 81' lang='grc' dir='ltr'><strong>τῆς</strong></span> <span class='ocrx_word' id='word_1_325' title='bbox 1249 2955 1482 3024; x_wconf 82' lang='grc' dir='ltr'>Τριάδος</span> <span class='ocrx_word' id='word_1_326' title='bbox 1506 2956 1760 3008; x_wconf 86' lang='grc' dir='ltr'>ἐνταυθοῖ</span> <span class='ocrx_word' id='word_1_327' title='bbox 1794 2973 1993 3023; x_wconf 82' lang='grc' dir='ltr'>κατορ-</span> 
     </span>
    </p>
   </div>
   <div class='ocr_carea' id='block_1_47' title="bbox 402 3045 1995 3114">
    <p class='ocr_par' dir='ltr' id='par_1_47' title="bbox 402 3045 1995 3114">
     <span class='ocr_line' id='line_1_47' title="bbox 402 3045 1995 3114; baseline 0.003 -17"><span class='ocrx_word' id='word_1_328' title='bbox 402 3047 507 3105; x_wconf 78' lang='grc' dir='ltr'>θοῖ,</span> <span class='ocrx_word' id='word_1_329' title='bbox 547 3045 807 3111; x_wconf 74' lang='grc' dir='ltr'>ἐκφεύγει</span> <span class='ocrx_word' id='word_1_330' title='bbox 838 3046 931 3097; x_wconf 79' lang='grc' dir='ltr'>τοῦ</span> <span class='ocrx_word' id='word_1_331' title='bbox 987 3047 1342 3114; x_wconf 74' lang='grc' dir='ltr'>πειράζοντος</span> <span class='ocrx_word' id='word_1_332' title='bbox 1374 3047 1474 3108; x_wconf 77' lang='grc' dir='ltr'><strong>τὰς</strong></span> <span class='ocrx_word' id='word_1_333' title='bbox 1505 3046 1696 3111; x_wconf 70' lang='grc' dir='ltr'>λαϐὰς,</span> <span class='ocrx_word' id='word_1_334' title='bbox 1731 3049 1995 3101; x_wconf 84' lang='grc' dir='ltr'>ἀποκενεί</span> 
     </span>
    </p>
   </div>
   <div class='ocr_carea' id='block_1_48' title="bbox 400 3132 2060 3212">
    <p class='ocr_par' dir='ltr' id='par_1_48' title="bbox 400 3132 2060 3212">
     <span class='ocr_line' id='line_1_48' title="bbox 400 3132 2060 3212; baseline 0.004 -26"><span class='ocrx_word' id='word_1_335' title='bbox 400 3132 496 3186; x_wconf 73' lang='grc' dir='ltr'>τοῦ</span> <span class='ocrx_word' id='word_1_336' title='bbox 523 3133 907 3201; x_wconf 66' lang='grc' dir='ltr'>Γραςλματέως</span> <span class='ocrx_word' id='word_1_337' title='bbox 933 3134 990 3186; x_wconf 73' lang='grc' dir='ltr'>τὸ</span> <span class='ocrx_word' id='word_1_338' title='bbox 1007 3135 1072 3186; x_wconf 81' lang='grc' dir='ltr'><strong>ἐκ</strong></span> <span class='ocrx_word' id='word_1_339' title='bbox 1102 3134 1200 3202; x_wconf 84' lang='grc' dir='ltr'><strong>τῆς</strong></span> <span class='ocrx_word' id='word_1_340' title='bbox 1229 3136 1459 3204; x_wconf 75' lang='grc' dir='ltr'>οἰήσεως</span> <span class='ocrx_word' id='word_1_341' title='bbox 1485 3136 1739 3207; x_wconf 78' lang='grc' dir='ltr'>φύσημα,</span> <span class='ocrx_word' id='word_1_342' title='bbox 1774 3138 1989 3201; x_wconf 78' lang='grc' dir='ltr'>δεικνὺς</span> <span class='ocrx_word' id='word_1_343' title='bbox 2018 3156 2060 3212; x_wconf 73' lang='grc' dir='ltr'>ο</span> 
     </span>
    </p>
   </div>
   <div class='ocr_carea' id='block_1_49' title="bbox 402 3224 1985 3298">
    <p class='ocr_par' dir='ltr' id='par_1_49' title="bbox 402 3224 1985 3298">
     <span class='ocr_line' id='line_1_49' title="bbox 402 3224 1985 3298; baseline 0.005 -25"><span class='ocrx_word' id='word_1_344' title='bbox 402 3224 569 3274; x_wconf 63' lang='grc' dir='ltr'>αὐτὸν</span> <span class='ocrx_word' id='word_1_345' title='bbox 596 3226 697 3292; x_wconf 81' lang='grc' dir='ltr'><strong>τῆς</strong></span> <span class='ocrx_word' id='word_1_346' title='bbox 734 3224 1026 3293; x_wconf 76' lang='grc' dir='ltr'>μαθήσεως</span> <span class='ocrx_word' id='word_1_347' title='bbox 1050 3226 1159 3277; x_wconf 90' lang='grc' dir='ltr'><strong>τῶν</strong></span> <span class='ocrx_word' id='word_1_348' title='bbox 1190 3227 1423 3279; x_wconf 84' lang='grc' dir='ltr'>ἐντολῶν</span> <span class='ocrx_word' id='word_1_349' title='bbox 1451 3228 1629 3292; x_wconf 82' lang='grc' dir='ltr'>ἐνδεᾶ,</span> <span class='ocrx_word' id='word_1_350' title='bbox 1664 3229 1985 3298; x_wconf 79' lang='grc' dir='ltr'>ὑποσπείρει</span> 
     </span>
    </p>
   </div>
   <div class='ocr_carea' id='block_1_50' title="bbox 399 3316 1991 3391">
    <p class='ocr_par' dir='ltr' id='par_1_50' title="bbox 399 3316 1991 3391">
     <span class='ocr_line' id='line_1_50' title="bbox 399 3316 1991 3391; baseline 0.006 -26"><span class='ocrx_word' id='word_1_351' title='bbox 399 3316 712 3384; x_wconf 63' lang='grc' dir='ltr'>λεληθότως</span> <span class='ocrx_word' id='word_1_352' title='bbox 760 3319 817 3367; x_wconf 85' lang='grc' dir='ltr'><strong>ἐν</strong></span> <span class='ocrx_word' id='word_1_353' title='bbox 868 3320 933 3385; x_wconf 80' lang='grc' dir='ltr'><strong>τῇ</strong></span> <span class='ocrx_word' id='word_1_354' title='bbox 991 3317 1277 3389; x_wconf 77' lang='grc' dir='ltr'>παραϐολῇ</span> <span class='ocrx_word' id='word_1_355' title='bbox 1316 3321 1376 3371; x_wconf 82' lang='grc' dir='ltr'><strong>τὸ</strong></span> <span class='ocrx_word' id='word_1_356' title='bbox 1415 3323 1511 3388; x_wconf 83' lang='grc' dir='ltr'>τῆς</span> <span class='ocrx_word' id='word_1_357' title='bbox 1546 3322 1858 3391; x_wconf 83' lang='grc' dir='ltr'>οἰκονομίας</span> <span class='ocrx_word' id='word_1_358' title='bbox 1890 3340 1991 3391; x_wconf 81' lang='grc' dir='ltr'>μυ-</span> 
     </span>
    </p>
   </div>
   <div class='ocr_carea' id='block_1_51' title="bbox 403 3407 1989 3480">
    <p class='ocr_par' dir='ltr' id='par_1_51' title="bbox 403 3407 1989 3480">
     <span class='ocr_line' id='line_1_51' title="bbox 403 3407 1989 3480; baseline 0.004 -22"><span class='ocrx_word' id='word_1_359' title='bbox 403 3409 653 3475; x_wconf 77' lang='grc' dir='ltr'>στήριον.</span> <span class='ocrx_word' id='word_1_360' title='bbox 698 3408 785 3469; x_wconf 84' lang='grc' dir='ltr'>Ὠς</span> <span class='ocrx_word' id='word_1_361' title='bbox 819 3407 882 3458; x_wconf 81' lang='grc' dir='ltr'><strong>ἂν</strong></span> <span class='ocrx_word' id='word_1_362' title='bbox 908 3408 963 3459; x_wconf 80' lang='grc' dir='ltr'><strong>δὲ</strong></span> <span class='ocrx_word' id='word_1_363' title='bbox 995 3410 1021 3460; x_wconf 87' lang='grc' dir='ltr'>ὁ</span> <span class='ocrx_word' id='word_1_364' title='bbox 1051 3408 1209 3475; x_wconf 81' lang='grc' dir='ltr'>λόγος</span> <span class='ocrx_word' id='word_1_365' title='bbox 1240 3410 1373 3476; x_wconf 78' lang='grc' dir='ltr'>ἡμῖν</span> <span class='ocrx_word' id='word_1_366' title='bbox 1402 3408 1802 3480; x_wconf 86' lang='grc' dir='ltr'>εὑληπτότερος</span> <span class='ocrx_word' id='word_1_367' title='bbox 1834 3411 1989 3464; x_wconf 82' lang='grc' dir='ltr'>ἔσται</span> 
     </span>
    </p>
   </div>
   <div class='ocr_carea' id='block_1_52' title="bbox 401 3493 1421 3565">
    <p class='ocr_par' dir='ltr' id='par_1_52' title="bbox 401 3493 1421 3565">
     <span class='ocr_line' id='line_1_52' title="bbox 401 3493 1421 3565; baseline 0.001 -19"><span class='ocrx_word' id='word_1_368' title='bbox 401 3493 528 3547; x_wconf 77' lang='grc' dir='ltr'>κατ’</span> <span class='ocrx_word' id='word_1_369' title='bbox 562 3496 689 3557; x_wconf 69' lang='lat' dir='ltr'><strong>Em;</strong></span> <span class='ocrx_word' id='word_1_370' title='bbox 722 3494 1136 3565; x_wconf 73' lang='grc' dir='ltr'>ἀνιχνεύσωμεν</span> <span class='ocrx_word' id='word_1_371' title='bbox 1165 3495 1233 3548; x_wconf 77' lang='grc' dir='ltr'><strong>τὰ</strong></span> <span class='ocrx_word' id='word_1_372' title='bbox 1260 3495 1421 3565; x_wconf 76' lang='grc' dir='ltr'>ῥητά.</span> 
     </span>
    </p>
   </div>
   <div class='ocr_carea' id='block_1_53' title="bbox 476 3674 1990 3746">
    <p class='ocr_par' dir='ltr' id='par_1_53' title="bbox 476 3674 1990 3746">
     <span class='ocr_line' id='line_1_53' title="bbox 476 3674 1990 3746; baseline 0.002 -19"><span class='ocrx_word' id='word_1_373' title='bbox 476 3675 644 3741; x_wconf 81' lang='grc' dir='ltr'>Λέγει</span> <span class='ocrx_word' id='word_1_374' title='bbox 692 3674 841 3743; x_wconf 80' lang='grc' dir='ltr'>αὐτῷ</span> <span class='ocrx_word' id='word_1_375' title='bbox 880 3676 906 3727; x_wconf 81' lang='grc' dir='ltr'>ὁ</span> <span class='ocrx_word' id='word_1_376' title='bbox 933 3675 1176 3745; x_wconf 78' lang='grc' dir='ltr'>’1ησοῦς’</span> <span class='ocrx_word' id='word_1_377' title='bbox 1208 3694 1225 3727; x_wconf 83' lang='grc' dir='ltr'><strong>ι</strong></span> <span class='ocrx_word' id='word_1_378' title='bbox 1270 3676 1361 3729; x_wconf 85' lang='grc' dir='ltr'>Ἐν</span> <span class='ocrx_word' id='word_1_379' title='bbox 1395 3676 1473 3745; x_wconf 83' lang='grc' dir='ltr'>τῷ</span> <span class='ocrx_word' id='word_1_380' title='bbox 1526 3677 1674 3746; x_wconf 81' lang='grc' dir='ltr'>νόμῳ</span> <span class='ocrx_word' id='word_1_381' title='bbox 1708 3677 1758 3729; x_wconf 88' lang='grc' dir='ltr'><strong>τί</strong></span> <span class='ocrx_word' id='word_1_382' title='bbox 1790 3678 1990 3746; x_wconf 83' lang='grc' dir='ltr'>γέγρα-</span> 
     </span>
    </p>
   </div>
   <div class='ocr_carea' id='block_1_54' title="bbox 404 3768 1986 3840">
    <p class='ocr_par' dir='ltr' id='par_1_54' title="bbox 404 3768 1986 3840">
     <span class='ocr_line' id='line_1_54' title="bbox 404 3768 1986 3840; baseline 0.001 -19"><span class='ocrx_word' id='word_1_383' title='bbox 404 3784 572 3832; x_wconf 60' lang='lat' dir='ltr'><strong>ttat;</strong></span> <span class='ocrx_word' id='word_1_384' title='bbox 605 3768 724 3829; x_wconf 87' lang='grc' dir='ltr'><strong>πῶς</strong></span> <span class='ocrx_word' id='word_1_385' title='bbox 754 3770 1196 3835; x_wconf 82' lang='grc' dir='ltr'>ἀναγινώσκεις;</span> <span class='ocrx_word' id='word_1_386' title='bbox 1237 3788 1254 3820; x_wconf 75' lang='grc' dir='ltr'><strong>ι</strong></span> <span class='ocrx_word' id='word_1_387' title='bbox 1298 3769 1463 3832; x_wconf 85' lang='grc' dir='ltr'>Ἔθος</span> <span class='ocrx_word' id='word_1_388' title='bbox 1502 3770 1577 3840; x_wconf 82' lang='grc' dir='ltr'>τῷ</span> <span class='ocrx_word' id='word_1_389' title='bbox 1627 3771 1842 3840; x_wconf 78' lang='grc' dir='ltr'>Σωτῆρι</span> <span class='ocrx_word' id='word_1_390' title='bbox 1897 3770 1986 3823; x_wconf 79' lang='grc' dir='ltr'>διὰ</span> 
     </span>
    </p>
   </div>
   <div class='ocr_carea' id='block_1_55' title="bbox 400 3860 1990 3930">
    <p class='ocr_par' dir='ltr' id='par_1_55' title="bbox 400 3860 1990 3930">
     <span class='ocr_line' id='line_1_55' title="bbox 400 3860 1990 3930; baseline 0.002 -20"><span class='ocrx_word' id='word_1_391' title='bbox 400 3860 501 3925; x_wconf 75' lang='grc' dir='ltr'>τῆς</span> <span class='ocrx_word' id='word_1_392' title='bbox 524 3860 954 3928; x_wconf 80' lang='grc' dir='ltr'>ἀντερωτήσεως</span> <span class='ocrx_word' id='word_1_393' title='bbox 980 3860 1192 3913; x_wconf 85' lang='grc' dir='ltr'>πείθειν</span> <span class='ocrx_word' id='word_1_394' title='bbox 1224 3862 1299 3924; x_wconf 86' lang='grc' dir='ltr'><strong>ὡς</strong></span> <span class='ocrx_word' id='word_1_395' title='bbox 1332 3862 1400 3914; x_wconf 75' lang='grc' dir='ltr'>τὰ</span> <span class='ocrx_word' id='word_1_396' title='bbox 1432 3861 1604 3914; x_wconf 83' lang='grc' dir='ltr'>πολλὰ</span> <span class='ocrx_word' id='word_1_397' title='bbox 1634 3864 1761 3923; x_wconf 64' lang='grc' dir='ltr'>τοὺς</span> <span class='ocrx_word' id='word_1_398' title='bbox 1793 3862 1990 3930; x_wconf 86' lang='grc' dir='ltr'>πειρὰ-</span> 
     </span>
    </p>
   </div>
   <div class='ocr_carea' id='block_1_56' title="bbox 404 3952 1988 4025">
    <p class='ocr_par' dir='ltr' id='par_1_56' title="bbox 404 3952 1988 4025">
     <span class='ocr_line' id='line_1_56' title="bbox 404 3952 1988 4025; baseline 0.002 -22"><span class='ocrx_word' id='word_1_399' title='bbox 404 3952 623 4015; x_wconf 80' lang='grc' dir='ltr'>ζοντας.</span> <span class='ocrx_word' id='word_1_400' title='bbox 657 3952 828 4004; x_wconf 84' lang='grc' dir='ltr'><strong>’1ὀῦτο</strong></span> <span class='ocrx_word' id='word_1_401' title='bbox 852 3956 997 4004; x_wconf 82' lang='grc' dir='ltr'>ποιεῖ</span> <span class='ocrx_word' id='word_1_402' title='bbox 1022 3957 1132 4014; x_wconf 84' lang='grc' dir='ltr'>τοῖς</span> <span class='ocrx_word' id='word_1_403' title='bbox 1163 3956 1223 4006; x_wconf 84' lang='grc' dir='ltr'>τὸ</span> <span class='ocrx_word' id='word_1_404' title='bbox 1244 3955 1643 4025; x_wconf 79' lang='grc' dir='ltr'>ἀμφίκρημνον</span> <span class='ocrx_word' id='word_1_405' title='bbox 1676 3956 1988 4025; x_wconf 74' lang='grc' dir='ltr'>ἐρωτήσασι</span> 
     </span>
    </p>
   </div>
   <div class='ocr_carea' id='block_1_57' title="bbox 403 4042 1989 4116">
    <p class='ocr_par' dir='ltr' id='par_1_57' title="bbox 403 4042 1989 4116">
     <span class='ocr_line' id='line_1_57' title="bbox 403 4042 1989 4116; baseline 0.002 -23"><span class='ocrx_word' id='word_1_406' title='bbox 403 4042 724 4113; x_wconf 74' lang='grc' dir='ltr'>πρόόλημα,</span> <span class='ocrx_word' id='word_1_407' title='bbox 754 4045 799 4095; x_wconf 85' lang='grc' dir='ltr'><strong>εί</strong></span> <span class='ocrx_word' id='word_1_408' title='bbox 818 4044 994 4107; x_wconf 80' lang='grc' dir='ltr'>ἔξεστι</span> <span class='ocrx_word' id='word_1_409' title='bbox 1021 4044 1204 4097; x_wconf 78' lang='grc' dir='ltr'>δοῦναι</span> <span class='ocrx_word' id='word_1_410' title='bbox 1236 4046 1439 4114; x_wconf 83' lang='grc' dir='ltr'>κῆνσον</span> <span class='ocrx_word' id='word_1_411' title='bbox 1469 4046 1732 4116; x_wconf 77' lang='grc' dir='ltr'>Καίσαρι,</span> <span class='ocrx_word' id='word_1_412' title='bbox 1760 4047 1853 4098; x_wconf 78' lang='grc' dir='ltr'><strong>καὶ</strong></span> <span class='ocrx_word' id='word_1_413' title='bbox 1877 4048 1989 4108; x_wconf 86' lang='grc' dir='ltr'>τοῖς</span> 
     </span>
    </p>
   </div>
   <div class='ocr_carea' id='block_1_58' title="bbox 405 4136 1988 4210">
    <p class='ocr_par' dir='ltr' id='par_1_58' title="bbox 405 4136 1988 4210">
     <span class='ocr_line' id='line_1_58' title="bbox 405 4136 1988 4210; baseline 0.001 -22"><span class='ocrx_word' id='word_1_414' title='bbox 405 4136 529 4204; x_wconf 83' lang='grc' dir='ltr'>μεθ’</span> <span class='ocrx_word' id='word_1_415' title='bbox 576 4136 771 4205; x_wconf 85' lang='grc' dir='ltr'>ὁμοίας</span> <span class='ocrx_word' id='word_1_416' title='bbox 824 4136 1050 4206; x_wconf 85' lang='grc' dir='ltr'>γνώμης</span> <span class='ocrx_word' id='word_1_417' title='bbox 1103 4136 1354 4191; x_wconf 75' lang='grc' dir='ltr'>εἰποῦσιν</span> <span class='ocrx_word' id='word_1_418' title='bbox 1409 4137 1595 4207; x_wconf 69' lang='grc' dir='ltr'>αὐτῷ*</span> <span class='ocrx_word' id='word_1_419' title='bbox 1652 4157 1671 4191; x_wconf 81' lang='grc' dir='ltr'><strong>ι</strong></span> <span class='ocrx_word' id='word_1_420' title='bbox 1708 4137 1799 4191; x_wconf 88' lang='grc' dir='ltr'>Ἐν</span> <span class='ocrx_word' id='word_1_421' title='bbox 1856 4138 1988 4210; x_wconf 69' lang='grc' dir='ltr'>ποία</span> 
     </span>
    </p>
   </div>
   <div class='ocr_carea' id='block_1_59' title="bbox 475 4290 1555 4359">
    <p class='ocr_par' dir='ltr' id='par_1_59' title="bbox 475 4290 1555 4359">
     <span class='ocr_line' id='line_1_59' title="bbox 475 4290 1555 4359; baseline 0.003 -14"><span class='ocrx_word' id='word_1_422' title='bbox 475 4292 526 4323; x_wconf 81' lang='grc'><strong>³³</strong></span> <span class='ocrx_word' id='word_1_423' title='bbox 558 4290 693 4345; x_wconf 85' lang='lat' dir='ltr'><strong>Luc.</strong></span> <span class='ocrx_word' id='word_1_424' title='bbox 728 4307 791 4359; x_wconf 74' lang='grc' dir='ltr'>χ,</span> <span class='ocrx_word' id='word_1_425' title='bbox 823 4292 1019 4347; x_wconf 77' lang='lat'><strong>25-55.</strong></span> <span class='ocrx_word' id='word_1_426' title='bbox 1117 4294 1166 4325; x_wconf 70' lang='grc' dir='ltr'><strong>’δ</strong></span> <span class='ocrx_word' id='word_1_427' title='bbox 1200 4292 1346 4349; x_wconf 83' lang='lat' dir='ltr'><strong>Psal.</strong></span> <span class='ocrx_word' id='word_1_428' title='bbox 1389 4310 1419 4348; x_wconf 74' lang='grc' dir='ltr'><strong>κ</strong></span> <span class='ocrx_word' id='word_1_429' title='bbox 1445 4332 1462 4359; x_wconf 88' lang='grc'><strong>,</strong></span> <span class='ocrx_word' id='word_1_430' title='bbox 1503 4292 1555 4348; x_wconf 88' lang='lat'><strong>9.</strong></span> 
     </span>
    </p>
   </div>
   <div class='ocr_carea' id='block_1_60' title="bbox 1632 4292 2043 4357">
    <p class='ocr_par' dir='ltr' id='par_1_60' title="bbox 1632 4292 2043 4357">
     <span class='ocr_line' id='line_1_60' title="bbox 1632 4292 2043 4357; baseline 0.002 -10"><span class='ocrx_word' id='word_1_431' title='bbox 1632 4296 1677 4328; x_wconf 81' lang='grc'><strong>’⁸</strong></span> <span class='ocrx_word' id='word_1_432' title='bbox 1712 4292 1835 4349; x_wconf 83' lang='lat' dir='ltr'><strong>Job.</strong></span> <span class='ocrx_word' id='word_1_433' title='bbox 1869 4309 1924 4357; x_wconf 80' lang='grc' dir='ltr'><strong>ν,</strong></span> <span class='ocrx_word' id='word_1_434' title='bbox 1957 4294 2043 4348; x_wconf 79' lang='grc'><strong>15.</strong></span> 
     </span>
    </p>
   </div>
   <div class='ocr_carea' id='block_1_61' title="bbox 2105 1937 3686 2006">
    <p class='ocr_par' dir='ltr' id='par_1_61' title="bbox 2105 1937 3686 2006">
     <span class='ocr_line' id='line_1_61' title="bbox 2105 1937 3686 2006; baseline 0.001 -16"><span class='ocrx_word' id='word_1_435' title='bbox 2105 1939 2220 2002; x_wconf 83' lang='lat' dir='ltr'><strong>dit;</strong></span> <span class='ocrx_word' id='word_1_436' title='bbox 2257 1940 2440 1990; x_wconf 89' lang='lat' dir='ltr'><strong>animo</strong></span> <span class='ocrx_word' id='word_1_437' title='bbox 2473 1951 2602 1991; x_wconf 82' lang='lat' dir='ltr'><strong>vero</strong></span> <span class='ocrx_word' id='word_1_438' title='bbox 2639 1946 2876 2001; x_wconf 77' lang='lat' dir='ltr'><strong>versuto,</strong></span> <span class='ocrx_word' id='word_1_439' title='bbox 2925 1952 3197 2004; x_wconf 83' lang='lat' dir='ltr'><strong>pravoque</strong></span> <span class='ocrx_word' id='word_1_440' title='bbox 3230 1937 3447 2006; x_wconf 82' lang='lat' dir='ltr'><strong>oblique</strong></span> <span class='ocrx_word' id='word_1_441' title='bbox 3478 1952 3686 1991; x_wconf 90' lang='lat' dir='ltr'><strong>sermo-</strong></span> 
     </span>
    </p>
   </div>
   <div class='ocr_carea' id='block_1_62' title="bbox 2103 2027 3673 2099">
    <p class='ocr_par' dir='ltr' id='par_1_62' title="bbox 2103 2027 3673 2099">
     <span class='ocr_line' id='line_1_62' title="bbox 2103 2027 3673 2099; baseline 0.001 -16"><span class='ocrx_word' id='word_1_442' title='bbox 2103 2046 2222 2084; x_wconf 85' lang='lat' dir='ltr'><strong>nem</strong></span> <span class='ocrx_word' id='word_1_443' title='bbox 2252 2030 2533 2083; x_wconf 86' lang='lat' dir='ltr'><strong>insinuans</strong></span> <span class='ocrx_word' id='word_1_444' title='bbox 2556 2070 2572 2093; x_wconf 94' lang='lat'><strong>,</strong></span> <span class='ocrx_word' id='word_1_445' title='bbox 2624 2040 2674 2082; x_wconf 88' lang='lat' dir='ltr'><strong>et</strong></span> <span class='ocrx_word' id='word_1_446' title='bbox 2706 2029 2779 2081; x_wconf 85' lang='lat' dir='ltr'><strong>uti</strong></span> <span class='ocrx_word' id='word_1_447' title='bbox 2814 2044 2935 2082; x_wconf 91' lang='lat' dir='ltr'><strong>cum</strong></span> <span class='ocrx_word' id='word_1_448' title='bbox 2980 2027 3248 2098; x_wconf 85' lang='lat' dir='ltr'><strong>PrOplteta</strong></span> <span class='ocrx_word' id='word_1_449' title='bbox 3298 2030 3485 2099; x_wconf 90' lang='lat' dir='ltr'><strong>loquar</strong></span> <span class='ocrx_word' id='word_1_450' title='bbox 3518 2031 3586 2095; x_wconf 80' lang='lat'><strong>“,</strong></span> <span class='ocrx_word' id='word_1_451' title='bbox 3619 2032 3673 2084; x_wconf 89' lang='lat' dir='ltr'><strong>in</strong></span> 
     </span>
    </p>
   </div>
   <div class='ocr_carea' id='block_1_63' title="bbox 2105 2121 3688 2186">
    <p class='ocr_par' dir='ltr' id='par_1_63' title="bbox 2105 2121 3688 2186">
     <span class='ocr_line' id='line_1_63' title="bbox 2105 2121 3688 2186; baseline -0.001 -10"><span class='ocrx_word' id='word_1_452' title='bbox 2105 2122 2340 2176; x_wconf 86' lang='lat' dir='ltr'><strong>circuitu</strong></span> <span class='ocrx_word' id='word_1_453' title='bbox 2373 2121 2695 2186; x_wconf 83' lang='lat' dir='ltr'><strong>ambulans;</strong></span> <span class='ocrx_word' id='word_1_454' title='bbox 2728 2121 2819 2174; x_wconf 92' lang='lat' dir='ltr'><strong>sed</strong></span> <span class='ocrx_word' id='word_1_455' title='bbox 2856 2133 3084 2174; x_wconf 86' lang='lat' dir='ltr'><strong>conatus</strong></span> <span class='ocrx_word' id='word_1_456' title='bbox 3112 2136 3234 2174; x_wconf 90' lang='lat' dir='ltr'><strong>eum</strong></span> <span class='ocrx_word' id='word_1_457' title='bbox 3278 2121 3576 2174; x_wconf 82' lang='lat' dir='ltr'><strong>frustratus</strong></span> <span class='ocrx_word' id='word_1_458' title='bbox 3604 2131 3688 2176; x_wconf 91' lang='lat' dir='ltr'><strong>est</strong></span> 
     </span>
    </p>
   </div>
   <div class='ocr_carea' id='block_1_64' title="bbox 2103 2213 3679 2281">
    <p class='ocr_par' dir='ltr' id='par_1_64' title="bbox 2103 2213 3679 2281">
     <span class='ocr_line' id='line_1_64' title="bbox 2103 2213 3679 2281; baseline -0.001 -15"><span class='ocrx_word' id='word_1_459' title='bbox 2103 2228 2236 2267; x_wconf 80' lang='lat' dir='ltr'><strong>suus</strong></span> <span class='ocrx_word' id='word_1_460' title='bbox 2267 2221 2321 2265; x_wconf 91' lang='lat' dir='ltr'><strong>et</strong></span> <span class='ocrx_word' id='word_1_461' title='bbox 2353 2213 2405 2265; x_wconf 93' lang='lat' dir='ltr'><strong>in</strong></span> <span class='ocrx_word' id='word_1_462' title='bbox 2443 2213 2694 2280; x_wconf 89' lang='lat' dir='ltr'><strong>laqueum</strong></span> <span class='ocrx_word' id='word_1_463' title='bbox 2725 2227 2883 2281; x_wconf 86' lang='lat' dir='ltr'><strong>quem</strong></span> <span class='ocrx_word' id='word_1_464' title='bbox 2935 2213 3339 2277; x_wconf 84' lang='lat' dir='ltr'><strong>absconderat,</strong></span> <span class='ocrx_word' id='word_1_465' title='bbox 3373 2213 3484 2280; x_wconf 90' lang='lat' dir='ltr'><strong>ipse</strong></span> <span class='ocrx_word' id='word_1_466' title='bbox 3512 2228 3568 2265; x_wconf 65' lang='lat' dir='ltr'><strong>se</strong></span> <span class='ocrx_word' id='word_1_467' title='bbox 3595 2213 3679 2265; x_wconf 85' lang='lat' dir='ltr'><strong>in-</strong></span> 
     </span>
    </p>
   </div>
   <div class='ocr_carea' id='block_1_65' title="bbox 2111 2304 3679 2372">
    <p class='ocr_par' dir='ltr' id='par_1_65' title="bbox 2111 2304 3679 2372">
     <span class='ocr_line' id='line_1_65' title="bbox 2111 2304 3679 2372; baseline -0.001 -14"><span class='ocrx_word' id='word_1_468' title='bbox 2111 2304 2247 2358; x_wconf 89' lang='lat' dir='ltr'><strong>duit.</strong></span> <span class='ocrx_word' id='word_1_469' title='bbox 2286 2305 2386 2369; x_wconf 87' lang='lat' dir='ltr'><strong>Qui</strong></span> <span class='ocrx_word' id='word_1_470' title='bbox 2423 2306 2565 2359; x_wconf 90' lang='lat' dir='ltr'><strong>enim</strong></span> <span class='ocrx_word' id='word_1_471' title='bbox 2607 2305 3020 2372; x_wconf 85' lang='lat' dir='ltr'><strong>comprehendit</strong></span> <span class='ocrx_word' id='word_1_472' title='bbox 3066 2306 3339 2372; x_wconf 88' lang='lat' dir='ltr'><strong>sapientes</strong></span> <span class='ocrx_word' id='word_1_473' title='bbox 3386 2306 3436 2357; x_wconf 92' lang='lat' dir='ltr'><strong>in</strong></span> <span class='ocrx_word' id='word_1_474' title='bbox 3481 2305 3679 2357; x_wconf 86' lang='lat' dir='ltr'><strong>astutia</strong></span> 
     </span>
    </p>
   </div>
   <div class='ocr_carea' id='block_1_66' title="bbox 2101 2396 3683 2463">
    <p class='ocr_par' dir='ltr' id='par_1_66' title="bbox 2101 2396 3683 2463">
     <span class='ocr_line' id='line_1_66' title="bbox 2101 2396 3683 2463; baseline -0.001 -13"><span class='ocrx_word' id='word_1_475' title='bbox 2101 2412 2292 2450; x_wconf 85' lang='lat' dir='ltr'><strong>eorum</strong></span> <span class='ocrx_word' id='word_1_476' title='bbox 2330 2397 2395 2460; x_wconf 77' lang='grc'><strong>’⁵,</strong></span> <span class='ocrx_word' id='word_1_477' title='bbox 2426 2407 2479 2451; x_wconf 89' lang='lat' dir='ltr'><strong>et</strong></span> <span class='ocrx_word' id='word_1_478' title='bbox 2514 2398 2658 2449; x_wconf 81' lang='lat' dir='ltr'><strong>hunc</strong></span> <span class='ocrx_word' id='word_1_479' title='bbox 2682 2396 2846 2449; x_wconf 88' lang='lat' dir='ltr'><strong>etiam</strong></span> <span class='ocrx_word' id='word_1_480' title='bbox 2880 2396 2945 2447; x_wconf 87' lang='lat' dir='ltr'><strong>iis</strong></span> <span class='ocrx_word' id='word_1_481' title='bbox 2976 2396 3127 2463; x_wconf 87' lang='lat' dir='ltr'><strong>ipsis,</strong></span> <span class='ocrx_word' id='word_1_482' title='bbox 3147 2398 3341 2463; x_wconf 88' lang='lat' dir='ltr'><strong>quibus</strong></span> <span class='ocrx_word' id='word_1_483' title='bbox 3370 2397 3683 2460; x_wconf 80' lang='lat' dir='ltr'><strong>sejactabat</strong></span> 
     </span>
    </p>
   </div>
   <div class='ocr_carea' id='block_1_67' title="bbox 2098 2484 3679 2557">
    <p class='ocr_par' dir='ltr' id='par_1_67' title="bbox 2098 2484 3679 2557">
     <span class='ocr_line' id='line_1_67' title="bbox 2098 2484 3679 2557; baseline 0.002 -18"><span class='ocrx_word' id='word_1_484' title='bbox 2098 2489 2411 2557; x_wconf 75' lang='lat' dir='ltr'><strong>praeceptis,</strong></span> <span class='ocrx_word' id='word_1_485' title='bbox 2437 2490 2718 2555; x_wconf 76' lang='lat' dir='ltr'><strong>sapientes</strong></span> <span class='ocrx_word' id='word_1_486' title='bbox 2753 2488 2915 2553; x_wconf 80' lang='lat' dir='ltr'><strong>cepit.</strong></span> <span class='ocrx_word' id='word_1_487' title='bbox 2949 2484 3045 2540; x_wconf 83' lang='lat' dir='ltr'><strong>Ille</strong></span> <span class='ocrx_word' id='word_1_488' title='bbox 3070 2486 3266 2554; x_wconf 89' lang='lat' dir='ltr'><strong>quippe</strong></span> <span class='ocrx_word' id='word_1_489' title='bbox 3294 2487 3679 2556; x_wconf 86' lang='lat' dir='ltr'><strong>interrogavit.</strong></span> 
     </span>
    </p>
   </div>
   <div class='ocr_carea' id='block_1_68' title="bbox 2105 2577 3675 2647">
    <p class='ocr_par' dir='ltr' id='par_1_68' title="bbox 2105 2577 3675 2647">
     <span class='ocr_line' id='line_1_68' title="bbox 2105 2577 3675 2647; baseline -0.001 -18"><span class='ocrx_word' id='word_1_490' title='bbox 2105 2600 2122 2629; x_wconf 77' lang='grc' dir='ltr'><strong>ι</strong></span> <span class='ocrx_word' id='word_1_491' title='bbox 2152 2578 2424 2647; x_wconf 73' lang='lat' dir='ltr'><strong>Magister,</strong></span> <span class='ocrx_word' id='word_1_492' title='bbox 2444 2579 2571 2647; x_wconf 85' lang='lat' dir='ltr'><strong>quid</strong></span> <span class='ocrx_word' id='word_1_493' title='bbox 2594 2577 2840 2631; x_wconf 71' lang='lat' dir='ltr'><strong>faciendo</strong></span> <span class='ocrx_word' id='word_1_494' title='bbox 2862 2578 3024 2630; x_wconf 87' lang='lat' dir='ltr'><strong>vitam</strong></span> <span class='ocrx_word' id='word_1_495' title='bbox 3045 2588 3302 2630; x_wconf 79' lang='lat' dir='ltr'><strong>aeternam</strong></span> <span class='ocrx_word' id='word_1_496' title='bbox 3328 2577 3675 2645; x_wconf 66' lang='lat' dir='ltr'><strong>possideba?»</strong></span> 
     </span>
    </p>
   </div>
   <div class='ocr_carea' id='block_1_69' title="bbox 2101 2670 3677 2733">
    <p class='ocr_par' dir='ltr' id='par_1_69' title="bbox 2101 2670 3677 2733">
     <span class='ocr_line' id='line_1_69' title="bbox 2101 2670 3677 2733; baseline -0.001 -9"><span class='ocrx_word' id='word_1_497' title='bbox 2101 2670 2201 2725; x_wconf 93' lang='lat' dir='ltr'><strong>llic</strong></span> <span class='ocrx_word' id='word_1_498' title='bbox 2229 2687 2359 2725; x_wconf 84' lang='lat' dir='ltr'><strong>vero</strong></span> <span class='ocrx_word' id='word_1_499' title='bbox 2412 2670 2650 2724; x_wconf 84' lang='lat' dir='ltr'><strong>ostendit</strong></span> <span class='ocrx_word' id='word_1_500' title='bbox 2681 2683 2827 2733; x_wconf 89' lang='lat' dir='ltr'><strong>eum,</strong></span> <span class='ocrx_word' id='word_1_501' title='bbox 2862 2670 3040 2723; x_wconf 87' lang='lat' dir='ltr'><strong>scriba</strong></span> <span class='ocrx_word' id='word_1_502' title='bbox 3083 2684 3205 2723; x_wconf 92' lang='lat' dir='ltr'><strong>cum</strong></span> <span class='ocrx_word' id='word_1_503' title='bbox 3258 2680 3421 2733; x_wconf 89' lang='lat' dir='ltr'><strong>esset,</strong></span> <span class='ocrx_word' id='word_1_504' title='bbox 3458 2685 3677 2722; x_wconf 88' lang='lat' dir='ltr'><strong>sensum</strong></span> 
     </span>
    </p>
   </div>
   <div class='ocr_carea' id='block_1_70' title="bbox 2100 2760 3680 2830">
    <p class='ocr_par' dir='ltr' id='par_1_70' title="bbox 2100 2760 3680 2830">
     <span class='ocr_line' id='line_1_70' title="bbox 2100 2760 3680 2830; baseline -0.002 -15"><span class='ocrx_word' id='word_1_505' title='bbox 2100 2769 2277 2815; x_wconf 89' lang='lat' dir='ltr'><strong>tamen</strong></span> <span class='ocrx_word' id='word_1_506' title='bbox 2308 2761 2439 2830; x_wconf 82' lang='lat' dir='ltr'><strong>legis</strong></span> <span class='ocrx_word' id='word_1_507' title='bbox 2467 2761 2737 2829; x_wconf 85' lang='lat' dir='ltr'><strong>ignorare.</strong></span> <span class='ocrx_word' id='word_1_508' title='bbox 2773 2761 3054 2823; x_wconf 88' lang='lat' dir='ltr'><strong>Quatenus</strong></span> <span class='ocrx_word' id='word_1_509' title='bbox 3086 2760 3227 2813; x_wconf 90' lang='lat' dir='ltr'><strong>enim</strong></span> <span class='ocrx_word' id='word_1_510' title='bbox 3256 2760 3502 2828; x_wconf 86' lang='lat' dir='ltr'><strong>quisnam</strong></span> <span class='ocrx_word' id='word_1_511' title='bbox 3534 2769 3680 2814; x_wconf 84' lang='lat' dir='ltr'><strong>esset</strong></span> 
     </span>
    </p>
   </div>
   <div class='ocr_carea' id='block_1_71' title="bbox 2096 2848 3678 2918">
    <p class='ocr_par' dir='ltr' id='par_1_71' title="bbox 2096 2848 3678 2918">
     <span class='ocr_line' id='line_1_71' title="bbox 2096 2848 3678 2918; baseline -0.003 -11"><span class='ocrx_word' id='word_1_512' title='bbox 2096 2853 2399 2907; x_wconf 84' lang='lat' dir='ltr'><strong>censendus</strong></span> <span class='ocrx_word' id='word_1_513' title='bbox 2442 2850 2720 2918; x_wconf 82' lang='lat' dir='ltr'><strong>proximus</strong></span> <span class='ocrx_word' id='word_1_514' title='bbox 2757 2850 3080 2916; x_wconf 84' lang='lat' dir='ltr'><strong>ignorabat,</strong></span> <span class='ocrx_word' id='word_1_515' title='bbox 3132 2848 3372 2918; x_wconf 80' lang='lat' dir='ltr'><strong>perfecta</strong></span> <span class='ocrx_word' id='word_1_516' title='bbox 3424 2849 3556 2914; x_wconf 75' lang='lat' dir='ltr'><strong>legis</strong></span> <span class='ocrx_word' id='word_1_517' title='bbox 3585 2865 3678 2902; x_wconf 82' lang='lat' dir='ltr'><strong>co-</strong></span> 
     </span>
    </p>
   </div>
   <div class='ocr_carea' id='block_1_72' title="bbox 2096 2940 3676 3012">
    <p class='ocr_par' dir='ltr' id='par_1_72' title="bbox 2096 2940 3676 3012">
     <span class='ocr_line' id='line_1_72' title="bbox 2096 2940 3676 3012; baseline -0.001 -17"><span class='ocrx_word' id='word_1_518' title='bbox 2096 2945 2334 3012; x_wconf 87' lang='lat' dir='ltr'><strong>gnitione</strong></span> <span class='ocrx_word' id='word_1_519' title='bbox 2366 2945 2544 2995; x_wconf 84' lang='lat' dir='ltr'><strong>adhuc</strong></span> <span class='ocrx_word' id='word_1_520' title='bbox 2574 2956 2759 2994; x_wconf 82' lang='lat' dir='ltr'><strong>carere</strong></span> <span class='ocrx_word' id='word_1_521' title='bbox 2804 2956 2861 2993; x_wconf 87' lang='lat' dir='ltr'><strong>se</strong></span> <span class='ocrx_word' id='word_1_522' title='bbox 2888 2942 3143 2994; x_wconf 87' lang='lat' dir='ltr'><strong>ostendit.</strong></span> <span class='ocrx_word' id='word_1_523' title='bbox 3196 2940 3321 2992; x_wconf 90' lang='lat' dir='ltr'><strong>Tria</strong></span> <span class='ocrx_word' id='word_1_524' title='bbox 3371 2940 3535 3010; x_wconf 89' lang='lat' dir='ltr'><strong>igitur</strong></span> <span class='ocrx_word' id='word_1_525' title='bbox 3566 2940 3676 3004; x_wconf 89' lang='lat' dir='ltr'><strong>ille,</strong></span> 
     </span>
    </p>
   </div>
   <div class='ocr_carea' id='block_1_73' title="bbox 2096 3028 3678 3104">
    <p class='ocr_par' dir='ltr' id='par_1_73' title="bbox 2096 3028 3678 3104">
     <span class='ocr_line' id='line_1_73' title="bbox 2096 3028 3678 3104; baseline -0.003 -16"><span class='ocrx_word' id='word_1_526' title='bbox 2096 3035 2189 3104; x_wconf 90' lang='lat' dir='ltr'><strong>qui</strong></span> <span class='ocrx_word' id='word_1_527' title='bbox 2223 3048 2360 3088; x_wconf 90' lang='lat' dir='ltr'><strong>unus</strong></span> <span class='ocrx_word' id='word_1_528' title='bbox 2396 3049 2425 3085; x_wconf 90' lang='lat' dir='ltr'><strong>e</strong></span> <span class='ocrx_word' id='word_1_529' title='bbox 2457 3030 2724 3084; x_wconf 89' lang='lat' dir='ltr'><strong>Trinitate</strong></span> <span class='ocrx_word' id='word_1_530' title='bbox 2758 3028 2892 3099; x_wconf 63' lang='lat'><strong>(84),</strong></span> <span class='ocrx_word' id='word_1_531' title='bbox 2930 3031 3017 3084; x_wconf 87' lang='lat' dir='ltr'><strong>hic</strong></span> <span class='ocrx_word' id='word_1_532' title='bbox 3045 3040 3189 3083; x_wconf 87' lang='lat' dir='ltr'><strong>recte</strong></span> <span class='ocrx_word' id='word_1_533' title='bbox 3225 3029 3371 3096; x_wconf 73' lang='lat' dir='ltr'><strong>facit,</strong></span> <span class='ocrx_word' id='word_1_534' title='bbox 3401 3032 3678 3099; x_wconf 82' lang='lat' dir='ltr'><strong>captiones</strong></span> 
     </span>
    </p>
   </div>
   <div class='ocr_carea' id='block_1_74' title="bbox 2096 3120 3673 3191">
    <p class='ocr_par' dir='ltr' id='par_1_74' title="bbox 2096 3120 3673 3191">
     <span class='ocr_line' id='line_1_74' title="bbox 2096 3120 3673 3191; baseline -0.003 -13"><span class='ocrx_word' id='word_1_535' title='bbox 2096 3124 2379 3179; x_wconf 86' lang='lat' dir='ltr'><strong>tentatoris</strong></span> <span class='ocrx_word' id='word_1_536' title='bbox 2411 3122 2635 3191; x_wconf 80' lang='lat' dir='ltr'><strong>eﬂugit,</strong></span> <span class='ocrx_word' id='word_1_537' title='bbox 2686 3133 2947 3174; x_wconf 87' lang='lat' dir='ltr'><strong>tumorem</strong></span> <span class='ocrx_word' id='word_1_538' title='bbox 3002 3120 3271 3189; x_wconf 72' lang='lat' dir='ltr'><strong>superbia:</strong></span> <span class='ocrx_word' id='word_1_539' title='bbox 3294 3163 3310 3185; x_wconf 91' lang='lat'><strong>,</strong></span> <span class='ocrx_word' id='word_1_540' title='bbox 3342 3122 3431 3190; x_wconf 87' lang='lat' dir='ltr'><strong>qui</strong></span> <span class='ocrx_word' id='word_1_541' title='bbox 3465 3133 3580 3175; x_wconf 87' lang='lat' dir='ltr'><strong>erat</strong></span> <span class='ocrx_word' id='word_1_542' title='bbox 3619 3122 3673 3174; x_wconf 90' lang='lat' dir='ltr'><strong>in</strong></span> 
     </span>
    </p>
   </div>
   <div class='ocr_carea' id='block_1_75' title="bbox 2103 3211 3672 3284">
    <p class='ocr_par' dir='ltr' id='par_1_75' title="bbox 2103 3211 3672 3284">
     <span class='ocr_line' id='line_1_75' title="bbox 2103 3211 3672 3284; baseline -0.003 -12"><span class='ocrx_word' id='word_1_543' title='bbox 2103 3218 2304 3280; x_wconf 90' lang='lat' dir='ltr'><strong>scriba,</strong></span> <span class='ocrx_word' id='word_1_544' title='bbox 2335 3215 2664 3284; x_wconf 87' lang='lat' dir='ltr'><strong>comprimit,</strong></span> <span class='ocrx_word' id='word_1_545' title='bbox 2697 3218 2989 3267; x_wconf 83' lang='lat' dir='ltr'><strong>ostendens</strong></span> <span class='ocrx_word' id='word_1_546' title='bbox 3036 3212 3185 3264; x_wconf 93' lang='lat' dir='ltr'><strong>illum</strong></span> <span class='ocrx_word' id='word_1_547' title='bbox 3227 3211 3402 3266; x_wconf 87' lang='lat' dir='ltr'><strong>adhuc</strong></span> <span class='ocrx_word' id='word_1_548' title='bbox 3434 3211 3672 3282; x_wconf 84' lang='lat' dir='ltr'><strong>indigum</strong></span> 
     </span>
    </p>
   </div>
   <div class='ocr_carea' id='block_1_76' title="bbox 2099 3303 3671 3376">
    <p class='ocr_par' dir='ltr' id='par_1_76' title="bbox 2099 3303 3671 3376">
     <span class='ocr_line' id='line_1_76' title="bbox 2099 3303 3671 3376; baseline -0.004 -12"><span class='ocrx_word' id='word_1_549' title='bbox 2099 3309 2361 3364; x_wconf 61' lang='lat' dir='ltr'><strong>doctrinae</strong></span> <span class='ocrx_word' id='word_1_550' title='bbox 2410 3315 2801 3376; x_wconf 64' lang='lat' dir='ltr'><strong>praeceptorum</strong></span> <span class='ocrx_word' id='word_1_551' title='bbox 2831 3344 2846 3370; x_wconf 92' lang='lat'><strong>,</strong></span> <span class='ocrx_word' id='word_1_552' title='bbox 2888 3313 2943 3358; x_wconf 90' lang='lat' dir='ltr'><strong>et</strong></span> <span class='ocrx_word' id='word_1_553' title='bbox 2994 3303 3049 3356; x_wconf 91' lang='lat' dir='ltr'><strong>in</strong></span> <span class='ocrx_word' id='word_1_554' title='bbox 3084 3304 3334 3372; x_wconf 85' lang='lat' dir='ltr'><strong>parabola</strong></span> <span class='ocrx_word' id='word_1_555' title='bbox 3387 3303 3671 3372; x_wconf 89' lang='lat' dir='ltr'><strong>dispensa-</strong></span> 
     </span>
    </p>
   </div>
   <div class='ocr_carea' id='block_1_77' title="bbox 2096 3392 3670 3466">
    <p class='ocr_par' dir='ltr' id='par_1_77' title="bbox 2096 3392 3670 3466">
     <span class='ocr_line' id='line_1_77' title="bbox 2096 3392 3670 3466; baseline -0.007 -10"><span class='ocrx_word' id='word_1_556' title='bbox 2096 3402 2257 3456; x_wconf 89' lang='lat' dir='ltr'><strong>tionis</strong></span> <span class='ocrx_word' id='word_1_557' title='bbox 2290 3400 2483 3454; x_wconf 78' lang='lat' dir='ltr'><strong>divinae</strong></span> <span class='ocrx_word' id='word_1_558' title='bbox 2519 3398 2835 3466; x_wconf 88' lang='lat' dir='ltr'><strong>mysterium</strong></span> <span class='ocrx_word' id='word_1_559' title='bbox 2866 3394 3066 3448; x_wconf 85' lang='lat' dir='ltr'><strong>sensim</strong></span> <span class='ocrx_word' id='word_1_560' title='bbox 3103 3394 3361 3447; x_wconf 89' lang='lat' dir='ltr'><strong>insinuat.</strong></span> <span class='ocrx_word' id='word_1_561' title='bbox 3394 3392 3461 3447; x_wconf 88' lang='lat' dir='ltr'><strong>Ut</strong></span> <span class='ocrx_word' id='word_1_562' title='bbox 3489 3404 3670 3448; x_wconf 89' lang='lat' dir='ltr'><strong>autem</strong></span> 
     </span>
    </p>
   </div>
   <div class='ocr_carea' id='block_1_78' title="bbox 2093 3484 3667 3554">
    <p class='ocr_par' dir='ltr' id='par_1_78' title="bbox 2093 3484 3667 3554">
     <span class='ocr_line' id='line_1_78' title="bbox 2093 3484 3667 3554; baseline -0.009 -4"><span class='ocrx_word' id='word_1_563' title='bbox 2093 3509 2272 3550; x_wconf 88' lang='lat' dir='ltr'><strong>sermo</strong></span> <span class='ocrx_word' id='word_1_564' title='bbox 2306 3504 2487 3545; x_wconf 90' lang='lat' dir='ltr'><strong>noster</strong></span> <span class='ocrx_word' id='word_1_565' title='bbox 2516 3489 2730 3542; x_wconf 77' lang='lat' dir='ltr'><strong>facilior</strong></span> <span class='ocrx_word' id='word_1_566' title='bbox 2769 3497 2928 3554; x_wconf 90' lang='lat' dir='ltr'><strong>captu</strong></span> <span class='ocrx_word' id='word_1_567' title='bbox 2980 3486 3109 3550; x_wconf 83' lang='lat' dir='ltr'><strong>ﬁat,</strong></span> <span class='ocrx_word' id='word_1_568' title='bbox 3163 3484 3473 3554; x_wconf 87' lang='lat' dir='ltr'><strong>singulatim</strong></span> <span class='ocrx_word' id='word_1_569' title='bbox 3525 3485 3667 3538; x_wconf 85' lang='lat' dir='ltr'><strong>dicta</strong></span> 
     </span>
    </p>
   </div>
   <div class='ocr_carea' id='block_1_79' title="bbox 2095 3586 2600 3658">
    <p class='ocr_par' dir='ltr' id='par_1_79' title="bbox 2095 3586 2600 3658">
     <span class='ocr_line' id='line_1_79' title="bbox 2095 3586 2600 3658; baseline -0.012 -17"><span class='ocrx_word' id='word_1_570' title='bbox 2095 3586 2600 3658; x_wconf 82' lang='lat' dir='ltr'><strong>pervestigabimus.</strong></span> 
     </span>
    </p>
   </div>
   <div class='ocr_carea' id='block_1_80' title="bbox 2168 3666 3673 3741">
    <p class='ocr_par' dir='ltr' id='par_1_80' title="bbox 2168 3666 3673 3741">
     <span class='ocr_line' id='line_1_80' title="bbox 2168 3666 3673 3741; baseline -0.009 -9"><span class='ocrx_word' id='word_1_571' title='bbox 2168 3680 2307 3732; x_wconf 90' lang='lat' dir='ltr'><strong>Dicit</strong></span> <span class='ocrx_word' id='word_1_572' title='bbox 2341 3677 2415 3730; x_wconf 91' lang='lat' dir='ltr'><strong>illi</strong></span> <span class='ocrx_word' id='word_1_573' title='bbox 2470 3674 2627 3729; x_wconf 81' lang='lat' dir='ltr'><strong>Jesus</strong></span> <span class='ocrx_word' id='word_1_574' title='bbox 2676 3692 2691 3729; x_wconf 89' lang='lat'>:</span> <span class='ocrx_word' id='word_1_575' title='bbox 2755 3672 2863 3727; x_wconf 82' lang='grc' dir='ltr'><strong>«1η</strong></span> <span class='ocrx_word' id='word_1_576' title='bbox 2912 3671 3032 3741; x_wconf 87' lang='lat' dir='ltr'><strong>lege</strong></span> <span class='ocrx_word' id='word_1_577' title='bbox 3087 3670 3213 3739; x_wconf 90' lang='lat' dir='ltr'><strong>quid</strong></span> <span class='ocrx_word' id='word_1_578' title='bbox 3246 3670 3507 3737; x_wconf 89' lang='lat' dir='ltr'><strong>scriptum</strong></span> <span class='ocrx_word' id='word_1_579' title='bbox 3542 3666 3673 3721; x_wconf 71' lang='lat' dir='ltr'><strong>est?</strong></span> 
     </span>
    </p>
   </div>
   <div class='ocr_carea' id='block_1_81' title="bbox 2095 3758 3668 3839">
    <p class='ocr_par' dir='ltr' id='par_1_81' title="bbox 2095 3758 3668 3839">
     <span class='ocr_line' id='line_1_81' title="bbox 2095 3758 3668 3839; baseline -0.008 -16"><span class='ocrx_word' id='word_1_580' title='bbox 2095 3769 2367 3839; x_wconf 86' lang='lat' dir='ltr'><strong>quomodo</strong></span> <span class='ocrx_word' id='word_1_581' title='bbox 2427 3765 2606 3835; x_wconf 79' lang='lat' dir='ltr'><strong>legis?</strong></span> <span class='ocrx_word' id='word_1_582' title='bbox 2670 3783 2689 3815; x_wconf 76' lang='grc' dir='ltr'><strong>ι</strong></span> <span class='ocrx_word' id='word_1_583' title='bbox 2756 3763 2870 3816; x_wconf 79' lang='lat' dir='ltr'><strong>Mos</strong></span> <span class='ocrx_word' id='word_1_584' title='bbox 2930 3770 3046 3814; x_wconf 90' lang='lat' dir='ltr'><strong>erat</strong></span> <span class='ocrx_word' id='word_1_585' title='bbox 3095 3758 3322 3812; x_wconf 86' lang='lat' dir='ltr'><strong>Domino</strong></span> <span class='ocrx_word' id='word_1_586' title='bbox 3375 3768 3668 3821; x_wconf 82' lang='lat' dir='ltr'><strong>tentantes,</strong></span> 
     </span>
    </p>
   </div>
   <div class='ocr_carea' id='block_1_82' title="bbox 2097 3847 3667 3931">
    <p class='ocr_par' dir='ltr' id='par_1_82' title="bbox 2097 3847 3667 3931">
     <span class='ocr_line' id='line_1_82' title="bbox 2097 3847 3667 3931; baseline -0.01 -17"><span class='ocrx_word' id='word_1_587' title='bbox 2097 3862 2418 3931; x_wconf 88' lang='lat' dir='ltr'><strong>plerumque</strong></span> <span class='ocrx_word' id='word_1_588' title='bbox 2452 3857 2555 3909; x_wconf 88' lang='lat' dir='ltr'><strong>alia</strong></span> <span class='ocrx_word' id='word_1_589' title='bbox 2588 3872 2651 3908; x_wconf 82' lang='lat' dir='ltr'><strong>ex</strong></span> <span class='ocrx_word' id='word_1_590' title='bbox 2689 3854 2918 3906; x_wconf 88' lang='lat' dir='ltr'><strong>adverso</strong></span> <span class='ocrx_word' id='word_1_591' title='bbox 2948 3851 3219 3919; x_wconf 81' lang='lat' dir='ltr'><strong>proposita</strong></span> <span class='ocrx_word' id='word_1_592' title='bbox 3248 3847 3667 3915; x_wconf 84' lang='lat' dir='ltr'><strong>interrogatione</strong></span> 
     </span>
    </p>
   </div>
   <div class='ocr_carea' id='block_1_83' title="bbox 2091 3939 3666 4008">
    <p class='ocr_par' dir='ltr' id='par_1_83' title="bbox 2091 3939 3666 4008">
     <span class='ocr_line' id='line_1_83' title="bbox 2091 3939 3666 4008; baseline -0.01 -2"><span class='ocrx_word' id='word_1_593' title='bbox 2091 3954 2434 4007; x_wconf 83' lang='lat' dir='ltr'><strong>convincere.</strong></span> <span class='ocrx_word' id='word_1_594' title='bbox 2474 3947 2587 4001; x_wconf 91' lang='lat' dir='ltr'><strong>Hoc</strong></span> <span class='ocrx_word' id='word_1_595' title='bbox 2612 3960 2731 3999; x_wconf 90' lang='lat' dir='ltr'><strong>cum</strong></span> <span class='ocrx_word' id='word_1_596' title='bbox 2763 3944 2873 3998; x_wconf 88' lang='lat' dir='ltr'><strong>illis</strong></span> <span class='ocrx_word' id='word_1_597' title='bbox 2911 3942 3068 4007; x_wconf 59' lang='lat' dir='ltr'><strong>fecit,</strong></span> <span class='ocrx_word' id='word_1_598' title='bbox 3097 3942 3188 4008; x_wconf 90' lang='lat' dir='ltr'><strong>qui</strong></span> <span class='ocrx_word' id='word_1_599' title='bbox 3219 3939 3505 4007; x_wconf 88' lang='lat' dir='ltr'><strong>ancipitem</strong></span> <span class='ocrx_word' id='word_1_600' title='bbox 3538 3949 3666 4004; x_wconf 89' lang='lat' dir='ltr'><strong>pro-</strong></span> 
     </span>
    </p>
   </div>
   <div class='ocr_carea' id='block_1_84' title="bbox 2092 4031 3664 4114">
    <p class='ocr_par' dir='ltr' id='par_1_84' title="bbox 2092 4031 3664 4114">
     <span class='ocr_line' id='line_1_84' title="bbox 2092 4031 3664 4114; baseline -0.011 -17"><span class='ocrx_word' id='word_1_601' title='bbox 2092 4052 2382 4114; x_wconf 88' lang='lat' dir='ltr'><strong>posuerant</strong></span> <span class='ocrx_word' id='word_1_602' title='bbox 2412 4039 2520 4111; x_wconf 77' lang='lat'><strong>65</strong></span> <span class='ocrx_word' id='word_1_603' title='bbox 2556 4036 2945 4106; x_wconf 86' lang='lat' dir='ltr'><strong>quaestionem,</strong></span> <span class='ocrx_word' id='word_1_604' title='bbox 2979 4042 3158 4086; x_wconf 90' lang='lat' dir='ltr'><strong>utrum</strong></span> <span class='ocrx_word' id='word_1_605' title='bbox 3208 4031 3399 4084; x_wconf 84' lang='lat' dir='ltr'><strong>liceret</strong></span> <span class='ocrx_word' id='word_1_606' title='bbox 3445 4042 3664 4082; x_wconf 87' lang='lat' dir='ltr'><strong>censum</strong></span> 
     </span>
    </p>
   </div>
   <div class='ocr_carea' id='block_1_85' title="bbox 2092 4120 3665 4195">
    <p class='ocr_par' dir='ltr' id='par_1_85' title="bbox 2092 4120 3665 4195">
     <span class='ocr_line' id='line_1_85' title="bbox 2092 4120 3665 4195; baseline -0.011 -5"><span class='ocrx_word' id='word_1_607' title='bbox 2092 4139 2224 4190; x_wconf 88' lang='lat' dir='ltr'><strong>dare</strong></span> <span class='ocrx_word' id='word_1_608' title='bbox 2283 4132 2526 4195; x_wconf 81' lang='lat' dir='ltr'><strong>Caesari,</strong></span> <span class='ocrx_word' id='word_1_609' title='bbox 2570 4143 2751 4183; x_wconf 88' lang='lat' dir='ltr'><strong>annon</strong></span> <span class='ocrx_word' id='word_1_610' title='bbox 2780 4126 2862 4192; x_wconf 78' lang='lat'><strong>&quot;;</strong></span> <span class='ocrx_word' id='word_1_611' title='bbox 2916 4134 2972 4179; x_wconf 87' lang='lat' dir='ltr'><strong>et</strong></span> <span class='ocrx_word' id='word_1_612' title='bbox 3018 4122 3179 4179; x_wconf 86' lang='lat' dir='ltr'><strong>simili</strong></span> <span class='ocrx_word' id='word_1_613' title='bbox 3225 4135 3443 4191; x_wconf 90' lang='lat' dir='ltr'><strong>quoque</strong></span> <span class='ocrx_word' id='word_1_614' title='bbox 3480 4120 3665 4173; x_wconf 84' lang='lat' dir='ltr'><strong>animo</strong></span> 
     </span>
    </p>
   </div>
   <div class='ocr_carea' id='block_1_86' title="bbox 2117 4284 2692 4351">
    <p class='ocr_par' dir='ltr' id='par_1_86' title="bbox 2117 4284 2692 4351">
     <span class='ocr_line' id='line_1_86' title="bbox 2117 4284 2692 4351; baseline -0.017 -4"><span class='ocrx_word' id='word_1_615' title='bbox 2117 4294 2162 4323; x_wconf 72' lang='grc'><strong>’⁸</strong></span> <span class='ocrx_word' id='word_1_616' title='bbox 2184 4289 2385 4346; x_wconf 74' lang='lat' dir='ltr'><strong>Matth.</strong></span> <span class='ocrx_word' id='word_1_617' title='bbox 2426 4302 2565 4351; x_wconf 66' lang='grc' dir='ltr'>χιιι,</span> <span class='ocrx_word' id='word_1_618' title='bbox 2602 4284 2692 4338; x_wconf 76' lang='grc'><strong>17.</strong></span> 
     </span>
    </p>
   </div>
   <div class='ocr_carea' id='block_1_87' title="bbox 1632 4417 2417 4482">
    <p class='ocr_par' dir='ltr' id='par_1_87' title="bbox 1632 4417 2417 4482">
     <span class='ocr_line' id='line_1_87' title="bbox 1632 4417 2417 4482; baseline -0.009 -1"><span class='ocrx_word' id='word_1_619' title='bbox 1632 4419 1954 4482; x_wconf 81' lang='lat' dir='ltr'><strong>Francisci</strong></span> <span class='ocrx_word' id='word_1_620' title='bbox 1986 4417 2193 4480; x_wconf 85' lang='lat' dir='ltr'><strong>Scorsi</strong></span> <span class='ocrx_word' id='word_1_621' title='bbox 2230 4423 2417 4477; x_wconf 58' lang='lat' dir='ltr'><strong>notae.</strong></span> 
     </span>
    </p>
   </div>
   <div class='ocr_carea' id='block_1_88' title="bbox 474 4507 3660 4589">
    <p class='ocr_par' dir='ltr' id='par_1_88' title="bbox 474 4507 3660 4589">
     <span class='ocr_line' id='line_1_88' title="bbox 474 4507 3660 4589; baseline -0.005 -17"><span class='ocrx_word' id='word_1_622' title='bbox 474 4518 591 4589; x_wconf 74' lang='lat'><strong>(82)</strong></span> <span class='ocrx_word' id='word_1_623' title='bbox 632 4517 707 4571; x_wconf 84' lang='lat' dir='ltr'><strong>Ab</strong></span> <span class='ocrx_word' id='word_1_624' title='bbox 748 4518 975 4573; x_wconf 74' lang='lat' dir='ltr'><strong>externis</strong></span> <span class='ocrx_word' id='word_1_625' title='bbox 1012 4518 1382 4586; x_wconf 67' lang='lat' dir='ltr'><strong>scriptoribus.</strong></span> <span class='ocrx_word' id='word_1_626' title='bbox 1410 4518 1762 4573; x_wconf 84' lang='lat' dir='ltr'><strong>Theocritum</strong></span> <span class='ocrx_word' id='word_1_627' title='bbox 1812 4519 1977 4588; x_wconf 87' lang='lat' dir='ltr'><strong>signi-</strong></span> <span class='ocrx_word' id='word_1_628' title='bbox 2007 4523 2059 4580; x_wconf 75' lang='grc' dir='ltr'><strong>Β</strong></span> <span class='ocrx_word' id='word_1_629' title='bbox 2086 4530 2201 4589; x_wconf 34' lang='lat' dir='ltr'><strong>v‘ere</strong></span> <span class='ocrx_word' id='word_1_630' title='bbox 2229 4515 2308 4589; x_wconf 75' lang='lat' dir='ltr'><strong>ait</strong></span> <span class='ocrx_word' id='word_1_631' title='bbox 2331 4523 2480 4589; x_wconf 75' lang='lat' dir='ltr'><strong>poeta</strong></span> <span class='ocrx_word' id='word_1_632' title='bbox 2510 4510 2747 4574; x_wconf 82' lang='lat' dir='ltr'><strong>Siculus,</strong></span> <span class='ocrx_word' id='word_1_633' title='bbox 2772 4525 2876 4561; x_wconf 86' lang='lat' dir='ltr'><strong>uno</strong></span> <span class='ocrx_word' id='word_1_634' title='bbox 2906 4507 2991 4562; x_wconf 82' lang='lat' dir='ltr'><strong>die</strong></span> <span class='ocrx_word' id='word_1_635' title='bbox 3020 4516 3252 4589; x_wconf 77' lang='lat' dir='ltr'><strong>amantes</strong></span> <span class='ocrx_word' id='word_1_636' title='bbox 3278 4518 3660 4589; x_wconf 62' lang='lat' dir='ltr'><strong>consenescere.</strong></span> 
     </span>
    </p>
   </div>
   <div class='ocr_carea' id='block_1_89' title="bbox 400 4589 1978 4659">
    <p class='ocr_par' dir='ltr' id='par_1_89' title="bbox 400 4589 1978 4659">
     <span class='ocr_line' id='line_1_89' title="bbox 400 4589 1978 4659; baseline -0.001 -17"><span class='ocrx_word' id='word_1_637' title='bbox 400 4590 533 4642; x_wconf 73' lang='lat' dir='ltr'><strong>[it-at</strong></span> <span class='ocrx_word' id='word_1_638' title='bbox 560 4589 932 4659; x_wconf 82' lang='lat' dir='ltr'><strong>Bucolicorum</strong></span> <span class='ocrx_word' id='word_1_639' title='bbox 959 4603 1265 4642; x_wconf 79' lang='lat' dir='ltr'><strong>carminum</strong></span> <span class='ocrx_word' id='word_1_640' title='bbox 1297 4590 1559 4659; x_wconf 86' lang='lat' dir='ltr'><strong>principis</strong></span> <span class='ocrx_word' id='word_1_641' title='bbox 1588 4591 1756 4642; x_wconf 80' lang='lat' dir='ltr'><strong>Siculi</strong></span> <span class='ocrx_word' id='word_1_642' title='bbox 1809 4590 1978 4658; x_wconf 82' lang='lat' dir='ltr'><strong>Syra-</strong></span> 
     </span>
    </p>
   </div>
   <div class='ocr_carea' id='block_1_90' title="bbox 399 4658 1059 4728">
    <p class='ocr_par' dir='ltr' id='par_1_90' title="bbox 399 4658 1059 4728">
     <span class='ocr_line' id='line_1_90' title="bbox 399 4658 1059 4728; baseline -0.003 -16"><span class='ocrx_word' id='word_1_643' title='bbox 399 4662 617 4722; x_wconf 85' lang='lat' dir='ltr'><strong>cusani,</strong></span> <span class='ocrx_word' id='word_1_644' title='bbox 650 4658 743 4726; x_wconf 89' lang='lat' dir='ltr'><strong>qui</strong></span> <span class='ocrx_word' id='word_1_645' title='bbox 778 4658 929 4728; x_wconf 81' lang='lat' dir='ltr'><strong>ldyll.</strong></span> <span class='ocrx_word' id='word_1_646' title='bbox 962 4674 1059 4710; x_wconf 83' lang='lat' dir='ltr'><strong>xtl.</strong></span> 
     </span>
    </p>
   </div>
   <div class='ocr_carea' id='block_1_91' title="bbox 517 4742 1917 4821">
    <p class='ocr_par' dir='ltr' id='par_1_91' title="bbox 517 4742 1917 4821">
     <span class='ocr_line' id='line_1_91' title="bbox 517 4742 1917 4821; baseline -0.004 -20"><span class='ocrx_word' id='word_1_647' title='bbox 517 4748 773 4821; x_wconf 51' lang='grc' dir='ltr'>έῌλυθες,</span> <span class='ocrx_word' id='word_1_648' title='bbox 805 4742 995 4821; x_wconf 14' lang='grc' dir='ltr'>ὦῗφίλε</span> <span class='ocrx_word' id='word_1_649' title='bbox 1021 4749 1209 4821; x_wconf 80' lang='grc' dir='ltr'>κοῦρε,</span> <span class='ocrx_word' id='word_1_650' title='bbox 1239 4749 1399 4821; x_wconf 84' lang='grc' dir='ltr'>τρίτῃ</span> <span class='ocrx_word' id='word_1_651' title='bbox 1432 4750 1528 4802; x_wconf 81' lang='grc' dir='ltr'><strong>σὺν</strong></span> <span class='ocrx_word' id='word_1_652' title='bbox 1555 4750 1798 4821; x_wconf 16' lang='grc' dir='ltr'>νυκτὶᾼὲν</span> <span class='ocrx_word' id='word_1_653' title='bbox 1829 4748 1917 4800; x_wconf 85' lang='grc' dir='ltr'><strong>ἀοῖ</strong></span> 
     </span>
    </p>
   </div>
   <div class='ocr_carea' id='block_1_92' title="bbox 517 4764 1982 4890">
    <p class='ocr_par' dir='ltr' id='par_1_92' title="bbox 517 4764 1982 4890">
     <span class='ocr_line' id='line_1_92' title="bbox 517 4764 1915 4821; baseline -0.003 -21"><span class='ocrx_word' id='word_1_654' title='bbox 517 4764 773 4811; x_wconf 59' lang='grc' dir='ltr'>⁷11Αυυες,</span> <span class='ocrx_word' id='word_1_655' title='bbox 805 4764 850 4801; x_wconf 89' lang='grc' dir='ltr'><strong>ω</strong></span> <span class='ocrx_word' id='word_1_656' title='bbox 875 4764 995 4816; x_wconf 75' lang='grc' dir='ltr'>φιλε</span> <span class='ocrx_word' id='word_1_657' title='bbox 1021 4766 1209 4818; x_wconf 90' lang='grc' dir='ltr'>κουρε,</span> <span class='ocrx_word' id='word_1_658' title='bbox 1239 4766 1362 4821; x_wconf 85' lang='grc' dir='ltr'>τριτ</span> <span class='ocrx_word' id='word_1_659' title='bbox 1432 4764 1528 4802; x_wconf 87' lang='grc' dir='ltr'><strong>συν</strong></span> <span class='ocrx_word' id='word_1_660' title='bbox 1555 4764 1712 4802; x_wconf 82' lang='grc' dir='ltr'>νυκτι</span> <span class='ocrx_word' id='word_1_661' title='bbox 1741 4764 1798 4801; x_wconf 86' lang='grc' dir='ltr'><strong>εν</strong></span> <span class='ocrx_word' id='word_1_662' title='bbox 1829 4764 1915 4800; x_wconf 84' lang='grc' dir='ltr'><strong>αοι</strong></span> 
     </span>
     <span class='ocr_line' id='line_1_93' title="bbox 517 4764 1982 4890; baseline 0.001 -21"><span class='ocrx_word' id='word_1_663' title='bbox 517 4820 749 4880; x_wconf 84' lang='grc' dir='ltr'>Ἦλυθες</span> <span class='ocrx_word' id='word_1_664' title='bbox 767 4835 779 4849; x_wconf 88' lang='grc'><strong>·</strong></span> <span class='ocrx_word' id='word_1_665' title='bbox 814 4820 863 4872; x_wconf 74' lang='lat' dir='ltr'><strong>oi</strong></span> <span class='ocrx_word' id='word_1_666' title='bbox 889 4820 946 4871; x_wconf 82' lang='grc' dir='ltr'><strong>δὲ</strong></span> <span class='ocrx_word' id='word_1_667' title='bbox 976 4818 1270 4883; x_wconf 81' lang='grc' dir='ltr'>ποθοῦντες</span> <span class='ocrx_word' id='word_1_668' title='bbox 1295 4764 1549 4890; x_wconf 41' lang='lat' dir='ltr'><strong>Exiguam</strong></span> <span class='ocrx_word' id='word_1_669' title='bbox 1586 4818 1982 4887; x_wconf 80' lang='grc' dir='ltr'>γηράσκουσιν.</span> 
     </span>
    </p>
   </div>
   <div class='ocr_carea' id='block_1_93' title="bbox 479 4911 1989 5050">
    <p class='ocr_par' dir='ltr' id='par_1_93' title="bbox 479 4911 1989 5050">
     <span class='ocr_line' id='line_1_94' title="bbox 479 4911 1989 5050; baseline -0.003 -84"><span class='ocrx_word' id='word_1_670' title='bbox 479 4911 703 4978; x_wconf 77' lang='lat' dir='ltr'><strong>Venisti,</strong></span> <span class='ocrx_word' id='word_1_671' title='bbox 724 4912 877 4966; x_wconf 78' lang='lat' dir='ltr'><strong>citare</strong></span> <span class='ocrx_word' id='word_1_672' title='bbox 906 4928 1059 4980; x_wconf 86' lang='lat' dir='ltr'><strong>puer,</strong></span> <span class='ocrx_word' id='word_1_673' title='bbox 1088 4924 1201 4981; x_wconf 86' lang='lat' dir='ltr'><strong>post</strong></span> <span class='ocrx_word' id='word_1_674' title='bbox 1231 4923 1436 4966; x_wconf 78' lang='lat' dir='ltr'><strong>ternum</strong></span> <span class='ocrx_word' id='word_1_675' title='bbox 1450 4914 1565 4982; x_wconf 85' lang='lat' dir='ltr'><strong>jam</strong></span> <span class='ocrx_word' id='word_1_676' title='bbox 1589 4922 1791 5050; x_wconf 59' lang='lat' dir='ltr'><strong>noctein</strong></span> <span class='ocrx_word' id='word_1_677' title='bbox 1818 4921 1863 4963; x_wconf 85' lang='lat' dir='ltr'><strong>et</strong></span> <span class='ocrx_word' id='word_1_678' title='bbox 1891 4927 1989 4962; x_wconf 90' lang='lat' dir='ltr'><strong>ou-</strong></span> 
     </span>
     <span class='ocr_line' id='line_1_95' title="bbox 1769 4996 1982 5044; baseline 0.009 -14"><span class='ocrx_word' id='word_1_679' title='bbox 1769 4996 1943 5033; x_wconf 83' lang='lat' dir='ltr'><strong>roram</strong></span> <span class='ocrx_word' id='word_1_680' title='bbox 1961 4997 1982 5044; x_wconf 90' lang='lat'><strong><em>;</em></strong></span> 
     </span>
    </p>
   </div>
   <div class='ocr_carea' id='block_1_94' title="bbox 1769 4996 1982 5044">
    <p class='ocr_par' dir='ltr' id='par_1_94' title="bbox 1769 4996 1982 5044">
     <span class='ocr_line' id='line_1_96' title="bbox 1769 4996 1982 5044; baseline 0.009 -14"><span class='ocrx_word' id='word_1_681' title='bbox 1769 4996 1982 5044; x_wconf 85' lang='lat' dir='ltr'><strong>raram;</strong></span> 
     </span>
    </p>
   </div>
   <div class='ocr_carea' id='block_1_95' title="bbox 480 5050 1984 5191">
    <p class='ocr_par' dir='ltr' id='par_1_95' title="bbox 480 5050 1984 5191">
     <span class='ocr_line' id='line_1_97' title="bbox 480 5050 1984 5191; baseline -0.002 -87"><span class='ocrx_word' id='word_1_682' title='bbox 480 5050 706 5114; x_wconf 81' lang='lat' dir='ltr'><strong>Venisti,</strong></span> <span class='ocrx_word' id='word_1_683' title='bbox 734 5051 824 5118; x_wconf 87' lang='lat' dir='ltr'><strong>qui</strong></span> <span class='ocrx_word' id='word_1_684' title='bbox 865 5067 986 5105; x_wconf 70' lang='lat' dir='ltr'><strong>vero</strong></span> <span class='ocrx_word' id='word_1_685' title='bbox 1026 5050 1289 5105; x_wconf 83' lang='lat' dir='ltr'><strong>desiderio</strong></span> <span class='ocrx_word' id='word_1_686' title='bbox 1338 5052 1694 5191; x_wconf 65' lang='lat' dir='ltr'><strong>conﬁciutttulr</strong></span> <span class='ocrx_word' id='word_1_687' title='bbox 1748 5066 1850 5102; x_wconf 87' lang='lat' dir='ltr'><strong>uno</strong></span> <span class='ocrx_word' id='word_1_688' title='bbox 1901 5053 1984 5101; x_wconf 76' lang='lat' dir='ltr'><strong>die</strong></span> 
     </span>
     <span class='ocr_line' id='line_1_98' title="bbox 1686 5131 1980 5173; baseline 0.007 -3"><span class='ocrx_word' id='word_1_689' title='bbox 1686 5131 1980 5173; x_wconf 83' lang='lat' dir='ltr'><strong>senescunt.</strong></span> 
     </span>
    </p>
   </div>
   <div class='ocr_carea' id='block_1_96' title="bbox 1686 5131 1980 5173">
    <p class='ocr_par' dir='ltr' id='par_1_96' title="bbox 1686 5131 1980 5173">
     <span class='ocr_line' id='line_1_99' title="bbox 1686 5131 1980 5173; baseline 0.007 -3"><span class='ocrx_word' id='word_1_690' title='bbox 1686 5131 1980 5173; x_wconf 68' lang='grc' dir='ltr'>εεηεδειιηι.</span> 
     </span>
    </p>
   </div>
   <div class='ocr_carea' id='block_1_97' title="bbox 403 5212 1978 5282">
    <p class='ocr_par' dir='ltr' id='par_1_97' title="bbox 403 5212 1978 5282">
     <span class='ocr_line' id='line_1_100' title="bbox 403 5212 1978 5282; baseline -0.001 -19"><span class='ocrx_word' id='word_1_691' title='bbox 403 5212 560 5280; x_wconf 87' lang='lat' dir='ltr'><strong>Quod</strong></span> <span class='ocrx_word' id='word_1_692' title='bbox 622 5213 821 5266; x_wconf 91' lang='lat' dir='ltr'><strong>dictum</strong></span> <span class='ocrx_word' id='word_1_693' title='bbox 891 5213 1115 5282; x_wconf 84' lang='lat' dir='ltr'><strong>protulit</strong></span> <span class='ocrx_word' id='word_1_694' title='bbox 1166 5213 1331 5267; x_wconf 87' lang='lat' dir='ltr'><strong>etiam</strong></span> <span class='ocrx_word' id='word_1_695' title='bbox 1387 5212 1637 5267; x_wconf 82' lang='lat' dir='ltr'><strong>Julianus</strong></span> <span class='ocrx_word' id='word_1_696' title='bbox 1684 5214 1978 5278; x_wconf 86' lang='lat' dir='ltr'><strong>Apostata,</strong></span> 
     </span>
    </p>
   </div>
   <div class='ocr_carea' id='block_1_98' title="bbox 402 5281 1977 5351">
    <p class='ocr_par' dir='ltr' id='par_1_98' title="bbox 402 5281 1977 5351">
     <span class='ocr_line' id='line_1_101' title="bbox 402 5281 1977 5351; baseline -0.003 -13"><span class='ocrx_word' id='word_1_697' title='bbox 402 5284 578 5351; x_wconf 79' lang='lat' dir='ltr'><strong>Epist.</strong></span> <span class='ocrx_word' id='word_1_698' title='bbox 613 5284 679 5335; x_wconf 89' lang='lat' dir='ltr'><strong>ad</strong></span> <span class='ocrx_word' id='word_1_699' title='bbox 729 5283 1014 5336; x_wconf 87' lang='lat' dir='ltr'><strong>Libanium</strong></span> <span class='ocrx_word' id='word_1_700' title='bbox 1072 5281 1407 5351; x_wconf 88' lang='lat' dir='ltr'><strong>Sophistatn,</strong></span> <span class='ocrx_word' id='word_1_701' title='bbox 1463 5282 1812 5348; x_wconf 82' lang='lat' dir='ltr'><strong>expusmlans</strong></span> <span class='ocrx_word' id='word_1_702' title='bbox 1857 5297 1977 5334; x_wconf 83' lang='lat' dir='ltr'><strong>cum</strong></span> 
     </span>
    </p>
   </div>
   <div class='ocr_carea' id='block_1_99' title="bbox 403 5353 1974 5420">
    <p class='ocr_par' dir='ltr' id='par_1_99' title="bbox 403 5353 1974 5420">
     <span class='ocr_line' id='line_1_102' title="bbox 403 5353 1974 5420; baseline -0.004 -12"><span class='ocrx_word' id='word_1_703' title='bbox 403 5369 472 5408; x_wconf 84' lang='lat' dir='ltr'><strong>eo</strong></span> <span class='ocrx_word' id='word_1_704' title='bbox 502 5354 644 5420; x_wconf 89' lang='lat' dir='ltr'><strong>quod</strong></span> <span class='ocrx_word' id='word_1_705' title='bbox 674 5363 964 5406; x_wconf 90' lang='lat' dir='ltr'><strong>cunctatus</strong></span> <span class='ocrx_word' id='word_1_706' title='bbox 1001 5364 1146 5407; x_wconf 87' lang='lat' dir='ltr'><strong>esset</strong></span> <span class='ocrx_word' id='word_1_707' title='bbox 1192 5354 1491 5407; x_wconf 90' lang='lat' dir='ltr'><strong>orationem</strong></span> <span class='ocrx_word' id='word_1_708' title='bbox 1536 5353 1767 5413; x_wconf 86' lang='lat' dir='ltr'><strong>mittere,</strong></span> <span class='ocrx_word' id='word_1_709' title='bbox 1816 5367 1974 5417; x_wconf 87' lang='lat' dir='ltr'><strong>quant</strong></span> 
     </span>
    </p>
   </div>
   <div class='ocr_carea' id='block_1_100' title="bbox 402 5420 1973 5490">
    <p class='ocr_par' dir='ltr' id='par_1_100' title="bbox 402 5420 1973 5490">
     <span class='ocr_line' id='line_1_103' title="bbox 402 5420 1973 5490; baseline -0.003 -14"><span class='ocrx_word' id='word_1_710' title='bbox 402 5425 657 5490; x_wconf 82' lang='lat' dir='ltr'><strong>petierat.</strong></span> <span class='ocrx_word' id='word_1_711' title='bbox 694 5423 820 5490; x_wconf 81' lang='lat' dir='ltr'><strong>Ejus</strong></span> <span class='ocrx_word' id='word_1_712' title='bbox 844 5423 1004 5474; x_wconf 81' lang='lat' dir='ltr'><strong>verba</strong></span> <span class='ocrx_word' id='word_1_713' title='bbox 1029 5431 1191 5480; x_wconf 80' lang='lat' dir='ltr'><strong>sunt:</strong></span> <span class='ocrx_word' id='word_1_714' title='bbox 1228 5421 1396 5476; x_wconf 84' lang='grc' dir='ltr'>Ἀλλά</span> <span class='ocrx_word' id='word_1_715' title='bbox 1418 5420 1737 5474; x_wconf 81' lang='grc' dir='ltr'>καὶτούτων</span> <span class='ocrx_word' id='word_1_716' title='bbox 1772 5437 1838 5488; x_wconf 86' lang='grc' dir='ltr'><strong>με</strong></span> <span class='ocrx_word' id='word_1_717' title='bbox 1867 5421 1973 5471; x_wconf 87' lang='grc' dir='ltr'><strong>τῶν</strong></span> 
     </span>
    </p>
   </div>
   <div class='ocr_carea' id='block_1_101' title="bbox 400 5490 1971 5561">
    <p class='ocr_par' dir='ltr' id='par_1_101' title="bbox 400 5490 1971 5561">
     <span class='ocr_line' id='line_1_104' title="bbox 400 5490 1971 5561; baseline -0.003 -17"><span class='ocrx_word' id='word_1_718' title='bbox 400 5492 570 5561; x_wconf 80' lang='grc' dir='ltr'>τριῶν</span> <span class='ocrx_word' id='word_1_719' title='bbox 608 5491 829 5561; x_wconf 76' lang='grc' dir='ltr'>ἡμερῶν</span> <span class='ocrx_word' id='word_1_720' title='bbox 862 5492 972 5543; x_wconf 86' lang='grc' dir='ltr'>ίσθι</span> <span class='ocrx_word' id='word_1_721' title='bbox 1020 5492 1317 5559; x_wconf 81' lang='grc' dir='ltr'>συντρίψας</span> <span class='ocrx_word' id='word_1_722' title='bbox 1354 5508 1367 5521; x_wconf 71' lang='grc' dir='ltr'><strong>ο</strong></span> <span class='ocrx_word' id='word_1_723' title='bbox 1399 5494 1556 5559; x_wconf 81' lang='grc' dir='ltr'>εἰπερ</span> <span class='ocrx_word' id='word_1_724' title='bbox 1588 5490 1765 5557; x_wconf 80' lang='grc' dir='ltr'>ἀληθῆ</span> <span class='ocrx_word' id='word_1_725' title='bbox 1808 5506 1971 5561; x_wconf 84' lang='grc' dir='ltr'>φησιν</span> 
     </span>
    </p>
   </div>
   <div class='ocr_carea' id='block_1_102' title="bbox 397 5559 1975 5631">
    <p class='ocr_par' dir='ltr' id='par_1_102' title="bbox 397 5559 1975 5631">
     <span class='ocr_line' id='line_1_105' title="bbox 397 5559 1975 5631; baseline -0.003 -16"><span class='ocrx_word' id='word_1_726' title='bbox 397 5559 779 5623; x_wconf 77' lang='grc' dir='ltr'>ὀΣικελιώτής</span> <span class='ocrx_word' id='word_1_727' title='bbox 802 5562 1034 5630; x_wconf 83' lang='grc' dir='ltr'>ποιητὴς</span> <span class='ocrx_word' id='word_1_728' title='bbox 1058 5566 1114 5613; x_wconf 84' lang='grc' dir='ltr'><strong>ὲν</strong></span> <span class='ocrx_word' id='word_1_729' title='bbox 1142 5564 1316 5631; x_wconf 81' lang='grc' dir='ltr'>ἤματι</span> <span class='ocrx_word' id='word_1_730' title='bbox 1349 5564 1574 5631; x_wconf 77' lang='grc' dir='ltr'>φάσκων</span> <span class='ocrx_word' id='word_1_731' title='bbox 1598 5562 1723 5620; x_wconf 81' lang='grc' dir='ltr'>τοὺς</span> <span class='ocrx_word' id='word_1_732' title='bbox 1745 5559 1975 5631; x_wconf 66' lang='grc' dir='ltr'>ποθούει;</span> 
     </span>
    </p>
   </div>
   <div class='ocr_carea' id='block_1_103' title="bbox 397 5626 1968 5701">
    <p class='ocr_par' dir='ltr' id='par_1_103' title="bbox 397 5626 1968 5701">
     <span class='ocr_line' id='line_1_106' title="bbox 397 5626 1968 5701; baseline -0.003 -17"><span class='ocrx_word' id='word_1_733' title='bbox 397 5647 503 5693; x_wconf 85' lang='grc' dir='ltr'><strong>τας</strong></span> <span class='ocrx_word' id='word_1_734' title='bbox 534 5634 837 5701; x_wconf 82' lang='grc' dir='ltr'>γηράσκειν</span> <span class='ocrx_word' id='word_1_735' title='bbox 872 5648 887 5662; x_wconf 90' lang='grc'><strong>·</strong></span> <span class='ocrx_word' id='word_1_736' title='bbox 921 5626 1073 5683; x_wconf 64' lang='grc' dir='ltr'>εἰδὲ</span> <span class='ocrx_word' id='word_1_737' title='bbox 1108 5626 1282 5685; x_wconf 76' lang='grc' dir='ltr'>ταῦτά</span> <span class='ocrx_word' id='word_1_738' title='bbox 1328 5626 1471 5683; x_wconf 79' lang='grc' dir='ltr'>ἐστιν</span> <span class='ocrx_word' id='word_1_739' title='bbox 1509 5629 1697 5697; x_wconf 84' lang='grc' dir='ltr'>ὥσπερ</span> <span class='ocrx_word' id='word_1_740' title='bbox 1728 5626 1820 5680; x_wconf 82' lang='grc' dir='ltr'><strong>οὖν</strong></span> <span class='ocrx_word' id='word_1_741' title='bbox 1853 5626 1968 5701; x_wconf 70' lang='grc' dir='ltr'>ἐστι</span> 
     </span>
    </p>
   </div>
   <div class='ocr_carea' id='block_1_104' title="bbox 398 5697 1965 5769">
    <p class='ocr_par' dir='ltr' id='par_1_104' title="bbox 398 5697 1965 5769">
     <span class='ocr_line' id='line_1_107' title="bbox 398 5697 1965 5769; baseline -0.002 -16"><span class='ocrx_word' id='word_1_742' title='bbox 398 5701 465 5753; x_wconf 76' lang='grc' dir='ltr'>τὸ</span> <span class='ocrx_word' id='word_1_743' title='bbox 498 5697 675 5769; x_wconf 77' lang='grc' dir='ltr'>γῆρας</span> <span class='ocrx_word' id='word_1_744' title='bbox 707 5702 841 5769; x_wconf 77' lang='grc' dir='ltr'>ἡμῖν</span> <span class='ocrx_word' id='word_1_745' title='bbox 871 5702 1318 5767; x_wconf 78' lang='grc' dir='ltr'>ἐτριπλασίασας.</span> <span class='ocrx_word' id='word_1_746' title='bbox 1338 5700 1438 5754; x_wconf 81' lang='lat' dir='ltr'><strong>Sed</strong></span> <span class='ocrx_word' id='word_1_747' title='bbox 1461 5714 1507 5752; x_wconf 85' lang='lat' dir='ltr'><strong>et</strong></span> <span class='ocrx_word' id='word_1_748' title='bbox 1533 5717 1611 5752; x_wconf 84' lang='lat' dir='ltr'><strong>me</strong></span> <span class='ocrx_word' id='word_1_749' title='bbox 1641 5702 1771 5769; x_wconf 84' lang='lat' dir='ltr'><strong>scito</strong></span> <span class='ocrx_word' id='word_1_750' title='bbox 1800 5697 1965 5769; x_wconf 81' lang='lat' dir='ltr'><strong>tribus</strong></span> 
     </span>
    </p>
   </div>
   <div class='ocr_carea' id='block_1_105' title="bbox 398 5767 1965 5841">
    <p class='ocr_par' dir='ltr' id='par_1_105' title="bbox 398 5767 1965 5841">
     <span class='ocr_line' id='line_1_108' title="bbox 398 5767 1965 5841; baseline -0.002 -17"><span class='ocrx_word' id='word_1_751' title='bbox 398 5771 483 5826; x_wconf 71' lang='lat' dir='ltr'><strong>his</strong></span> <span class='ocrx_word' id='word_1_752' title='bbox 513 5767 695 5825; x_wconf 78' lang='lat' dir='ltr'><strong>diebus</strong></span> <span class='ocrx_word' id='word_1_753' title='bbox 729 5767 896 5825; x_wconf 56' lang='lat' dir='ltr'><strong>ualde</strong></span> <span class='ocrx_word' id='word_1_754' title='bbox 930 5772 1023 5824; x_wconf 87' lang='lat' dir='ltr'><strong>abs</strong></span> <span class='ocrx_word' id='word_1_755' title='bbox 1058 5781 1106 5824; x_wconf 84' lang='lat' dir='ltr'><strong>te</strong></span> <span class='ocrx_word' id='word_1_756' title='bbox 1139 5784 1500 5841; x_wconf 78' lang='lat' dir='ltr'><strong>consumptum</strong></span> <span class='ocrx_word' id='word_1_757' title='bbox 1527 5784 1673 5831; x_wconf 86' lang='lat' dir='ltr'><strong>esse;</strong></span> <span class='ocrx_word' id='word_1_758' title='bbox 1704 5767 1965 5836; x_wconf 80' lang='lat' dir='ltr'><strong>siquidem</strong></span> 
     </span>
    </p>
   </div>
   <div class='ocr_carea' id='block_1_106' title="bbox 2088 4573 3658 4650">
    <p class='ocr_par' dir='ltr' id='par_1_106' title="bbox 2088 4573 3658 4650">
     <span class='ocr_line' id='line_1_109' title="bbox 2088 4573 3658 4650; baseline -0.008 -14"><span class='ocrx_word' id='word_1_759' title='bbox 2088 4586 2241 4650; x_wconf 83' lang='lat' dir='ltr'><strong>Quod</strong></span> <span class='ocrx_word' id='word_1_760' title='bbox 2265 4587 2309 4636; x_wconf 90' lang='lat' dir='ltr'><strong>si</strong></span> <span class='ocrx_word' id='word_1_761' title='bbox 2331 4573 2415 4635; x_wconf 56' lang='lat' dir='ltr'><strong>&#39;ita</strong></span> <span class='ocrx_word' id='word_1_762' title='bbox 2444 4592 2540 4642; x_wconf 84' lang='lat' dir='ltr'><strong>est.</strong></span> <span class='ocrx_word' id='word_1_763' title='bbox 2577 4592 2631 4634; x_wconf 87' lang='lat' dir='ltr'><strong>ut</strong></span> <span class='ocrx_word' id='word_1_764' title='bbox 2660 4573 2798 4633; x_wconf 82' lang='lat' dir='ltr'><strong>certe</strong></span> <span class='ocrx_word' id='word_1_765' title='bbox 2821 4591 2917 4644; x_wconf 79' lang='lat' dir='ltr'><strong>est,</strong></span> <span class='ocrx_word' id='word_1_766' title='bbox 2949 4588 3259 4631; x_wconf 79' lang='lat' dir='ltr'><strong>senectutem</strong></span> <span class='ocrx_word' id='word_1_767' title='bbox 3305 4574 3424 4642; x_wconf 82' lang='lat' dir='ltr'><strong>jam</strong></span> <span class='ocrx_word' id='word_1_768' title='bbox 3489 4573 3658 4637; x_wconf 80' lang='lat' dir='ltr'><strong>nobis,</strong></span> 
     </span>
    </p>
   </div>
   <div class='ocr_carea' id='block_1_107' title="bbox 2091 4652 2759 4721">
    <p class='ocr_par' dir='ltr' id='par_1_107' title="bbox 2091 4652 2759 4721">
     <span class='ocr_line' id='line_1_110' title="bbox 2091 4652 2759 4721; baseline -0.006 -14"><span class='ocrx_word' id='word_1_769' title='bbox 2091 4670 2170 4707; x_wconf 80' lang='lat' dir='ltr'><strong>tur</strong></span> <span class='ocrx_word' id='word_1_770' title='bbox 2197 4656 2417 4721; x_wconf 76' lang='lat' dir='ltr'><strong>egregie,</strong></span> <span class='ocrx_word' id='word_1_771' title='bbox 2454 4652 2759 4721; x_wconf 10' lang='lat' dir='ltr'><strong>triplicarsti.</strong></span> 
     </span>
    </p>
   </div>
   <div class='ocr_carea' id='block_1_108' title="bbox 2166 4715 3659 4793">
    <p class='ocr_par' dir='ltr' id='par_1_108' title="bbox 2166 4715 3659 4793">
     <span class='ocr_line' id='line_1_111' title="bbox 2166 4715 3659 4793; baseline -0.006 -17"><span class='ocrx_word' id='word_1_772' title='bbox 2166 4715 2278 4793; x_wconf 66' lang='lat'><strong>(83)</strong></span> <span class='ocrx_word' id='word_1_773' title='bbox 2315 4715 2449 4774; x_wconf 66' lang='grc' dir='ltr'><strong>⁷Νόη</strong></span> <span class='ocrx_word' id='word_1_774' title='bbox 2480 4715 2862 4793; x_wconf 65' lang='lat' dir='ltr'><strong>nianufactam.</strong></span> <span class='ocrx_word' id='word_1_775' title='bbox 2917 4718 3046 4783; x_wconf 78' lang='lat' dir='ltr'><strong>Quae</strong></span> <span class='ocrx_word' id='word_1_776' title='bbox 3079 4717 3314 4793; x_wconf 65' lang='lat' dir='ltr'><strong>dicenda</strong></span> <span class='ocrx_word' id='word_1_777' title='bbox 3355 4723 3536 4768; x_wconf 84' lang='lat' dir='ltr'><strong>essent</strong></span> <span class='ocrx_word' id='word_1_778' title='bbox 3593 4715 3659 4767; x_wconf 80' lang='lat' dir='ltr'><strong>de</strong></span> 
     </span>
    </p>
   </div>
   <div class='ocr_carea' id='block_1_109' title="bbox 2099 4786 3655 4861">
    <p class='ocr_par' dir='ltr' id='par_1_109' title="bbox 2099 4786 3655 4861">
     <span class='ocr_line' id='line_1_112' title="bbox 2099 4786 3655 4861; baseline -0.006 -16"><span class='ocrx_word' id='word_1_779' title='bbox 2099 4786 2201 4845; x_wconf 82' lang='lat' dir='ltr'><strong>bac</strong></span> <span class='ocrx_word' id='word_1_780' title='bbox 2242 4786 2474 4861; x_wconf 75' lang='lat' dir='ltr'><strong>imagine</strong></span> <span class='ocrx_word' id='word_1_781' title='bbox 2504 4802 2557 4843; x_wconf 90' lang='lat' dir='ltr'><strong>et</strong></span> <span class='ocrx_word' id='word_1_782' title='bbox 2591 4786 2655 4843; x_wconf 83' lang='lat' dir='ltr'><strong>de</strong></span> <span class='ocrx_word' id='word_1_783' title='bbox 2695 4802 2806 4842; x_wconf 91' lang='lat' dir='ltr'><strong>toto</strong></span> <span class='ocrx_word' id='word_1_784' title='bbox 2845 4790 2945 4843; x_wconf 79' lang='lat' dir='ltr'><strong>hoc</strong></span> <span class='ocrx_word' id='word_1_785' title='bbox 2976 4790 3196 4841; x_wconf 85' lang='lat' dir='ltr'><strong>exordio</strong></span> <span class='ocrx_word' id='word_1_786' title='bbox 3232 4786 3395 4861; x_wconf 79' lang='lat' dir='ltr'><strong>babes</strong></span> <span class='ocrx_word' id='word_1_787' title='bbox 3430 4794 3655 4837; x_wconf 81' lang='lat' dir='ltr'><strong>tractata</strong></span> 
     </span>
    </p>
   </div>
   <div class='ocr_carea' id='block_1_110' title="bbox 2088 4856 3659 4924">
    <p class='ocr_par' dir='ltr' id='par_1_110' title="bbox 2088 4856 3659 4924">
     <span class='ocr_line' id='line_1_113' title="bbox 2088 4856 3659 4924; baseline -0.004 -11"><span class='ocrx_word' id='word_1_788' title='bbox 2088 4877 2117 4913; x_wconf 89' lang='lat' dir='ltr'><strong>a</strong></span> <span class='ocrx_word' id='word_1_789' title='bbox 2150 4864 2306 4915; x_wconf 87' lang='lat' dir='ltr'><strong>nobis</strong></span> <span class='ocrx_word' id='word_1_790' title='bbox 2352 4856 2402 4913; x_wconf 72' lang='lat' dir='ltr'><strong>in</strong></span> <span class='ocrx_word' id='word_1_791' title='bbox 2435 4860 2722 4913; x_wconf 69' lang='lat' dir='ltr'><strong>Protemiis</strong></span> <span class='ocrx_word' id='word_1_792' title='bbox 2763 4875 2801 4912; x_wconf 90' lang='grc' dir='ltr'><strong>ιι</strong></span> <span class='ocrx_word' id='word_1_793' title='bbox 2848 4868 2902 4911; x_wconf 90' lang='lat' dir='ltr'><strong>et</strong></span> <span class='ocrx_word' id='word_1_794' title='bbox 2946 4874 3031 4920; x_wconf 88' lang='grc' dir='ltr'>ιιι,</span> <span class='ocrx_word' id='word_1_795' title='bbox 3074 4874 3194 4924; x_wconf 60' lang='lat' dir='ltr'><strong>quae</strong></span> <span class='ocrx_word' id='word_1_796' title='bbox 3226 4856 3435 4924; x_wconf 80' lang='lat' dir='ltr'><strong>relege;</strong></span> <span class='ocrx_word' id='word_1_797' title='bbox 3480 4869 3659 4921; x_wconf 80' lang='lat' dir='ltr'><strong>neque</strong></span> 
     </span>
    </p>
   </div>
   <div class='ocr_carea' id='block_1_111' title="bbox 2087 4930 3088 4995">
    <p class='ocr_par' dir='ltr' id='par_1_111' title="bbox 2087 4930 3088 4995">
     <span class='ocr_line' id='line_1_114' title="bbox 2087 4930 3088 4995; baseline -0.005 -11"><span class='ocrx_word' id='word_1_798' title='bbox 2087 4934 2230 4984; x_wconf 90' lang='lat' dir='ltr'><strong>enim</strong></span> <span class='ocrx_word' id='word_1_799' title='bbox 2264 4943 2388 4985; x_wconf 89' lang='lat' dir='ltr'><strong>sunt</strong></span> <span class='ocrx_word' id='word_1_800' title='bbox 2415 4934 2602 4984; x_wconf 87' lang='lat' dir='ltr'><strong>eadem</strong></span> <span class='ocrx_word' id='word_1_801' title='bbox 2631 4931 2733 4981; x_wconf 79' lang='lat' dir='ltr'><strong>huc</strong></span> <span class='ocrx_word' id='word_1_802' title='bbox 2774 4930 3088 4995; x_wconf 82' lang='lat' dir='ltr'><strong>regerenda.</strong></span> 
     </span>
    </p>
   </div>
   <div class='ocr_carea' id='block_1_112' title="bbox 2160 4994 3654 5071">
    <p class='ocr_par' dir='ltr' id='par_1_112' title="bbox 2160 4994 3654 5071">
     <span class='ocr_line' id='line_1_115' title="bbox 2160 4994 3654 5071; baseline -0.009 -16"><span class='ocrx_word' id='word_1_803' title='bbox 2160 5002 2271 5071; x_wconf 75' lang='grc'><strong>(84)</strong></span> <span class='ocrx_word' id='word_1_804' title='bbox 2318 5000 2420 5063; x_wconf 82' lang='lat' dir='ltr'><strong>Qui</strong></span> <span class='ocrx_word' id='word_1_805' title='bbox 2453 5016 2587 5052; x_wconf 85' lang='lat' dir='ltr'><strong>unus</strong></span> <span class='ocrx_word' id='word_1_806' title='bbox 2636 5014 2664 5050; x_wconf 84' lang='lat' dir='ltr'><strong>e</strong></span> <span class='ocrx_word' id='word_1_807' title='bbox 2723 4994 3016 5071; x_wconf 68' lang='lat' dir='ltr'><strong>Trinitale.</strong></span> <span class='ocrx_word' id='word_1_808' title='bbox 3060 4995 3321 5071; x_wconf 79' lang='lat' dir='ltr'><strong>Describit</strong></span> <span class='ocrx_word' id='word_1_809' title='bbox 3353 4994 3654 5071; x_wconf 83' lang='lat' dir='ltr'><strong>Christum,</strong></span> 
     </span>
    </p>
   </div>
   <div class='ocr_carea' id='block_1_113' title="bbox 2092 5064 3654 5139">
    <p class='ocr_par' dir='ltr' id='par_1_113' title="bbox 2092 5064 3654 5139">
     <span class='ocr_line' id='line_1_116' title="bbox 2092 5064 3654 5139; baseline -0.008 -14"><span class='ocrx_word' id='word_1_810' title='bbox 2092 5064 2529 5139; x_wconf 51' lang='lat' dir='ltr'><strong>cujns&#39;persona</strong></span> <span class='ocrx_word' id='word_1_811' title='bbox 2561 5083 2665 5122; x_wconf 88' lang='lat' dir='ltr'><strong>una</strong></span> <span class='ocrx_word' id='word_1_812' title='bbox 2701 5076 2784 5121; x_wconf 79' lang='lat' dir='ltr'><strong>est</strong></span> <span class='ocrx_word' id='word_1_813' title='bbox 2819 5084 2883 5120; x_wconf 71' lang='lat' dir='ltr'><strong>ex</strong></span> <span class='ocrx_word' id='word_1_814' title='bbox 2933 5069 3104 5139; x_wconf 88' lang='lat' dir='ltr'><strong>tribus</strong></span> <span class='ocrx_word' id='word_1_815' title='bbox 3154 5065 3351 5139; x_wconf 50' lang='lat' dir='ltr'><strong>dijinis</strong></span> <span class='ocrx_word' id='word_1_816' title='bbox 3385 5064 3654 5139; x_wconf 75' lang='lat' dir='ltr'><strong>personis,</strong></span> 
     </span>
    </p>
   </div>
   <div class='ocr_carea' id='block_1_114' title="bbox 2089 5133 3657 5199">
    <p class='ocr_par' dir='ltr' id='par_1_114' title="bbox 2089 5133 3657 5199">
     <span class='ocr_line' id='line_1_117' title="bbox 2089 5133 3657 5199; baseline -0.006 -5"><span class='ocrx_word' id='word_1_817' title='bbox 2089 5133 2365 5195; x_wconf 69' lang='lat' dir='ltr'><strong>etiuditin</strong></span> <span class='ocrx_word' id='word_1_818' title='bbox 2388 5138 2659 5190; x_wconf 82' lang='grc' dir='ltr'>ἀντιθέσει</span> <span class='ocrx_word' id='word_1_819' title='bbox 2693 5139 2876 5199; x_wconf 90' lang='lat' dir='ltr'><strong>triutn,</strong></span> <span class='ocrx_word' id='word_1_820' title='bbox 2900 5147 2953 5189; x_wconf 92' lang='lat' dir='ltr'><strong>et</strong></span> <span class='ocrx_word' id='word_1_821' title='bbox 2986 5138 3164 5189; x_wconf 89' lang='lat' dir='ltr'><strong>unius.</strong></span> <span class='ocrx_word' id='word_1_822' title='bbox 3198 5134 3303 5187; x_wconf 89' lang='lat' dir='ltr'><strong>Sed</strong></span> <span class='ocrx_word' id='word_1_823' title='bbox 3328 5144 3380 5185; x_wconf 85' lang='lat' dir='ltr'><strong>et</strong></span> <span class='ocrx_word' id='word_1_824' title='bbox 3404 5134 3460 5185; x_wconf 78' lang='grc' dir='ltr'>δ.</span> <span class='ocrx_word' id='word_1_825' title='bbox 3487 5133 3657 5185; x_wconf 78' lang='lat' dir='ltr'><strong>Maxi-</strong></span> 
     </span>
    </p>
   </div>
   <div class='ocr_carea' id='block_1_115' title="bbox 2087 5205 3658 5271">
    <p class='ocr_par' dir='ltr' id='par_1_115' title="bbox 2087 5205 3658 5271">
     <span class='ocr_line' id='line_1_118' title="bbox 2087 5205 3658 5271; baseline -0.006 -7"><span class='ocrx_word' id='word_1_826' title='bbox 2087 5226 2208 5264; x_wconf 89' lang='lat' dir='ltr'><strong>mus</strong></span> <span class='ocrx_word' id='word_1_827' title='bbox 2243 5209 2423 5262; x_wconf 86' lang='lat' dir='ltr'><strong>libello</strong></span> <span class='ocrx_word' id='word_1_828' title='bbox 2462 5207 2536 5261; x_wconf 88' lang='lat' dir='ltr'><strong>De</strong></span> <span class='ocrx_word' id='word_1_829' title='bbox 2578 5208 2782 5260; x_wconf 82' lang='lat' dir='ltr'><strong>duabus</strong></span> <span class='ocrx_word' id='word_1_830' title='bbox 2826 5206 3033 5259; x_wconf 85' lang='lat' dir='ltr'><strong>naturis</strong></span> <span class='ocrx_word' id='word_1_831' title='bbox 3091 5205 3312 5265; x_wconf 73' lang='lat' dir='ltr'><strong>Christi,</strong></span> <span class='ocrx_word' id='word_1_832' title='bbox 3340 5207 3431 5271; x_wconf 90' lang='lat' dir='ltr'><strong>qni</strong></span> <span class='ocrx_word' id='word_1_833' title='bbox 3475 5210 3658 5255; x_wconf 76' lang='lat' dir='ltr'><strong>exstat</strong></span> 
     </span>
    </p>
   </div>
   <div class='ocr_carea' id='block_1_116' title="bbox 2091 5273 3655 5344">
    <p class='ocr_par' dir='ltr' id='par_1_116' title="bbox 2091 5273 3655 5344">
     <span class='ocr_line' id='line_1_119' title="bbox 2091 5273 3655 5344; baseline -0.006 -11"><span class='ocrx_word' id='word_1_834' title='bbox 2091 5291 2221 5333; x_wconf 89' lang='lat' dir='ltr'><strong>tom.</strong></span> <span class='ocrx_word' id='word_1_835' title='bbox 2266 5280 2306 5333; x_wconf 77' lang='grc' dir='ltr'><strong>ν</strong></span> <span class='ocrx_word' id='word_1_836' title='bbox 2342 5278 2593 5331; x_wconf 82' lang='lat' dir='ltr'><strong>Biblioth.</strong></span> <span class='ocrx_word' id='word_1_837' title='bbox 2651 5278 2885 5344; x_wconf 68' lang='grc' dir='ltr'>Μαι-ραν.</span> <span class='ocrx_word' id='word_1_838' title='bbox 2944 5276 3018 5328; x_wconf 87' lang='lat' dir='ltr'><strong>ita</strong></span> <span class='ocrx_word' id='word_1_839' title='bbox 3064 5276 3327 5344; x_wconf 63' lang='lat' dir='ltr'><strong>eumdem</strong></span> <span class='ocrx_word' id='word_1_840' title='bbox 3376 5273 3655 5344; x_wconf 4' lang='lat' dir='ltr'><strong>gghristtttn</strong></span> 
     </span>
    </p>
   </div>
   <div class='ocr_carea' id='block_1_117' title="bbox 2084 5342 3655 5414">
    <p class='ocr_par' dir='ltr' id='par_1_117' title="bbox 2084 5342 3655 5414">
     <span class='ocr_line' id='line_1_120' title="bbox 2084 5342 3655 5414; baseline -0.006 -11"><span class='ocrx_word' id='word_1_841' title='bbox 2084 5350 2343 5403; x_wconf 84' lang='lat' dir='ltr'><strong>describit</strong></span> <span class='ocrx_word' id='word_1_842' title='bbox 2377 5365 2391 5401; x_wconf 90' lang='lat'>:</span> <span class='ocrx_word' id='word_1_843' title='bbox 2424 5342 2900 5410; x_wconf 79' lang='lat' dir='ltr'><strong>Quemadmodum,</strong></span> <span class='ocrx_word' id='word_1_844' title='bbox 2953 5347 3145 5414; x_wconf 90' lang='lat' dir='ltr'><strong>inqttit,</strong></span> <span class='ocrx_word' id='word_1_845' title='bbox 3185 5347 3237 5395; x_wconf 83' lang='lat' dir='ltr'><strong>in</strong></span> <span class='ocrx_word' id='word_1_846' title='bbox 3290 5342 3352 5397; x_wconf 91' lang='lat' dir='ltr'><strong>S.</strong></span> <span class='ocrx_word' id='word_1_847' title='bbox 3387 5342 3655 5395; x_wconf 83' lang='lat' dir='ltr'><strong>Trinitate</strong></span> 
     </span>
    </p>
   </div>
   <div class='ocr_carea' id='block_1_118' title="bbox 2078 5418 3651 5483">
    <p class='ocr_par' dir='ltr' id='par_1_118' title="bbox 2078 5418 3651 5483">
     <span class='ocr_line' id='line_1_121' title="bbox 2078 5418 3651 5483; baseline -0.006 -12"><span class='ocrx_word' id='word_1_848' title='bbox 2078 5435 2239 5471; x_wconf 84' lang='lat' dir='ltr'><strong>unam</strong></span> <span class='ocrx_word' id='word_1_849' title='bbox 2273 5422 2551 5471; x_wconf 80' lang='lat' dir='ltr'><strong>essentiam</strong></span> <span class='ocrx_word' id='word_1_850' title='bbox 2594 5420 2667 5469; x_wconf 84' lang='lat' dir='ltr'><strong>ita</strong></span> <span class='ocrx_word' id='word_1_851' title='bbox 2699 5418 3007 5483; x_wconf 84' lang='lat' dir='ltr'><strong>proﬁtemur</strong></span> <span class='ocrx_word' id='word_1_852' title='bbox 3029 5423 3085 5466; x_wconf 87' lang='lat' dir='ltr'><strong>ut</strong></span> <span class='ocrx_word' id='word_1_853' title='bbox 3115 5426 3217 5466; x_wconf 82' lang='lat' dir='ltr'><strong>tres</strong></span> <span class='ocrx_word' id='word_1_854' title='bbox 3272 5427 3521 5481; x_wconf 82' lang='lat' dir='ltr'><strong>personas</strong></span> <span class='ocrx_word' id='word_1_855' title='bbox 3549 5426 3651 5465; x_wconf 86' lang='lat' dir='ltr'><strong>non</strong></span> 
     </span>
    </p>
   </div>
   <div class='ocr_carea' id='block_1_119' title="bbox 2075 5485 3647 5554">
    <p class='ocr_par' dir='ltr' id='par_1_119' title="bbox 2075 5485 3647 5554">
     <span class='ocr_line' id='line_1_122' title="bbox 2075 5485 3647 5554; baseline -0.005 -16"><span class='ocrx_word' id='word_1_856' title='bbox 2075 5492 2527 5549; x_wconf 66' lang='lat' dir='ltr'><strong>commiserantia,</strong></span> <span class='ocrx_word' id='word_1_857' title='bbox 2546 5496 2593 5540; x_wconf 82' lang='lat' dir='ltr'><strong>et</strong></span> <span class='ocrx_word' id='word_1_858' title='bbox 2629 5488 3038 5554; x_wconf 77' lang='lat' dir='ltr'><strong>confundantus,</strong></span> <span class='ocrx_word' id='word_1_859' title='bbox 3060 5498 3105 5543; x_wconf 78' lang='lat' dir='ltr'><strong>et</strong></span> <span class='ocrx_word' id='word_1_860' title='bbox 3142 5485 3216 5535; x_wconf 87' lang='lat' dir='ltr'><strong>ita</strong></span> <span class='ocrx_word' id='word_1_861' title='bbox 3238 5497 3647 5554; x_wconf 15' lang='lat' dir='ltr'><strong>tresrpersona‘s,</strong></span> 
     </span>
    </p>
   </div>
   <div class='ocr_carea' id='block_1_120' title="bbox 2075 5550 3646 5610">
    <p class='ocr_par' dir='ltr' id='par_1_120' title="bbox 2075 5550 3646 5610">
     <span class='ocr_line' id='line_1_123' title="bbox 2075 5550 3646 5610; baseline -0.006 -2"><span class='ocrx_word' id='word_1_862' title='bbox 2075 5570 2132 5610; x_wconf 84' lang='lat' dir='ltr'><strong>ut</strong></span> <span class='ocrx_word' id='word_1_863' title='bbox 2167 5575 2326 5610; x_wconf 84' lang='lat' dir='ltr'><strong>unam</strong></span> <span class='ocrx_word' id='word_1_864' title='bbox 2360 5559 2641 5609; x_wconf 78' lang='lat' dir='ltr'><strong>essentiam</strong></span> <span class='ocrx_word' id='word_1_865' title='bbox 2695 5550 2796 5609; x_wconf 82' lang='lat' dir='ltr'><strong>non</strong></span> <span class='ocrx_word' id='word_1_866' title='bbox 2844 5557 3143 5607; x_wconf 83' lang='lat' dir='ltr'><strong>dividamus</strong></span> <span class='ocrx_word' id='word_1_867' title='bbox 3174 5570 3193 5605; x_wconf 89' lang='grc'><strong>.·</strong></span> <span class='ocrx_word' id='word_1_868' title='bbox 3226 5556 3302 5606; x_wconf 85' lang='lat' dir='ltr'><strong>sic</strong></span> <span class='ocrx_word' id='word_1_869' title='bbox 3346 5553 3403 5604; x_wconf 82' lang='lat' dir='ltr'><strong>in</strong></span> <span class='ocrx_word' id='word_1_870' title='bbox 3449 5567 3552 5603; x_wconf 84' lang='lat' dir='ltr'><strong>uno</strong></span> <span class='ocrx_word' id='word_1_871' title='bbox 3584 5550 3646 5602; x_wconf 75' lang='grc' dir='ltr'>δ.</span> 
     </span>
    </p>
   </div>
   <div class='ocr_carea' id='block_1_121' title="bbox 2078 5621 3649 5695">
    <p class='ocr_par' dir='ltr' id='par_1_121' title="bbox 2078 5621 3649 5695">
     <span class='ocr_line' id='line_1_124' title="bbox 2078 5621 3649 5695; baseline -0.006 -16"><span class='ocrx_word' id='word_1_872' title='bbox 2078 5627 2351 5680; x_wconf 78' lang='lat' dir='ltr'><strong>Trinitatis</strong></span> <span class='ocrx_word' id='word_1_873' title='bbox 2383 5644 2540 5678; x_wconf 85' lang='lat' dir='ltr'><strong>uuam</strong></span> <span class='ocrx_word' id='word_1_874' title='bbox 2558 5642 2857 5695; x_wconf 83' lang='lat' dir='ltr'><strong>personam,</strong></span> <span class='ocrx_word' id='word_1_875' title='bbox 2886 5642 2987 5678; x_wconf 86' lang='lat' dir='ltr'><strong>non</strong></span> <span class='ocrx_word' id='word_1_876' title='bbox 3018 5627 3072 5676; x_wconf 87' lang='lat' dir='ltr'><strong>in</strong></span> <span class='ocrx_word' id='word_1_877' title='bbox 3101 5626 3322 5676; x_wconf 84' lang='lat' dir='ltr'><strong>duarum</strong></span> <span class='ocrx_word' id='word_1_878' title='bbox 3345 5621 3461 5695; x_wconf 81' lang='lat' dir='ltr'><strong>ejus</strong></span> <span class='ocrx_word' id='word_1_879' title='bbox 3493 5628 3649 5672; x_wconf 83' lang='lat' dir='ltr'><strong>natu-</strong></span> 
     </span>
    </p>
   </div>
   <div class='ocr_carea' id='block_1_122' title="bbox 2074 5694 3648 5767">
    <p class='ocr_par' dir='ltr' id='par_1_122' title="bbox 2074 5694 3648 5767">
     <span class='ocr_line' id='line_1_125' title="bbox 2074 5694 3648 5767; baseline -0.004 -19"><span class='ocrx_word' id='word_1_880' title='bbox 2074 5714 2256 5750; x_wconf 88' lang='lat' dir='ltr'><strong>rarum</strong></span> <span class='ocrx_word' id='word_1_881' title='bbox 2281 5699 2587 5767; x_wconf 75' lang='lat' dir='ltr'><strong>confusione</strong></span> <span class='ocrx_word' id='word_1_882' title='bbox 2609 5694 2857 5760; x_wconf 84' lang='lat' dir='ltr'><strong>dicimus,</strong></span> <span class='ocrx_word' id='word_1_883' title='bbox 2881 5711 2970 5747; x_wconf 85' lang='lat' dir='ltr'><strong>nec</strong></span> <span class='ocrx_word' id='word_1_884' title='bbox 2993 5696 3128 5747; x_wconf 73' lang='lat' dir='ltr'><strong>duas</strong></span> <span class='ocrx_word' id='word_1_885' title='bbox 3162 5701 3378 5743; x_wconf 81' lang='lat' dir='ltr'><strong>naturus</strong></span> <span class='ocrx_word' id='word_1_886' title='bbox 3415 5694 3468 5745; x_wconf 79' lang='lat' dir='ltr'><strong>in</strong></span> <span class='ocrx_word' id='word_1_887' title='bbox 3494 5695 3648 5743; x_wconf 84' lang='lat' dir='ltr'><strong>unius</strong></span> 
     </span>
    </p>
   </div>
   <div class='ocr_carea' id='block_1_123' title="bbox 2068 5768 3328 5835">
    <p class='ocr_par' dir='ltr' id='par_1_123' title="bbox 2068 5768 3328 5835">
     <span class='ocr_line' id='line_1_126' title="bbox 2068 5768 3328 5835; baseline -0.006 -15"><span class='ocrx_word' id='word_1_888' title='bbox 2068 5782 2307 5835; x_wconf 78' lang='lat' dir='ltr'><strong>persona:</strong></span> <span class='ocrx_word' id='word_1_889' title='bbox 2341 5768 2613 5821; x_wconf 82' lang='lat' dir='ltr'><strong>divisione.</strong></span> <span class='ocrx_word' id='word_1_890' title='bbox 2652 5768 2719 5821; x_wconf 88' lang='lat' dir='ltr'><strong>Et</strong></span> <span class='ocrx_word' id='word_1_891' title='bbox 2756 5770 2943 5821; x_wconf 81' lang='lat' dir='ltr'><strong>eodem</strong></span> <span class='ocrx_word' id='word_1_892' title='bbox 2981 5770 3136 5818; x_wconf 83' lang='lat' dir='ltr'><strong>modo</strong></span> <span class='ocrx_word' id='word_1_893' title='bbox 3168 5777 3328 5830; x_wconf 66' lang='lat' dir='ltr'><strong>saepe.</strong></span> 
     </span>
    </p>
   </div>
  </div>
