4072 6412
308 282 412 343 297

1712 282 2050 346 HOMILIA
2087 285 2195 345 XI.

3489 283 3595 348 238

305 416 404 469 ρας
435 395 684 458 διανοίας
716 395 930 450 ἐκεῖνον
959 413 1102 451 ειναι
1129 395 1362 468 πλησίον
1390 395 1528 468 ᾤετο
1568 398 1655 449 τὸν
1679 398 1765 451 διὰ
1798 400 1905 452 τῶν

2016 415 2126 454 non
2168 413 2292 454 esse
2341 413 2464 452 cum
2519 406 2765 467 tempore
2816 395 3214 464 deliniendam,
3245 397 3337 451 sed
3385 397 3441 452 in
3473 411 3598 468 per-

303 488 487 542 αύτῶν
508 487 965 558 ἐπιτηδευμάτων
993 487 1146 558 αὐτῷ
1171 488 1560 558 πλησιάζοντα.
1589 487 1900 542 Κάντεῦθεν

305 581 640 654 βουλόμενος
678 581 874 634 ἑαυτὸν
932 579 1204 647 δικαιοῦν,
1258 602 1276 633 ι
1316 581 1413 646 Τίς
1446 580 1566 634 ἐστί
1605 599 1708 652 μου
1762 582 1902 652 πλη-

305 676 458 742 σίον;
497 694 516 724 ι
557 673 936 744 φιλοπευστεῖ,
995 675 1136 745 τάχα
1187 674 1572 744 κομπολογῶν,
1619 675 1716 737 Τίς
1759 674 1903 729 οὕτω

305 766 626 837 νομοφύλαξ
648 765 760 824 ἰδε,
792 766 890 818 καὶ
939 765 1049 820 τῶν
1087 765 1322 820 ἐντολῶν
1361 767 1606 836 τηρητὴς
1658 765 1734 829 ὡς
1769 765 1900 834 ἐγὼ,

307 857 394 911 ἶνα
419 857 654 927 πλησίον
693 873 795 927 μου
819 854 1085 926 γένηταις
1132 857 1189 911 ’0
1213 857 1268 909 δὲ
1313 856 1519 926 Κύριος
1548 857 1708 926 ἀφεὶς
1749 857 1904 925 ἐλέγ-

306 970 424 1021 χειν
445 952 612 1005 αὐτὸν
651 952 928 1022 φανερῶς,
963 951 1038 1016 ὡς
1070 951 1294 1019 ἀγνῶτα
1325 950 1420 1003 τοῦ
1462 951 1651 1020 νόμου,
1687 950 1903 1020 εὐφυῶς

305 1044 669 1114 ύτοπλήττει,
711 1047 804 1098 καὶ
839 1046 1200 1109 κατονειδίζει
1240 1045 1510 1112 πλαγίως,
1539 1045 1630 1098 καὶ
1658 1045 1902 1098 δείκνυσι

300 1138 390 1190 διὰ
424 1139 528 1208 τῆς
568 1138 916 1210 παραϐολῆς,
973 1138 1048 1202 ὡς
1081 1139 1289 1202 ἐκεῖνός
1318 1140 1434 1191 ἐστι
1464 1137 1696 1208 πλησίον
1745 1139 1772 1192 ὁ
1805 1137 1902 1192 τοῦ

304 1229 488 1291 ἐλέους
528 1229 810 1300 δεόμενος,
843 1232 1133 1301 μονονουχὶ
1186 1230 1362 1299 λέγων
1385 1248 1398 1264 ⁸
1448 1231 1520 1284 Σὺ
1556 1233 1655 1300 μὲν
1691 1231 1904 1301 ὑψηλὴν

305 1323 476 1391 ὀφρὺν
514 1323 776 1376 ἀνασπῶν
803 1324 888 1395 ἐφ’
919 1322 998 1388 οἷς
1029 1325 1210 1388 δ’)κεῖιῖ
1239 1325 1333 1377 τὸν
1363 1327 1529 1394 νόμον
1559 1327 1771 1396 “iis”,
1810 1325 1906 1396 5‘6'

306 1432 392 1467 νον
450 1417 563 1486 ἡγῇ
601 1416 832 1484 πλησίον
864 1418 954 1471 τὸν
1001 1419 1072 1471 δι’
1103 1417 1309 1489 ἀρετῆς
1352 1418 1526 1489 ἀγχοῦ
1559 1435 1642 1471 σοι.
1676 1419 1905 1487 γενόμε-

303 1524 427 1561 νον·
462 1508 576 1594 ἐγῲ
610 1511 668 1562 δὲ
712 1511 846 1574 Θεὸς
901 1512 977 1564 ὢν
1020 1512 1230 1584 ἀληθὴς
1274 1512 1431 1564 τόσον
1480 1511 1624 1566 οὕτω
1657 1528 1903 1582 μακρυν-

306 1599 471 1655 θέντα
519 1603 586 1656 δι’
621 1604 898 1675 ἁμαρτίας
952 1606 1042 1658 τὸν
1100 1605 1414 1676 ἄνθρωπον,
1472 1603 1665 1675 ἐπειδὴ
1718 1604 1904 1667 ἐλέους

305 1691 447 1746 εἶδον
479 1696 858 1766 ὲπιδεόμενον,
907 1699 1134 1768 πλησίον
1167 1699 1461 1768 ἐγενόμην,
1497 1697 1707 1750 καὶτὸν
1733 1715 1903 1768 τραυ-

2015 500 2234 559 petitum
2265 487 2666 543 extendendam
2722 488 2774 541 in
2834 481 2998 542 Deum
3053 499 3105 543 et
3137 488 3438 557 proximum
3469 489 3598 542 elia-

2015 581 2251 636 riiatem.
2315 579 2414 635 llic
2466 595 2595 634 vero
2659 589 2882 650 propter
2937 581 3137 634 mentis
3211 578 3592 633 liehetndinem

2013 671 2163 724 illum
2217 672 2440 741 ιιιιιςιιιιιι
2490 673 2830 740 proximum,
2864 670 2954 739 qui
2996 671 3296 724 studiorum
3339 670 3596 725 similitu-

2014 766 2140 820 dine
2204 765 2272 820 ad
2329 780 2389 820 se
2447 765 2670 835 propius
2710 765 3020 820 accederet.
3083 764 3240 820 Unde
3293 763 3481 818 volens
3542 779 3601 819 se

2005 856 2213 927 justum
2273 857 2493 922 facere,
2545 866 2980 926 percunctatur:
3041 875 3060 906 ι
3120 856 3256 922 Quis
3306 866 3389 912 est
3447 872 3602 912 meus

2012 949 2334 1020 proximus?
2360 969 2375 1000 ι
2404 947 2655 1004 fortassis
2691 950 2761 1002 ita
2798 949 2911 1020 66
2932 965 2990 1003 se
3041 949 3276 1020 gloriose
3323 949 3538 1018 jactans
3581 966 3598 1005 τ

2010 1041 2144 1108 Quis
2181 1043 2269 1097 hic
2305 1053 2411 1097 tam
2441 1042 2673 1112 diligens
2698 1042 2830 1113 legis
2858 1053 3043 1097 custos
3073 1083 3087 1105 ,
3120 1053 3174 1097 et
3201 1053 3597 1109 praeceptorum

2013 1139 2357 1200 observator,
2375 1151 2540 1206 quam
2569 1149 2690 1206 ego,
2717 1146 2772 1189 ut
2797 1149 2918 1189 esse
2943 1135 3072 1188 mihi
3097 1137 3373 1205 proximus
3396 1135 3602 1204 queat?

2012 1229 2278 1284 Dominus
2310 1239 2491 1282 autem
2531 1227 2960 1298 praetermittens
2996 1226 3214 1281 interim
3246 1241 3367 1280 eum
3413 1237 3602 1296 aperte

2017 1323 2308 1378 ostendere
2371 1321 2504 1391 legis
2540 1321 2833 1391 ignarum,
2889 1320 3216 1375 dexteritate
3261 1323 3492 1390 quadam
3546 1330 3603 1374 et

2011 1418 2238 1486 ambage
2318 1415 2608 1468 verborum
2661 1413 3017 1482 reprehendit
3069 1423 3126 1467 et
3173 1412 3496 1482 exprobrat;
3549 1423 3604 1466 et

2011 1523 2106 1578 per
2146 1506 2461 1576 parabolam
2499 1505 2702 1559 indicat
2729 1546 2744 1568 ,
2791 1519 2916 1558 eum
2963 1505 3270 1574 proximum
3317 1518 3474 1571 esse,
3509 1506 3602 1574 qui

2009 1613 2166 1672 egeat
2232 1599 2645 1664 misericordia;
2681 1599 2750 1653 ita
2806 1601 3194 1668 propemodum
3259 1598 3484 1653 dicens:
3521 1599 3600 1653 Tit

2011 1694 2232 1765 quidem
2269 1691 2436 1744 altum
2487 1692 2822 1746 contrahens
2875 1691 3264 1760 supercilium,
3315 1701 3604 1761 pr0pterea

307 1789 516 1856 ματίαν
562 1788 824 1844 διέσωσα.
872 1791 1014 1846 Ἀλλ’
1043 1786 1200 1854 οὗτος
1233 1793 1333 1860 μὲν
1364 1794 1392 1845 ὁ
1423 1793 1548 1855 νοῦς
1600 1792 1667 1845 δι’
1699 1786 1774 1844 ὧν
1805 1791 1905 1862 τὴν

2013 1789 2156 1856 quod
2195 1787 2366 1856 legem
2401 1784 2738 1838 servaretibi
2773 1785 3032 1847 videaris,
3060 1786 3234 1838 solum
3261 1799 3384 1838 eum
3418 1783 3603 1854 proxi-

306 1879 632 1950 παραϐο).ὴν
688 1880 1102 1934 συντεθεικέναι
1158 1880 1350 1934 δοκεῖ·
1381 1880 1524 1953 πλὴν
1572 1878 1670 1932 καὶ
1721 1879 1904 1932 αὐτῶν

302 1971 413 2023 τῶν
441 1972 712 2042 ῥημάτων
728 1973 1058 2043 ἀκούσωμεν
1087 1990 1102 2006 ·

2013 1894 2159 1933 nium
2192 1877 2500 1944 arbitraris,
2549 1876 2640 1943 qui
2691 1877 2758 1930 ad
2810 1889 2862 1931 te
2911 1878 3156 1944 proxime
3189 1892 3286 1946 per
3337 1876 3602 1931 virtutem

2013 1973 2244 2028 accedit.
2289 1972 2397 2027 Sed
2459 1972 2605 2026 enim
2657 1986 2758 2040 ego
2807 1970 2952 2026 Deus
3000 1987 3159 2026 verus
3214 1987 3336 2026 οιιιιι
3398 1987 3601 2036 essem,

303 2068 588 2122 hominem
627 2084 723 2140 per
751 2079 1034 2139 peccatum
1071 2085 1100 2123 a
1151 2085 1236 2125 me
1267 2079 1374 2124 tam
1421 2069 1581 2142 longe
1615 2081 1907 2136 remotum,
1951 2071 2043 2126 ubi
2109 2067 2499 2124 miserit-ordia:
2543 2067 2871 2140 indigentem
2939 2069 3072 2132 vidi,
3107 2068 3355 2139 proxime
3393 2071 3599 2124 accessi

305 2173 362 2215 et
392 2163 646 2217 saucium
686 2163 971 2235 sospitari.
1035 2165 1213 2234 Atque
1271 2164 1387 2220 haec
1417 2165 1633 2234 quidem
1660 2181 1812 2221 mens
1838 2165 2155 2236 composita:
2186 2163 2455 2234 parabolae
2489 2175 2612 2218 esse
2673 2160 2911 2218 videtur.
2973 2158 3358 2218 Verumtamen
3410 2173 3461 2218 et
3487 2163 3603 2232 ipsa

307 2262 477 2316 verba
514 2261 800 2316 audiamus
830 2281 846 2318 :

389 2379 408 2411 ι
455 2358 785 2430 Ἄνθρωπός
810 2377 895 2423 τις
939 2360 1265 2414 κατέϐαινεν
1290 2360 1401 2414 ἀπὸ
1441 2359 1802 2434 Ἰερουσαλὴμ
1826 2360 1906 2422 εἰς

316 2451 556 2524 Ἱεριχὼ,
593 2454 690 2507 καὶ
720 2453 949 2525 λῃσταῖς
983 2454 1340 2524 περιέπεσεν,
1373 2454 1424 2508 οἳ
1450 2456 1542 2507 καὶ
1574 2453 1906 2516 ἐκδύσαντες

302 2546 499 2608 αὑτὸν,
535 2546 632 2598 καὶ
661 2544 880 2614 πληγὰς
913 2545 1203 2610 ἐπιθέντες
1233 2546 1482 2616 ἀπῆλθον
1506 2546 1771 2608 ἐάσαντες
1801 2545 1900 2599 αύ-

303 2636 402 2688 τον
431 2636 680 2707 ἡμιθανῆ
707 2635 1073 2706 τυγχάνοντα.
1114 2654 1134 2688 ι
1172 2637 1366 2707 Ἀθρει
1413 2637 1530 2700 πῶς
1587 2637 1836 2705 ἐναργῶς
1876 2637 1904 2688 ὁ

300 2727 468 2794 λόγος
504 2726 956 2798 ύπεζωγράφησε
989 2729 1087 2795 τὴν
1126 2728 1360 2791 πτῶσιν,
1409 2729 1477 2796 ἢν
1528 2727 1596 2797 δὴ
1631 2725 1910 2779 πεπόνθα-

309 2837 410 2890 μεν
467 2819 581 2874 ἀπὸ
625 2820 728 2890 τῆς
778 2820 892 2874 ἄνω
935 2819 1298 2890 Ἰερουσαλὴμ
1353 2823 1432 2883 εἰς
1486 2819 1586 2890 τὴν
1621 2817 1914 2889 χθαμαλὴν

310 2914 405 2967 καὶ
438 2913 634 2983 κοίλην
657 2913 760 2982 γῆν
777 2911 1192 2982 ὀλισθήσαντες.
1230 2911 1445 2984 Ἱεριχὼ
1465 2913 1575 2983 γὰρ
1599 2911 1908 2982 χθαμαλὴ.

2096 2376 2114 2408 ι
2165 2356 2339 2411 llonio
2386 2355 2607 2424 quidam
2667 2353 3029 2409 descendebat
3078 2353 3144 2408 ab
3187 2353 3488 2409 Jerusalem
3551 2355 3602 2410 in

2011 2449 2235 2506 Jericho
2264 2488 2278 2513 ,
2311 2457 2365 2501 et
2403 2447 2594 2501 incidit
2630 2447 2682 2500 in
2747 2446 3022 2512 latrones;
3057 2448 3149 2514 qui
3195 2448 3358 2501 etiam
3407 2449 3602 2514 despo-

2014 2544 2286 2597 liaverunt
2314 2555 2437 2595 cum
2468 2546 2524 2594 et
2545 2539 2717 2607 plagis
2749 2538 3014 2608 impositis
3030 2539 3305 2604 abierunt,
3339 2541 3604 2594 semiviro

2016 2636 2229 2692 relicto.
2294 2653 2312 2686 ι
2378 2633 2514 2687 Vide
2562 2647 2725 2702 quam
2762 2631 2910 2686 clare
2970 2632 3059 2688 hic
3105 2647 3284 2688 sermo
3331 2634 3607 2687 describat

2015 2742 2206 2782 casum
2237 2724 2387 2779 illum
2415 2765 2431 2791 ,
2479 2725 2572 2794 qui
2625 2722 2782 2778 nobis
2833 2724 3085 2793 contigit,
3119 2739 3244 2778 cum
3289 2737 3320 2776 a
3366 2739 3603 2791 superna

2015 2817 2318 2874 Jerusalem
2354 2819 2408 2872 in
2449 2818 2612 2872 imam
2646 2824 2788 2872 hanc
2826 2827 3026 2872 terrain
3059 2818 3361 2887 vallemque
3398 2817 3606 2871 decidi-

2019 2926 2158 2965 mus.
2197 2908 2418 2964 Jericho
2471 2909 2617 2964 enim
2665 2909 2884 2963 Immitis
2934 2908 3069 2979 (88),
3101 2920 3155 2962 et
3203 2908 3482 2962 descensus
3516 2909 3604 2962 in-

309 3007 404 3060 καὶ
453 3005 794 3072 κατάϐασις
847 3006 1255 3078 ἑρμηνεύεταιο
1313 3007 1392 3069 είς
1422 3007 1490 3076 ἣν
1538 3005 1784 3069 καταϐὰς
1813 3005 1905 3058 τοῦ

2018 3010 2394 3074 terpretatur:
2430 3002 2481 3055 in
2517 3015 2679 3072 quain
2718 3016 2848 3055 sane
2891 3003 3144 3070 princeps
3177 3001 3392 3071 generis
3427 3001 3602 3056 nostri

308 3099 590 3168 ἡμετέρου
631 3098 823 3166 γένους
872 3102 900 3151 ὁ
957 3099 1226 3170 ἀρχηγὸς,
1259 3097 1353 3150 καὶ
1405 3097 1508 3168 τὴν
1569 3097 1767 3168 στολὴν
1803 3097 1904 3167 τῆς

307 3189 624 3262 ἀφθαρσίας
654 3190 742 3243 διὰ
780 3195 1069 3261 παρακοῆς
1090 3189 1360 3256 ἐκδυθεὶς,
1399 3191 1496 3243 καὶ
1522 3188 1724 3252 πολλὰς
1748 3187 1906 3252 δεξα-

309 3301 476 3352 μενος
537 3286 641 3346 τὰς
685 3284 751 3336 ἐκ
807 3283 1082 3353 δαιμόνων
1119 3283 1358 3353 πληγὰς,
1415 3281 1746 3350 στιγματίας
1786 3281 1906 3343 ὅλος

310 3376 554 3442 ἐγένετο.
597 3373 786 3428 Βούλει
823 3375 1019 3446 μαθεῖν
1050 3375 1148 3437 τὰς
1183 3374 1569 3443 ἐπενεχθείσας
1605 3375 1737 3443 ἡμῖν
1764 3373 1906 3443 πλη.

310 3473 413 3538 τὰς
453 3471 599 3540 μετὰ
627 3471 726 3540 τὴν
749 3469 1097 3538 παράϐασινς
1132 3469 1389 3538 ἐννόησον
1420 3466 1479 3520 τὸ
1499 3467 1777 3520 ούτιδανδν
1803 3467 1904 3538 τῆς

311 3565 556 3632 φύσεως,
663 3562 1138 3633 συγκεκλήρωται,
1180 3561 1304 3614 ὅθεν
1335 3578 1396 3612 τε
1421 3560 1666 3632 ἄρχεται,
1702 3563 1795 3612 καὶ
1824 3561 1904 3622 είς

306 3658 334 3708 δ
361 3673 414 3708 τι
448 3657 684 3725 φέρεται
715 3655 869 3715 τέλος
916 3668 930 3682 ·
965 3654 1026 3706 τὸ
1052 3655 1152 3724 τῆς
1184 3651 1330 3722 ζωῆς
1352 3652 1527 3721 βραχὺ
1555 3653 1647 3703 καὶ
1683 3650 1906 3720 ὠκύμο-

311 3766 426 3818 ρον,
484 3749 579 3800 τον
629 3745 1064 3815 συνεζευγμένον
1118 3748 1183 3814 τῇ
1247 3746 1412 3814 σαρκὶ
1464 3743 1659 3813 ῥύπον,
1693 3743 1754 3797 τὸ
1805 3743 1903 3813 τῆς

312 3842 534 3908 φύσεως
572 3841 853 3912 πενιχρὸν,
880 3841 980 3902 τὰς
1013 3839 1215 3900 λύπας,
1243 3837 1311 3890 τὰ
1348 3837 1519 3908 παθη,
1554 3839 1654 3901 τὰς
1696 3854 1907 3907 συμφο-

315 3953 437 4002 pag,
462 3940 565 3998 τὰς
596 3935 971 4007 πολυτρόπους
992 3935 1098 3988 τῶν
1123 3935 1452 4006 νοσημάτων
1479 3935 1644 3998 ἰδέας,
1677 3935 1774 3996 τὰς
1807 3951 1909 4003 μυ-

314 4033 436 4100 ρίας
481 4031 593 4084 τῶν
627 4031 972 4101 παθημάτων
1000 4029 1199 4098 κῆρας,
1228 4031 1328 4092 τὰς
1361 4029 1426 4081 ἐκ
1476 4027 1570 4081 τοῦ
1603 4025 1778 4097 θυμοῦ
1811 4029 1907 4079 καὶ

312 4127 413 4195 τῆς
445 4125 752 4193 ἐπιθυμίας
783 4123 1146 4194 πηγαζούσας
1190 4123 1415 4186 κακίας,
1446 4122 1546 4193 τὴν
1580 4121 1774 4192 ὀργὴν,
1810 4120 1907 4173 τὸν

313 4222 536 4288 φθόνον,
570 4219 632 4271 τὸ
690 4220 869 4288 μῖσος,
902 4218 966 4270 τὸ
1003 4215 1128 4269 καθ’
1159 4215 1548 4285 ὑπερηφανίαν
1590 4212 1783 4275 πάθος,
1813 4212 1907 4264 τὸν

311 4312 624 4365 ἀκόλαστον
658 4308 944 4378 λογισμὸν,
972 4307 1072 4378 τὴν
1097 4306 1199 4373 τῆς
1229 4303 1550 4368 πλεονεξίας
1585 4301 1902 4373 τυραννίδα.

321 4407 416 4458 Ἐν
464 4405 686 4466 τούτοις
736 4405 852 4466 τοῖς
888 4399 1173 4473 τραύμασι
1219 4396 1461 4467 γεγονὼς
1491 4399 1518 4450 ὁ
1544 4396 1779 4458 δείλαιος
1808 4395 1906 4447 ἅν-

310 4495 560 4568 θρωπος,
585 4495 860 4566 ἡμιθανὴς
896 4494 1340 4547 καταλέλειπται.
1371 4493 1517 4546 Πάνυ
1549 4489 1606 4544 δὲ
1631 4489 1909 4560 προσφυὲς

307 4593 374 4644 τὸ
426 4590 587 4660 ῥῆμα
639 4587 717 4657 τῷ
749 4587 1074 4657 πράγματι·
1138 4585 1326 4655 ἐπειδὴ
1384 4584 1492 4654 γὰρ
1525 4585 1586 4636 τὸ
1641 4582 1742 4652 μὲν
1770 4582 1909 4651 βαρῦ

2011 3095 2375 3158 descendens,
2417 3093 2844 3148 immortalitatis
2878 3093 3011 3147 stola
3050 3108 3148 3162 per
3175 3093 3599 3149 inobedientiam

2010 3199 2252 3252 exutus,
2289 3198 2344 3242 et
2409 3188 2596 3242 multis
2647 3204 2674 3239 a
2731 3187 3068 3240 dmmonibus
3124 3185 3295 3256 plagis
3338 3189 3598 3256 acceptis,

2010 3282 2354 3354 stigmaticus
2400 3290 2543 3335 totus
2587 3290 2672 3337 est
2708 3279 2906 3333 factus.
2945 3278 3037 3333 Vis
3073 3281 3211 3334 scire
3247 3280 3432 3350 plagas
3483 3294 3605 3349 post

2011 3374 2496 3446 transgressionem
2524 3375 2678 3428 nobis
2701 3370 2962 3428 inmotas?
2987 3371 3192 3441 chuta
3217 3388 3376 3441 quam
3405 3373 3604 3428 nul'ins

2012 3469 2168 3537 pretii
2202 3479 2397 3522 natura
2430 3467 2524 3533 sit,
2562 3465 2718 3532 cujus
2749 3481 2980 3521 consors
3023 3469 3355 3522 hereditatis
3398 3469 3466 3521 sit
3516 3467 3602 3520 fa-

2011 3571 2132 3614 ctus
2166 3562 2327 3614 homo
2358 3569 2413 3613 et
2441 3562 2580 3613 unde
2625 3559 2840 3612 initium
2892 3559 3118 3620 habeat,
3154 3570 3209 3614 et
3237 3576 3396 3630 quem
3445 3561 3510 3612 ad
3542 3560 3605 3613 li-

2013 3669 2135 3708 nem
2175 3653 2411 3707 evadat:
2445 3651 2771 3706 brevitatem
2829 3653 2990 3715 vitze,
3048 3655 3348 3723 mortisque
3398 3654 3602 3708 adven-

2014 3746 2179 3801 tantis
2234 3745 2614 3809 celeritatem;
2679 3744 3026 3823 adlliiercntes
3080 3725 3295 3814 corpori
3372 3748 3601 3811 sordes;

2013 3846 2221 3893 natura:
2273 3847 2675 3908 paupertatem,
2710 3852 2996 3901 interorcs,
3032 3838 3337 3907 passiones,
3377 3839 3602 3891 calami-

2014 3943 2196 3996 tates,
2257 3929 2576 4000 multiplicia
2643 3932 2957 3984 morborum
3011 3945 3252 3999 gencra,
3317 3941 3603 3986 sexcentos

2011 4038 2383 4079 aerumnarum
2425 4037 2621 4090 casus;
2655 4021 2796 4076 mala
2833 4038 2953 4091 qua:
2998 4037 3060 4076 ex
3095 4023 3512 4092 COIICUpiSCiblii
3547 4035 3604 4076 et

2018 4117 2306 4181 irascibili,
2339 4116 2488 4171 velut
2518 4131 2586 4170 cx
2631 4115 2780 4170 fonte
2833 4117 3104 4182 derivant,
3138 4117 3294 4183 iram,
3321 4117 3599 4182 invidiam,

2012 4209 2236 4276 odium,
2292 4208 2528 4278 propria:
2571 4208 2908 4262 excellentiae
2941 4206 3215 4275 allectum,
3247 4209 3605 4277 cogitationes

2014 4300 2248 4357 eiirenes
2297 4309 2352 4354 et
2398 4298 2750 4369 petulantes,
2801 4298 3143 4370 tyrannidem
3195 4301 3456 4355 avaritiae.
3510 4301 3605 4355 llis

2013 4393 2270 4449 omnibus
2297 4392 2616 4446 vulneribus
2667 4389 2895 4446 affectus
2943 4392 3270 4447 miserabilis
3318 4395 3478 4448 homo
3516 4410 3606 4448 re-

2016 4489 2176 4543 lictus
2219 4497 2305 4542 est
2359 4483 2982 4559 εειιιίιῐιοιηιιιιεηναιιιο
3026 4496 3206 4541 autem
3239 4491 3490 4557 congruit
3523 4487 3604 4541 fa-

2016 4590 2104 4634 cto
2139 4578 2403 4645 verbum;
2439 4576 2698 4647 quoniam
2737 4577 2880 4631 enim
2916 4593 3132 4649 gravem
3191 4580 3331 4634 hanc
3361 4587 3415 4634 et
3445 4583 3604 4635 deor-

1567 4704 1893 4767 Francisci
1927 4703 2132 4767 Scorsi
2164 4708 2358 4765 nolte.

312 4841 596 4914 praeterito
643 4849 884 4914 tempore
929 4835 1222 4914 προΐαψεν,
1285 4844 1344 4887 ιιι
1379 4834 1620 4914 signaret
1672 4833 1908 4914 celerem

311 4904 626 4967 animorum
657 4904 886 4973 abitum,
922 4904 985 4960 et'
1015 4904 1308 4961 adventum
1340 4909 1406 4958 ad
1432 4904 1663 4969 inferos;
1693 4920 1816 4959 cuin
1845 4907 1911 4956 de

321 4982 550 5036 laniatis
578 4992 635 5035 et
661 4984 918 5034 comeStis
942 4995 970 5031 a
997 4975 1532 5046 canibusjaceiitiuni
1557 4975 1909 5044 corporibus.

316 5055 606 5124 praeterito
656 5051 976 5118 imperfecto
1009 5048 1223 5124 ’τεῦχεν
1270 5056 1328 5124 ιιι
1387 5049 1625 5124 signaret
1679 5047 1806 5098 i'acti
1859 5045 1911 5097 in

316 5118 546 5194 longum
580 5133 791 5189 tempus
809 5121 1182 5194 extensionein
1202 5133 1216 5182 ;
1237 5118 1554 5194 adverbium
1583 5118 1916 5194 ἱιοιιιπαρα-

315 5187 571 5256 τατῖκῶς
599 5195 663 5247 de
695 5187 957 5260 temporis
987 5191 1183 5259 spatio,
1234 5198 1286 5240 et
1325 5190 1656 5260 extensione
1688 5187 1908 5260 dicitur,

315 5275 467 5335 quod
503 5261 790 5335 llesyclins
809 5257 1039 5335 exponit
1062 5257 1448 5335 ἐκτεταμένως
1481 5267 1726 5335 extense.
1759 5257 1910 5335 lianc

315 5329 886 5406 igituriextensivam
941 5331 1395 5406 isignilicationeni
1464 5344 1567 5406 non
1627 5329 1799 5406 solum
1852 5330 1905 5406 iii

316 5398 663 5476 imperfecto,
720 5405 816 5458 sed
879 5398 1044 5457 etiam
1098 5403 1165 5476 in
1223 5399 1522 5476 imperandi
1576 5398 1736 5476 modo
1795 5400 1907 5476 vult

315 5468 496 5532 ine-ssc
522 5476 928 5542 Theophanes;
959 5474 1187 5540 eamque
1226 5472 1312 5537 pie
1364 5480 1418 5542 et
1454 5477 1642 5542 argute
1669 5468 1907 5542 advertit

314 5553 371 5602 in
406 5549 589 5602 verbis
618 5539 850 5610 Ciinsti,
885 5546 975 5612 qui
1003 5539 1323 5612 jurisperito
1375 5539 1689 5612 imperative
1719 5539 1856 5590 dixit
1887 5555 1900 5591 ε

316 5618 430 5673 Fac
482 5621 602 5681 hoc,
663 5630 709 5670 et
762 5608 949 5669 circa:
982 5608 1206 5682 periiide
1259 5611 1413 5677 quasi
1469 5608 1764 5661 admonere
1813 5623 1907 5672 per

312 5704 658 5746 extensivam
687 5688 1150 5756 signiﬁcationem
1188 5683 1366 5756 vellet
1410 5690 1738 5756 praeceptum
1773 5682 1906 5756 elia-

313 5765 495 5819 ritatis
522 5776 648 5818 esse
674 5750 942 5830 perpetuo
970 5753 1322 5814 servandum,
1359 5765 1554 5804 etcum
1587 5751 1748 5803 totius
1785 5750 1908 5804 vita:

643 5859 904 5918 Ριιτιισι.
961 5856 1075 5913 (3n.
1114 5849 1416 5909 CXXXII.

2017 4841 2258 4902 tempore
2285 4827 2934 4902 cxtendendum,uipote
2970 4830 3110 4896 quod
3147 4846 3424 4899 nunquam
3489 4840 3597 4886 tam

2013 4901 2252 4972 perfecte
2279 4902 2414 4954 ellici
2454 4901 2504 4972 in
2560 4901 2800 4972 liacrvita
2835 4913 3034 4970 posset,
3061 4905 3210 4972 quin
3271 4902 3341 4953 sit
3373 4903 3600 4956 ulterius

2015 4970 2433 5035 perliciendum,
2454 4970 2612 5038 juxta
2669 4971 2725 5040 id
2752 4973 2892 5037 quod
2924 4971 3144 5023 humilia
3181 4975 3452 5040 proxima,
3483 4985 3595 5028 nni.

2018 5043 2110 5107 79,
2141 5045 2455 5096 adnotatum
2491 5051 2594 5103 est,
2643 5039 2730 5092 tibi
2763 5044 2924 5093 simili
2981 5039 3194 5095 ratione
3228 5045 3363 5095 dixit
3408 5055 3601 5099 auctor

2017 5115 2275 5166 virtutem
2307 5112 2507 5164 nullum
2535 5111 2736 5163 habere
2767 5114 2983 5162 modum
3015 5128 3077 5164 ac
3108 5114 3422 5167 terminum.

2091 5185 2206 5254 (88)
2247 5183 2463 5254 εισι-ἐσίω
2495 5185 2634 5254 enim
2667 5182 2909 5235 humilis.
2947 5183 3170 5236 Videtur
3192 5185 3396 5237 Auctor
3433 5187 3601 5254 Origi-

2020 5271 2141 5309 neni
2169 5253 2390 5306 .lcricho
2424 5253 2643 5305 trahere
2699 5267 2728 5304 a
2776 5256 2956 5305 radice
2993 5260 3088 5310 την
3116 5269 3238 5320 qua;
3272 5253 3604 5309 descendere

2017 5325 2314 5403 δίΒνηίίβιξῖιι-
2380 5324 2523 5403 ιιιιξξθ
2557 5329 2730 5403 ,ἾἭῺ
2756 5322 3090 5403 descensus,_
3129 5328 3279 5378 locus
3330 5326 3552 5378 declivis
3585 5343 3600 5403 ς

2017 5393 2112 5450 sed
2141 5396 2327 5446 ultima
2368 5393 2620 5471 radiculis
2667 5409 2718 5444 in
2771 5408 2901 5476 voce
2929 5393 3148 5446 Joriciiu
3177 5412 3280 5476 rion
3311 5406 3392 5447 est
3434 5403 3475 5476 Ἰ
3506 5399 3599 5474 sed

2017 5473 2059 5521 Π
2088 5475 2252 5533 atque
2287 5468 2424 5516 adeo
2481 5462 2662 5515 \cl'itls
2693 5478 2810 5513 eam
2863 5464 3067 5526 lunam,
3116 5465 3194 5516 vel
3227 5462 3473 5533 menseni'
3523 5467 3605 5516 in-

2020 5532 2359 5602 terpreteris,
2419 5541 2510 5601 qui
2567 5533 2807 5587 llebricis
2872 5535 3069 5587 diciuir
3115 5541 3218 5593 ΠἿῚ
3287 5537 3379 5586 sed
3432 5532 3600 5586 Cera-

2022 5601 2174 5659 ineiis
2202 5606 2318 5658 i'iidi
2351 5605 2590 5657 MiiierVa
2622 5605 2707 5656 his
2732 5601 3275 5672 interpretationibus
3310 5602 3602 5669 aliquando

2020 5677 2233 5739 utitur,
2292 5687 2452 5746 prout
2503 5677 2569 5728 ad
2639 5691 2860 5729 sensum
2924 5675 3210 5742 mysticum
3274 5674 3598 5728 eliciendum

2020 5747 2244 5802 faciunt.

3209 5835 3278 5897 10
