4072 6420
469 341 578 404 299

1616 312 2111 378 THEOPHANIS
2152 309 2345 372 CERA
2356 309 2495 369 MEI

3637 297 3747 363 300

462 464 591 519 Mm
621 453 936 518 vergentem
962 448 1261 499 sarctnam,
1293 443 1550 488 carneum
1572 441 1790 498 utquam
1812 438 2052 488 saccum,

2172 410 2319 474 τοῦτο
2347 417 2444 473 καὶ
2477 415 2664 488 βρῖθον
2694 412 2948 483 ἐφόλκιον
2977 410 3070 466 τον
3103 410 3361 482 σάρκινον
3393 406 3651 475 θύλακον,
3682 406 3747 463 ὃν

468 558 632 617 quem
670 540 750 595 uti
787 536 1067 609 pelliceam
1101 527 1342 585 tunicam
1374 522 1490 597 (89)
1543 530 1666 592 post
1704 519 1915 590 lapsum
1967 518 2053 573 in-

466 611 706 700 duimus,
750 634 914 691 hunc,
946 627 1191 695 inquam,
1226 632 1422 675 rursus
1457 632 1555 688 per
1578 622 1804 670 mortem
1835 611 2057 682 deponi-

465 741 588 782 mus
606 739 623 790 ;
640 721 747 794 67
775 730 831 774 et
857 718 945 771 ille
958 713 1175 785 quidem
1208 706 1576 779 corrumpitur
1594 717 1922 774 unoquoque
1945 702 2059 757 ele-

468 829 656 876 mento
698 809 935 871 naturali
970 806 1207 878 quadam
1245 804 1296 858 vi
1330 802 1385 858 in
1416 810 1617 857 statum
1666 797 1945 869 proprium
1973 809 2057 849 re-

462 912 718 974 labente;
774 904 994 960 animus
1040 912 1173 954 vero
1212 901 1466 952 remanet
1519 888 1869 957 immortalis,
1901 887 2059 959 (quo-

466 1001 631 1059 modo
660 999 804 1054 enim
834 991 1165 1052 dissolvatur
1181 986 1413 1059 simplex
1434 985 1577 1057 quod
1599 992 1704 1050 est,
1726 993 1781 1040 et
1806 982 1976 1054 partis
2003 989 2057 1037 et

460 1086 883 1161 compositionis
934 1076 1212 1152 expers?)
1242 1075 1406 1133 veluti
1467 1089 1536 1130 ex
1609 1071 1834 1128 dimidia
1901 1079 2058 1141 parte

458 1190 720 1240 .mortuus
751 1179 915 1234 homo
944 1171 1240 1230 semivivus
1269 1168 1469 1224 dicitur
1492 1181 1613 1223 esse
1641 1164 1957 1221 derelictus.

549 1294 567 1327 ι
601 1270 814 1329 Accidit
843 1275 1046 1332 autem,
1079 1273 1137 1319 tit
1169 1260 1426 1318 sacerdos
1453 1259 1667 1330 quidam
1708 1258 2061 1313 descenderet

467 1368 660 1424 eadem
717 1364 843 1429 via;
891 1371 945 1416 et
988 1358 1106 1414 viso
1154 1355 1274 1420 illo,
1327 1351 1589 1424 praateriit
1638 1368 1653 1404 :
1708 1349 1962 1406 similiter
2006 1358 2064 1402 et

472 1459 662 1517 Levita
691 1471 814 1512 cum
831 1462 976 1510 esset
1005 1464 1168 1508 secus
1200 1447 1404 1514 let-um,
1437 1455 1491 1501 et
1519 1444 1725 1500 videret
1752 1458 1902 1509 eum,
1938 1454 2060 1511 per-

2157 514 2233 577 ὡς
2256 513 2581 584 δερμάτινον
2601 508 2807 581 χιτῶνα
2830 504 2969 577 μετά
2984 505 3084 576 τὴν
3112 503 3320 558 πτῶσιν
3346 499 3743 572 ἐνεδυσὰμεθα,

2156 607 2346 662 τοῦτον
2376 604 2540 658 πάλιν
2589 602 2678 657 διά
2703 601 2936 656 Θανάτου
2978 597 3381 667 ἀποτιθέμεθα,
3419 595 3516 650 καὶ
3544 594 3609 648 τὸ
3646 593 3751 665 μὲν

2158 700 2469 771 φθείρεται,
2497 696 2633 768 ὁλκῇ
2668 712 2777 748 τινι
2808 695 3015 764 φυσικῇ
3065 692 3301 747 ἑκάστου
3338 687 3608 758 στοιχείου
3641 703 3751 740 παι

2158 788 2580 862 λινδρομοῦντος
2602 787 2683 851 εἰς
2707 784 2768 840 τδ
2793 784 2948 849 ἴδιον,
2989 785 3022 855 ἡ
3052 782 3109 835 δὲ
3144 781 3293 854 ψυχὴ
3325 780 3577 851 τηρεῖται
3610 776 3750 831 ἀθά-

2158 900 2343 948 νατος,
2380 880 2539 953 (πῶς
2565 879 2677 952 γὰρ
2710 879 2777 934 ἂν
2836 876 2934 931 καὶ
2965 874 3248 944 διαλυθείη
3296 873 3359 927 τὸ
3388 870 3622 933 ἀπλοῦν,
3653 868 3752 924 καὶ

2158 974 2392 1046 ἀμερὲς,
2418 974 2515 1026 καὶ
2541 971 2836 1026 ἀσύνθετον
2856 973 2895 1043 ;)
2923 975 2999 1034 ὡς
3020 970 3077 1037 ἐξ
3104 968 3363 1040 ἡμισείας
3383 963 3750 1036 ἀποθνήσκων

2158 1072 2187 1124 6
2214 1067 2514 1137 ἄνθρωπος
2543 1065 2790 1139 ἡμιθανῆ
2811 1062 3244 1133 καταλελεῖφθαι
3281 1060 3534 1130 λέγεται.

2238 1273 2257 1308 ι
2297 1251 2460 1309 Κατὰ
2512 1249 2823 1320 συγκυρίαν
2868 1248 3053 1318 ίερεύς
3099 1264 3188 1311 τις
3236 1244 3565 1299 κατέϐαινεν
3591 1246 3651 1298 ὲν
3678 1246 3751 1316 τῇ

2160 1344 2266 1416 ὁδῷ
2300 1345 2515 1416 ἐκείνῃ.
2567 1344 2661 1400 καὶ
2698 1340 2825 1396 ἰδὼν
2852 1341 3017 1395 αὐτὸν
3048 1337 3462 1411 ἀντιπαρῆλθεν
3495 1353 3512 1369 ⁸
3544 1336 3754 1409 ὁμοίως

2162 1441 2262 1494 κοιλ⁵
2301 1439 2539 1511 Acuta};
2583 1436 2879 1507 γενόμενος
2926 1435 3071 1489 κατᾶ
3115 1434 3209 1488 τὸν
3237 1433 3427 1497 τόπον,
3475 1435 3571 1487 καὶ
3625 1429 3755 1485 ἰδὼν

474 1552 714 1610 transiit.
744 1567 765 1602 ι
797 1548 967 1618 igitur
994 1544 1088 1618 qui
1123 1544 1177 1600 in
1209 1542 1451 1598 latrones
1486 1539 1748 1595 inciderat
1782 1548 1888 1592 tam
1921 1537 2063 1592 male

2172 1534 2351 1597 αὐτὸν,
2382 1530 2818 1601 ἀντιπαρῆλθεν.
2862 1549 2884 1582 ν
2922 1528 2982 1583 '0
3015 1528 3116 1601 μὲν
3141 1527 3235 1582 οὖν
3265 1531 3380 1592 τοῖς
3410 1526 3757 1590 λωποδύταις

472 1646 693 1704 habitus
722 1652 777 1700 et
808 1640 1124 1696 vulneratus
1147 1636 1368 1707 iacebat
1397 1634 1449 1688 in
1482 1633 1592 1700 via,
1618 1646 1714 1701 per
1743 1646 1904 1701 quam
1936 1644 2062 1684 casu

2172 1624 2512 1696 περιπεσὼν,
2538 1622 2684 1678 οὕτω
2712 1622 2983 1686 διατεθεὶς
3016 1621 3196 1676 ἔκειτο
3217 1623 3569 1693 τραυματίας
3596 1623 3656 1676 ὲν
3684 1624 3756 1694 τῇ

471 1739 679 1795 factum
728 1749 850 1793 esse
898 1734 975 1788 ait
1023 1739 1082 1784 ut
1124 1729 1385 1787 sacerdos
1436 1727 1695 1780 transiret
1748 1723 1866 1794 qui,
1917 1722 2060 1777 nulla

2172 1718 2293 1788 ὀδῷ,
2357 1716 2479 1772 καθ’
2516 1714 2586 1789 ἢν
2622 1715 2850 1787 συνέϐη,
2892 1715 3079 1787 φησὶν,
3127 1714 3279 1784 ίερέα
3322 1713 3659 1785 διέρχεσθαι,
3695 1714 3760 1778 ὃς

473 1830 711 1889 hominis
737 1827 885 1884 illius
924 1823 1106 1879 miseri
1150 1819 1334 1877 habita
1377 1816 1607 1882 ratione,
1641 1827 2064 1887 praetergressus

2172 1782 2488 1881 ἀκηδέστως
2517 1782 2611 1861 τὸν
2637 1782 3028 1877 κεκακωμένον
3061 1782 3760 1878 παραδραμὼν-ἀντιπαρ-

471 1935 577 1982 est.
617 1924 721 1978 Sed
770 1921 957 1976 Levita
989 1931 1113 1973 cum
1147 1915 1335 1970 eodem
1387 1911 1649 1976 venisset,
1673 1909 1856 1964 itidem
1890 1918 1947 1961 nt
1975 1922 2064 1961 8a-

474 2021 670 2078 cerdos
703 2014 848 2071 nulla
897 2012 1036 2083 ejus,
1091 2007 1182 2078 qui
1220 2015 1329 2061 tam
1371 2005 1512 2058 male
1562 2010 1817 2072 acceptus
1865 1998 2058 2062 fuerat,

477 2110 850 2168 misericordia
905 2115 1081 2159 tactus
1126 2110 1230 2157 cst.
1280 2094 1567 2167 lntelligis,
1616 2104 1676 2148 ut
1726 2093 1936 2162 opinor,
1969 2105 2065 2161 per

478 2207 620 2259 viam
654 2200 947 2272 signiﬁcari
983 2198 1123 2251 hanc
1159 2194 1325 2248 vitam
1361 2191 1413 2245 in
1452 2186 1682 2243 transitu
1719 2194 2062 2248 versantem;

480 2314 576 2364 per
604 2297 937 2350 sacerdotem
975 2305 1106 2342 vero
1137 2288 1330 2356 legem,
1363 2296 1483 2352 qua:
1512 2279 1872 2336 sacerdotium
1904 2290 2065 2334 orna-

479 2392 593 2455 vit;
627 2403 721 2459 per
756 2384 1002 2440 Levitam
1037 2376 1163 2433 ινιτινὸ
1194 2376 1579 2447 prophetarum
1604 2380 1828 2436 emtum,
1865 2369 1956 2439 qui
1981 2366 2066 2422 vel

474 2496 688 2550 parum,
723 2476 808 2532 vel
840 2473 972 2530 nihil
1002 2479 1209 2526 natnrze
1239 2468 1490 2523 humanae
1512 2462 1758 2536 opitulati
1791 2461 2062 2518 abierunt.

475 2571 770 2629 Considera
806 2581 966 2635 porro
1006 2562 1360 2618 subtilitatem
1401 2556 1714 2611 verborum.
1755 2550 1873 2608 Non
1922 2552 2066 2606 enim

477 2664 634 2728 dixit,
664 2661 797 2717 Viso
844 2671 909 2711 eo
952 2651 1203 2726 παρῆλθε
1241 2649 1378 2723 (90),
1403 2649 1508 2704 hoc
1547 2657 1631 2702 est
1663 2644 1940 2714 prwteriil,
1976 2646 2068 2699 sed

480 2750 881 2825 ἁντιπαρῆλθε,
940 2749 1043 2802 hoc
1093 2755 1178 2798 est
1227 2750 1410 2797 contra
1466 2737 1744 2807 pra’tm't’t.
1784 2734 1923 2802 Quid
1969 2737 2071 2790 hoc

480 2844 777 2915 signilieari
812 2840 1022 2897 voluit?
1049 2834 1500 2905 Quandoquidem
1533 2832 1705 2902 legem
1736 2831 1899 2884 homo
1929 2843 2069 2897 pra:-

480 2937 648 3002 tcriit,
696 2949 801 2989 non
854 2932 1061 3000 integre
1110 2925 1260 2980 illam
1293 2936 1541 2984 servans,
1570 2919 1655 2974 lex
1701 2918 1848 2972 illum
1881 2928 2069 2972 contra

479 3028 763 3102 praeteriit,
788 3040 851 3081 ac
881 3025 1000 3078 sine
1029 3017 1232 3075 auxilio
1254 3014 1559 3084 dereliquit,
1589 3011 1769 3068 ethoc
1797 3019 1898 3077 est,
1926 3010 2071 3080 quod

2164 1900 2319 1970 ἦλθε.
2391 1898 2558 1954 Ἀλλὰ
2600 1900 2696 1953 καὶ
2723 1899 2961 1966 Λευττης
2999 1898 3058 1950 ὲν
3104 1897 3185 1969 τῷ
3237 1897 3413 1967 τόπῳ,
3458 1895 3760 1965 γενόμενος

2164 1994 2264 2065 τὴν
2308 1992 2433 2063 ἴσην
2485 1990 2825 2061 ἀναλγησίαν
2864 1990 2943 2062 τῷ
2980 1992 3120 2062 ίερεῖ
3172 1991 3305 2062 περὶ
3347 1990 3440 2043 τὸν
3497 1990 3762 2059 πονήρως

2166 2085 2359 2155 ἔχοντα
2417 2083 2745 2148 ἐνεδείξατο.
2802 2081 2964 2146 Νοεῖς
3024 2082 3102 2147 δὲ,
3145 2078 3321 2152 οἶμαι,
3379 2080 3467 2134 διὰ
3502 2080 3603 2151 μὲν
3656 2079 3763 2149 τῆς

2165 2174 2289 2228 ὁδοῦ
2319 2174 2422 2244 τὴν
2454 2172 2759 2244 παροδικὴν
2792 2173 3000 2243 ταύτην
3032 2172 3181 2244 ζωήν
3204 2188 3218 2204 °
3239 2173 3326 2227 διὰ
3352 2172 3407 2225 δὲ
3440 2172 3537 2224 τοῦ
3563 2171 3764 2240 ίερέως

2165 2269 2259 2324 τὸν
2291 2268 2458 2339 νόμον
2487 2308 2502 2334 ,
2533 2268 2629 2322 τὸν
2658 2267 2759 2339 τὴν
2791 2267 3084 2339 ίεροσύνην
3122 2268 3484 2337 κοσμήσαντα
3512 2281 3525 2296 ⁸
3555 2266 3645 2319 διὰ
3693 2266 3761 2318 δὲ

2167 2362 2264 2417 τοῦ
2290 2362 2520 2417 Λευΐτου
2551 2360 2664 2415 τῶν
2709 2366 3011 2433 προφητῶν
3031 2362 3132 2430 τὴν
3152 2362 3449 2431 ὁμήγυριν,
3472 2358 3521 2413 οἳ
3557 2358 3764 2427 μικρὰ,

2166 2455 2202 2526 ἢ
2233 2454 2393 2509 οὐδὲν
2420 2454 2523 2525 τὴν
2552 2453 2718 2523 φύσιν
2738 2453 2850 2506 τῶν
2874 2452 3185 2525 ἀνθρώπων
3202 2454 3501 2525 ὀνήσαντες
3528 2451 3765 2523 ᾤχοντο.

2172 2548 2378 2603 Σκόπει
2413 2547 2470 2601 δὲ
2510 2549 2606 2601 καὶ
2634 2547 2730 2600 τοῦ
2763 2546 3014 2618 ῥήματος
3039 2546 3141 2618 τὴν
3178 2545 3470 2619 ἀκρίϐειαν
3502 2561 3519 2576 ·
3552 2545 3613 2598 οὐ
3649 2548 3772 2616 γὰρ

2170 2635 2329 2696 εἶπεν
2352 2658 2370 2676 ο
2394 2641 2563 2695 Εἰδὼν
2586 2641 2748 2694 αὑτὸν
2767 2639 3068 2711 παρῆλθεν,
3091 2639 3235 2708 ἀλλ’,
3256 2656 3274 2690 ι
3298 2636 3725 2709 ’Λντιπαρῆλθε.
3742 2656 3765 2688 ι

2172 2736 2240 2790 Τί
2277 2735 2367 2788 διὰ
2400 2735 2561 2789 τοῦτο
2590 2734 2806 2806 δηλῶν;
2843 2734 2942 2797 Ὠς
2975 2733 3166 2804 ἐπειδὴ
3200 2732 3449 2805 παρῆλθε
3476 2731 3567 2785 τὸν
3594 2732 3772 2800 νόμον

2172 2830 2201 2882 6
2229 2828 2525 2900 ἄνθρωπος
2560 2829 2635 2900 μὴ
2673 2829 2924 2900 τηρήσας
2960 2826 3125 2880 αὐτὸν
3165 2826 3371 2894 ὑγιῶς,
3427 2824 3775 2894 ἀντιπαρῆλο

2174 2919 2267 2972 θεν
2298 2921 2326 2973 6
2358 2921 2524 2988 νόμος
2547 2918 2736 2986 αὑτὸν,
2770 2918 3091 2972 καταλιπὼν
3123 2916 3581 2988 ἀϐοήθητον.Καὶ
3598 2913 3695 2967 τοῦ
3708 2915 3772 2968 τό

2174 3012 2327 3064 ἐστιν
2356 3011 2385 3065 ὃ
2411 3028 2580 3082 φησιν
2608 3013 2636 3065 6
2667 3012 2801 3075 Θεὸς
2831 3010 2921 3065 διὰ
2962 3010 3147 3079 Ὠσηέ“
3190 3027 3209 3061 ι
3263 3008 3563 3063 Ἑπελάθου
3585 3007 3770 3080 νόμου

478 3139 576 3195 per
605 3106 798 3179 Oscam
839 3116 977 3173 dixit
1006 3116 1188 3169 Deus:
1231 3129 1250 3162 ι
1284 3108 1461 3166 Oblita
1502 3121 1562 3161 es
1601 3106 1735 3177 legis
1767 3105 1857 3160 Dei
1894 3107 1990 3171 tui,
2017 3113 2070 3158 et

2175 3106 2313 3162 Θεοῦ
2346 3123 2463 3171 σου,
2501 3105 2874 3176 ὲπιλαθοῦμαί
2903 3122 2997 3159 σου
3023 3104 3197 3174 κάγώ.
3233 3121 3253 3156 ι

480 3229 581 3288 ego
608 3214 898 3269 obliviscar
921 3208 997 3262 tui
1026 3205 1093 3259 ’⁸.
1139 3223 1156 3254 ι

562 3329 578 3359 ι
637 3304 1019 3359 Samaritanus
1062 3304 1239 3350 autem
1286 3291 1504 3362 quidam
1549 3289 1653 3344 iter
1689 3288 1892 3344 faciens
1927 3288 2073 3343 venit

480 3414 644 3455 secus
662 3412 784 3451 eum
807 3413 822 3449 :
847 3403 900 3449 et
929 3391 1119 3445 videns
1146 3400 1269 3441 eum
1308 3380 1682 3439 misericordia
1711 3390 1889 3436 motus
1913 3389 2015 3436 cst.
2044 3397 2063 3431 ι

492 3491 650 3547 Venit
667 3488 835 3558 igitur
860 3486 1000 3555 ejus,
1032 3481 1122 3551 qui
1150 3478 1291 3533 male
1311 3484 1567 3543 acceptus
1584 3473 1766 3527 fuerat
1786 3472 2070 3536 Dominus,

486 3591 695 3638 natura:
724 3578 982 3633 misertus
1013 3582 1118 3637 cst,
1158 3568 1316 3638 cujus
1357 3576 1476 3623 erat
1519 3579 1751 3637 parens;
1792 3563 2075 3618 condoluit

488 3676 689 3746 quibus
724 3671 897 3727 modis
928 3668 1108 3724 dolere
1139 3664 1292 3720 novit
1324 3661 1435 3722 illa.
1467 3673 1590 3730 quae
1624 3658 1966 3728 passionibus
1989 3666 2075 3711 est

487 3781 680 3827 vacua,
718 3760 1275 3834 praestantissimaque
1303 3761 1517 3815 natura,
1542 3759 1595 3803 et
1628 3747 1802 3803 factus
1831 3746 2074 3815 estquod

485 3850 606 3914 erat
637 3855 748 3920 ille,
780 3852 873 3923 qui
921 3849 1228 3920 patiebatur
1255 3846 1464 3915 absque
1509 3851 1854 3911 peccatorum
1885 3839 2075 3908 plagis,

485 3963 539 4006 et
575 3959 802 4003 vocatur
837 3942 1239 3999 Samaritanus.
1295 3938 1549 3991 nimirum
1601 3934 1915 3990 custodiens
1962 3929 2075 4000 (91)

493 4044 778 4111 utriusque
812 4047 1019 4093 natura:
1056 4035 1326 4095 notiones,
1370 4043 1605 4084 manens
1647 4027 1698 4081 id
1747 4027 1890 4096 quod
1937 4036 2077 4091 erat,

488 4136 671 4190 lactus
703 4129 845 4201 quod
879 4142 984 4182 non
1019 4136 1157 4180 erat.
1842 4172 1847 4175 _

568 4245 588 4276 ι
629 4224 694 4278 Ει
724 4219 1054 4291 appropians
1091 4215 1329 4285 alligavit
1361 4212 1585 4267 vulnera
1618 4210 1753 4279 eius,
1790 4210 2078 4265 infundens

491 4319 667 4372 oleum
695 4327 747 4369 et
767 4314 970 4388 vinum.
998 4329 1016 4362 ι
1041 4309 1195 4379 Ligat
1220 4306 1512 4377 impietatis
1537 4304 1775 4376 plagam,
1806 4302 2077 4358 vinculum

491 4406 709 4476 pietatis
751 4401 1025 4472 injit‘icns.
1079 4398 1277 4466 i’ttrgat
1321 4395 1754 4464 intemperantia
1783 4394 1958 4457 triens,
1993 4397 2078 4447 ἰη-

2252 3311 2270 3344 ι
2303 3290 2628 3363 Σαμαρίτης
2661 3290 2719 3343 δέ
2764 3307 2850 3353 τις
2878 3288 3080 3343 ὁδεύων
3117 3287 3251 3361 ἦλθε
3296 3286 3418 3341 κατ’
3444 3285 3628 3349 αὑτὸν,
3662 3288 3776 3340 καὶ

2176 3385 2300 3441 ίδὼν
2325 3384 2493 3439 αὐτὸν
2525 3382 2989 3453 ἐσπλαγχνίσθη.)
3015 3381 3275 3452 Ἔρχεται
3306 3379 3401 3434 οὖν
3427 3382 3455 3434 ὁ
3482 3379 3777 3449 Δεσπότης

2172 3478 2269 3534 τοῦ
2299 3478 2629 3549 πάσχοντος,
2665 3474 2901 3547 ᾤκτειρε
2938 3475 3039 3545 τὴν
3070 3475 3236 3544 φύσιν
3260 3514 3274 3539 ,
3311 3468 3380 3547 ἧς
3408 3474 3621 3545 ὑπῆρχε
3654 3488 3776 3525 πα-

2173 3571 2301 3642 τὴρ,
2354 3569 2700 3641 συνήλγησεν
2727 3563 2810 3631 οἷς
2832 3563 2937 3620 οἶδε
2968 3567 3191 3637 τρόποις
3216 3565 3403 3634 ἀλγεῖν
3432 3565 3534 3618 οὐκ
3563 3564 3777 3634 ἔχουσα.

2179 3663 2352 3727 πάθος
2382 3665 2415 3735 ἡ
2453 3661 2774 3729 πανάγαθος
2806 3660 2994 3730 φύσις,
3029 3660 3124 3713 κα)⁵
3154 3658 3391 3727 γίνεται,
3425 3658 3562 3728 ὅπερ
3590 3658 3618 3709 6
3657 3656 3781 3709 πά-

2180 3774 2347 3829 σχων,
2377 3758 2552 3828 χωρὶς
2591 3755 2704 3808 τῶν
2729 3758 2830 3825 τῆς
2855 3753 3134 3825 ἁμαρτίας
3163 3751 3412 3823 πληγῶν,
3453 3752 3549 3805 καί⁵
3578 3750 3784 3804 καλεῖ-

2179 3866 2271 3903 ται
2306 3846 2695 3918 Σαμαρείτης,
2744 3845 2916 3917 ἤγουν
2952 3842 3193 3913 φυλάξας
3235 3843 3504 3913 ἑκατέρας
3546 3838 3779 3909 φύσεως

2178 3940 2248 3994 τὰ
2285 3940 2654 4011 γνωρίσματα
2692 3954 2707 3967 ·
2746 3937 2939 4007 μείνας
2994 3937 3133 4005 ὅπερ
3175 3931 3283 4008 ἦν,
3323 3935 3419 3989 καὶ
3469 3934 3780 4005 γενόμενος

2180 4034 2319 4103 ὅπερ
2356 4035 2457 4086 οὐκ
2492 4027 2583 4102 ἦν.

2260 4228 2278 4260 ι
2326 4208 2443 4264 Καὶ
2484 4205 2806 4279 προσελθὼν
2833 4203 3105 4276 κατέδησε
3139 4202 3210 4257 τά
3238 4200 3539 4274 τραύματα
3564 4199 3738 4254 αὐτοῦ
3756 4238 3778 4264 .

2180 4304 2423 4373 ἐπιχέων
2444 4302 2626 4356 ἔλαιον
2649 4302 2744 4354 καὶ
2769 4295 2934 4353 οἶνον.
2974 4316 2994 4350 ›
3020 4297 3224 4368 Δεσμεί
3261 4294 3361 4367 τῆς
3386 4292 3648 4356 ἀσεϐείας
3668 4291 3781 4364 τὴν

2185 4399 2425 4468 πληγὴν,
2453 4395 2665 4457 ἐπιθεὶς
2690 4393 2782 4446 τὸν
2808 4393 2909 4461 τῆς
2939 4390 3223 4453 εὐσεϐείας
3243 4388 3466 4458 δεσμόν.
3498 4385 3783 4455 Καθαίρει

494 4512 757 4570 spargens
792 4493 1097 4548 sobrietatis
1126 4491 1334 4555 vinum,
1377 4488 1516 4557 quod
1574 4487 1934 4555 restringendi
1973 4488 2070 4539 vim

2186 4493 2285 4561 τῆς
2321 4487 2624 4551 ἀκολασίας
2657 4487 2719 4539 τὺ
2758 4485 2940 4551 ἕλκος,
2986 4484 3079 4537 τὸν
3097 4480 3392 4536 στυπτικὸν
3428 4479 3525 4550 τῆς
3564 4495 3784 4549 σωφρι)⁴

495 4591 680 4646 habet.
711 4586 969 4640 Avaritiae
1000 4583 1294 4651 appetitum
1339 4577 1598 4646 abstergit
1644 4575 1821 4629 olcmn
1873 4576 2085 4629 miseri-

496 4683 698 4739 cordiae
730 4676 1036 4734 infundens.
1077 4675 1150 4727 Ita
1194 4687 1288 4742 per
1338 4678 1602 4740 prmcepta
1653 4669 1803 4736 qttasi
1841 4684 1936 4736 per
1966 4670 2083 4721 vin-

496 4775 639 4839 cula,
677 4772 898 4824 vulnera
925 4763 1278 4836 colligat,68
1315 4772 1368 4815 et
1388 4774 1484 4830 per
1506 4758 1842 4827 disciplinam
1873 4770 2086 4815 coercet

501 4863 923 4935 improbitatem,
945 4870 997 4914 et
1025 4858 1174 4927 parvi
1198 4840 1362 4910 animi
1390 4853 1637 4906 timorem
1662 4865 1757 4918 spe
1778 4848 2082 4905 futurorum

501 4960 661 5015 tollit.
707 4957 903 5013 Vinum
948 4954 1093 5007 enim
1130 4942 1560 5016 constringendi,
1602 4942 1778 4996 oleum
1815 4941 2085 4999 hilarandi

569 5099 615 5131 "
650 5098 790 5152 Osee
823 5110 899 5159 vt,
929 5094 981 5146 6.

2187 4585 2357 4654 σύνης
2387 4580 2686 4647 ὲπιστάξοις
2731 4574 2897 4632 οἶνον.
2942 4576 3290 4647 Ἀποσμήχει
3319 4574 3419 4643 τῆς
3452 4571 3783 4635 πλεονεξίας

2183 4678 2283 4746 τὴν
2313 4674 2516 4746 ὄρεξιν,
2558 4674 2653 4744 τῆς
2679 4668 3058 4740 ὲλεημοσύνης
3084 4669 3280 4738 ἐκχέας
3307 4665 3368 4718 τὸ
3395 4663 3595 4717 ἔλαιον.
3613 4661 3782 4716 Οὕτω

2184 4768 2277 4821 διὰ
2300 4766 2409 4819 τῶν
2440 4764 2672 4819 ἐντολῶν
2713 4760 3013 4830 συσφίγγει
3058 4760 3128 4812 τὰ
3173 4757 3485 4830 τραύματα,
3536 4756 3631 4808 καὶ
3680 4752 3783 4807 διὰ

2184 4860 2283 4929 τῆς
2314 4856 2672 4920 διδασκαλίας
2705 4853 2999 4923 ὲπιστύφει
3018 4852 3116 4922 τὴν
3134 4848 3427 4921 πονηρίαν,
3449 4848 3542 4900 καὶ
3562 4844 3781 4900 λεαίνει

2182 4953 2275 5006 τὸν
2304 4949 2643 5023 μικρόψυχον
2665 4950 2733 5019 τῇ
2756 4946 2865 5001 τῶν
2892 4943 3198 5016 μελλόντων
3224 4939 3405 4996 ἑλπίδι
3430 4956 3445 4971 ’
3473 4936 3779 5002 στυπτικδς

1738 5178 2062 5241 Francisci
2096 5177 2307 5245 Scorsi
2339 5186 2528 5239 notae.

570 5325 683 5400 (80)
719 5320 810 5377 Uti
834 5319 1126 5400 pelliceanr
1146 5315 1401 5399 tunicam.
1434 5312 1762 5400 itaqu-terque
1787 5308 2084 5400 Gregorius

496 5383 760 5455 Νὼώη.
782 5383 846 5447 ει-
867 5390 1027 5462 Nygs.
1058 5386 1802 5462 alregod¢e_inre£pretantur
1822 5383 2084 5449 pelticeas

499 5452 735 5531 tunicas,
768 5452 1142 5533 quas'Genes.
1169 5452 1240 5512 'ttt
1277 5456 1454 5533 induit
1485 5452 1628 5508 Deus
1653 5452 1866 5533 primos
1888 5466 2088 5533 paren-

501 5523 744 5596 ἱέέζερίι
779 5523 833 5589 et
876 5533 991 5587 loca
1050 5533 1255 5596 horum
1300 5524 1545 5587 Patrum,
1597 5527 1665 5577 ad
1714 5535 1835 5590 quae
1864 5523 2079 5596 videtur

499 5594 741 5664 alludere
771 5619 959 5659 eorum
988 5602 1192 5656 assecla
1218 5594 1604 5664 Theophanes,
1641 5601 1697 5647 et
1744 5606 1856 5646 rem
1903 5595 2075 5660 ipsam

502 5685 812 5732 atlttntatattt
840 5674 958 5728 vide
986 5672 1204 5727 humilia
1234 5666 1327 5721 ⁸24.

597 5749 709 5816 (90)
774 5743 893 5798 Viso
936 5760 1001 5816 eo
1052 5739 1391 5816 παρῆλᾷεφς.
1446 5732 1571 5816 llaec
1601 5732 1749 5816 verbi
1801 5732 2076 5816 ἀντιπαρε-

503 5801 633 5887 ῆλθε
673 5801 984 5871 observatio
1052 5801 1231 5868 locum
1275 5807 1440 5863 habet
1488 5806 1543 5863 in
1583 5803 1820 5861 editione
1864 5801 2077 5873 Graeca,

2186 5312 2278 5366 ubi
2311 5324 2418 5366 non
2453 5309 2728 5381 παρῆλθε,
2759 5311 2853 5381 sed
2885 5305 3266 5381 ἀντιπαρῆλοε
3317 5303 3515 5381 legitur
3534 5319 3634 5381 pro
3658 5318 3777 5374 quo

2184 5382 2243 5436 in
2294 5391 2479 5436 nOStra
2538 5375 2873 5449 simpliciter
2932 5375 3184 5449 habetur,
3245 5377 3524 5449 praeteriit.
3561 5375 3778 5449 _Quare

2185 5453 2349 5507 etiam
2379 5453 2432 5505 in
2462 5466 2579 5504 mea
2624 5444 2871 5505 versione
2908 5447 3157 5515 interieci
3204 5444 3369 5502 verba
3404 5446 3518 5516 ipsa
3552 5444 3776 5516 Graeca,

2191 5522 2245 5575 in
2270 5522 2470 5592 quibus
2501 5522 2582 5574 vis
2617 5520 2902 5592 sententiae
2928 5513 3370 5592 auctorisposita
3394 5513 3523 5592 est,
3550 5527 3604 5570 et
3634 5513 3777 5592 abs-

2188 5585 2302 5662 que'
2342 5591 2450 5645 illis
2486 5591 2812 5644 evanescit:
2852 5590 2996 5658 quod
3042 5590 3096 5642 in
3144 5585 3266 5643 aliis
3311 5587 3582 5643 similibus
3628 5585 3779 5643 locis

2190 5661 2403 5717 videbis
2425 5677 2453 5714 a
2486 5676 2571 5713 me
2598 5661 2928 5715 factitatum.

2258 5734 2372 5801 (9i)
2412 5729 2744 5801 Custodiam.
2783 5729 2978 5783 Notum
3013 5737 3098 5782 est
3150 5726 3557 5801 Samaritanum
3594 5726 3776 5798 signi-

2191 5796 2362 5858 ﬁcare
2393 5799 2678 5860 custodem
2704 5816 2769 5855 ex
2805 5801 2990 5858 radice
3027 5796 3193 5858 ﬁmi.
