4072 6454
449 352 554 416 303

1664 338 2155 406 THEOPliANIS
2194 340 2537 406 CERAMEI

3618 339 3728 404 304

448 467 826 538 unusquisque
858 461 1132 536 propriam
1167 458 1470 518 mercedem
1506 458 1737 531 accipiet
1777 460 1843 514 '°.
1879 457 2028 515 Felix

2139 462 2370 523 Exacto;
2418 463 2512 514 τὸν
2563 462 2694 516 ἴδιον
2745 460 2941 533 μισθὸν
2990 460 3242 533 λήψεται.
3288 458 3580 531 Μακάριος
3622 460 3725 531 μὲν

444 542 614 632 igitur
658 556 748 613 ille
774 556 985 621 doctor,
1017 552 1109 625 qui
1138 550 1397 608 doctrinae
1421 549 1674 607 denarios
1715 551 2027 622 adaugebit,

447 653 709 709 nimirum
760 664 883 705 cum
930 646 1097 703 veluti
1144 645 1211 701 de
1249 659 1310 701 re
1354 659 1452 701 sua
1502 644 1799 700 domestica
1838 658 2030 699 sanum

444 748 695 810 verbum,
735 751 789 799 et
816 743 982 797 vitam
1023 741 1136 814 69
1162 740 1330 796 verbo
1368 748 1787 795 consentaneam
1824 739 2033 809 impen-

445 839 603 895 derit.
633 835 883 891 Infelices
911 848 1040 888 vero
1070 848 1262 889 omnes
1304 845 1369 887 ac
1395 830 1734 886 miserabiles
1759 830 1937 901 juxta,
1970 844 2034 885 ac

443 942 543 999 ego
573 940 715 994 sum,
743 923 837 995 qui
871 921 1107 977 inaniter
1149 920 1203 976 in
1242 934 1372 976 aere
1403 926 1834 989 perstrepentes,
1874 916 2030 987 quasi

441 1036 516 1076 ms
536 1032 736 1075 sonans
764 1025 858 1072 aut
878 1012 1184 1087 cymbalum
1204 1013 1467 1079 tinniens,
1490 1010 1768 1067 dimidium
1797 1008 2035 1066 alliciunt

442 1113 624 1184 operis
660 1111 813 1177 boni,
843 1119 899 1166 et
928 1109 1046 1180 ejus
1089 1106 1231 1179 quod
1266 1105 1613 1177 prtestantius
1646 1114 1749 1171 est,
1783 1112 2035 1175 expertes

443 1213 690 1262 manent.
721 1202 982 1259 Parabola
1009 1202 1174 1273 igitur
1190 1202 1468 1257 hominem
1488 1200 1719 1271 lapsum,
1742 1206 1796 1253 et
1820 1196 2034 1253 Domini

442 1313 573 1369 erga
640 1313 742 1354 nos
796 1295 1227 1352 misericordiam
1287 1292 1704 1349 demonstravit.
1764 1289 2036 1348 Describit

441 1392 609 1449 etiam
662 1389 913 1445 fortassis
958 1397 1015 1443 et
1064 1402 1174 1453 me,
1228 1395 1285 1441 et
1322 1401 1512 1442 omnes
1543 1385 1750 1442 similes
1777 1384 1905 1453 mei,
1942 1385 2033 1455 qui

443 1497 597 1540 suam
632 1479 911 1551 negligunt
943 1479 1192 1534 salutem.
1226 1476 1343 1549 Ego
1372 1476 1517 1533 enim
1552 1476 1643 1531 ille
1687 1492 1832 1542 sum,
1879 1476 1971 1547 qui
2002 1490 2033 1530 a

438 1575 665 1630 civitate
690 1572 956 1626 virtutum
983 1570 1150 1626 veluti
1184 1569 1253 1626 ab
1283 1568 1581 1625 Jerusalem
1609 1568 2030 1635 exterminatus,

439 1676 497 1721 et
534 1666 589 1720 in
636 1674 922 1734 peccatum
964 1663 1118 1734 quasi
1172 1663 1227 1717 in
1271 1660 1491 1717 Jericbo
1534 1675 1653 1716 mea
1690 1668 1882 1730 sponte
1909 1674 2035 1730 pro-

438 1768 670 1824 tractus,
717 1765 772 1813 et
817 1758 871 1811 in
922 1755 1138 1827 publica
1187 1753 1418 1824 hujusce
1466 1752 1591 1809 vitae
1634 1754 1720 1808 vla
1752 1752 1807 1808 in
1859 1750 2033 1807 malas

439 1866 590 1907 meas
633 1851 1008 1920 cogitationes,
1059 1848 1208 1906 velut
1253 1850 1306 1904 in
1359 1847 1599 1904 latrones
1652 1848 1964 1913 incurrens,
2000 1862 2030 1901 a
2062 1818 2109 1878 Β

441 1944 657 2015 quibus,
693 1943 776 1997 hei
815 1941 981 1997 mihi!
1013 1941 1257 1998 honestae
1288 1939 1414 1996 vitae
1439 1939 1752 1996 actionibus
1774 1953 1806 1994 a
1829 1938 2033 1995 virtute

441 2034 703 2103 profectis
725 2042 923 2091 exutus
943 2033 1173 2106 apparui
1197 2033 1396 2099 nudus,
1422 2042 1476 2087 et
1506 2031 1706 2087 multas
1733 2046 1764 2086 a
1794 2032 2035 2102 peccatis

444 2129 655 2182 inustas
689 2141 800 2196 prae
826 2140 915 2182 me
945 2127 1147 2181 vibices
1174 2125 1378 2182 ferens.
1410 2124 1477 2180 Et
1502 2124 1718 2195 quidem
1746 2124 2034 2181 semimor-

394 2280 397 2287 l
444 2233 569 2276 tuus
590 2220 875 2275 dimidium
908 2218 1013 2275 mei
1040 2218 1261 2287 retinui,
1296 2217 1410 2275 sola
1444 2233 1543 2289 spe
1573 2216 1837 2274 incolumi
1867 2215 2032 2274 comi»

441 2320 613 2365 tatus.
668 2308 941 2367 Sacerdos
995 2324 1129 2364 vero
1164 2370 1173 2380 ,
1206 2320 1263 2365 et
1300 2307 1486 2365 Levita
1529 2324 1615 2363 me
1657 2306 2031 2379 praetergressi

439 2412 589 2457 sunt.
649 2400 787 2455 Nam
840 2411 897 2457 et
939 2403 1140 2471 scripta
1187 2401 1273 2457 lex
1322 2410 1378 2457 et
1432 2402 1698 2457 naturalis
1739 2400 1811 2455 ob
1854 2415 2032 2457 meam

439 2494 866 2551 iuobedientiam
917 2492 1250 2566 imperfecta:
1297 2504 1698 2549 remanserunt.
1748 2494 1857 2550 Sed
1903 2494 2034 2551 ades

438 2588 576 2657 ipse,
602 2601 636 2642 ο
657 2585 929 2655 Salvator,
954 2596 1005 2643 et
1038 2596 1384 2658 praestantem
1406 2588 1551 2642 illam
1577 2586 2031 2656 compositionem

438 2676 546 2731 olei
629 2687 684 2733 et
737 2677 848 2733 vini
906 2678 1331 2735 misericorditer
1385 2678 1515 2733 mihi
1562 2678 1795 2746 instilla;
1844 2687 1901 2734 et
1937 2692 2034 2748 per

410 2769 764 2840 patientiam
815 2784 904 2825 me
956 2772 1270 2842 corrigens,
1330 2783 1383 2827 et
1441 2788 1536 2843 per
1595 2772 2031 2829 misericordiam

442 2864 761 2927 instruens,
817 2859 1029 2933 ﬂagella
1087 2877 1173 2917 me
1226 2865 1523 2934 angoribus
1584 2874 1803 2935 propter
1855 2878 2031 2920 meam

443 2957 866 3023 contumaciam,
902 2962 956 3011 et
991 2964 1212 3025 propter
1248 2955 1677 3013 imbecillitatem
1722 2968 1811 3012 tua
1847 2955 2033 3027 longa-

443 3048 688 3103 nituitate
755 3046 864 3102 mei
920 3046 1204 3103 miserere.
1275 3045 1465 3103 lnduc'
1509 3063 1597 3105 me
1654 3048 1708 3103 in
1770 3048 2031 3105 virtutum

442 3136 843 3205 diversorium;
877 3138 1110 3209 praecipe
1137 3147 1330 3194 sancto
1359 3138 1552 3210 angelo
1573 3154 1694 3195 meo
1714 3141 1949 3205 custodi,
1975 3149 2035 3195 ut
2060 3168 2105 3227 α

441 3243 621 3284 meam
648 3228 881 3285 salutem
919 3237 1111 3297 curet;
1141 3240 1196 3285 et
1229 3229 1395 3285 veluti
1422 3233 1561 3287 duos
1608 3233 1863 3288 denarios
1906 3247 2008 3300 sup

440 3322 646 3393 peditet
667 3321 723 3378 in
746 3320 917 3378 Deum
970 3332 1025 3379 et
1058 3323 1363 3392 proximum
1390 3324 1738 3381 charitatem.
1772 3325 1851 3379 Tu
1886 3327 2031 3382 enim

440 3429 503 3469 es
522 3414 615 3483 qui
642 3413 987 3471 inﬁrmitates
1013 3425 1234 3473 nostras
1254 3418 1484 3486 curasti,
1504 3426 1560 3474 et
1586 3419 1695 3474 tuis
1716 3419 2034 3476 vulneribus

440 3506 669 3561 vulnera
723 3515 910 3561 nostra
968 3508 1271 3565 medicatus
1325 3525 1405 3576 es,
1461 3512 1557 3582 qui
1601 3527 1723 3566 cum
1776 3512 1937 3568 Patre
1977 3522 2033 3569 et

443 3598 648 3668 Spiritu
701 3597 1051 3667 gloriﬁcaris,
1106 3600 1192 3655 cui
1241 3599 1468 3657 debetur
1517 3602 1696 3658 omnis
1749 3603 1924 3659 honor
1964 3604 2030 3659 .in

441 3690 660 3746 saecula.
690 3689 888 3746 Amen.

1008 3804 1291 3864 liOMILIA
1331 3807 1444 3864 XII.

512 3900 592 3956 De
628 3900 873 3967 muliere,
905 3916 1024 3972 qua:
1055 3901 1283 3956 habebat
1321 3904 1570 3973 spiritum
1608 3905 1955 3972 inﬁrmitatis.

523 3994 652 4050 Fuci
689 4012 756 4051 ex
782 4010 942 4064 apum
974 4010 1172 4065 genere
1208 3996 1320 4067 (94)
1351 4010 1477 4052 sunt
1505 3998 1682 4069 ignavi
1704 4009 1758 4054 et
1785 4002 2025 4065 inutiles,

440 4092 534 4160 qui
570 4089 658 4144 ubi
708 4090 893 4144 vident
942 4104 1074 4158 apes
1119 4089 1188 4143 ab
1219 4091 1525 4146 alvearibus
1565 4094 1846 4149 avolantes
1887 4107 1941 4150 et
1975 4097 2028 4148 in

443 4193 596 4254 prata
636 4180 908 4251 profectas
945 4180 1082 4254 (95),
1106 4184 1365 4251 quidquid
1399 4194 1484 4240 est
1517 4194 1681 4241 tenue
1730 4197 1783 4241 et
1817 4188 2031 4258 lanugi-

445 4289 635 4330 nosum
665 4275 959 4329 decussqu
987 4290 1017 4328 e
1053 4275 1227 4329 media
1273 4274 1466 4330 ﬂorum
1504 4293 1658 4333 coma
1699 4280 2029 4349 decerpere,

442 4381 510 4420 ex
542 4381 649 4435 quo
679 4366 878 4419 deinde
926 4365 1101 4420 mellis
1135 4366 1473 4423 dulcedinem
1524 4370 1578 4424 in
1606 4386 1730 4425 cera
1771 4376 1981 4443 lingunt
2011 4390 2027 4429 :

2139 554 2233 608 οὖν
2258 556 2289 607 ό
2318 555 2663 617 διδάσκαλος,
2701 555 2760 620 ὃς
2792 555 3095 626 ὲπαυξήσει
3123 554 3195 607 τὰ
3231 554 3331 623 τῆς
3371 552 3725 616 διδασκαλίας

2136 643 2372 714 δηνάρια
2396 685 2410 707 ,
2441 644 2654 698 οῐκοθεν
2686 645 3156 715 προσδαπανήσας
3201 644 3361 711 λόγον
3387 642 3549 715 ὀρθὸν
3571 684 3587 708 ,
3628 644 3729 696 καὶ

2140 736 2258 807 βίον
2292 738 2372 807 τῷ
2406 736 2553 808 λόγῳ
2618 737 2938 791 ἀκόλουθον.
2996 737 3210 791 ⁸Ἀολιοι
3255 736 3313 789 δὲ
3360 736 3408 788 οί
3454 736 3572 789 κατ’
3623 736 3728 804 ἐμὲ

2136 830 2340 894 πάντες
2378 833 2474 884 καὶ
2507 831 2731 884 δείλαιοι
2765 832 3089 902 ὲνηχοῦντες
3129 832 3210 896 είς
3256 831 3397 901 ἀέρα
3426 830 3514 883 διὰ
3559 829 3728 893 xcvi;

2137 922 2213 988 ὡς
2243 923 2444 993 χαλκὸς
2475 924 2646 994 ἠχῶν,
2697 924 2731 995 ἢ
2778 926 3157 996 περικτυποῦν
3188 924 3475 994 τύμπανον
3507 923 3565 988 ἐξ
3593 924 3729 993 ἡμι·

2140 1017 2290 1080 σείας
2313 1016 2373 1070 τὸ
2397 1016 2563 1070 καλὸν
2594 1017 3015 1089 κατορθοῦντες,
3037 1018 3131 1071 καὶ
3165 1017 3423 1089 μένοντες
3454 1017 3725 1081 ἐλλειπεῖς

2136 1108 2229 1163 τοῦ
2274 1108 2569 1180 βελτίονος.
2632 1109 2693 1163 Ἦ
2727 1109 2830 1181 μὲν
2882 1105 2978 1164 οὖν
3021 1110 3312 1181 παραϐολὴ
3345 1109 3445 1181 τὴν
3477 1110 3587 1163 τῶν
3629 1111 3728 1161 ἀν-

2138 1200 2375 1273 θρώπων
2403 1202 2703 1265 ἔκπτωσιν,
2731 1202 2825 1255 καὶ
2855 1201 2918 1255 τὸ
2960 1202 3041 1265 είς
3082 1203 3229 1271 ἡμᾶς
3259 1201 3355 1255 τοῦ
3396 1199 3538 1254 Θεοῦ
3578 1201 3730 1262 ἔλεος

2139 1290 2479 1356 ἐπεδείξατο.
2540 1292 2890 1363 ’Υπογράφει
2940 1292 3000 1346 δὲ
3058 1293 3201 1363 τάχα
3256 1292 3404 1361 κάμὲ
3462 1292 3731 1354 καὶτοὺς

2140 1381 2273 1446 ἴσως
2309 1383 2437 1453 ἐμοὶ
2463 1383 2563 1453 τῆς
2599 1383 2752 1453 σφῶν
2780 1383 3058 1455 σωτηρίας
3091 1384 3562 1455 όλιγωρήσαντας.
3583 1380 3731 1450 Ἐγὼ

2138 1474 2249 1546 γάρ
2287 1476 2405 1543 εἰμι
2433 1476 2460 1527 ό
2485 1474 2741 1545 καθάπερ
2770 1475 2831 1541 ἐξ
2872 1476 3236 1547 Ἰερουσαλὴμ
3256 1474 3359 1544 τῆς
3380 1475 3490 1528 τῶν
3513 1474 3732 1544 ἀρετῶν

2140 1568 2352 1632 πόλεως
2382 1568 2853 1640 ἐξοστρακισθεὶς,
2885 1569 3143 1640 καὶπρὸς
3174 1569 3275 1638 τὴν
3302 1568 3404 1638 τῆς
3446 1568 3730 1639 ἁμαρτίας

2152 1658 2366 1731 Ἱεριχὼ
2405 1660 2729 1731 αὐτομόλως
2776 1658 3104 1730 ὑποσυρεὶς,
3146 1659 3243 1713 καὶ
3276 1659 3334 1711 ὲν
3360 1660 3426 1729 τῇ
3464 1658 3733 1728 λεωφόρῳ

2138 1753 2237 1824 τῆς
2279 1751 2446 1822 ζωῆς,
2484 1751 2560 1817 ὠς
2603 1752 2943 1817 λωποδύταις
2986 1752 3282 1806 ὑποπεσὼν
3334 1754 3445 1815 τοῖς
3483 1751 3732 1821 ἐμαυτοῦ

2138 1846 2399 1913 πονηροῖς
2439 1843 2747 1914 λογισμοῖς,
2785 1844 2877 1914 ὑφ’
2910 1837 2985 1897 ὧν
3016 1844 3388 1914 γυμνωσθεὶς,
3420 1845 3590 1913 οἴμοι,
3626 1844 3732 1913 τῆς

2136 1932 2477 2004 εὐσχήμονος
2549 1931 2755 2002 βιωτῆς
2829 1932 3088 2004 πράξεων
3152 1934 3433 2005 ὲναρέτων
3502 1934 3732 2004 ὡράθην

2136 2029 2372 2100 γυμνὸς,
2398 2028 2603 2093 πολλὰς
2629 2028 2931 2100 ἁμαρτιῶν,
2949 2030 3347 2101 ἐπιφερόμενος
3381 2028 3729 2100 σμώδιγγας.

2146 2120 2455 2192 Ἦμιθανὴς
2484 2122 2541 2175 δὲ
2566 2121 2772 2191 γέγονα
2796 2124 2891 2176 καὶ
2922 2122 3221 2194 ἡμίτομος,
3253 2124 3425 2193 μόνην
3449 2123 3548 2192 τὴν
3569 2121 3734 2175 ὲλπίο

2135 2215 2204 2273 δα
2257 2214 2446 2281 ζῶσαν
2491 2216 2954 2287 περιφερόμενος.
3002 2217 3209 2286 Ἰερεὺς
3258 2216 3316 2269 δὲ
3360 2219 3458 2270 καὶ
3489 2216 3734 2284 Λευῖτης

2135 2310 2518 2383 ἀντιπαρῆλθέ
2562 2328 2631 2381 με
2658 2328 2673 2342 ’
2707 2310 2802 2364 καὶ
2838 2312 2865 2363 ὁ
2901 2310 3131 2380 φυσικὸς
3165 2309 3276 2380 γὰρ
3311 2309 3473 2379 νόμος
3498 2348 3512 2371 ,
3563 2311 3657 2362 καὶ
3695 2309 3732 2360 ὁ

2135 2406 2386 2477 γραπτὸς
2419 2404 2481 2469 ἐξ
2509 2404 2651 2475 ὲμῆς
2687 2403 2977 2467 ἀπειθείας
3006 2403 3323 2465 ἁσυντελεῖς
3347 2402 3730 2470 ἐγεγόνεισαν.

2147 2497 2313 2552 Ἀλλὰ
2342 2497 2575 2568 πάρεσο,
2595 2497 2782 2567 Σῶτερ
2810 2496 2994 2561 αὐτὸς,
3023 2496 3123 2568 τὴν
3153 2494 3325 2566 καλὴν
3355 2493 3642 2562 συζυγίαν,
3663 2491 3735 2546 τὸ

2136 2589 2322 2643 ἔλαιον
2351 2589 2448 2642 καὶ
2482 2589 2573 2641 τὸν
2599 2582 2744 2641 οἶνον
2777 2585 3084 2657 συμπαθῶς
3118 2583 3428 2648 ἐπιστάζων
3467 2600 3580 2653 μοι,
3614 2599 3735 2653 μα.-

2136 2680 2431 2753 κροθύμως
2455 2680 2716 2751 ἐλέγχων,
2749 2681 2843 2735 καὶ
2890 2682 3010 2750 μετ’
3058 2680 3243 2741 ἐλέους
3309 2678 3580 2732 παιδεύων
3629 2692 3730 2746 με,

2136 2773 2425 2844 μαστίσων
2451 2775 2567 2836 τοῖς
2599 2776 2930 2843 πειρασμοῖς
2961 2772 3051 2826 διὰ
3078 2771 3179 2843 τὴν
3211 2771 3519 2834 ἀπείθειαν,
3555 2769 3733 2822 ἐλεῶν
3812 2812 3821 2813 κ

2137 2870 2205 2939 τῇ
2239 2866 2599 2939 μακροθυμίᾳ
2630 2868 2717 2921 διὰ
2746 2867 2847 2937 τὴν
2876 2865 3188 2932 ἀσθένειαν,
3224 2865 3489 2933 εἰσάγαγε
3532 2880 3597 2934 με
3640 2862 3734 2926 εἰς

2136 2960 2198 3013 τὸ
2228 2959 2335 3013 τῶν
2365 2961 2579 3030 ἀρετῶν
2612 2960 2953 3030 πανδοχεῖον.
2980 2958 3257 3013 Ἐντειλον
3290 2958 3367 3028 τῷ
3393 2955 3735 3027 φυλάττοντῖ

2140 3067 2209 3122 με
2243 3050 2384 3122 ἁγίῳ
2415 3052 2636 3123 ἀγγέλῳ
2686 3050 3091 3122 ἐπιμεληθῆναι
3137 3051 3240 3122 τῆς
3280 3048 3558 3119 σωτηρίας
3595 3064 3731 3117 μου,

2138 3142 2235 3197 καὶ
2266 3144 2342 3207 ὡς
2374 3143 2469 3197 δύο
2494 3144 2731 3215 δηνάρια
2758 3143 3070 3216 χορηγῆσαι
3109 3159 3200 3213 μοι
3258 3143 3361 3209 τὴν
3403 3143 3484 3204 είς
3528 3140 3586 3193 σὲ
3629 3139 3739 3193 καὶ

2142 3235 2236 3290 τὸν
2264 3235 2498 3306 πλησίον
2527 3237 2773 3309 ἀγάπην.
2810 3236 2883 3289 Σὺ
2918 3236 3029 3306 γὰρ
3056 3236 3086 3289 ό
3116 3237 3216 3298 τὰς
3244 3234 3532 3295 ἀσθενείας
3565 3231 3739 3302 ἡμῶν

2144 3327 2515 3401 θεραπεύσας,
2552 3330 2649 3383 καὶ
2677 3329 2746 3383 τά
2782 3329 3076 3400 τραύματα
3111 3330 3227 3392 τοῖς
3261 3328 3375 3389 σοῖς
3408 3324 3738 3397 τραύμασιν

2146 3422 2465 3495 ἰασάμενος,
2489 3424 2518 3476 ό
2546 3422 2645 3477 σὺν
2679 3423 2855 3493 Πατρὶ
2886 3422 2983 3475 καὶ
3026 3420 3311 3491 Πνεύματι
3344 3418 3739 3489 δοξαζόμενος,

2140 3508 2185 3584 ᾧ
2211 3518 2416 3590 πρέπει
2443 3518 2593 3571 πᾶσα
2621 3517 2757 3588 τιμὴ
2785 3518 2865 3581 εἰς
2895 3518 3023 3580 τοὺς
3054 3515 3283 3580 αἰῶνας,
3329 3515 3525 3585 Ἀμήν.

2745 3815 2997 3869 ΟΜΙΛΙΑ
3024 3815 3124 3868 ῙΒ’.

2315 3908 2457 3976 Περὶ
2494 3905 2603 3975 τῆς
2640 3906 2912 3976 ἐχούσης
2941 3906 3180 3975 πνεῦμα
3208 3905 3549 3970 ἀσθενείας.

2216 4001 2279 4053 Ui
2307 4004 2554 4072 κηφῆνες
2600 3994 2740 4061 εἶδός
2785 4000 2903 4052 ἐστι
2957 3999 3264 4069 μελλισσῶν
3309 3999 3479 4067 ἀργόν
3519 4015 3576 4050 τε
3630 3999 3739 4052 καὶ

2140 4094 2436 4166 ἄχρηστον.
2471 4086 2631 4149 Οὗτοι
2674 4092 2807 4162 γοῦν
2848 4093 3088 4163 ὁπηνίκα
3142 4094 3241 4155 τὰς
3288 4092 3551 4161 μελίσσας
3595 4091 3738 4144 0εά-

2141 4202 2329 4240 σαιντο
2354 4187 2459 4241 τῶν
2474 4185 2716 4257 σίμϐλων
2736 4186 3143 4256 ἀφιπταμένας,
3174 4185 3265 4238 καὶ
3294 4183 3426 4255 πρὸς
3450 4183 3738 4253 λειμῶνας·

2138 4280 2452 4352 χωρούσας,
2506 4282 2600 4333 καὶ
2645 4280 2992 4352 δρεπομένας
3023 4278 3134 4331 τῶν
3171 4279 3380 4331 ἀνθέων
3411 4276 3472 4327 τὸ
3505 4275 3734 4338 λεπτἈι,

2138 4375 2234 4428 καὶ
2271 4375 2504 4445 χνοῶδες
2551 4375 2649 4444 τῆς
2678 4375 2736 4427 ὲν
2768 4376 2834 4445 τῇ
2879 4375 3032 4443 μέσῳ
3066 4372 3240 4443 κόμης
3277 4369 3621 4440 ἐκτιναχθὲν,
3662 4371 3734 4437 ἐξ

444 4472 595 4526 tunc,
617 4459 727 4530 70
759 4460 999 4528 inquam,
1030 4461 1081 4513 bi
1110 4460 1399 4528 latronum,
1432 4479 1529 4517 seu
1562 4465 1742 4533 potius
1769 4465 1949 4520 furum
1974 4468 2028 4521 in

2139 4463 2200 4524 οὗ
2231 4469 2673 4540 κηροπλαστοῦσι
2709 4467 2803 4520 τοῦ
2839 4467 3056 4538 μέλιτος
3086 4469 3184 4537 τὴν
3211 4464 3547 4534 γλυκύτητα,
3570 4479 3733 4531 τηνι-

444 4566 654 4607 morem
691 4552 1015 4618 iusilientes,
1066 4561 1122 4607 et
1160 4553 1214 4609 in
1258 4554 1441 4611 alveos
1488 4557 1810 4615 invadentes
1848 4559 2031 4615 elabo-

2140 4534 2323 4617 καῦτα
2355 4563 2406 4615 oi
2436 4563 2684 4633 κηφῆνες
2715 4534 2861 4612 οὗτοι
2895 4534 3229 4629 λῃστρικῶς,
3260 4556 3462 4627 μᾶλλον
3485 4556 3541 4608 δὲ
3566 4555 3736 4625 δίκην

444 4656 623 4699 ratum
647 4660 784 4715 opus
801 4643 1103 4699 clanculum
1131 4649 1297 4701 edunt
1316 4646 1453 4716 (96);
1478 4649 1565 4702 ubi
1590 4663 1719 4704 vero
1740 4650 2031 4708 redeuntes

2139 4655 2390 4712 κλεπτῶν
2454 4654 2909 4724 είσπηδήσαντες,
2958 4652 3052 4703 καὶ
3092 4652 3231 4721 πρὸς
3275 4652 3342 4703 τὰ
3386 4648 3588 4719 σίμὸλα
3618 4665 3742 4718 χω-

441 4736 686 4791 sentiunt
706 4749 857 4805 apes,
878 4736 1279 4792 irremeabilem
1300 4748 1590 4808 capessunt
1609 4739 1813 4811 fugam,
1834 4742 2033 4815 quippe

2142 4750 2410 4822 ρήσαντες
2466 4744 2575 4799 τῶν
2635 4744 2904 4815 μελιττῶι
2966 4742 3065 4813 τὴν
3102 4742 3379 4813 γεωργίαν
3434 4739 3740 4811 ἁρπαλέως

518 4856 563 4887 ³ο
602 4856 618 4909 l
661 4853 787 4908 Cor.
829 4868 915 4917 Ill,
956 4852 1012 4908 8.

1690 4946 2014 5011 Francisci
2048 4951 2259 5013 Scorsi
2292 4959 2480 5013 notae.

519 5054 634 5127 (9i)
681 5050 817 5127 [fuci
856 5064 921 5127 ea:
974 5064 1135 5127 apum
1175 5062 1381 5127 genere.
1442 5046 1752 5115 Scriptores
1815 5050 2035 5118 apiaria:

2146 5052 2289 5127 cod.
2320 5056 2415 5108 καὶ
2443 5056 2589 5127 προς
2638 5055 2910 5125 λειμῶνας
2939 5053 3265 5125 χωρούσας;
3302 5053 3512 5110 reddidi
3543 5062 3735 5111 tamen

450 5126 529 5180 rei
574 5118 829 5193 κηφῆνας
861 5118 1067 5200 ἀργούς
1099 5120 1248 5200 fucos
1268 5118 1482 5186 ignavos
1518 5128 1732 5198 vocant,
1766 5135 1869 5199 qua
1896 5134 2035 5200 .voce

2146 5140 2214 5178 ex
2244 5122 2322 5200 Υ,
2349 5118 2518 5200 et_G.,
2549 5118 2603 5200 in
2630 5118 2830 5200 quibus
2854 5141 2916 5179 ea
2942 5118 3229 5200 'I'eg'untur.

447 5198 614 5250 utitur
633 5189 1215 5265 ht)Ster,ctntisL_zitirta
1236 5189 2034 5265 interpretationeconcinimns
2156 5264 2163 5265 ί
2216 5194 2331 5265 (96)
2376 5189 2691 5251 Clanculum
2731 5198 2912 5250 edunt,
2960 5189 3090 5249 Fiici
3141 5194 3387 5263 quamvis
3432 5196 3743 5254 conﬁciam

451 5266 747 5337 Virgiliano
770 5262 999 5317 carmini
1045 5258 1232 5330 Georg.
1262 5274 1313 5312 tv
1340 5256 1393 5312 et
1434 5256 1662 5312 Ai‘neid.
1693 5275 1732 5324 ι,
1766 5261 1857 5314 ubi
1890 5260 2032 5315 idem
2144 5256 2324 5338 favos,
2350 5267 2665 5338 perﬁciendi
2697 5277 2877 5321 tamen
2924 5267 3102 5320 mellis
3153 5256 3411 5319 facultate
3455 5282 3561 5338 non
3602 5269 3740 5336 pol-

444 5335 707 5411 repetitur
738 5348 923 5411 versus
949 5350 962 5385 :
1489 5400 1522 5411 __
2141 5337 2254 5411 leut
2280 5354 2294 5403 ;
2326 5335 2854 5411 sed,nt‘Aristoleles
2884 5339 2981 5400 ait,
3001 5345 3297 5411 vescuntur
3320 5345 3433 5411 tutu
3461 5335 3585 5411 ipsi,
3608 5335 3738 5411 tum

552 5407 806 5478 Ignavum
842 5403 989 5478 fucos
1023 5417 1177 5478 pecus
1212 5418 1243 5478 α
1274 5400 1599 5478 ρτωδερίὺιιε
1631 5415 1831 5457 arcent.
1962 5474 1971 5478 _
2142 5400 2386 5476 ipsorum
2422 5400 2552 5478 pulli
2589 5408 2745 5462 melle
2766 5411 2910 5478 quod
2944 5422 3073 5476 apes
3099 5406 3454 5461 elaborarint.
3489 5407 3549 5460 id
3571 5400 3740 5478 quod

446 5472 617 5534 Arisi.
654 5486 807 5548 vocat
846 5472 1085 5542 νωθροὺς
1121 5474 1508 5548 -οιάκὲντρους
1543 5488 1720 5543 segnes
1750 5483 1807 5548 et
1848 5474 2032 5548 aculeo

2142 5472 2348 5533 diserte
2382 5472 2650 5533 Hesiodus
2684 5481 2735 5532 in
2766 5472 3084 5548 'i‘lteogonia
3117 5493 3131 5530 :

448 5566 647 5615 cassos,
668 5546 736 5599 ob
764 5560 926 5614 quam
952 5545 1336 5612 proprietatem
1366 5554 1511 5597 recte
1541 5557 1723 5599 noster
1744 5546 1830 5599 hic
1857 5546 2035 5609 aitet;

452 5620 657 5641 tum“--.
689 5616 863 5641 ηαδ..
916 5616 974 5641 ...⁵.
1002 5614 1257 5641 κωκυ...
1318 5618 1380 5641 ..Α
1409 5630 1459 5641 ,Α
1496 5614 1873 5641 .l..f..-..l-...l.....
1911 5631 2003 5641 ιη...

2153 5572 2235 5625 ’οί
2269 5571 2325 5625 δ’
2349 5570 2568 5625 ἔντοσθε
2605 5570 2857 5641 μένοντες
2887 5545 2979 5623 ἐπὶ
3010 5570 3212 5640 ρεφέας
3252 5570 3393 5624 κατά
3421 5568 3687 5639 σίμϐλους

446 5620 657 5712 ἀμυχαν
688 5616 863 5669 ἐλθεῖν
914 5614 1380 5712 οὐδιύνασθαιηαιί
1406 5630 1459 5668 se
1493 5614 1875 5683 defendendum
1907 5631 2034 5712 θρη-

2156 5614 2467 5712 ’Ᾰλλῖετξαῐοῗᾷ
2478 5614 2759 5711 ἶᾶμῗᾶὲιῖί
2779 5614 3181 5712 ξιξεξέῥηῗῖἒῐξ
3192 5614 3708 5711 ὶάᾶέῇῖᾶῖιὲῖῦεέἇι

448 5681 593 5754 gredi
627 5703 729 5741 non
763 5701 952 5755 posse;
991 5684 1220 5755 ideoque
1261 5686 1329 5740 ab
1365 5700 1527 5756 apum
1560 5681 1798 5742 accursu
1834 5685 2027 5755 proiu-
2159 5681 2377 5756 “fit?
2389 5681 2614 5756 7'1"":
2618 5681 2741 5756 ᾖξ’-ξ
2761 5681 3174 5756 [ἶς’ξτξίξξὲξιζῖ
3211 5681 3745 5756 ζέξξίίᾼξξξῗω⁹⁹ἐ

451 5736 597 5825 ζέῖέξ
763 5736 783 5755 τ
931 5736 948 5751 ¹
996 5736 1216 5755 ⁷““³’“’
1264 5736 1323 5740 “⁷“
1571 5736 1798 5742 ’““””’“
1834 5736 1885 5755 τ’
1909 5736 1993 5739 “”
2140 5737 2317 5825 iit-illi
2346 5738 2493 5825 int'tts‘
2525 5748 2888 5817 permanentes
2916 5736 3175 5803 coopertis
3215 5736 3269 5788 in
3298 5736 3545 5791 alveariis

525 5808 638 5894 (95)
678 5824 743 5879 ιη
770 5834 923 5895 prum
953 5827 1238 5896 μνοίεσιασ,
1263 5826 1465 5885 Desum
1489 5826 1604 5883 [me
1644 5831 1809 5885 verba
1841 5829 1895 5885 in
1925 5845 2035 5885 uno
2144 5808 2385 5864 Alienum
2416 5810 2652 5865 laborem
2681 5824 2831 5863 suum
2872 5808 2925 5861 in
2959 5816 3188 5861 ventrem
3217 5814 3441 5861 metunt.
