4072 6408
374 412 481 481 305

1769 406 2105 469 HOMILI‘A
2143 405 2282 469 XII-

3546 391 3652 471 eos

374 521 699 584 κατέδουσιν
746 538 762 556 ·
801 522 893 579 ὅτε
955 522 1014 579 δι
1074 519 1174 586 τὰς
1241 523 1506 594 μελίσσας
1556 521 1964 590 ὕπονοστοῠσας

2071 528 2159 598 qui
2209 526 2469 600 congredi
2518 540 2640 582 cum
2676 524 2744 581 iis
2790 522 2859 579 ad
2910 536 2970 579 se
3012 521 3408 579 defendendum
3442 522 3556 595 (97)
3591 524 3647 577 in

372 618 672 682 αἰσθοιντο,
731 614 1035 685 φεύγουσιν
1091 616 1532 686 ἀμεταστρεπτὶ,
1599 616 1681 680 είς
1742 618 1958 687 ἄμυναν

371 708 551 762 ἐλθεῖν
599 708 663 761 οὐ
716 706 1035 777 δυνάμενοι.
1090 706 1338 761 Τοιοῦτοι
1382 708 1481 776 τῆς
1525 708 1861 778 Ἐκκλησίας
1908 709 1961 763 oi

370 802 750 871 λυμαντῆρες,
776 799 874 854 καὶ
903 799 1014 853 τῶν
1044 799 1218 871 αὐτῇς
1250 801 1598 871 πραγμάτων
1630 802 1679 855 οἱ
1706 802 1960 875 ἅρπαγες

371 895 538 962 ἑπιτη
548 891 704 964 ροῦσι
728 893 830 961 τὴν
847 892 1008 962 ἡμῶν
1025 890 1401 964 ὑποχώρησιν,
1420 889 1541 946 εἶτα
1564 892 1955 965 εἰσπηδῶντες,

369 988 489 1048 τοῖς
524 984 625 1055 μὲν
655 984 1148 1054 ἐκκλησιαστικοτς
1187 983 1547 1055 λυμαίνονται
1591 986 1917 1057 πράγμασιν
1944 999 1958 1014 ⁶

366 1078 533 1149 ἡμῶν
560 1078 620 1131 δὲ
648 1077 751 1149 τὴν
781 1077 925 1130 κατὰ
969 1077 1147 1147 στόμα
1193 1076 1506 1147 παράταξιν
1549 1077 1917 1148 δεδιττόμενοι
1943 1117 1959 1144 ,

366 1172 555 1242 λόχοις
590 1173 690 1225 καὶ
723 1171 977 1241 ἐνέδραις
1015 1173 1497 1242 καταστρατηγεῖν
1542 1172 1693 1242 ἡμᾶς
1723 1170 1961 1241 δοκιμά-

363 1266 554 1329 ζουσι,
589 1264 721 1317 ποτὲ
775 1264 878 1333 μὲν
903 1262 1002 1334 τὴν
1030 1262 1204 1335 αὐλὴν
1239 1264 1467 1333 Καῖάφα
1494 1264 1778 1329 ποιοῦντες
1801 1262 1959 1318 συνέ-

365 1357 546 1428 δριον.
591 1356 725 1411 ποτὲ
776 1357 834 1411 δὲ
887 1358 971 1421 εἰς
1024 1357 1084 1411 τδ
1129 1356 1227 1411 τοῦ
1287 1358 1606 1429 Πρώρὸμου
1666 1358 1959 1429 εὖκτήριον

366 1451 730 1514 συνιστάντες
763 1450 940 1504 δεινὸν
975 1449 1388 1521 βουλευτήριον,
1439 1450 1537 1503 καὶ
1568 1450 1850 1515 ποιοῦντες
1896 1450 1960 1504 τὸ

370 1542 783 1613 βαπτιστήριον
835 1542 1351 1614 ἑπιόουλευτήριον.
1405 1543 1523 1597 Ἵνα
1573 1542 1627 1597 τί
1684 1543 1955 1615 γένηται;

369 1637 490 1689 Ἵνα
524 1636 701 1706 ἐξωθῇ
729 1637 829 1706 μὲν
863 1638 893 1690 ὁ
927 1637 1135 1703 Ἰσαὰκ,
1168 1637 1500 1709 ἀντεισαχθῇ
1534 1638 1589 1691 δὲ
1626 1639 1655 1691 ὁ
1703 1639 1955 1710 Ἰσμαήλ.

376 1728 529 1782 Ἀλλ’
564 1729 768 1781 ὲκετνοι
807 1729 907 1799 μὲν
942 1728 1262 1799 φεύγουσιν,
1299 1729 1375 1791 ὡς
1408 1731 1597 1801 ὁρᾶτε,
1629 1731 1731 1793 τὰς
1776 1731 1960 1801 ἀκρω-

369 1822 531 1894 ρεὶας
566 1822 964 1893 ἐπιτηροῦντες
990 1864 1007 1891 ,
1055 1824 1153 1878 καὶ
1186 1824 1257 1878 τά
1306 1823 1418 1878 τῶν
1468 1825 1764 1897 προϐάτων
1806 1825 1958 1895 ἐφέλ-

368 1932 567 1981 κοντες
605 1917 996 1988 ἀσθενέστερα,
1035 1916 1259 1988 βύοντες
1294 1918 1431 1972 ὡσεὶ
1469 1918 1637 1983 ἀσπὶς
1687 1920 1758 1973 τὰ
1802 1912 1954 1986 ὦτα,

369 2008 517 2078 πρὸς
558 2008 660 2079 τὴν
708 2010 1060 2080 παραίνεσιν.
1112 2010 1309 2082 Ἡμεῖς
1341 2011 1431 2076 δὲ,
1466 2005 1513 2066 ὧ
1541 2011 1750 2084 κλῆρος
1801 2012 1958 2082 ἐμὸς.

372 2104 479 2167 τὰς
502 2104 682 2157 αὐτῶν
703 2105 883 2175 ὁρμὰς
906 2104 1255 2170 ἐκκλίνοντες
1285 2106 1420 2178 φέρε
1449 2105 1615 2161 πάλιν
1640 2106 1751 2161 τῶν
1792 2106 1963 2179 ἱερῶν

372 2197 473 2251 τοῦ
510 2197 846 2267 Εὑαγγελίου
873 2198 1051 2269 λόγων
1077 2200 1408 2272 ἀκούσωμεν
1445 2216 1460 2232 ⁸

453 2326 477 2361 ι
520 2308 612 2379 Τῷ
635 2310 816 2381 καιρῷ
841 2310 1037 2381 ἐκείνῳ
1061 2306 1131 2383 ἦν
1156 2312 1428 2367 διδάσκων
1452 2314 1482 2368 ὁ
1530 2311 1745 2384 Ἰησοῦς
1771 2315 1830 2367 ὲν
1866 2315 1969 2385 μιᾷ

374 2403 493 2456 τῶν
525 2404 888 2472 συναγωγῶν,
942 2405 1004 2458 ἐν
1043 2407 1159 2469 τοῖς
1204 2405 1486 2473 Σάόὄασι,
1522 2406 1619 2461 καὶ
1659 2406 1773 2461 ἰδοὺ
1822 2405 1964 2477 γυνὴ

374 2494 604 2567 πνεῦμα
635 2496 839 2568 ἔχουσα
870 2497 1161 2564 ἀσθενείας
1190 2496 1287 2570 ἔτη
1317 2497 1451 2553 δέκα
1486 2496 1586 2553 καὶ
1628 2496 1777 2553 ὀκτὼ
1796 2537 1811 2563 ,
1863 2499 1964 2554 καὶ

446 2636 494 2670 ³⁸
535 2634 650 2693 Luc
679 2653 805 2702 ιιιι,
848 2637 917 2694 10
953 2653 1109 2709 seqq.

2062 638 2241 693 pugna
2273 637 2379 677 non
2410 620 2643 677 valeant.
2670 617 2829 675 Tales
2851 624 2976 673 sunt
2994 616 3323 673 comedones
3373 625 3653 687 raptores-

2062 730 2171 786 que
2202 715 2256 770 in
2289 713 2571 780 Ecclesia;
2606 711 2998 769 discessionem
3036 719 3281 766 nostram
3330 708 3650 770 observant.

2064 807 2191 864 inde
2233 807 2438 878 impetu
2472 807 2617 863 facto
2649 808 2846 861 damna
2896 804 3290 862 ecclesiasticis
3337 803 3501 860 rebus
3546 803 3653 859 im-

2062 907 2320 971 portant;
2374 908 2430 953 at
2481 913 2613 954 vero
2666 896 2868 968 lingua
2926 896 3099 952 aciem
3161 895 3653 966 pertimescentes,

2064 1004 2249 1047 macta
2274 991 2628 1047 factiosorum
2648 1006 2835 1056 manu,
2855 1004 2955 1059 per
2973 988 3199 1045 insidias
3222 1002 3320 1044 nos
3336 1000 3653 1057 oppugnare

2064 1090 2356 1148 conantur,
2389 1080 2551 1137 modo
2575 1080 2627 1137 in
2654 1081 2777 1137 aula
2800 1081 3022 1151 Caipba
3048 1081 3333 1137 concilium
3359 1079 3648 1143 facientes,

2064 1176 2226 1231 modo
2253 1175 2308 1230 in
2339 1173 2705 1230 Pracursoris
2732 1174 2978 1230 oratorio
3017 1173 3417 1229 constituentes
3446 1171 3652 1240 impro-

2064 1268 2193 1324 bum
2242 1266 2693 1330 conciliabulum,
2731 1276 2787 1323 et
2831 1282 2897 1322 ex
2951 1266 3280 1335 baptisterio
3327 1264 3650 1320 insidiarum

2062 1358 2465 1429 receptaculum
2497 1357 2785 1415 facientes.
2825 1358 2993 1429 Cujus
3015 1358 3090 1413 rei
3121 1358 3418 1414 eﬂicienda
3447 1356 3651 1412 causa?

2063 1450 2135 1507 Ut
2161 1451 2464 1522 expellatur
2495 1449 2645 1508 lsaac
2666 1450 2881 1523 (98),,et
2900 1450 3092 1507 lsniael
3119 1450 3517 1505 iutroducatur.
3546 1447 3655 1503 Sed

2062 1543 2138 1600 illi
2172 1544 2391 1614 quidem
2423 1542 2659 1615 fugiunt,
2690 1552 2746 1597 ut
2777 1543 2994 1609 videtis,
3014 1560 3136 1600 cum
3174 1544 3449 1598 custodias
3472 1540 3650 1597 anim-

2062 1639 2375 1702 advertunt,
2412 1646 2469 1693 et
2529 1638 2920 1694 imbecilliores
2978 1654 3044 1694 ex
3087 1639 3282 1694 ovibus
3313 1647 3648 1702 avertentes,

2061 1732 2129 1787 ad
2154 1731 2549 1799 hortationem,
2586 1732 2838 1801 aspidum
2880 1731 3077 1798 instar,
3119 1746 3286 1787 aures
3336 1730 3651 1786 occludunt.

2061 1826 2173 1884 Nos
2201 1842 2352 1893 vero,
2382 1843 2415 1882 ο
2444 1826 2578 1883 cleri
2621 1826 2724 1882 mei
2769 1832 2966 1890 catus,
3002 1840 3192 1880 eorum
3222 1825 3459 1894 impetus
3480 1823 3655 1880 decli-

2065 1932 2280 1988 nantes,
2327 1937 2430 1995 age
2470 1936 2669 1980 rursus
2707 1936 2863 1979 sacra
2915 1920 3199 1991 Evangelii
3242 1921 3408 1976 verba
3457 1919 3657 1975 audia-

2065 2016 2301 2075 mus‘":

2146 2332 2169 2367 ι
2205 2314 2265 2371 lu
2302 2314 2398 2371 illo
2426 2322 2671 2385 tempore
2692 2322 2813 2370 erat
2845 2312 3010 2371 Iesus
3050 2312 3256 2370 docens
3291 2311 3348 2368 in
3378 2324 3657 2383 synagoga

2073 2421 2261 2463 eorum
2293 2404 2551 2462 Sabbatis
2582 2424 2597 2462 :
2626 2414 2682 2463 et
2706 2420 2838 2463 ecce
2865 2405 3085 2472 mulier,
3128 2420 3251 2475 qua
3280 2403 3516 2460 habebat
3540 2403 3660 2473 spi-

2070 2501 2235 2557 ritum
2293 2500 2625 2558 infirmitatis
2674 2499 2834 2557 annis
2873 2499 3062 2557 decem
3114 2507 3173 2557 et
3213 2506 3388 2567 octo;
3435 2507 3491 2556 et
3533 2505 3656 2555 erat

1622 2731 1953 2797 Francisci
1982 2732 2197 2796 Scorsi
2231 2739 2424 2796 nota.

450 2869 569 2941 (97)
607 2867 689 2923 Ad
724 2884 778 2922 se
798 2865 1211 2941 defendendam.
1240 2864 1337 2923 Et:
1360 2864 1597 2941 _ittuvav
1616 2864 1727 2941 legi
1754 2864 1961 2941 in__cod.

376 2934 616 2999 Pfunde
663 2954 782 2994 mea
835 2934 1034 2993 vei-sio.
1093 2936 1154 2991 Et
1199 2938 1272 2990 ita
1302 2936 1465 2991 etiam
1512 2934 1691 2992 habet
1713 2936 1768 2991 in
1801 2934 1869 2990 ν.
1909 2937 1963 2993 in

380 3014 489 3068 alio
544 3011 664 3067 cod.
726 3014 810 3077 εἰς
862 3007 1124 3082 ἅμιλλαν,
1153 3008 1247 3064 sed
1301 3020 1500 3064 sensus
1552 3006 1694 3062 idem
1752 3006 1805 3061 in
1857 3006 1967 3064 alio

378 3083 574 3222 vel-3:;
628 3151 697 3208 Ut
746 3104 1052 3221 expellatur
1097 3148 1275 3222 Isaae.
1337 3149 1574 3222 Maxime
1601 3149 1760 3222 _mibi
1820 3149 1967 3222 dolet

380 3217 536 3315 ειπίηί
556 3217 1037 3315 menmium
1066 3217 1966 3315 ὶιξςεῖέιὲεεξοείξῖθξ.,ἒξιξείξξηεξιδὲς
1993 3260 2039 3315 c

382 3307 548 3356 una,
581 3295 665 3349 vel
712 3294 1012 3351 Siciliensis
1061 3291 1320 3354 destitui;
1360 3291 1503 3346 unde
1546 3290 1670 3345 huic
1696 3290 1816 3346 loco
1855 3299 1963 3345 tam

383 3365 581 3435 insigni
616 3381 850 3435 possem
887 3363 1069 3435 lumen
1111 3363 1443 3435 accendere:
1496 3361 1797 3435 insig_nem_
1819 3360 1967 3416 hunc

382 3431 565 3492 locan
595 3434 720 3489 dico
749 3452 810 3489 ex
841 3448 951 3499 quo
992 3433 1221 3504 insignis
1266 3431 1509 3501 episcopi
1550 3431 1969 3504 Ahujusfl‘auro-

382 3507 652 3562 menitani
688 3506 973 3565 sanctitas.
1009 3501 1129 3574 qua
1173 3518 1390 3574 semper
1435 3504 1504 3557 ab
1548 3501 1814 3574 improbis
1837 3501 1967 3574 odio

385 3577 603 3637 haberi,
635 3586 685 3632 et
723 3571 1169 3632 insectationibus
1200 3571 1406 3636 vexari,
1437 3583 1493 3627 et
1534 3572 1765 3641 opprimi
1802 3571 1965 3633 solet,

384 3648 616 3717 intelligi
668 3655 886 3713 posset:
947 3646 1107 3699 modo
1167 3649 1346 3717 omnia
1398 3658 1519 3717 qua
1544 3643 1969 3717 _bicﬁdicuntur

383 3711 593 3788 liquido
625 3711 1090 3788 initelligerentur;
1111 3716 1203 3785 qui
1239 3718 1385 3770 enim
1405 3714 1478 3788 illi
1509 3711 1968 3788 tﬁc_‘Exx3qoiac;

384 3783 758 3859 λυμαντῆρες,
777 3783 874 3841 καὶ
901 3787 1013 3841 τῶν
1034 3783 1207 3859 αὐτῆς
1228 3784 1577 3859 πραγμάτων
1601 3783 1850 3859 ἅρπαγες
1874 3797 1968 3836 co-

387 3853 672 3921 medones',
704 3869 1059 3928 raptoresque
1094 3853 1413 3912 in’Ecclesia
1436 3857 1459 3909 ?
1482 3865 1535 3928 et
1570 3870 1676 3923 qua
1707 3853 1775 3907 de
1797 3868 1967 3928 causa

386 3930 619 3984 concilia
656 3923 877 3989 inirent,
924 3923 1152 3983 insidias
1180 3926 1503 3983 struerent?
1532 3941 1652 3991 qua
1683 3940 1812 3978 vero
1843 3923 1969 3978 aula

387 4000 614 4070 Caipba
643 4011 697 4053 et
732 3997 1100 4055 Przecursoris
1141 3997 1593 4070 oratorium,_ubi
1627 3996 1968 4070 conciliabit:

388 4064 508 4125 lum
545 4070 836 4125 coactum?
868 4070 990 4137 quis
1023 4070 1178 4124 Isaac
1208 4067 1585 4136 expellendus,
1621 4067 1743 4134 quis
1772 4064 1969 4120 lsmael

388 4141 863 4196 introducendus?
923 4140 1004 4195 Ad
1069 4141 1184 4195 hac
1241 4140 1424 4193 omnia
1468 4138 1807 4206 explananda
1860 4150 1971 4190 non

388 4214 586 4281 quovis
610 4211 960 4277 coniectore;
1003 4210 1096 4264 sed
1151 4210 1299 4264 Delio
1326 4217 1573 4263 natatore
1622 4222 1753 4262 usus
1781 4214 1967 4271 esset;

390 4280 442 4335 ni
487 4295 667 4336 tamen
694 4291 748 4336 et
773 4281 885 4350 ipse
921 4282 973 4336 in
1002 4281 1103 4335 hoc
1134 4280 1324 4349 pelago
1358 4285 1805 4350 nierger_etttr,__et
1836 4290 1973 4345 pra-

390 4352 691 4414 focaretur,
742 4347 803 4405 ut
853 4347 1384 4406 Socrates‘timebat
1436 4348 1488 4402 in
1539 4347 1795 4403 Heracliti
1847 4362 1974 4399 σκο-

385 4422 571 4475 τεινοῦ
632 4423 771 4476 libro
800 4423 850 4477 ei
904 4422 1102 4478 ablato.
1140 4420 1216 4475 Ne
1248 4418 1622 4487 tamen‘hunc
1670 4418 1845 4471 locum
1899 4416 1971 4470 ita

388 4494 793 4548 conclamatum
818 4492 1268 4561 deploratumque
1302 4490 1607 4561 relinquam
1630 4488 1704 4561 in
1766 4487 1961 4553 medio,

388 4576 446 4619 et
468 4564 622 4648 nulla_
635 4563 703 4617 ab
729 4563 1016 4648 .Apollinisl.
1043 4563 1156 4648 sive
1182 4558 1489 4642 'JEsculapii
1521 4558 1751 4648 medica,
1773 4565 1827 4611 et
1850 4574 1974 4609 στο-
2006 4592 2050 4648 D

389 4636 625 4705 χαστικῇ
684 4627 846 4704 τέχνῃ
888 4633 1151 4705 medelam
1182 4647 1260 4705 ac
1285 4632 1451 4685 vitam
1499 4627 1809 4688 adhibeam,
1842 4643 1971 4683 cou-

385 4703 681 4775 jecturam,
712 4703 1022 4775 seupotins
1058 4703 1423 4775 suspicionem
1462 4714 1639 4775 meam
1657 4713 1970 4766 expromam

392 4768 446 4831 in
479 4791 646 4844 quam
696 4790 782 4829 nte
826 4768 1069 4839 adduxit,
1107 4768 1236 4844 cum
1277 4774 1331 4825 in
1383 4768 1646 4844 familiari
1676 4783 1969 4844 congresu

391 4838 518 4900 cum
568 4858 635 4898 eo
685 4846 829 4898 hunc
882 4844 1059 4899 locum
1106 4842 1440 4902 conferrem,
1504 4838 1855 4893 doctissimus
1891 4841 1973 4892 vir

392 4925 595 4969 nostra
631 4916 932 4978 societatis,
968 4926 1019 4967 et
1054 4929 1174 4966 cum
1208 4913 1509 4983 linguarum
1551 4909 1818 4983 omnium,
1860 4920 1970 4983 tum

391 5000 565 5040 sacra
599 4976 946 5053 profanaque
978 4984 1220 5038 historia
1251 4976 1615 5053 péritissimus
1648 4976 1974 5053 llortensins

394 5049 752 5110 Scamniacba
801 5049 1000 5123 (neque
1042 5053 1186 5108 enim
1221 5049 1375 5123 decet
1414 5050 1590 5123 celare
1625 5049 1717 5101 τὸν
1757 5050 1973 5123 πατέρα

390 5125 487 5179 τοῦ
535 5125 695 5192 λόγου
731 5165 745 5183 .
807 5119 998 5191 ὥσπερ
1056 5125 1112 5178 αἱ
1161 5122 1362 5186 φαῦλαι
1412 5120 1520 5192 τῶν
1580 5119 1858 5185 γυναικῶν
1905 5119 1973 5173 τὰ

392 5196 525 5251 νόθα
556 5189 1017 5263 ὑποὸαλ).όμεναι.
1052 5192 1123 5246 Ea
1163 5207 1343 5263 autem
1399 5189 1806 5263 conjectura__ex
1838 5199 1975 5263 tem-

392 5282 550 5335 pore,
602 5281 710 5335 quo
764 5258 1122 5335 Theophanes
1180 5262 1401 5335 ﬂoruit,
1451 5270 1512 5335 e_t
1564 5260 1662 5335 _has
1708 5258 1973 5335 Homilies

392 5329 583 5391 habuit
616 5329 843 5404 petenda
883 5329 986 5388 est.
1034 5334 1092 5388 ld
1135 5350 1264 5388 vero
1314 5332 1417 5385 fuit
1450 5329 1598 5393 illud,
1651 5345 1759 5404 quo
1788 5330 1972 5404 Sicilia

390 5422 530 5477 pene
572 5401 823 5461 universa
871 5406 974 5459 sub
1029 5406 1419 5477 Saraceuicam
1472 5401 1806 5477 tyrannidem
1857 5401 1968 5477 jam

391 5470 614 5531 redacta
645 5489 784 5539 erat,
817 5486 1046 5543 excepto
1090 5471 1494 5531 Tauroutenio;
1548 5470 1649 5523 hoc
1688 5471 1831 5524 enim
1872 5472 1970 5525 sub

391 5547 589 5601 Leonis
642 5547 874 5613 imperio
926 5542 1143 5598 demum
1190 5552 1554 5613 expugnatum
1594 5550 1699 5605 est,
1731 5542 1833 5595 sub
1862 5555 1971 5613 quo

393 5610 781 5686 Theophanem
808 5626 1055 5686 nostrum
1077 5610 1321 5670 ecclesia
1340 5610 1459 5667 sua
1491 5610 1703 5686 clavum
1735 5612 1971 5666 tenuisse

390 5681 889 5743 demonstravimus
927 5688 979 5739 in
1020 5685 1259 5740 Proam.
1297 5700 1333 5738 ιι
1360 5699 1379 5749 ;
1410 5692 1463 5736 et
1491 5681 1776 5749 Syracusas
1806 5696 1970 5749 porro

383 5758 496 5828 jam
534 5772 658 5814 ante
687 5768 862 5828 rapta
892 5756 1106 5828 fuerant
1131 5759 1229 5828 sub
1262 5754 1484 5828 imperio
1514 5750 1697 5806 Basilii
1721 5752 1970 5828 Macedo-

389 5821 478 5883 nis
508 5829 702 5885 Leonis
738 5821 931 5899 patris,
962 5836 1023 5899 ut
1050 5827 1122 5880 ibi
1155 5825 1320 5879 etiam
1341 5821 1489 5879 satis
1518 5833 1704 5890 aperte
1731 5821 1971 5877 ostendi-

390 5916 527 5957 mus.
577 5898 747 5973 Igitur
776 5898 1025 5954 absituilc
1074 5912 1203 5954 vero
1246 5912 1353 5951 non
1388 5902 1489 5959 est,
1542 5908 1636 5962 per
1680 5909 1800 5950 catn
1837 5901 1969 5947 tem-

2071 2872 2354 2939 pestatem.
2380 2880 2504 2939 cum
2530 2864 2948 2939 Taurpmenium
2965 2864 3199 2939 liberum
3211 2868 3431 2935 quidem
3455 2870 3655 2939 adhuc,

2072 2936 2165 2990 sed
2196 2942 2377 2990 tamen
2408 2935 2581 2991 solum
2604 2951 2636 2991 a
2666 2936 3009 2991 Saracenicis
3047 2937 3216 2991 armis
3256 2953 3320 2994 ac
3350 2935 3656 3006 dominatu,

2073 3006 2163 3060 vix
2216 3006 2490 3077 videretur
2546 3006 2787 3061 immune
2830 3006 3037 3077 diutius
3082 3021 3246 3074 posse
3296 3010 3653 3077 conservari;

2075 3076 2377 3145 prasertim
2401 3092 2522 3131 cum
2548 3079 2683 3133 satis
2712 3076 2952 3131 validum
2982 3078 3050 3131 ab
3089 3078 3422 3135 imperatore
3465 3076 3657 3137 Graeco

2072 3147 2391 3215 prasidium
2468 3149 2675 3215 sperari
2730 3163 2833 3201 non
2898 3156 3106 3216 posset.
3163 3147 3657 3209 'l‘auromenitanos

2074 3217 2289 3287 aliquos
2328 3226 2578 3287 potentes
2616 3228 2671 3273 et
2711 3218 2994 3278 factiosos.
3043 3220 3359 3287 priusquam
3393 3221 3518 3275 belli
3557 3238 3655 3277 ca-

2074 3286 2411 3357 lamitatibus
2463 3296 2875 3357 premerentur,
2945 3286 3279 3345 deditionem
3330 3291 3539 3347 facere.
3600 3303 3658 3349 et

2071 3355 2379 3433 lsmaelitas
2414 3355 2761 3433 introducere
2803 3360 2856 3412 in
2906 3361 3163 3433 oppidum
3211 3363 3509 3433 cogitasse.
3552 3364 3655 3420 Cui

2068 3428 2299 3483 consilio
2321 3444 2443 3483 cum
2476 3430 2649 3484 bonus
2680 3440 2884 3497 pastor.
2914 3428 3204 3496 providens
3234 3428 3309 3487 rei
3334 3434 3656 3490 Christiana

2070 3502 2392 3570 perniciem,
2428 3500 2578 3554 nullo
2615 3502 2775 3555 modo
2795 3516 3119 3559 assensurus
3149 3504 3443 3570 videretur,
3476 3515 3531 3558 et
3571 3505 3655 3558 fa-

2071 3569 2229 3641 ctiosi
2263 3570 2336 3625 illi
2366 3571 2537 3625 aciem
2567 3571 2689 3640 ejus
2735 3571 2928 3641 lingua
2956 3569 3509 3639 pertimescerent,ut
3542 3577 3657 3640 ipse

2071 3640 2154 3711 ait
2175 3638 2558 3708 Theophanes,
2586 3638 2688 3695 non
2724 3638 2887 3695 ausos
2932 3643 3188 3711 episcopo
3212 3647 3483 3700 sentiente
3524 3638 3655 3701 illud

2072 3709 2281 3778 agitare
2307 3710 2618 3773 coiisilium,
2644 3713 2725 3765 vel
2767 3711 2884 3778 ejus
2920 3709 3181 3768 absentia
3206 3716 3500 3770 occasione
3522 3732 3655 3771 usus

2073 3780 2156 3834 vel
2213 3780 2269 3835 in
2308 3784 2526 3835 domum
2601 3781 2832 3847 alicujus
2889 3796 2956 3836 ex
3014 3785 3353 3849 principibus
3412 3787 3656 3842 civitatis

2074 3850 2259 3917 (quam
2302 3850 2481 3907 aulam
2520 3851 2740 3915 Caipba
2772 3852 2861 3906 hic
2883 3864 3077 3907 auctor
3105 3864 3282 3915 vocat,
3310 3856 3555 3911 alludens
3582 3858 3652 3911 ad

2073 3934 2219 3987 eum,
2257 3923 2311 3975 in
2348 3936 2455 3987 quo
2496 3921 2562 3976 de
2600 3922 2821 3977 Christo
2852 3923 3129 3990 prodendo
3168 3923 3438 3981 nefarium
3472 3929 3657 3981 conci-

2074 3990 2206 4046 lium
2260 3994 2506 4047 habitum
2550 3994 2654 4060 est)
2686 3993 2767 4047 vel
2800 3994 2852 4047 in
2894 3995 3178 4059 sacellum,
3228 3996 3344 4051 sive
3374 3998 3542 4051 adem
3592 3996 3652 4051 S.

2073 4059 2267 4117 Joanui
2303 4064 2555 4131 Baptista
2602 4080 2812 4119 sacram
2852 4066 3147 4119 convenire
3178 4066 3366 4121 solitos
3397 4068 3657 4133 coniura-

2077 4134 2555 4221 tionischIiscios.
2606 4133 2886 4221 Eamnhic
2934 4135 3401 4221 c95_ﬂpo§pdp.ou
3451 4140 3657 4221 εὐκτή-

2078 4221 2194 4275 ριον
2234 4204 2591 4271 Theophanes
2623 4206 2878 4275 appellat,
2900 4207 2987 4260 cui
3011 4204 3242 4275 eleganti
3276 4204 3655 4275 paronomasia

2078 4274 2465 4345 βουλευτήριον
2509 4274 2751 4343 opponit,
2814 4277 2973 4332 sicuti
3025 4274 3148 4333 mox
3204 4274 3346 4334 idem
3400 4280 3657 4335 sacellum

2079 4345 2471 4415 βαπτιστήριον
2498 4348 2587 4403 cui
2622 4347 3108 4418 ὲπιδουλευτήριον
3135 4365 3257 4417 qua
3281 4366 3474 4406 vocum
3513 4352 3634 4406 allit

2078 4418 2373 4471 terationes
2396 4428 2454 4489 et
2480 4418 2776 4473 allusiones
2817 4418 2965 4474 reddi
3012 4420 3063 4473 in
3107 4420 3299 4475 Latina
3336 4421 3517 4489 lingua
3546 4438 3654 4476 non

2079 4495 2392 4556 potuerunt.
2430 4488 2512 4559 Ad
2562 4490 2704 4543 hanc
2732 4497 2912 4543 autem
2954 4490 3326 4559 conjecturam
3378 4488 3658 4546 inclinavit

2080 4560 2299 4634 animus
2328 4573 2400 4634 οιι⁸
2427 4558 2531 4613 illis
2557 4559 2738 4613 verbis
2766 4576 2795 4634 :_
2815 4559 2947 4634 Ἵνα
2970 4558 3298 4634 Δγεγένηται
3322 4577 3337 4626 ;
3364 4561 3452 4615 ἵνα
3480 4560 3654 4634 ἐξωθῇ

2083 4630 2181 4712 μὲν
2209 4627 2839 4712 οἵξισαὰκ,“ἀντεισαχθῇ
2872 4629 2929 4682 δὲ
2969 4619 3358 4712 Ἰσμαήὶίίὴιξέο
3386 4619 3552 4712 _enim
3600 4619 3655 4688 ἱίί

2077 4695 2198 4770 cod.
2232 4695 2355 4770 Y-at.
2400 4710 2453 4770 e_t
2485 4698 2619 4753 Pan.
2663 4695 2887 4770 scripta,
2916 4695 3336 4768 sunt'uoinina).
3386 4701 3519 4755 Nam
3560 4718 3658 4770 per

2079 4767 2393 4839 lsmaeleth
2416 4767 2802 4825 Saraceuicum
2858 4784 3062 4839 regem,
3102 4786 3198 4838 per
3233 4767 3383 4825 Isaac
3416 4767 3659 4827 vero'le-

2076 4838 2700 4911 gitimumq'l‘auromenii
2742 4842 3018 4893 dominum
3070 4843 3453 4911 imperatorem
3483 4842 3659 4897 inter-

2077 4910 2276 4990 pretari
2336 4909 2694 4990 incongruum
2748 4909 3331 4990 ιιυηῇ-νίιιειιιτζριιοά
3375 4920 3657 4990 ta_men__ut

2077 4978 2339 5047 iujustum
2369 4994 2452 5051 ac
2486 4978 2782 5051 nefarium
2845 4978 3204 5048 Theophanes
3259 4983 3652 5051 reprehendit:

2075 5048 2997 5121 contraenimlieri_oporteretgut
3025 5052 3075 5105 in
3111 5053 3261 5108 Isaac
3288 5048 3379 5121 qui
3414 5061 3654 5110 retentus

2076 5118 2250 5187 ejecto
2277 5119 2518 5173 lsmaele.
2558 5118 2674 5174 Non
2709 5121 2900 5175 celabo
2928 5132 3107 5176 tamen
3142 5118 3401 5177 lcetorem
3446 5123 3501 5176 in
3529 5125 3651 5179 cod.

2077 5189 2216 5263 Call.
2251 5190 2351 5263 alia
2401 5190 2515 5245 hac
2545 5206 2683 5263 esse,
2717 5193 2934 5263 nomina
2972 5203 3192 5263 exarata
3232 5193 3319 5245 ἵνα
3350 5193 3524 5263 ἐξωθῇ
3552 5194 3653 5263 μὲν

2074 5262 2103 5331 ῥ
2155 5257 2634 5331 Ἰακὼὰείσαχθῇ
2668 5262 2775 5314 δὲὸ
2817 5260 3010 5315 Ἡσαῦ.
3062 5265 3167 5318 Sed
3203 5280 3308 5317 non
3356 5257 3656 5317 audaci)..-

2070 5330 2298 5403 jectura
2327 5330 2483 5403 acies
2500 5330 2804 5403 hebetatur.
2853 5332 3051 5386 Eadem
3085 5337 3228 5388 enim
3261 5344 3342 5387 est
3370 5334 3648 5403 allegoria.

2076 5400 2283 5468 Quippe
2338 5398 2505 5455 Iacob
2563 5401 2789 5465 electus,
2850 5404 2987 5456 Esau
3052 5406 3375 5471 reprobatus
3429 5398 3650 5458 a'Deo.

2076 5472 2255 5543 Quare
2306 5484 2400 5543 per
2456 5471 2599 5543 illurn
2662 5472 2933 5543 legitimus
2996 5474 3309 5543 imperatos,
3342 5488 3453 5543 iper
3490 5472 3653 5543 hunc

2078 5541 2283 5613 invisus
2302 5541 2420 5613 Deo
2439 5541 2824 5613 etlmiuinibus
2847 5541 3084 5612 intelligi
3108 5553 3301 5613 potest-
3335 5542 3462 5613 Hac
3487 5542 3650 5610 igitur

2077 5611 2149 5663 ita
2197 5610 2263 5663 ad
2301 5611 2445 5665 hutic
2496 5611 2671 5665 locum
2718 5614 2921 5680 scripta
2956 5629 2983 5664 a
3032 5610 3119 5666 ine
3152 5615 3323 5678 accipi
3360 5612 3503 5675 volo,
3541 5628 3648 5667 non

2074 5681 2299 5749 perinde
2354 5692 2515 5749 atque
2566 5698 2685 5735 eam
2733 5684 2923 5746 sciam,
2965 5691 3021 5734 ut
3064 5683 3197 5743 dixi,
3248 5683 3344 5735 sed
3392 5683 3655 5737 solumut

2074 5751 2375 5819 conjectetn
2407 5767 2499 5806 Sctl
2530 5753 2707 5822 potius
2745 5752 3019 5817 divincm;
3064 5752 3268 5805 utinam
3300 5768 3430 5807 vero
3462 5752 3653 5805 εὐστό-

2075 5839 2211 5891 χως.
