4072 6428
315 395 415 467 209

1726 397 2058 461 ΗΟΜῙῙᾸΛ
2099 397 2237 458 ΧΠ.

3490 397 3598 465 310

311 511 743 584 ἐπαχθήσονται.
775 530 794 564 t
819 509 935 568 Kal.
958 510 1068 565 ίεοῦ
1101 512 1240 583 γυνὴ
1272 511 1471 582 ἔχουσα
1505 511 1725 584 πνεῦμα
1743 511 1908 566 ἀσθεο

2020 506 2254 563 cauteria
2287 504 2385 572 (2i.
2451 523 2469 556 ι
2507 505 2574 560 Et
2599 517 2729 560 ecce
2763 503 2979 569 mulier,
3016 518 3138 575 quae
3169 506 3404 562 habebat
3431 511 3602 579 spiri—

311 608 461 672 νςίας
506 606 605 676 ἔτη
645 605 785 659 δέκα
841 607 936 660 καὶ
969 605 1134 660 ὀκτὼ.
1200 627 1218 659 ι
1253 607 1399 678 Ὀρα
1445 605 1542 661 τοῦ
1599 607 1775 662 κα.κοῦ
1804 609 1906 679 τὴν

311 702 595 768 ἐπίτασιν,
635 701 898 773 ἐννόησον
925 701 981 755 δὲ
1029 701 1261 771 καὶτῆς
1309 700 1598 763 ἀσθενείας
1626 701 1689 754 τδ
1738 701 1907 773 μέγε·

311 795 427 859 θος,
499 795 559 848 ὲν
608 794 805 856 πόσοις
832 794 969 848 ἐτῶν
1007 792 1280 868 περιόδοις
1313 795 1394 858 είς
1416 795 1519 865 γῆν
1555 797 1588 864 ἡ
1616 794 1779 849 ἀθλία
1811 796 1909 849 κέ-

310 905 456 958 κυφε
484 887 782 958 κτηνηδδν,
817 888 958 958 μήτε
987 889 1124 960 πρὸς
1153 887 1222 942 τὰ
1248 888 1478 958 οὐράνια
1512 888 1686 960 κάλλη
1717 889 1909 942 ὲνατε-

308 979 484 1044 νίζειν
539 979 829 1050 ἰσχύουσα,
868 981 1008 1050 μήτε
1039 980 1137 1039 τὰς
1194 978 1349 1048 liti/stt;
1372 979 1484 1033 τῶν
1519 976 1910 1033 συναντώντων

311 1071 643 1144 περιαθρεῖν
697 1072 1001 1142 δυναμένη,
1036 1071 1174 1125 ἀλλά
1223 1071 1522 1141 μηνοειδῶς
1574 1070 1910 1141 καμπομένη

309 1167 474 1236 δίκην
508 1167 697 1233 στοᾶς,
723 1165 819 1220 τοῦ
850 1165 1110 1237 δαίμονος
1156 1160 1247 1219 οἷά
1268 1183 1415 1228 τινος
1453 1165 1774 1236 μολυϐδίνου
1810 1163 1913 1235 βά-

316 1277 444 1329 ρους
472 1259 780 1330 βρίθοντος,
834 1259 1044 1313 καὶτὸν
1069 1258 1241 1314 νῶτον
1277 1258 1708 1327 συγκύπτοντος,
1739 1260 1913 1314 "Istat

315 1352 499 1404 τοίνυν
552 1351 648 1404 ἐπὶ
699 1349 800 1422 τὴν
843 1351 992 1404 tactv
1045 1349 1349 1419 αὐτόμολος
1399 1353 1428 1405 ὖ
1458 1350 1674 1421 Σωτὴρ,
1711 1351 1777 1404 ἐκ
1815 1351 1914 1420 τῆς

312 1444 547 1512 ἐνούσης
578 1442 730 1512 αύτῷ
767 1441 1012 1511 ἐμφύτου
1051 1441 1190 1513 πρὸς
1220 1443 1315 1496 τὸν
1356 1443 1650 1514 ἄνθρωπον
1679 1442 1916 1513 γαληνό-

311 1551 500 1602 τητος,
536 1533 770 1605 ἐλεήσας
802 1532 902 1604 τὴν
933 1532 1098 1602 φύσιν
1126 1534 1468 1604 παιζομένην
1494 1533 1668 1597 οὕτως
1695 1534 1801 1588 ὑπὸ
1815 1533 1912 1588 τοῦ

311 1624 602 1694 δαίμονος,
648 1624 741 1676 καὶ
774 1605 958 1695 φωνὴν
985 1626 1260 1695 ἐπαφίησι
1282 1626 1381 1696 τῆς
1422 1626 1584 1680 νόσου
1615 1627 1876 1696 λυτήριον
1895 1641 1911 1657 ο

318 1735 338 1768 ι
371 1716 568 1782 Γύναι,
597 1717 935 1772 ἀπολέλυσαι
959 1717 1062 1788 τῆς
1091 1716 1384 1782 ἀσθενείας
1441 1736 1558 1774 σου.
1607 1738 1626 1772 ι
1675 1721 1786 1772 Καὶ
1834 1720 1916 1792 τῷ

311 1809 462 1878 λόγῳ
487 1809 822 1880 προστίθησι
851 1809 951 1882 τὴν
984 1810 1130 1881 ἁφήν
1151 1827 1164 1841 ο
1199 1828 1219 1862 t
1266 1810 1540 1881 Ἐπέθηκε
1559 1810 1692 1884 γάρ,
1721 1812 1912 1884 φησὶν,

313 1900 408 1952 ἐπ’
437 1901 577 1970 αὐτῇ
623 1901 723 1965 τὰς
769 1903 983 1975 χεῖρας,
1026 1903 1121 1956 καὶ
1152 1903 1496 1974 παραχρῆμα
1524 1903 1906 1976 ἀνωρθώθηῌ

317 1992 518 2061 ’Δθρει
543 1992 608 2064 δὴ
631 1992 732 2062 τῆς
751 1993 934 2062 ψυχῆς
956 1993 1051 2047 καὶ
1075 1993 1170 2048 τοῦ
1202 1993 1458 2064 σώματος
1483 1994 1542 2047 τὸ
1574 1993 1915 2064 κατάλληλον

313 2083 643 2156 φάρμακον.
691 2083 921 2156 Ἐπειδὴ
955 2084 1087 2156 γὰρ,
1119 2085 1224 2156 τῆς
1255 2085 1434 2156 ψυχῆς
1485 2088 1914 2159 ἀμαρτησάσης,

315 2177 479 2247 ἐδόθη
530 2176 607 2247 τῷ
646 2178 862 2250 Σατανᾷ
917 2180 979 2232 τὸ
1010 2178 1174 2248 σῶμα
1216 2179 1356 2252 πρὸς
1413 2179 1662 2244 κόλασιν,
1693 2179 1784 2234 διὰ
1817 2181 1916 2252 μὲν

314 2269 415 2322 τοῦ
453 2270 618 2338 λόγου
680 2270 914 2324 ἀπολύει
953 2271 1053 2342 τὴν
1081 2271 1264 2342 ψυχὴν
1310 2272 1410 2342 τῆς
1465 2273 1578 2327 τῶν
1624 2273 1918 2347 ἁμαρτιῶν

316 2365 540 2432 ἑνοχῆς,
563 2363 652 2417 διὰ
685 2364 742 2417 δὲ
766 2364 867 2434 τῆς
894 2364 1047 2428 θείας
1073 2365 1217 2435 ἁφῆς
1276 2364 1500 2436 ἀνορθοἶ
1527 2366 1588 2419 τδ
1618 2367 1780 2437 σῶμα
1818 2367 1920 2438 τῆς

315 2457 401 2518 είς
429 2455 536 2523 γῆν
567 2456 978 2520 κατανεύσεως.

400 2567 419 2599 t
461 2547 815 2618 Ἀποκριθεὶς
832 2549 890 2602 δὲ
916 2551 942 2602 ὁ
968 2551 1447 2623 ἀρχισυνάγωγος,
1481 2553 1812 2622 ἀγανακτῶν
1832 2553 1918 2608 ὅτι

317 2641 401 2710 τῷ
433 2640 706 2711 Σαϐϐάτῳ
738 2638 1113 2712 ἐθεράπευσεν
1148 2647 1175 2698 ὁ
1204 2643 1437 2714 Ἰησοῦς,
1471 2645 1624 2716 ἔλεγε
1654 2645 1729 2717 τῷ
1756 2646 1916 2718 ὄχλῳ·

322 2735 424 2802 Ἓξ
458 2736 669 2807 ἡμέραι
693 2738 856 2802 εἰσὶν,
890 2739 948 2791 ἐν
964 2732 1054 2802 αῖς
1085 2740 1168 2791 δεῖ
1193 2739 1528 2810 ἐργάζεσθαι
1555 2755 1567 2770 ³
1607 2741 1665 2793 ὲν
1691 2744 1920 2805 ταύταις

319 2825 417 2883 οὖν
464 2831 759 2902 ἐρχόμενοι
819 2831 1221 2904 θεραπεύεσθε,
1279 2834 1377 2887 καὶ
1405 2834 1480 2904 μὴ
1511 2837 1577 2906 τῇ
1612 2834 1798 2909 ἡμέρᾳ
1824 2834 1919 2889 τοῦ

325 2922 634 2978 Σαϐϐάτου.
674 2945 694 2978 ι
737 2927 828 2988 Ὠς
849 2926 1086 2996 χαλεπὸν
1118 2926 1291 2991 πάθος
1321 2930 1348 2981 ὁ
1373 2929 1589 2997 φθόνος,
1615 2929 1713 2999 τὴν
1739 2929 1922 3002 ψυχὴν

323 3018 622 3090 ύποτήκων
647 3020 745 3073 τοῦ
767 3020 1088 3090 τρέφοντος,
1124 3021 1220 3074 καὶ
1275 3021 1459 3076 λαθεῖν
1491 3023 1567 3095 μὴ
1595 3023 1922 3094 δυνάμενος,

323 3111 427 3165 κᾶν
452 3112 594 3180 πρὸς
621 3111 804 3180 ὀλίγον
834 3111 1180 3183 ὑποκριτικῷ
1203 3113 1534 3185 προσωπείῳ
1561 3115 1918 3182 καλύπτοιτο,

322 3203 398 3265 ὡς
429 3200 547 3274 πῦρ
574 3203 634 3255 ἐν
667 3204 895 3273 ἀχύροις
951 3202 1369 3273 καλυπτόμενον
1412 3204 1614 3275 δριμὺν
1650 3206 1749 3276 μὲν
1784 3207 1924 3272 τέως
1947 3240 1992 3303 C

320 3295 535 3348 καπνὸν
559 3294 908 3360 ἀναδίδωσιν,
952 3298 999 3350 εί
1027 3297 1084 3351 δέ
1112 3315 1260 3361 τινος
1288 3297 1441 3369 τύχοι
1466 3299 1553 3352 διὰ
1580 3300 1769 3368 πνοῆς,
1792 3301 1918 3355 τότε

320 3387 681 3460 ἀναῤῥιπίζει
731 3387 834 3460 τὴν
875 3390 1054 3459 φλόγα
1088 3393 1167 3452 εἰς
1205 3391 1519 3460 τούμφανές
1545 3411 1559 3424 ·
1591 3392 1838 3446 τοιοῦτόν
1868 3410 1919 3447 τι

322 3479 528 3549 συνέϐη
569 3481 665 3534 καὶ
727 3483 861 3554 περὶ⁹
915 3483 1007 3535 τὶν
1036 3484 1392 3554 ἀπόπληκτον
1439 3484 1632 3539 τοῦτον
1658 3487 1920 3557 ἀρχισυν-

321 3572 543 3642 άγωγον
591 3573 676 3640 ὃς,
712 3575 807 3628 τοῦ
863 3575 1071 3647 Κυρίου
1103 3576 1470 3642 διδάσκοντος,
1529 3576 1689 3631 ὣδινε
1719 3581 1819 3647 μὲν
1860 3580 1919 3633 ἐν

320 3668 669 3738 ἀποῤῥήτοις
696 3669 788 3722 τὸν
813 3669 1010 3738 φθόνον
1034 3709 1049 3734 ,
1089 3672 1311 3741 κατεῖχε
1339 3670 1396 3723 δὲ
1428 3671 1585 3741 μόλις
1646 3671 1921 3742 μηδεμίαν

323 3759 604 3829 εὑρίσκων
625 3761 821 3831 λαϐήν.
855 3763 929 3815 Τὸ
963 3763 1021 3816 δὲ
1051 3763 1358 3834 παράδοξον
1386 3763 1576 3833 θαῦμα
1609 3763 1918 3833 τεθεακὼς,

323 3853 654 3926 διαρρήσσει
686 3858 784 3926 τὴν
816 3857 1225 3926 ὲνδομυχοῦσαν
1278 3857 1505 3920 κακίαν,
1532 3857 1623 3909 καὶ
1662 3858 1743 3920 είς
1802 3857 1920 3926 φῶς

325 3947 602 4016 προσάγει
639 3947 737 4000 τοῦ
771 3947 968 4016 φθόνου
999 3949 1060 4001 τὸ
1095 3948 1520 4018 ἀμόλωθρίδιον.
1583 3949 1770 4018 Ἀφεὶς
1806 3949 1919 4020 γὰρ

323 4039 654 4110 θαυμάζειν,
688 4041 787 4110 τὴν
816 4041 910 4094 τοῦ
943 4042 1108 4111 νόμου
1139 4043 1456 4112 παράϐασιν
1481 4042 1644 4112 δῆθεν
1672 4043 1918 4113 προϐάλ-

321 4134 500 4198 λεται,
526 4132 592 4186 οὐ
645 4133 707 4186 τὸ
755 4133 1038 4188 Σάϐὄατον
1065 4134 1272 4204 μᾶλλον
1303 4134 1502 4204 τιμῶν,
1537 4136 1570 4206 ἢ
1597 4137 1711 4201 τοῖς
1747 4135 1916 4207 θεραο

322 4227 654 4295 πενομένοις
685 4225 1018 4296 ἐπιφθονῶν.
1068 4225 1211 4280 Ἀλλ’
1244 4227 1682 4298 ἀνεπικούρητον
1718 4229 1808 4282 ἀεὶ
1857 4229 1919 4282 τὸ

316 4319 517 4387 ψεῦδος
541 4321 635 4389 ἀφ’
660 4320 882 4387 ἑαυτοῦ,
914 4321 1090 4392 ῥᾷστα
1144 4320 1296 4390 παρά
1329 4319 1440 4374 τῶν
1492 4320 1787 4392 σωφρόνων
1840 4321 1920 4375 δι-

321 4413 705 4484 ελεγχόμενον.
751 4413 812 4468 '0
844 4413 947 4481 μὲν
975 4413 1086 4484 γὰρ
1117 4412 1174 4466 δὲ
1223 4412 1590 4482 δυσφορηκὼς
1619 4414 1916 4483 ἀναισχυν-

321 4507 407 4558 τεῖ
430 4506 756 4577 προφανῶς,
785 4507 883 4561 καὶ
911 4505 990 4577 τῷ
1021 4505 1261 4578 θαύματι
1285 4503 1571 4572 ἀντεξάγει
1595 4505 1693 4576 τῆς
1717 4503 1914 4559 ἑαυτοῦ

2015 611 2126 656 tum
2168 597 2504 653 inﬁrmitatis
2549 597 2706 653 annis
2750 597 2940 654 decem
2971 605 3026 653 et
3059 607 3204 655 octo.
3245 618 3264 652 ι
3303 601 3602 660 Considera

2017 704 2283 764 quantum
2338 693 2638 748 increverit
2666 693 2894 761 malum,
2933 704 2990 750 et
3021 709 3185 763 quam
3223 711 3419 767 magna
3463 697 3611 753 intir-

2019 789 2183 843 tnitas
2231 787 2432 853 fuerit;
2464 801 2564 857 per
2593 794 2728 858 quot
2759 801 3034 844 annorum
3064 791 3237 859 spatia
3283 791 3608 846 miserabilis

2014 883 2216 938 mulier
2244 881 2510 952 pecudum
2549 881 2658 936 ritu
2692 896 2893 938 cernua
2929 897 3028 938 nec
3058 882 3111 937 in
3143 882 3266 940 cteli
3300 882 3608 954 pulchritu-

2014 973 2202 1029 dinem
2232 973 2398 1044 (igere
2434 973 2705 1036 obtutum,
2739 987 2920 1044 neque
2969 975 3023 1028 in
3055 976 3462 1031 occurrentium
3500 976 3606 1030 sibi

2014 1066 2197 1122 vultus
2215 1073 2468 1138 potuerat
2497 1066 2723 1132 intueri,
2747 1068 2842 1122 sed
2865 1067 3048 1122 lunata
3072 1078 3410 1138 curvataque
3438 1070 3612 1122 instar

2013 1159 2266 1224 fornicis,
2315 1161 2565 1217 daemone
2607 1163 2761 1231 quasi
2825 1161 3062 1232 quodam
3112 1163 3319 1233 plumbi
3369 1165 3608 1233 pondere

2014 1253 2381 1325 opprimente,
2435 1262 2491 1310 et
2533 1254 2757 1310 dorsum
2809 1254 3119 1312 intlectente
3166 1256 3477 1325 pandabat;
3541 1258 3608 1309 ad

2022 1361 2143 1400 eam
2177 1346 2346 1416 igitur
2374 1346 2672 1402 sanandam
2718 1357 2916 1418 sponte
2947 1363 3044 1404 sua
3072 1347 3231 1403 Jesus
3259 1349 3520 1408 accurrit,
3555 1357 3610 1400 et

2016 1453 2116 1508 pro
2146 1439 2337 1494 innata
2387 1440 2492 1494 sibi
2535 1453 2664 1512 erga
2717 1440 2993 1496 hominem
3029 1440 3320 1496 clementia
3357 1449 3608 1494 naturam

2014 1532 2312 1587 humanam
2348 1531 2431 1587 sic
2474 1531 2811 1588 ludiﬁcatam
2860 1548 2890 1588 a
2925 1535 3173 1590 daemone
3206 1533 3512 1596 miseratus,
3555 1543 3612 1587 et

2014 1641 2204 1682 vocem
2231 1628 2433 1683 emittit
2459 1627 2634 1684 morbi
2661 1628 3018 1700 expultricem
3046 1647 3061 1684 :
3096 1649 3114 1682 ‹
3150 1627 3362 1692 Mulier.
3384 1627 3611 1683 dimissa

2016 1735 2077 1776 es
2102 1721 2171 1776 ab
2204 1720 2528 1777 infirmitate
2555 1731 2678 1789 tua;
2721 1741 2741 1774 ι
2773 1732 2829 1778 ct
2863 1723 3030 1778 verbo
3065 1732 3268 1778 tactum
3312 1721 3556 1793 adiungit
3594 1739 3608 1776 :

2027 1829 2044 1863 ι
2080 1809 2527 1882 lmposuitenim,
2562 1812 2764 1882 inquit,
2801 1812 2877 1866 illi
2913 1827 3108 1869 manus
3138 1823 3191 1868 et
3232 1821 3416 1868 erecta
3445 1821 3550 1868 est.
3585 1829 3604 1862 ι

2020 1907 2322 1964 Considera
2375 1924 2509 1964 vero
2568 1918 2964 1980 congruentem
3023 1910 3241 1980 corpori
3296 1919 3352 1966 et
3417 1911 3612 1964 animm

2020 2002 2127 2072 72
2179 2001 2534 2058 medicinam.
2589 2003 2860 2069 Quoniam
2903 2005 3052 2058 enim
3098 2017 3363 2074 peccante
3425 2003 3612 2059 anima

2019 2094 2281 2149 traditum
2309 2102 2430 2149 erat
2457 2093 2676 2150 Satanae
2708 2111 2906 2166 corpus
2940 2098 3005 2151 ad
3041 2111 3279 2166 ptenam,
3321 2113 3418 2168 per
3448 2100 3613 2153 verba

2021 2187 2246 2258 quidem
2279 2203 2311 2243 a
2353 2199 2705 2259 peccatorum
2763 2200 2914 2244 reatu
2948 2191 3026 2262 (5)
3075 2190 3306 2247 absolvit
3352 2192 3610 2253 animam.

2021 2293 2122 2346 per
2171 2279 2412 2334 divinum
2462 2295 2592 2336 vero
2633 2292 2996 2350 contactum,
3047 2299 3249 2354 corpus
3297 2285 3352 2339 in
3407 2295 3611 2340 terram

2024 2380 2184 2426 antea
2215 2385 2447 2442 vergens
2479 2373 2745 2428 restituit.

2100 2578 2119 2611 ι
2161 2558 2511 2627 Respondens
2550 2571 2732 2614 autent
2763 2559 3224 2632 archisynagogus
3287 2561 3598 2630 indignans,

2023 2651 2166 2722 qund
2205 2650 2443 2706 Sabbato
2463 2661 2709 2706 curasset
2745 2649 2925 2718 Jesus,
2960 2651 3178 2708 dicebat
3208 2652 3378 2706 turba:
3424 2671 3436 2705 :
3506 2653 3614 2707 Sex

2024 2744 2142 2798 dies
2176 2752 2322 2806 sunt,
2369 2743 2651 2810 inquibus
2685 2752 2900 2811 oportet
2949 2743 3192 2812 onerari;
3239 2742 3296 2796 in
3347 2743 3431 2796 his
3479 2757 3611 2811 ergo

2024 2837 2226 2898 venite,
2253 2845 2308 2891 et
2337 2836 2626 2903 curamini,
2659 2843 2711 2890 et
2738 2851 2843 2890 non
2890 2836 2944 2891 in
2991 2835 3079 2891 die
3105 2835 3350 2891 Sabbati.
3384 2855 3403 2889 ι
3440 2836 3614 2903 Quam

2027 2938 2185 2983 atrox
2235 2938 2319 2982 est
2369 2928 2587 2983 invidite
2648 2929 2829 2998 passio
2875 2927 3121 2983 altricem
3181 2927 3325 2982 illius
3375 2929 3612 2982 animam

2027 3021 2148 3074 tabe
2178 3020 2472 3075 conﬁciens
2502 3019 2602 3090 (4;,
2632 3034 2752 3087 quae
2801 3033 2975 3087 neque
3015 3017 3182 3072 latere
3211 3024 3406 3086 potest.
3444 3017 3609 3070 etiam

2026 3112 2071 3168 si
2101 3111 2375 3182 paulisper
2403 3122 2687 3181 personata
2712 3111 2849 3166 facie
2886 3110 3277 3167 abscondatur.
3351 3107 3420 3164 Ut
3478 3110 3618 3178 ignis

2026 3204 2126 3258 sub
2157 3203 2328 3273 paleis
2371 3204 2620 3258 conditus
2660 3217 2840 3256 acrem
2874 3203 3092 3256 interim
3126 3202 3330 3255 fumum
3394 3200 3616 3264 emittit,

2025 3295 2068 3350 si
2110 3311 2238 3350 vero
2272 3311 2396 3351 eum
2425 3294 2594 3350 etilari
2627 3295 2928 3364 contingat,
2958 3295 3070 3365 jam
3103 3295 3305 3350 excitat
3338 3292 3612 3347 ﬂammam

2025 3399 2231 3457 aperte,
2265 3389 2445 3444 simile
2483 3389 2736 3458 quiddam
2767 3399 2821 3444 et
2863 3388 2990 3443 huic
3040 3388 3239 3443 stolido
3297 3388 3611 3458 archisyna—

2025 3499 2164 3554 gogo
2209 3487 2466 3541 usuveuit
2505 3504 2518 3540 :
2563 3487 2656 3557 qui
2699 3486 2929 3541 docente
2984 3486 3210 3542 Domino
3285 3486 3338 3539 in
3407 3485 3616 3540 intimis

2027 3580 2338 3646 prmcordiis
2366 3581 2700 3650 parturiehat
2729 3581 3011 3647 invidiam,
3083 3595 3314 3650 eamque
3369 3579 3614 3634 contine-

2026 3671 2120 3727 bat
2148 3688 2289 3739 aegre
2316 3673 2516 3726 nullam
2540 3672 2720 3726 adhuc
2745 3681 2940 3726 nactus
2967 3672 3340 3737 occasionem,
3370 3671 3460 3725 ttbi
3485 3685 3616 3725 vero

2024 3767 2362 3836 inopinatum
2401 3767 2726 3821 miraculum
2765 3767 2918 3829 vidit,
2954 3767 3211 3820 latentem
3261 3764 3314 3818 in
3365 3773 3617 3834 pcnetra-

2023 3858 2165 3914 lihus
2189 3859 2372 3914 cordis
2414 3857 2712 3928 nequitiam
2746 3859 3004 3926 erumpit,
3039 3865 3092 3910 et
3157 3854 3364 3925 profert
3422 3854 3474 3908 in
3527 3853 3613 3906 lu-

2025 3967 2140 4006 cem
2199 3952 2473 4007 abortum.
2531 3950 2716 4005 Mirari
2782 3950 2928 4004 enim
2985 3949 3247 4004 omittens
3285 3946 3476 4016 objicit
3531 3944 3614 3998 illi

2023 4045 2166 4112 quod
2201 4044 2372 4114 legem
2419 4041 2678 4099 videlicet
2725 4041 3006 4108 violasset,
3074 4057 3179 4094 non
3244 4049 3351 4092 tam
3385 4035 3613 4092 Sabbati

2025 4135 2294 4190 rationem
2329 4134 2562 4199 habens,
2588 4145 2753 4204 quam
2786 4134 2993 4190 sanatis
3041 4131 3404 4187 valetudinem
3469 4127 3614 4184 invi-

2025 4228 2179 4284 dens.
2213 4226 2322 4283 Sed
2367 4226 2714 4283 mendacium
2748 4239 2964 4296 semper
3017 4224 3219 4278 auxilio
3277 4221 3614 4288 destituitur,

2024 4330 2080 4376 et
2137 4335 2168 4374 a
2211 4319 2551 4390 sapientibus
2607 4318 2867 4374 facillime
2912 4318 3246 4388 coarguitur.
3307 4316 3411 4384 Qui
3464 4317 3612 4372 enim

2025 4413 2214 4482 iniquo
2265 4414 2450 4467 animo
2505 4426 2618 4468 rem
2678 4410 2908 4477 ferebat,
2975 4410 3083 4465 vim
3142 4419 3326 4479 aperta
3373 4408 3614 4476 loquitur

2029 4506 2390 4578 impudentia.
2447 4515 2502 4562 et
2564 4505 2831 4562 mira-culo
2882 4520 2995 4561 suae
3069 4504 3240 4574 ipsius
3304 4500 3614 4557 invidentia:

1568 4620 1899 4684 Francisci
1928 4621 2141 4686 Scorsi
2180 4628 2374 4685 nota).

394 4727 554 4797 (2iln
575 4725 769 4782 Graeco
786 4735 872 4782 est
892 4725 1198 4798 καυτῆρες,
1219 4727 1316 4782 sed
1340 4725 1486 4798 idem
1503 4725 1673 4798 valet,
1693 4725 1912 4798 e_adem-
1943 4731 1990 4787 D
2020 4736 2260 4798 sanatos
2273 4726 2605 4798 credendum
2637 4735 2740 4792 est,
2766 4735 2822 4798 ut
2856 4724 3198 4798 Dialilonatus
3229 4723 3328 4798 ait.

325 4795 431 4864 qua
467 4799 643 4852 forma
691 4808 802 4852 tttm
839 4795 1147 4867 origine'ac
1181 4797 1502 4868 καυτήριον,
1533 4797 1676 4868 quod
1699 4795 1912 4868 Latine

323 4869 632 4924 rattterium
667 4869 902 4934 reddas;
939 4878 1131 4924 eauter
1155 4878 1336 4923 autem
1369 4867 1665 4922 minusest
1696 4867 1748 4920 in
1785 4883 1908 4922 usu.

325 4943 632 5008 Utrmnque
685 4938 1012 4994 vocabulum
1059 4938 1330 5008 signiﬁcat
1392 4936 1597 4992 ferrum
1656 4937 1908 5007 ignitttm,

325 5013 410 5066 vel
469 5011 899 5064 instrumentum
960 5009 1284 5078 chirurgicae
1336 5009 1496 5070 artis,
1553 5023 1665 5078 quo
1713 5024 1910 5064 carnes

323 5081 557 5152 putrida
596 5080 922 5152 aduruntur,
958 5081 1042 5136 vel
1077 5091 1236 5152 certe
1260 5087 1561 5152 nolantttr._
1579 5079 1702 5134 Vult
1743 5078 1912 5147 igitur

324 5149 385 5206 ea
425 5152 748 5215 metaphora
789 5149 1193 5221 Theophanes:
1226 5150 1282 5205 in
1313 5149 1513 5221 quibus
1540 5149 1687 5206 Deus
1719 5166 1823 5204 non
1850 5165 1915 5205 ca

324 5225 501 5277 utitur
551 5220 1018 5288 providentia,’ut
1068 5221 1276 5276 morbis
1332 5220 1596 5290 malisque
1638 5223 1912 5290 corporis,

324 5293 409 5348 vel
464 5292 533 5345 ab
574 5301 729 5347 utero
764 5293 954 5346 matris
994 5291 1318 5356 contractis,
1373 5288 1614 5345 futuram
1663 5288 1918 5346 coerceat

326 5364 763 5433 improbitatem,
789 5377 885 5417 eos
909 5378 1011 5433 per
1035 5363 1139 5417 alia
1178 5364 1430 5433 graviora
1463 5361 1726 5433 remedia,
1753 5363 1909 5431 quasi

322 5431 423 5503 per
447 5433 789 5488 adustionem
826 5431 1143 5503 pttfrefaclze
1177 5431 1362 5503 carnis
1391 5446 1420 5484 a
1454 5432 1600 5488 vitiis
1639 5433 1755 5486 suis
1787 5447 1908 5487 esse

325 5501 636 5567 sanandos;
660 5501 1010 5574 juxta'iliud,
1037 5503 1184 5574 quod
1214 5501 1406 5556 orabat
1439 5503 1502 5557 D.
1535 5503 1902 5574 Augustinqu

326 5577 433 5630 llic
477 5591 595 5640 ure,
634 5570 722 5630 hic
759 5590 903 5638 seca,
928 5583 986 5627 ut
1020 5570 1075 5628 in
1119 5583 1374 5629 wternum
1419 5570 1642 5642 parcasf
1683 5570 1910 5627 Correxi

325 5660 462 5700 vero
487 5661 552 5699 ex
583 5646 648 5702 C.
685 5645 750 5700 V.
782 5644 872 5699 ubi
913 5644 1113 5698 rectius
1150 5644 1414 5712 scriptum
1449 5655 1534 5700 est
1573 5642 1727 5699 ἄλλοι
1777 5643 1913 5698 alio-

328 5732 452 5770 rum
481 5718 808 5787 scripturam
833 5715 948 5769 ἀλλ’
989 5715 1038 5768 oi
1069 5715 1365 5787 καυτήρες.

399 5789 480 5854 (3)
519 5789 560 5840 Α
592 5784 938 5855 peccatorum
985 5797 1158 5839 reatu.
1195 5784 1352 5837 Nulla
1389 5785 1596 5855 mentio
1629 5785 1681 5838 in
1735 5784 1914 5838 Evan-

330 5861 474 5927 galia
501 5854 724 5928 peccata
761 5859 888 5910 huic
937 5856 1147 5928 ntul:eri
1195 5855 1366 5909 fuisse
1409 5854 1768 5928 condonata;
1810 5856 1911 5928 sed

335 5923 513 5986 iamen'
543 5932 610 5987 de
631 5928 914 6001 plerisque
943 5927 1034 5997 qui
1067 5941 1320 5999 corpore,
1346 5926 1530 5982 animo
1555 5925 1715 5982 etiam
1744 5923 1911 5982 fuisse

2096 4797 2173 4867 (ὁ)
2217 4795 2358 4852 Tabe
2419 4797 2726 4866 conficiens.
2778 4797 2830 4851 In
2885 4795 3005 4851 Vat.
3053 4795 3248 4867 legitur
3292 4793 3609 4864 ύποτύφων,

2021 4865 2362 4927 succendens.
2401 4869 2496 4923 sed
2522 4865 2750 4922 rectius
2789 4868 2974 4922 censui
3030 4865 3250 4921 ex'aliis
3285 4880 3442 4927 mss.,
3473 4868 3614 4918 ὐπο-

2019 4940 2224 5010 τήκων,
2250 4939 2589 5010 labefaciens.
2624 4938 2689 4993 Et
2713 4937 2956 5010 profecto
2974 4938 3095 5010 haec
3115 4937 3428 5010 invidentia:
3457 4938 3610 5010 tabes

2021 5006 2106 5063 cui
2145 5006 2431 5078 poetarum
2465 5024 2568 5062 non
2607 5011 2891 5063 decantata
2917 5009 2941 5062 ?
2969 5006 3117 5062 Edax
3143 5006 3286 5061 livor
3311 5007 3438 5062 inde
3461 5007 3609 5063 dicta

2020 5079 2236 5140 Ovidio,
2267 5081 2451 5134 Amor.
2494 5079 2588 5134 lib.
2621 5096 2636 5134 ι
2671 5099 2684 5133 :

2091 5148 2235 5217 Quid
2268 5150 2414 5213 mihi,
2444 5149 2582 5204 livor
2605 5152 2760 5221 edax,
2788 5150 3003 5221 ignavos
3036 5147 3226 5220 objicit
3247 5166 3416 5204 annos
3440 5152 3468 5206 2

2015 5220 2310 5276 Lucretius
2338 5221 2568 5289 pulchre
2601 5220 2696 5276 lib.
2727 5220 2829 5275 ιιιὶ

2088 5290 2328 5345 Macerat
2361 5291 2565 5345 invidia
2598 5303 2718 5345 ante
2746 5291 2925 5347 oculos
2959 5293 3109 5348 illum
3143 5310 3255 5350 esse
3283 5297 3565 5360 potentem,

2088 5360 2251 5433 Illum
2278 5363 2563 5433 aspectari,
2604 5363 2748 5416 claro
2780 5367 2875 5433 qui
2899 5365 3092 5418 incedit
3115 5365 3336 5427 honore,

2088 5431 2198 5506 Ipsi
2225 5448 2280 5486 se
2302 5433 2354 5484 in
2381 5432 2619 5506 tenebris
2638 5433 2774 5506 volvi
2793 5431 3048 5506 caenoque
3074 5445 3389 5506 querunt_ur_.

2013 5503 2226 5575 δηιςιιιῃ
2264 5512 2354 5575 est
2378 5503 2541 5556 etiam
2567 5504 2697 5575 illud
2726 5502 3064 5575 epigramma
3086 5502 3161 5559 ex
3186 5503 3410 5560 Anthol.
3437 5502 3533 5558 lib.
3561 5519 3602 5568 ι,

2009 5585 2063 5628 et
2098 5575 2159 5626 τὸ
2190 5573 2484 5643 ύποτήκων
2515 5574 2660 5643 quod
2687 5573 2777 5629 ait'
2798 5573 3010 5640 noster,
3046 5583 3198 5629 notat
3224 5593 3236 5627 :

2018 5645 2080 5698 '0
2111 5645 2307 5716 φθόνος
2343 5641 2462 5716 ἐστὶ
2496 5641 2787 5716 κάκιστονο
2817 5647 2930 5716 ἔχει
2962 5645 3020 5698 δέ
3050 5662 3103 5698 τι
3133 5643 3299 5716 καλὸν
3325 5642 3387 5696 ἐν
3418 5641 3600 5712 αύτῷ⁸

2011 5713 2321 5787 Ἰξήκειγγάρ
2346 5713 2626 5787 φθονερῶν
2659 5713 2911 5787 impetrat,
2940 5716 3034 5768 καὶ
3063 5714 3315 5787 καρδίην.

2012 5783 2230 5840 Grande
2281 5783 2483 5839 malum
2515 5783 2725 5840 invidia
2746 5783 2845 5842 ω
2871 5803 2889 5852 ;
2939 5797 3114 5838 tamen
3141 5783 3239 5838 hoc
3269 5783 3521 5928 bo[nliltatis
3548 5784 3604 5838 in

3344 5872 3356 5907 t
3405 5871 3436 5910 a
3472 5864 3548 5910 est
3580 5868 3600 5908 ε

3344 5856 3436 5910 ilia
3472 5864 3548 5910 est
3580 5868 3600 5908 :

2013 5925 2119 5985 Cor
2145 5927 2304 5986 etiam
2333 5943 2549 5984 osorum
2578 5929 2816 5997 devorat,
2855 5936 3010 5999 atque
3037 5924 3241 5982 oculos.
