4072 6476
474 422 581 490 319

1678 424 2174 488 THEOPIIANIS
2212 426 2554 488 CERAMEI

3633 428 3743 493 320

480 536 612 590 illud
636 534 1003 603 adjumentum
1032 550 1142 590 suae
1173 533 1416 589 avaritia:
1442 535 1587 592 fures
1625 550 1928 596 assumunt.
1981 542 2055 596 Ita

2193 544 2329 597 θνῶν
2362 545 2498 596 εἰσιν
2522 540 2862 610 ἀθλιώτεροι.
2908 540 3163 600 Κλεινίας
3217 556 3320 604 τις,
3353 538 3553 608 Ἕλλην
3582 540 3746 612 ἀνὴρ.

481 628 654 682 multo
706 629 1004 684 deteriores
1054 638 1182 683 sunt
1227 630 1479 697 gentibus
1530 630 1652 685 ﬁdei
1714 636 2055 703 expertibus.

480 719 690 776 Clinias
725 724 940 790 quidam
972 722 1084 793 (l7)
1138 722 1359 780 Gra'cus
1400 727 1560 779 homo
1614 727 1774 781 trium
1835 729 2063 784 talento—

482 828 602 867 rum
632 818 883 866 dammtm
934 812 1075 868 ferre
1097 831 1260 885 quam
1297 817 1483 885 jurare
1522 820 1731 885 maluit,
1770 832 1823 874 et
1862 823 2060 877 talenta

483 905 629 958 dedit
659 907 987 969 accusatori,
1020 922 1118 962 nec
1151 907 1352 975 juravit
1380 927 1394 975 ;
1426 912 1677 980 quodque
1726 914 1899 983 majus
1956 927 2061 982 est,

481 1009 602 1047 cum
650 1011 755 1048 non
815 1007 959 1050 esset
1006 998 1365 1066 pejeraturus.
1408 1004 1600 1055 Annon
1664 1003 1827 1073 igitur
1875 1020 2063 1060 smnus

481 1086 770 1154 gentilibus
804 1090 1133 1156 ttequiorrs?
1158 1089 1290 1144 Cum
1327 1094 1450 1160 quis
1478 1094 1820 1147 adversarius
1862 1106 1984 1148 tuus
2015 1108 2065 1149 te

475 1175 661 1245 jurare
720 1181 1016 1247 compellit,
1081 1193 1134 1235 et
1189 1186 1339 1251 ponit
1401 1195 1525 1238 ante
1595 1196 1662 1246 te.
1696 1188 2061 1240 venerandum

481 1268 755 1338 Evangelii
797 1273 1015 1338 librum,
1053 1277 1261 1331 omisso
1294 1275 1605 1344 iuramento
1638 1279 1837 1333 librum
1886 1282 2063 1349 ipsum

481 1366 657 1430 aperi,
694 1376 748 1417 et
778 1367 893 1436 lege
922 1369 1047 1433 quid
1079 1369 1265 1437 jubeat
1307 1370 1565 1424 Dominus
1597 1389 1611 1424 :
1648 1391 1667 1424 ‹
1728 1374 1841 1443 Ego
1885 1386 2064 1427 autem

482 1457 605 1509 dico
627 1460 802 1522 vobis,
835 1463 1143 1527 noujurarc
1188 1465 1430 1529 omnino,
1476 1480 1652 1535 neque
1710 1483 1803 1536 per
1842 1467 2064 1532 caelum,

483 1549 610 1616 quia
654 1552 882 1606 thronus
929 1552 1018 1607 Dei
1061 1566 1170 1620 est;
1220 1571 1393 1625 neque
1454 1574 1548 1627 per
1613 1558 2065 1631 Hierosolymam,

485 1643 611 1710 quia
668 1646 865 1700 civitas
913 1658 994 1702 est
1033 1652 1209 1719 magni
1264 1652 1407 1721 regis
1456 1670 1472 1719 ;
1538 1669 1712 1721 neque
1768 1670 1859 1723 per
1903 1666 2067 1724 eaput

488 1744 637 1787 tuum
668 1737 960 1803 juravet‘is,
995 1756 1167 1809 neque
1194 1742 1339 1795 enim
1403 1755 1555 1807 potes
1595 1760 1760 1797 unum
1812 1745 2065 1813 rapilluut

489 1826 668 1881 album
701 1829 880 1885 facere
918 1840 1013 1885 aut
1048 1833 1258 1901 nigrum
1292 1833 1435 1897 “'3‘,
1467 1855 1485 1886 ι
1527 1837 1881 1904 pvrltorresce
1944 1854 2065 1892 ver-

489 1920 638 1986 bum,
690 1923 1012 1989 pertitnesce
1085 1928 1419 1981 mandatum.

491 2011 763 2081 Evangelii
788 2031 1032 2084 scopum,
1061 2033 1163 2071 ttou
1196 2020 1340 2072 enim
1385 2019 1706 2087 simpliciter
1739 2020 1849 2091 (l8)
1879 2022 2066 2086 iurare

490 2120 586 2173 per
616 2109 811 2160 ctelum
847 2120 990 2163 vetat
1023 2131 1037 2167 ε
1070 2127 1246 2177 neque
1272 2111 1412 2165 haue
1449 2110 1876 2183 Hierosolymam
1914 2115 2068 2177 dicit,

491 2213 653 2265 quam
685 2200 836 2254 multi
872 2216 1015 2271 saepe
1056 2200 1363 2267 Persarum,
1385 2212 1438 2255 et
1459 2201 1507 2255 Μ
1528 2205 1757 2268 οιιοτυιιι,
1783 2214 1836 2257 et
1866 2204 2069 2259 [towa-

495 2306 689 2345 norum
724 2295 998 2349 exercitus
1030 2307 1440 2365 Oppugnarunt;
1471 2298 1563 2352 sed
1615 2298 1811 2352 coelum
1853 2299 2071 2367 quidem

494 2393 653 2438 vocat
704 2386 1091 2456 intelligibileut
1157 2390 1521 2443 Cbcrubicum
1565 2392 1817 2444 thronum
1873 2407 2073 2457 suum;

497 2472 926 2545 Hierosolymam
961 2495 1089 2534 vero
1114 2497 1405 2551 supernam
1442 2482 1532 2538 Dei
1584 2484 1947 2554 metmpolim,
2012 2487 2078 2538 de

494 2583 599 2636 qua
630 2569 862 2638 l«gloriosa
894 2573 1031 2627 dicta
1067 2587 1215 2641 sunt,
1279 2586 1333 2628 ut
1396 2577 1663 2645 Propheta
1720 2577 1771 2631 lo
1790 2578 1959 2648 ptitur
1991 2579 2074 2645 ³⁸;

497 2672 657 2727 caput
686 2677 837 2724 vero,
882 2681 973 2731 per
1022 2666 1160 2734 quod
1201 2667 1393 2734 jnrare
1433 2670 1706 2735 prohibet,
1758 2687 1861 2723 non
1933 2672 2079 2726 aliud

497 2758 723 2809 Omnino
745 2759 999 2812 convenit
1027 2759 1345 2829 intelligere,
1399 2779 1563 2829 quam
1613 2776 1777 2833 caput
1836 2766 2079 2819 omnium

500 2859 769 2915 uestrum,
820 2852 933 2905 haec
988 2852 1101 2921 ipsa
1151 2855 1550 2923 praecipientem
1610 2855 1908 2911 Christum.
1964 2856 2081 2911 Hu-

495 2940 649 3009 jusce
679 2942 876 3011 quippe
907 2945 1102 3013 capitis
1135 2947 1313 3013 capilli
1351 2963 1523 3015 neque
1558 2947 1869 3015 albescunt,
1906 2965 2084 3019 neque

503 3035 838 3104 nigrescunt.
896 3034 1241 3093 luvariabilis
1297 3040 1442 3093 enim
1498 3052 1583 3095 est
1619 3043 1803 3095 divina
1840 3052 2035 3097 natura
2063 3084 2077 3110 ,

506 3145 680 3199 neque
704 3131 1034 3199 nigrescens.
1061 3149 1235 3202 neque
1262 3150 1569 3189 senescens.
1608 3137 1688 3189 Sit
1722 3137 1885 3205 igitur
1907 3153 2088 3193 sermo

505 3233 690 3276 uoster
722 3222 833 3289 Est,
864 3236 970 3289 εει,
1002 3224 1137 3285 Non,
1172 3241 1277 3280 non
1308 3227 1374 3281 ".
1414 3227 1482 3280 At
1514 3242 1620 3281 non
1655 3230 1848 3294 credit,
1886 3228 2083 3299 inquit.

507 3314 597 3379 qui
655 3332 865 3370 mecum
911 3318 1195 3373 contendit
1230 3336 1324 3387 per
1344 3321 1541 3384 solum,
1593 3322 1706 3386 Est,
1765 3336 1885 3377 mea
1940 3324 2082 3377 diota

2168 636 2463 705 προέκρινε
2524 634 2731 704 ζημίαν
2781 632 3087 700 ὑποστῆναι
3147 630 3430 684 ταλάντων
3484 633 3675 702 τριῶν,
3714 633 3751 702 ἦ

2164 726 2384 793 ὀμόσαι.
2424 725 2532 776 Καὶ
2562 723 2762 777 δέδωκε
2792 723 2871 793 τῷ
2906 722 3200 791 κατηγόρῳ
3236 722 3496 778 τάλαντα.
3525 724 3619 775 καὶ
3647 724 3751 776 οὐκ

2164 817 2363 885 ὃμοσε·
2402 814 2698 869 καὶταῦτα
2726 816 2802 885 μὴ
2842 815 3051 885 μέλλων
3102 816 3402 882 ἐπιορκεῖν.
3466 808 3614 882 τΑριι
3652 810 3754 866 οὖν

2165 909 2267 962 οὐκ
2306 909 2473 977 ὲςμὲν
2516 908 2607 961 καὶ
2664 907 2773 960 τῶν
2817 906 3089 976 Ἐλλήνων
3152 907 3332 959 αὐτῶν
3383 904 3753 974 ἁθλιώτεροις

2178 1000 2447 1069 ὐπηνίκα
2473 1018 2554 1062 τις
2580 1000 2849 1061 ἀντίδικος
2896 998 2971 1051 ὣν
3022 999 3325 1069 ὲνορκῶσαί
3356 1016 3415 1051 σε
3477 999 3759 1067 βούλεται,

2168 1092 2263 1144 καί
2290 1110 2369 1144 σοι
2400 1092 2614 1157 τίθησιν
2637 1093 2949 1160 ἔμπροσθεν
2986 1092 3084 1160 τὴν
3110 1091 3415 1158 σεϐασμίαν
3449 1091 3555 1144 τῶν
3574 1092 3761 1159 Εὐαγ-

2167 1185 2364 1252 γελίων
2404 1185 2659 1246 πυκτίδα,
2694 1185 2850 1251 ἀφεὶς
2880 1183 3126 1253 ὀμνύειν,
3180 1183 3491 1247 ἀνάπτυξον
3524 1183 3758 1253 ταύτην,

2167 1278 2444 1346 ἀνάγνωθι
2500 1277 2553 1329 τί
2587 1278 2614 1328 ὁ
2669 1277 2945 1345 Δεσπότης
2996 1275 3373 1329 διακελεύεται
3403 1291 3415 1305 ’
3476 1295 3493 1327 t
3525 1275 3671 1344 Ἐγὼ
3696 1274 3763 1328 δὲ

2168 1371 2311 1439 λέγω
2350 1371 2500 1439 ὑμῖν,
2523 1370 2600 1440 μὴ
2630 1369 2826 1438 ὀμόσαι
2855 1370 3013 1433 ὅλως,
3036 1370 3176 1438 μήτε
3210 1372 3269 1422 ὲν
3301 1369 3379 1438 τῷ
3399 1368 3638 1438 οὐρανῷ,
3671 1369 3762 1421 ὅτι

2171 1461 2357 1531 θρόνος
2409 1462 2527 1515 ἐστὶ
2585 1461 2679 1514 τοῦ
2715 1461 2875 1525 Θεοῦ,
2935 1462 3073 1531 μήτε
3102 1462 3160 1514 ὲν
3220 1460 3638 1530 Ἰεροσολύμοις,
3674 1461 3766 1512 ὅτι

2171 1554 2328 1618 πόλις
2360 1555 2475 1606 ἐστὶ
2505 1552 2598 1607 τοῦ
2629 1553 2866 1624 μεγάλου
2896 1552 3187 1622 βασιλέως,
3228 1554 3367 1622 μήτε
3410 1554 3467 1604 ὲν
3492 1554 3558 1622 τῇ
3585 1569 3764 1621 κεφα-

2170 1648 2237 1718 λῇ
2270 1665 2363 1701 σου
2391 1648 2621 1719 ὀμόσῃς,
2661 1648 2743 1700 ὅτι
2767 1647 2829 1700 οὐ
2863 1645 3092 1699 δύνασαι
3126 1645 3256 1713 μίαν
3277 1644 3440 1713 τρίχα
3466 1645 3693 1714 λευκὴν,
3720 1644 3761 1715 ἢ

2176 1746 2435 1816 μέλαιναν
2476 1746 2737 1812 ποιῆσαι·
2780 1764 2799 1794 ι
2854 1742 3048 1813 φρίξον
3082 1742 3143 1794 τὺ
3174 1742 3329 1813 ῥῆμα
3352 1782 3367 1806 ,
3402 1742 3672 1812 φοϐήθητι
3697 1742 3769 1795 τὸ

2174 1838 2563 1908 παράγγελμα.
2584 1837 2757 1890 Είσιθι
2788 1836 2924 1905 πρὸς
2955 1836 3046 1889 τὸν
3076 1834 3277 1904 ἀκριϐῆ
3298 1834 3391 1887 τοῦ
3420 1834 3768 1903 Εὐαγγελίου

1500 1926 1730 1981 Penetra
1794 1928 2068 1983 subtiliter

2193 1930 2397 1983 ςκοπόν.
2441 1931 2516 1982 Οὐ
2558 1928 2667 1997 γὰρ
2725 1928 2911 1990 ἁπλῶς
2963 1928 3200 1979 ποιεῖται
3236 1926 3332 1979 τὸν
3363 1926 3593 1995 οὐρανὸν
3622 1926 3772 1978 ἀπόο

2178 2016 2552 2088 μωτονόὑδὲ
2605 2017 2810 2086 ταύτην
2862 2016 3012 2083 λέγει
3068 2017 3169 2085 τὴν
3237 2015 3628 2086 Ἰερουσαλὴμ,
3695 2016 3771 2084 ἦν

2181 2108 2350 2163 πολλὰ
2407 2108 2667 2168 πολλάκις
2722 2106 3066 2176 στρατόπεδα
3115 2107 3365 2177 Περσῶν,
3414 2108 3510 2159 καὶ
3539 2105 3772 2176 Μήδων,

2180 2202 2274 2254 καὶ
2315 2200 2605 2273 Ῥωμαίων
2631 2200 2895 2272 ἐδῄωσαν,
2927 2198 3043 2252 ἀλλ’
3065 2198 3301 2270 οὐρανὸν
3326 2200 3426 2268 μὲν
3462 2198 3555 2251 τὸν
3580 2197 3776 2267 νοερὸν

2183 2291 2347 2345 αὐτοῦ
2378 2292 2469 2344 τὸν
2488 2293 2824 2361 Χερουὸικὸν
2846 2292 3037 2363 θρόνον
3088 2292 3267 2355 καλεῖ,
3309 2291 3673 2361 Ἰερουσαλὴμ
3710 2290 3774 2342 δὲ

2181 2385 2279 2454 τὴν
2319 2384 2431 2438 ἄνω
2457 2383 2551 2438 τοῦ
2579 2384 2714 2437 Θεοῦ
2753 2384 3112 2454 μητρόπολιν,
3139 2382 3273 2454 περὶ
3298 2378 3365 2454 ἦς
3395 2382 3773 2449 δεδοξασμένα

2184 2478 2444 2549 ἐλαλήθη,
2507 2479 2582 2543 ὡς
2635 2481 2663 2532 ὁ
2718 2479 3013 2549 Προφήτης
3051 2477 3206 2548 φησί.
3280 2476 3540 2547 Κεφαλὴν
3592 2476 3671 2540 δὲ,
3701 2476 3776 2546 ἣν

2184 2571 2408 2641 ὀμνύειν
2437 2570 2732 2634 ἀπείπατο,
2755 2570 2855 2623 oux
2877 2569 3044 2639 ἄλλην
3068 2572 3287 2630 πάντως
3305 2567 3578 2637 προσήκει
3604 2570 3776 2627 νοεῖν,

2185 2664 2221 2723 ἦ
2249 2665 2346 2737 τὴν
2373 2667 2590 2721 πάντων
2623 2667 2658 2734 ἡ
2668 2664 2781 2734 μῶν
2797 2664 3043 2733 κεφαλὴν
3062 2663 3155 2715 τὸν
3175 2662 3347 2715 ταῦτα
3372 2660 3777 2730 νομοθετοῦντα

2185 2762 2445 2831 Χριστόν.
2480 2762 2698 2831 Ταύτης
2730 2760 2840 2830 γὰρ
2865 2762 2964 2832 τῆς
3018 2761 3262 2830 κεφαλῆς
3289 2762 3347 2814 al
3403 2761 3594 2831 τρίχες
3643 2760 3778 2813 οὗτε

2188 2853 2533 2923 μελαίνονται
2567 2852 2690 2907 οὔτε
2720 2854 3120 2909 λευκαίνονται.
3164 2852 3549 2916 Ἀναλλοίωτος
3594 2852 3707 2924 γὰρ
3742 2853 3779 2922 ἢ

2187 2947 2309 3002 θεία
2369 2948 2550 3016 φύσις.
2600 2949 2739 3017 μήτε
2792 2948 3163 3019 μελαινομένη
3210 2949 3351 3018 μήτε
3385 2947 3777 3018 γηράσκουσα.

2195 3060 2214 3094 ι
2250 3044 2432 3095 Ἔστω
2461 3042 2518 3094 δὲ
2549 3042 2680 3111 ὑμῖν
2706 3042 2886 3110 λόγος,
2930 3042 3085 3112 φησὶ,
3116 3042 3199 3105 τὸ,
3232 3043 3361 3100 Ναὶ,
3403 3043 3514 3105 ναὶ,
3563 3042 3659 3094 καὶ
3689 3040 3779 3104 τὸ,

2189 3136 2287 3201 Οὒ,
2332 3134 2415 3190 οὔ.
2454 3156 2474 3188 ι
2520 3135 2661 3188 Ἀλλ’
2693 3138 2753 3188 οὖ
2791 3134 3045 3188 πιστεύει
3083 3151 3198 3205 μοι,
3241 3136 3432 3205 φησὶν,
3485 3136 3514 3187 ὁ
3544 3134 3787 3203 ἀντιμα-

2190 3230 2420 3301 χόμενός
2450 3248 2562 3300 μοι,
2586 3228 2964 3298 βεϐαιουμένῳ
2990 3226 3180 3280 τοῦτον
3207 3226 3299 3280 διὰ
3333 3227 3495 3296 μόνου
3524 3226 3618 3279 τοῦ
3641 3226 3783 3278 Ναὶο

2191 3322 2309 3376 ἀλλ’
2341 3321 2601 3391 ἐννόησον
2634 3321 2758 3374 ὅσον
2786 3320 2849 3373 τὸ
2875 3318 3195 3389 παραϐῆναι
3243 3317 3344 3387 τὴν
3386 3316 3630 3384 ἐντολὴν,
3668 3312 3784 3367 κᾶν

506 3408 873 3474 confit-mauu,
909 3412 1001 3466 sed
1031 3413 1263 3481 recogita
1299 3414 1411 3480 (l9)
1437 3430 1596 3482 quam
1622 3430 1785 3483 grave
1820 3416 1892 3470 sit
1944 3431 2082 3484 prte-

2194 3416 2373 3470 πάντα
2400 3388 2576 3486 προῇς
2628 3414 2698 3468 τὰ
2750 3415 3037 3486 χρήματα,
3071 3408 3613 3465 ἑκατονταπλασίονα
3639 3408 3788 3460 ἁπο-

581 3528 696 3561 ιωι
724 3527 911 3581 Μςιιιιι.
940 3544 995 3592 ν,
1032 3528 1121 3595 at,
1146 3529 1237 3585 35.
1314 3530 1524 3585 "Psal.
1558 3545 1772 3591 um’l.
1818 3532 1873 3586 5-

1949 3532 1994 3564 ³⁸
2023 3531 2138 3586 Jac.
2173 3547 2227 3598 ν,
2270 3531 2358 3586 l2.

1743 3626 2065 3689 Francisci
2100 3628 2310 3690 Scorsi
2347 3634 2536 3690 notat.

585 3726 697 3792 (l7)
777 3725 980 3778 Clinias
1067 3727 1301 3793 quidam.
1376 3726 1487 3781 Hoc
1547 3728 1849 3793 exemplum
1906 3728 2093 3783 Cliuim

513 3795 802 3865 desntnpsit
848 3796 1076 3849 fortasse
1129 3796 1488 3864 Theophanes
1511 3815 1576 3853 ex
1626 3798 1681 3853 S.
1724 3799 1919 3852 Basilio
1946 3802 2089 3852 hom.

512 3867 591 3921 De
638 3868 864 3932 legendis
922 3866 1191 3936 gentilium
1236 3870 1417 3933 libris;
1482 3870 1621 3923 unde
1652 3882 1829 3924 autem
1865 3869 2095 3923 Basilius

512 3941 749 4009 nendum
801 3938 974 4009 habeo
1028 3949 1359 4005 con-pertulit
1396 3940 1583 3994 :Illud
1640 3956 1859 4009 quoque,
1921 3941 2096 4001 inquit

512 4007 768 4080 Basilius,
815 4006 1004 4061 Clinia:
1040 4009 1193 4061 unius
1230 4024 1295 4062 ea:
1342 4024 1479 4062 secta
1518 4006 1847 4080 Pythagorea
1877 4010 2097 4078 difﬁcile

513 4089 589 4132 est
631 4078 861 4147 rredere,
886 4080 1045 4147 quod
1108 4096 1262 4141 casu,
1327 4097 1428 4133 non
1477 4082 1540 4131 de
1565 4078 1851 4135 industria
1891 4092 2094 4132 nostros

516 4149 779 4219 imitatur.
846 4146 987 4200 Nam
1036 4149 1139 4208 illi,
1202 4150 1327 4203 dum
1358 4167 1448 4216 per
1486 4150 1846 4219 jurameutum
1876 4154 2097 4202 multam

518 4221 674 4271 trium
708 4218 1025 4289 talentorum
1054 4220 1215 4272 vitare
1251 4221 1448 4283 liceret,
1479 4218 1856 4289 iujuriamputi
1888 4220 2095 4283 maluit,

516 4306 672 4350 quam
710 4287 936 4360 jurare;
994 4290 1146 4355 idque
1174 4307 1288 4343 cum
1320 4308 1419 4343 non
1449 4287 1580 4345 esset
1618 4287 1757 4360 falso
1784 4292 2092 4360 juruturus.

519 4361 709 4431 Atque
736 4359 813 4410 ita
861 4360 977 4425 jam
1032 4372 1136 4412 tum
1159 4362 1311 4428 quasi
1366 4362 1499 4414 illud
1519 4363 1583 4416 de
1607 4359 1914 4431 jurantento
1950 4360 2097 4413 nobis

520 4429 1124 4492 interdictopm'ceplum
1156 4432 1418 4484 audit-isse
1442 4429 1665 4487 videtur.
1698 4433 1820 4485 Hate
1850 4430 2095 4483 Basilius.

522 4500 597 4553 De
630 4501 727 4553 hoc
753 4498 925 4552 Clinia
981 4500 1202 4568 Pytliag.
1259 4502 1585 4557 mentionem
1617 4503 1939 4557 Plutarchus
1972 4498 2102 4553 facit

521 4571 616 4625 lib.
654 4586 710 4622 Ill
749 4570 932 4637 Symp.
961 4582 1152 4637 quaem.
1190 4573 1242 4625 ϐ.

594 4640 713 4714 (18)-
739 4638 857 4714 Non
881 4642 1025 4714 euim
1044 4643 1363 4708 simpliciter.
1386 4644 1518 4696 Cum
1547 4645 1691 4698 dicat
1718 4642 2100 4714 Theophanes,

522 4710 615 4766 ω
658 4711 766 4779 γὰρ
801 4710 986 4784 ἁπλῶς
1040 4716 1273 4784 ποιεῖται
1328 4715 1419 4767 τὸν
1490 4716 1720 4784 οὐρανὸν
1771 4712 2100 4781 ἀπώμοτονο

525 4784 647 4838 Non
706 4783 1013 4848 simpliciter
1042 4783 1233 4850 jurure
1272 4801 1360 4846 per
1395 4786 1576 4839 rwlunt
1610 4796 1772 4848 vetat,
1805 4803 1911 4840 non
1943 4792 2105 4852 negat

524 4869 625 4921 p'r
678 4854 872 4925 coelum
930 4856 1201 4925 etiam,_et
1234 4857 1363 4907 alias
1413 4866 1713 4921 creaturas,
1736 4869 2000 4925 qumenns
2037 4855 2103 4907 ad

528 4926 692 4977 Deum
749 4923 1075 4984 referuntur,
1133 4923 1301 4988 jurari
1352 4943 1455 4979 non
1492 4923 1779 4993 oportere;
1841 4942 1964 4979 nam
1992 4926 2105 4978 haec

528 5006 605 5045 ρει
646 4995 1009 5046 irttncrt'utiae
1066 4996 1241 5056 culpa,
1266 5009 1317 5049 ct
1351 5000 1435 5049 hic
1478 5008 1669 5050 sensus
1696 5008 1775 5051 est
1812 4998 2018 5064 planus,
2051 5004 2104 5046 et

2201 3743 2255 3784 et
2308 3740 2529 3784 truncus
2576 3740 2627 3783 et
2665 3727 3012 3793 imperfectus
3042 3768 3056 3791 ,
3103 3725 3500 3789 redintegratus
3528 3733 3603 3776 est
3638 3740 3663 3774 a
3700 3740 3792 3779 me

2196 3815 2264 3854 ex
2325 3816 2431 3853 uno
2478 3800 2773 3868 exemplari
2809 3797 2954 3861 νηί..
2988 3807 3040 3851 et
3068 3796 3258 3866 partim
3288 3797 3450 3847 etiam
3500 3810 3560 3848 ex
3588 3793 3787 3868 Gallic.

2199 3873 2264 3924 ab
2324 3871 2427 3922 illis
2485 3867 2682 3936 verbis,
2721 3870 2781 3922 '0
2835 3868 3271 3937 ἀντιμαχόμενός
3314 3882 3425 3933 μοι,
3488 3880 3652 3937 usque
3711 3867 3782 3918 ad

2196 3940 2547 4012 ἀπολαύσῃς·
2617 3933 2729 3994 btet:
2779 3941 2923 3995 enim
2965 3933 3199 4012 deerant
3244 3937 3445 3989 omnia.
3500 3933 3653 4012 Quod
3719 3937 3791 3990 ad

2198 4007 2520 4064 sententiain
2570 4015 2781 4072 attinet.
2851 4025 2915 4063 ne
2960 4011 3082 4078 quis
3144 4008 3228 4061 hic
3280 4019 3423 4059 erret
3464 4007 3791 4060 existimans

2202 4081 2252 4133 in
2307 4096 2545 4134 etrorem
2598 4081 2984 4148 TheOphanem
3062 4079 3291 4149 lapsum,
3340 4092 3459 4149 cum
3519 4078 3616 4127 hoc
3667 4078 3793 4149 loco

2201 4150 2365 4214 dicat,
2419 4167 2521 4204 non
2562 4144 2851 4219 jurand'um
2899 4152 3061 4206 etiam
3097 4144 3147 4203 iit
3195 4144 3394 4201 lorensi
3430 4146 3541 4219 lite,
3573 4148 3791 4219 ωηιεά

2201 4223 2486 4275 veritatem
2543 4216 2974 4275 conﬁrmandam
3020 4223 3393 4291 juramentunt
3438 4216 3580 4291 lit-ite
3630 4217 3757 4291 adhi

2204 4291 2398 4355 betur;
2451 4293 2825 4346 animadverto
2867 4307 2969 4344 non
3020 4286 3135 4344 alio
3197 4292 3357 4342 modo
3384 4286 3791 4352 intelligemluut

2205 4360 2343 4413 hunc
2375 4362 2573 4429 locum,
2599 4378 2661 4415 ac
2699 4365 2863 4417 verba
2897 4361 3100 4417 Christi
3132 4360 3441 4422 accipienda
3492 4366 3637 4418 sunt,
3663 4371 3793 4409 cum

2206 4430 2284 4483 ait
2334 4447 2438 4484 non
2487 4433 2777 4499 jurandutn
2843 4435 3086 4497 omnino,
3122 4440 3176 4486 et
3205 4443 3509 4481 sermonem
3546 4437 3794 4479 nostrum

2207 4519 2309 4555 non
2361 4504 2496 4555 ttltra
2529 4507 2640 4555 haec
2672 4504 3061 4571 monosyllaba,
3094 4514 3169 4557 est
3213 4508 3310 4560 est,
3343 4515 3445 4551 non
3508 4512 3629 4571 non,
3665 4509 3799 4571 esse

2207 4572 2627 4637 producendum.
2654 4578 2828 4643 Atque
2859 4567 2971 4627 luce
3003 4574 3183 4627 cautio
3220 4582 3273 4624 et
3333 4567 3613 4643 responsio
3654 4568 3800 4643 mult

2209 4635 2601 4718 int'ttttt_etiattt
2634 4635 2968 4718 sanctorum
3034 4643 3193 4697 dictis
3232 4652 3315 4718 est
3340 4638 3663 4718 adhibenda,
3699 4635 3798 4718 qui

2208 4711 2277 4783 ita
2335 4714 2586 4767 videntur
2631 4716 2795 4783 loqui,
2847 4723 2904 4767 ut
2971 4725 3164 4783 negent
3234 4711 3560 4783 Christiano-
3589 4708 3800 4783 homini

2204 4781 2557 4852 jurejurando
2590 4787 2663 4839 uti
2692 4773 2870 4838 licere.
2906 4783 3012 4839 Hos
3040 4773 3468 4837 commemorant
3515 4773 3802 4852 Maldoua-

2211 4846 2392 4919 tus,'et
2421 4855 2699 4910 Cornelius
2726 4859 2776 4908 iu
2838 4857 2981 4909 hunc
3019 4857 3215 4916 locum,
3242 4852 3530 4919 Hilarium,
3558 4846 3804 4903 Ambro-

2209 4918 2371 4990 sium,
2394 4924 2671 4990 Basilium,
2686 4927 2995 4993 Origenetn,
3016 4924 3395 4993 Epiphanium,
3415 4918 3801 4993 Athanasium,

2208 4988 2680 5066 Chrysostomum,
2742 4988 3152 5064 Hieronymum,
3216 4988 3805 5066 Ειιιὶινιιιὶξιηιιτιιςὲο-

529 5064 541 5114 l
572 5064 776 5116 ttcralis
824 5065 1107 5139 verborum
1160 5053 1436 5132 Evangelii
1470 5084 1484 5129 ;
1524 5069 1617 5139 sed
1675 5071 1775 5120 hoc
1813 5053 1963 5139 Illicit
1997 5053 2097 5139 non
2134 5085 2176 5139 ι)
2210 5053 2543 5139 plut/laetum.
2570 5053 2702 5132 Quia
2733 5069 2875 5119 enim
2921 5053 3015 5133 ipsi
3052 5053 3304 5139 videbant
3339 5053 3584 5139 homines
3602 5061 3809 5117 crebro

529 5149 809 5207 esseJuuo
840 5139 997 5207 modo
1058 5138 1170 5207 haec
1233 5139 1395 5191 vetha
1442 5138 1787 5205 intelligenda
1828 5136 1901 5207 (id
1954 5137 2099 5189 enim

530 5203 801 5273 signilhmt
827 5205 924 5273 οὐχ
957 5206 1142 5267 ἁπλῶς
1181 5217 1235 5260 et
1264 5214 1486 5261 verbum
1537 5204 1806 5271 Latinum,
1838 5203 1941 5260 non
1977 5208 2110 5261 siut-

530 5272 785 5343 pliciter),
851 5272 1099 5328 eumdem
1158 5293 1373 5331 sensum
1432 5278 1626 5338 reddit.
1678 5288 1737 5333 ut
1801 5278 1979 5331 notavi
2045 5275 2108 5328 ad

533 5344 721 5409 Quiut.
768 5345 857 5397 :ib.
904 5361 952 5398 Iv
987 5344 1120 5400 luat.
1180 5358 1319 5402 orat.
1351 5364 1470 5415 cap.
1498 5347 1554 5402 2.
1584 5347 1696 5402 Non
1727 5348 1920 5402 evertit
1948 5348 2113 5410 igitur

532 5431 751 5468 Sensum
816 5416 1106 5469 litterate-tn
1166 5420 1253 5471 hic
1288 5430 1496 5480 auctor,
1544 5419 1636 5471 sed
1673 5416 2111 5472 transfertVerba

493 5507 497 5510 ~
533 5486 806 5559 Evangelii
852 5502 1000 5539 more
1047 5504 1146 5541 suo
1196 5490 1261 5543 ad
1294 5490 1644 5559 auagogirum
1688 5485 2112 5559 seusum.Quod

533 5556 655 5609 ideo
709 5559 847 5610 inter
885 5560 1311 5613 conciouaudnm
1365 5556 1511 5625 facii,
1539 5571 1593 5612 ut
1629 5561 1877 5628 populum
1909 5558 2119 5610 abster-

534 5639 651 5698 reat
699 5647 725 5679 a
758 5630 989 5697 juraudo
1018 5629 1152 5684 falso
1182 5646 1277 5695 per
1297 5629 1568 5683 Christum
1638 5639 1690 5681 et
1732 5631 1847 5698 ejus
1878 5628 2119 5695 Evange—

536 5695 692 5759 lium,
722 5695 810 5766 qui
843 5713 922 5753 est
955 5716 1150 5767 scepus
1177 5702 1333 5768 hujus
1359 5711 1644 5767 postremae
1661 5695 1847 5769 pariis,
1867 5711 1920 5751 et
1975 5715 2119 5766 παρ⁸

537 5769 816 5850 ικϐἁσεως
845 5770 1001 5838 hujus
1029 5772 1284 5826 homilim.
1315 5770 1469 5837 Quod
1498 5772 1666 5841 magis
1683 5772 1984 5840 eXpIicatur
2008 5776 2119 5821 not.

541 5850 807 5905 promua.

616 5909 726 5972 (19)
781 5909 883 5964 διά
920 5912 1168 5981 recogita.
1225 5910 1321 5968 Hic
1366 5912 1534 5978 locus,
1574 5911 1623 5965 iu
1666 5910 1959 5979 exemplari
1988 5906 2118 5964 Pan.

2204 5134 2392 5207 jnrare
2432 5136 2646 5200 falsum,
2676 5138 2754 5193 vel
2790 5138 3051 5203 iniquum,
3100 5144 3155 5187 et
3202 5134 3482 5207 injustutn,
3510 5138 3809 5207 autsme-

2212 5203 2437 5261 immero
2489 5207 2695 5272 leviter,
2753 5207 3004 5268 inaniter,
3059 5214 3153 5259 aut.
3212 5206 3521 5267 temerarie,
3575 5203 3701 5256 hinc
3727 5203 3810 5255 ob

2212 5277 2512 5346 periculum
2566 5276 2810 5344 periurii,
2857 5276 2936 5330 vel
2962 5276 3197 5346 inaniter
3239 5274 3457 5339 jurantli
3494 5315 3510 5339 ,
3543 5272 3812 5346 vetabant

2213 5341 2267 5401 et
2328 5341 2710 5400 dissuadébaitt
2765 5347 3093 5401 Christianis
3142 5344 3536 5413 juramentum,
3593 5352 3651 5395 ut
3705 5341 3810 5395 illo

2216 5419 2553 5472 abstinerent
2640 5429 2899 5485 quantum
2980 5424 3218 5485 possent.
3281 5412 3336 5466 Id
3410 5412 3549 5483 patet
3605 5413 3807 5480 legenti

2220 5488 2471 5541 homilias
2541 5488 2908 5553 Cbrysostonti
2956 5488 3022 5539 ad
3082 5485 3333 5555 populum
3375 5486 3806 5555 Antiochenam,

2219 5559 2370 5622 cujus
2426 5557 2599 5610 zelum
2652 5552 2737 5611 hic
2774 5564 2954 5610 noster
3022 5552 3219 5609 imitari
3264 5558 3509 5621 videtur;
3542 5557 3627 5609 ille
3656 5552 3811 5608 enim

2220 5628 2552 5695 frequenter,
2581 5638 2633 5679 et
2663 5628 2898 5689 assidue,
2926 5635 2974 5682 et
3007 5628 3207 5680 acriter
3250 5626 3544 5680 insectatur
3571 5639 3813 5681 censue-

2222 5701 2459 5753 tudinem
2534 5698 2710 5766 populi
2795 5698 2845 5749 in
2893 5708 3093 5751 temere
3168 5696 3421 5762 juraudo,
3488 5712 3607 5764 quae
3674 5706 3813 5749 tunc

2218 5768 2522 5824 Antiochiae
2548 5768 2777 5836 vigebat,
2803 5782 2867 5822 ac
2901 5766 3280 5821 mirantibusid
3302 5769 3586 5833 respondet
3608 5787 3622 5823 :
3651 5767 3808 5827 Dico.

2221 5850 2270 5894 et
2322 5850 2491 5908 repeto
2539 5839 2675 5907 quod
2730 5839 2895 5905 soleo,
2962 5840 3085 5907 quia
3117 5853 3215 5908 vos
3254 5836 3455 5901 dicitis,
3490 5850 3538 5892 et
3572 5836 3811 5906 repetitis

2222 5913 2360 5979 quod
2415 5910 2633 5977 soletis;
2667 5909 2971 5980 asseritque
3028 5923 3086 5965 se
3116 5907 3307 5964 abitat:
3355 5910 3675 5979 repetitione
3697 5920 3809 5962 non
