4072 6424
345 333 452 400 325

1741 343 2071 404 HOMILIA
2109 341 2282 402 XIII.

3527 339 3638 406 326

343 455 445 510 καὶ
467 453 550 518 εἰς
575 452 676 508 τὸν
707 454 966 528 οὐράνιον
983 457 1252 530 νυμφῶνα
1269 455 1732 528 είσοικισόιμενος.
1758 455 1940 526 Τούτῳ

2052 453 2352 508 concilians
2380 451 2643 507 dicebat:
2681 469 2700 504 t
2737 452 3010 524 Despondi
3054 454 3202 511 enim
3245 468 3345 512 vos
3393 456 3484 512 uni
3519 471 3637 513 Vtro

341 548 424 621 τῷ
455 548 624 619 γάμῳ
680 549 900 614 Παῦλος
955 553 983 606 6
1037 551 1412 622 νυμφαγωγὸς
1469 551 1760 604 συνάπτων
1809 549 1940 613 τοὺς

349 642 608 713 μαθητάς
646 641 876 711 ἔλεγεν·
949 663 968 696 ι
1015 643 1389 715 Ἠρμοσάμην
1454 643 1601 714 ὑμᾶς
1651 643 1735 697 ἑνὶ
1784 643 1940 715 ἀνδρὶ

347 735 622 807 παρθένον
643 732 826 808 ἁγνὴν
853 738 1210 808 παραστῆσαι
1236 736 1316 808 τῷ
1349 736 1595 807 Χριστῷ.
1633 755 1652 790 ι
1686 737 1941 808 Νυμφίον

345 827 409 883 δὲ
427 829 524 883 τὸν
549 830 834 900 Δεσπότην
860 831 1100 902 Χριστὸν
1149 830 1246 885 καὶ
1287 830 1546 902 Ἰωάννης
1571 832 1600 884 6
1636 831 1815 898 μέγας
1837 830 1940 901 κή-

350 921 453 992 ρυξ
483 921 771 991 ὠνόμασεν
797 937 811 951 ο
851 940 872 975 t
915 924 976 976 '0
1023 921 1162 994 ἔχων
1205 921 1336 993 γὰρ,
1371 922 1537 992 φησὶ,
1588 923 1690 993 τὴν
1721 923 1940 994 νύμφην

345 1015 586 1084 νυμφίος
618 1017 790 1081 ἐστὶν,
842 1017 870 1069 6
899 1015 956 1069 δὲ
984 1015 1141 1084 φίλος
1181 1013 1277 1067 τοῦ
1300 1014 1539 1084 νυμφίου
1574 1016 1720 1086 χαρᾷ
1757 1016 1940 1086 χαίρει

344 1109 568 1164 ἁκούων
604 1109 702 1180 τὴν
718 1111 905 1179 φωνὴν
925 1110 1018 1162 τοῦ
1047 1109 1312 1179 νυμφίου.
1342 1127 1360 1160 ι
1402 1108 1572 1181 Ὀρᾷς
1600 1109 1674 1171 ὡς
1703 1111 1730 1162 6
1761 1111 1939 1177 γάμος

342 1206 502 1257 ἐστὶν
536 1205 568 1275 ἠ
597 1203 735 1273 πρὸς
767 1205 920 1274 ἡμᾶς
963 1203 1060 1256 τοῦ
1111 1202 1248 1255 Θεοῦ
1280 1202 1456 1272 Λόγου
1507 1202 1811 1271 οίκονομία,
1845 1203 1940 1255 καὶ

342 1300 596 1370 ἄρῤητος
631 1297 897 1362 κένωσις;
933 1297 1118 1366 Γάμος
1147 1295 1204 1348 δὲ
1261 1295 1482 1364 λέγεται
1529 1295 1620 1348 διὰ
1650 1297 1740 1347 τὸν
1801 1293 1940 1365 πρὸς

343 1391 499 1459 ἡμᾶς
530 1389 627 1443 τοῦ
678 1388 815 1442 Θεοῦ
865 1389 1054 1453 πόθον,
1107 1395 1201 1442 καὶ
1259 1389 1349 1444 διὰ
1407 1389 1508 1459 τὴν
1541 1387 1810 1456 ἁρμονίαν
1844 1385 1940 1439 καὶ

345 1481 674 1551 συνάφειαν.
715 1483 943 1546 Δεῖπνος
997 1481 1054 1534 δὲ
1108 1482 1136 1535 6
1167 1482 1354 1547 αὐτὸς,
1403 1483 1486 1535 ὅτι
1516 1483 1614 1534 -ὲπὶ
1636 1479 1782 1533 τέλει
1831 1475 1940 1530 τῶν

342 1571 567 1625 αἰώνων
590 1572 830 1640 ἐγένετο,
860 1571 1053 1643 ὥσπερ
1080 1571 1107 1624 6
1139 1572 1360 1636 δεῖπνος
1382 1573 1475 1625 ἐπὶ
1497 1570 1644 1624 τέλει
1673 1570 1773 1639 τῆς
1803 1567 1942 1638 ἡμέ-

342 1679 449 1735 ρας
485 1661 840 1733 προτίθεται·
879 1680 898 1714 ι
939 1663 1066 1716 Ὅτε
1103 1664 1212 1731 γὰρ
1245 1658 1379 1726 ἦλθε
1405 1661 1466 1715 τὸ
1511 1661 1791 1731 πλήρωμα
1844 1657 1938 1712 τοῦ

339 1753 568 1824 χρόνου,
592 1753 758 1823 φησιν
787 1755 815 1807 6
845 1753 1191 1820 Ἀπόστολος,
1222 1752 1603 1819 ἐξαπέστειλεν
1646 1753 1672 1803 6
1696 1751 1826 1813 Θεὸς
1847 1749 1940 1802 τὸν

2057 547 2326 617 virginem
2361 555 2568 603 castam
2618 547 2879 602 exhibere
2925 547 3145 604 Christo
3185 549 3254 603 ".
3296 567 3316 601 ι
3361 549 3633 619 Sponsum

2043 654 2179 695 vero
2226 640 2510 694 Dominum
2543 656 2770 711 magnus
2818 643 2982 696 etiam
3038 642 3128 697 ille
3170 658 3350 713 prmco
3397 643 3637 696 Joannes

2045 732 2356 801 appellavit.
2391 733 2482 786 Ait
2508 733 2654 786 enim
2686 749 2701 786 :
2736 751 2754 783 ι
2789 732 2891 799 Qui
2926 733 3088 788 habet
3118 749 3373 804 sponsam
3403 750 3637 803 sponsus

2044 834 2173 878 est:
2207 825 2415 879 amicus
2462 835 2642 878 autem
2694 828 2876 894 sponsi
2916 828 3114 897 gaudio
3163 828 3368 896 gaudet
3414 838 3636 896 propter

2046 931 2232 972 vocem
2251 917 2434 986 Sponsi
2450 915 2518 971 ³³.
2547 915 2738 971 )Vides
2757 927 2815 972 ut
2833 921 2980 971 τοιΊή
2999 918 3095 973 Dei
3115 921 3418 973 meonmnia
3437 928 3489 973 cl
3507 919 3643 974 inef-

2044 1010 2226 1065 fabilia
2244 1010 2542 1067 exinanitio
2563 1011 2674 1081 78
2695 1014 2894 1080 nuptae
2915 1011 3060 1066 sint?
3080 1010 3290 1081 Nuptias
3307 1027 3433 1066 vero
3449 1014 3641 1067 dicun-

2045 1115 2134 1158 tur
2161 1113 2381 1174 propter
2411 1105 2502 1159 Dei
2537 1107 2588 1158 in
2615 1120 2711 1157 nos
2734 1119 2974 1158 amorem
3003 1113 3060 1158 et
3091 1106 3550 1172 etmjum-tionem,
3579 1116 3636 1160 et

2044 1197 2505 1268 propinquitatem
2549 1197 2832 1250 nobiscum
2869 1197 3077 1249 initam.
3110 1194 3276 1250 Cmna
3323 1211 3484 1266 porro
3533 1213 3638 1251 ea:-

2043 1292 2164 1344 dcm
2214 1288 2556 1359 appellantur
2602 1289 2820 1357 nuptiaz,
2866 1288 3010 1356 quod
3061 1287 3115 1340 in
3168 1287 3273 1338 ﬁne
3317 1287 3634 1340 stt-culurtnn

2042 1395 2276 1453 peractae
2321 1395 2472 1447 sunt,
2502 1381 2661 1436 sicuti
2707 1396 2863 1436 unua
2913 1383 2963 1433 in
3011 1380 3117 1434 line
3148 1381 3252 1433 diei
3299 1380 3634 1449 apponitur:

2049 1493 2071 1530 t
2113 1475 2213 1532 Ubi
2260 1475 2404 1529 enim
2455 1474 2601 1527 venit
2643 1473 2922 1543 plenitudo
2968 1473 3249 1540 temporis,
3285 1471 3460 1538 inquit
3490 1473 3639 1540 Apoo

2043 1568 2237 1632 stolus,
2272 1568 2418 1623 misit
2448 1569 2588 1622 Deus
2630 1565 2822 1621 Filium
2873 1582 3030 1620 suum
3063 1565 3130 1618 “.
3169 1583 3189 1616 ι
3225 1564 3441 1633 Vesperi
3472 1566 3635 1617 etiam

2043 1662 2328 1733 mysticam
2364 1660 2644 1715 instruens
2689 1673 2904 1713 caenam
2951 1657 3230 1724 Dominus,
3269 1655 3548 1724 discipulis
3578 1669 3640 1709 se

2045 1751 2192 1808 dedit
2216 1752 2268 1805 in
2291 1752 2468 1806 cibum
2499 1761 2588 1805 :et
2613 1752 2713 1805 hoc
2742 1764 2837 1818 per
2858 1749 3088 1818 aenigma
3120 1747 3404 1802 insinuans
3426 1748 3639 1817 Moyses

341 1846 483 1902 Υίὸν
515 1845 703 1901 αὑτοῦ.
737 1865 756 1898 ι
825 1846 918 1900 Ἐν
947 1846 1157 1920 ἑσπέρᾳ
1181 1848 1238 1901 δὲ
1286 1847 1382 1901 καὶ
1410 1847 1503 1901 τὸν
1533 1845 1796 1917 μυστικὸν
1838 1843 1940 1897 δεῖ-

2049 1846 2280 1917 vesperi,
2310 1856 2364 1899 et
2397 1847 2462 1898 ad
2495 1844 2749 1898 lucernas
2778 1841 3094 1895 mami-ucari
3126 1839 3332 1896 Pascha
3358 1840 3636 1908 preat-cpit.

343 1958 483 1994 πνον
521 1940 820 2010 ἑτοιμάσας
843 1943 870 1994 6
900 1941 1129 2013 Κύριος,
1185 1941 1358 1995 ἐδίδου
1394 1942 1472 2002 εἰς
1508 1939 1714 2010 βρῶσιν
1751 1938 1942 1991 ἑαυτὸν

341 2036 461 2098 τοῖς
497 2033 794 2104 μαθηταῖς.
833 2035 944 2088 Καὶ
973 2034 1133 2088 τοῦτο
1184 2035 1431 2104 Μωῦσῆς
1471 2032 1848 2102 αἰνιττόμενος
1879 2035 1939 2086 ἐν

343 2129 582 2200 ἑσπέρᾳ,
619 2128 710 2180 καὶ
738 2129 842 2180 ὑπὸ
868 2128 1083 2199 λύχνοις
1109 2129 1315 2182 ἐσθίειν
1339 2127 1399 2181 τὸ
1438 2131 1630 2198 Πάσχα
1664 2128 1936 2198 προσέτα-

341 2225 457 2290 ξεν.
504 2224 593 2275 Ἐν
623 2223 837 2294 ἑσπέρᾳ
878 2225 988 2293 γὰρ
1022 2224 1117 2274 καὶ
1171 2224 1198 2274 6
1231 2223 1372 2293 ὑπὲρ
1429 2223 1588 2293 ἡμῶν
1649 2221 1835 2282 τυθεὶς
1888 2220 2005 2282 τοῖς

339 2317 574 2386 Χριστῷ
609 2315 805 2385 κλῆσις
837 2315 1182 2386 ὠνόμασται.

429 2414 545 2466 Καὶ
572 2412 864 2467 ἀπέστειλε
890 2413 982 2464 τὸν
1014 2411 1202 2465 δοῦλον
1233 2410 1402 2465 αὐτοῦ
1433 2415 1499 2481 τῇ
1542 2410 1658 2482 ὥρᾳ
1694 2411 1788 2463 τοῦ
1835 2410 1943 2462 δεί-

343 2525 487 2560 πνου
525 2507 706 2558 εἰπεῖν
757 2507 872 2568 τοῖς
924 2504 1292 2575 κεκλημένοις
1347 2503 1643 2575 ἔρχεσθαι,
1697 2504 1779 2556 ὅτι
1841 2501 1942 2572 ἤδη

345 2597 548 2668 ἕτοιμά
609 2600 728 2652 ἐστι
771 2598 973 2652 πάντα.
1013 2617 1031 2650 ι
1072 2599 1246 2651 Αὐτὸν
1280 2599 1486 2650 ἐκεῖνον
1521 2595 1814 2650 ἀπέστειλε
1852 2595 1943 2647 τὸν

343 2691 708 2763 Πρωτότοκον
743 2692 836 2743 καὶ
868 2689 1169 2759 Μονογενῆ·
1201 2689 1339 2743 ἀλλὰ
1361 2689 1542 2742 δοῦλον
1573 2689 1788 2741 ἀκούων
1836 2704 1945 2756 μη-

343 2787 436 2838 δὲν
460 2802 515 2836 τι
541 2783 720 2857 πάθῃς
762 2786 1100 2854 μικρόψυχον
1144 2783 1364 2854 γραὼδη
1415 2784 1793 2853 σκηπτόμενος
1835 2780 1944 2832 δεί-

348 2895 526 2948 ματα,
551 2878 802 2940 ὲκδεδιὼς
841 2877 916 2948 μὴ
947 2877 1055 2946 ἄρα
1081 2895 1132 2929 τι
1153 2875 1305 2945 πάθῃ
1331 2877 1367 2941 ἡ
1399 2875 1520 2928 θεία
1557 2875 1719 2945 φύσις
1751 2876 1815 2926 ὲκ
1844 2874 1940 2926 τοῦ

345 2971 542 3026 δοῦλον
597 2969 871 3040 κληθῆναι
934 2970 1026 3022 τὸν
1074 2969 1198 3020 καθ’
1235 2969 1384 3038 ἡμᾶς
1421 2969 1616 3020 ἑαυτὸν
1671 2966 1944 3036 σχηματί-

348 3082 546 3129 σαντα,
589 3065 684 3116 καὶ
724 3067 783 3116 ὲν
817 3066 884 3134 τῇ
935 3063 1031 3116 τοῦ
1068 3061 1260 3116 δούλου
1297 3064 1483 3134 μορφῇ
1520 3064 1618 3131 τὴν
1670 3061 1936 3132 αἰσχύνην

345 3160 446 3231 τὴν
513 3157 793 3228 ἡμετέραν
883 3156 1375 3227 περιϐαλλόμενον.
1433 3155 1761 3208 Δεδούλευκε
1824 3153 1936 3223 γὰρ

344 3250 569 3321 ἀληθῶς
610 3251 697 3303 ἵνα
732 3249 1078 3319 ἐλευθερώσῃ
1119 3249 1242 3310 τοὺς
1293 3248 1520 3308 ἑαυτοὺς
1558 3245 1635 3316 τῷ
1681 3248 1936 3316 τυράννῳ

341 3342 898 3404 καταδουλώσαντας.
936 3341 1122 3403 Οὕτως
1156 3336 1249 3394 οὖν
1282 3338 1532 3402 ἅπαντας
1563 3342 1642 3401 εἰς
1675 3340 1767 3391 τὸν
1809 3355 1936 3408 νοη-

339 3439 432 3490 τὸν
482 3435 676 3489 τοῦτον
721 3435 938 3488 δεῖπνον
991 3435 1166 3498 καλεῖ,
1208 3434 1304 3494 καὶ
1361 3433 1460 3503 βοᾷ
1508 3432 1936 3497 κατασαλπίζων

340 3534 442 3593 τὰς
475 3531 674 3593 ἀκοάς·
715 3548 733 3580 t
779 3530 947 3582 Δεῦτε
980 3528 1119 3600 πρός
1161 3545 1256 3598 με,
1288 3529 1493 3590 πάντες
1525 3530 1576 3578 οἱ
1611 3525 1934 3591 κοπιῶντες,

339 3628 438 3678 καὶ
473 3624 923 3695 πεφορτισμένοι,
953 3621 1109 3690 κάγὼ
1132 3620 1436 3674 ἀναπαύσω
1464 3622 1632 3690 ὑμᾶς.
1663 3618 1937 3690 »Ἕτοιμα

339 3716 395 3768 6‘s
425 3712 572 3768 εἶναι
605 3715 785 3768 πάντα
816 3713 1005 3786 φησίν·
1039 3714 1356 3784 ἐξήπλωται
1413 3712 1468 3766 δὲ
1499 3713 1668 3765 πᾶσιν
1701 3712 1936 3780 ἑτοίμως

341 3809 400 3860 τὸ
444 3810 722 3879 κήρυγμα
762 3805 1054 3877 ἑτοιμάζον
1096 3807 1208 3872 τοῖς
1248 3805 1612 3876 κεκλημένοις
1647 3804 1936 3875 ἁμαρτιῶν

342 3900 630 3964 ἀπόθεσιν,
664 3900 975 3970 Πνεύματος
1004 3899 1164 3967 ἁγίου
1199 3897 1440 3969 μέθεξιν,
1478 3897 1751 3960 υἱοθεσίας
1797 3896 1939 3968 λαμ-ι

343 3995 619 4065 πρότητα,
649 3993 896 4064 οὐρανῶν
932 3991 1216 4062 βασιλείας
1241 3992 1569 4046 ἀπόλαυσιν.
1616 3990 1760 4044 Ἀλλ’
1789 3992 1837 4044 οἱ
1867 3993 1934 4062 τῇ

341 4088 532 4158 ἀπάτῃ
554 4087 907 4156 ἐνισχυμένοι
933 4083 1187 4156 καθάπερ
1213 4085 1328 4156 ἰξῷ,
1354 4087 1502 4154 σφᾶς
1530 4084 1734 4148 αὐτοὺς
1803 4085 1942 4138 άπο-

345 4181 668 4248 πτεροῦντες
687 4181 786 4250 τῆς
803 4179 913 4232 τῶν
943 4178 1166 4246 ἀγαθῶν
1199 4159 1433 4248 μετοχῆς
1462 4176 1812 4249 άπηνῄναντο
1838 4177 1938 4246 τὴν

338 4274 435 4326 τοῦ
465 4273 618 4326 θείου
645 4273 864 4326 δείπνου
892 4271 1221 4326 ἀπόλαυσιν.

416 4384 438 4419 t
501 4363 779 4434 Ἤρξαντο
797 4364 926 4437 γὰρ,
969 4364 1158 4435 φησὶν,
1185 4363 1292 4417 ἀπὸ
1345 4365 1476 4435 μιᾶς
1548 4362 1936 4434 παραιτεῖσθαι

2046 1939 2266 2009 Vesperi
2314 1937 2457 1993 enim
2507 1939 2692 2000 etiam,
2728 1937 2816 2004 qui
2853 1951 2949 2004 pro
2986 1933 3141 1988 nobis
3174 1933 3486 1988 immolatus
3529 1943 3636 1994 εει,

2041 2034 2484 2090 interlecmrihus
2520 2033 2631 2086 suis
2681 2042 2764 2085 cst
2795 2030 3052 2084 traditus.
3083 2028 3255 2082 Coena
3303 2026 3470 2094 igitur
3503 2039 3637 2078 con-

2041 2137 2299 2198 gruenter
2332 2125 2547 2180 vocalio
2589 2124 2655 2178 ad
2697 2123 2976 2177 Christum
3021 2121 3282 2190 appellata
3315 2124 3420 2173 est.

2043 2219 2328 2287 φονευταῖς
2386 2215 2727 2286 παρεδίδοτο.
2791 2217 3019 2276 Δεῖπνος
3079 2207 3174 2266 οὖν
3230 2209 3457 2272 εἰκότως
3497 2209 3531 2279 ἡ
3579 2209 3643 2264 ὲν

2120 2427 2137 2458 ι
2169 2407 2245 2461 ‘Et
2280 2406 2430 2459 misit
2466 2405 2598 2458 hora
2631 2417 2802 2457 coena:
2837 2416 3054 2455 servum
3083 2413 3239 2452 suum
3276 2397 3458 2450 dicere
3497 2395 3638 2449 inri'

2047 2499 2192 2563 tatis,
2223 2510 2283 2552 ut
2313 2499 2580 2558 venirent,
2612 2496 2736 2564 quia
2782 2494 2891 2563 jam
2941 2503 3130 2562 parata
3183 2499 3309 2542 sunt
3356 2487 3563 2542 omnia.
3613 2505 3634 2538 ι

2044 2593 2196 2647 Illum
2247 2593 2418 2660 ipsum
2484 2587 2912 2656 Primogenitum
2960 2594 3014 2637 et
3064 2570 3412 2648 Unigcnltttm
3457 2577 3640 2643 misit;

2045 2687 2135 2743 sed
2162 2701 2378 2740 servum
2413 2699 2535 2737 cum
2570 2682 2742 2743 audis,
2780 2694 2846 2732 ne
2875 2675 3068 2746 pusillo
3102 2674 3284 2728 animo
3315 2679 3636 2726 consterne-

2046 2783 2142 2844 ris,
2179 2779 2340 2832 anilia
2377 2775 2621 2846 quaedam
2670 2778 2874 2841 [ingens
2911 2768 3004 2824 tibi
3061 2766 3532 2830 terriculamenta,
3571 2779 3636 2817 ac

2043 2873 2344 2928 formidans
2379 2886 2446 2924 ne
2478 2867 2607 2938 quid
2655 2867 2780 2920 mali
2832 2864 3012 2918 divina
3064 2871 3257 2915 natura
3299 2861 3540 2929 patiatur
3568 2871 3637 2910 ex

2042 2982 2107 3019 eo
2157 2965 2296 3034 quod
2344 2977 2535 3016 servus
2580 2968 2806 3014 vocetur
2857 2955 2996 3026 (25),
3034 2954 3125 3025 qui
3177 2951 3419 3006 habitum
3458 2949 3636 3004 induit

2044 3068 2311 3122 nostrum,
2343 3065 2398 3110 et
2425 3054 2477 3107 in
2510 3052 2680 3107 farina
2717 3049 2858 3104 servi
2894 3055 3138 3101 nostrmn
3172 3043 3272 3098 sibi
3298 3039 3638 3107 circumjccit

1965 3114 2008 3172 Ο
2044 3149 2417 3220 opprobrium.
2450 3146 2678 3198 Servum
2705 3141 2849 3194 enim
2876 3155 3002 3192 vere
3033 3153 3092 3192 se
3122 3134 3270 3200 fecit,
3300 3144 3360 3188 ut
3389 3134 3440 3186 in
3469 3132 3636 3186 liber—

2045 3255 2208 3296 tatem
2242 3247 2510 3295 assereret
2541 3252 2658 3298 eos,
2695 3235 2786 3304 qui
2837 3248 2895 3287 se
2946 3243 3176 3302 tyranno
3223 3229 3275 3282 in
3314 3227 3633 3281 servitutem

2044 3337 2387 3390 addixeram.
2423 3331 2514 3386 Sic
2565 3330 2727 3398 igitur
2771 3340 2962 3380 omnes
3017 3323 3082 3377 ad
3122 3320 3458 3392 Spirilualem
3495 3319 3638 3372 hanc

2043 3445 2254 3484 cumam
2286 3435 2467 3490 vocat,
2496 3435 2548 3478 et
2571 3422 2726 3493 quasi
2757 3422 2880 3475 tuba
2911 3417 3112 3473 feriens
3139 3430 3297 3469 aures
3325 3431 3337 3467 :
3371 3431 3389 3464 ς
3419 3410 3634 3477 Venite,

2043 3521 2238 3590 inquit,
2267 3519 2332 3571 ad
2369 3533 2453 3570 me
2477 3531 2690 3578 omnes,
2739 3513 2830 3582 qui
2867 3510 3124 3565 laboratis
3157 3517 3212 3562 et
3242 3505 3448 3560 onerati
3481 3504 3636 3562 estis.

2042 3622 2096 3667 et
2119 3627 2216 3680 ego
2243 3610 2480 3665 reﬁciam
2503 3624 2597 3661 vos
2615 3608 2682 3659 "'.
2707 3626 2725 3658 ι
2747 3637 2806 3646 -
2833 3624 2850 3657 t
2878 3606 3070 3659 Parata
3093 3619 3220 3657 vero
3239 3602 3419 3657 omnia
3468 3619 3485 3651 ι
3508 3602 3640 3654 dicit

2040 3719 2192 3770 esse;
2232 3702 2497 3771 explicata
2532 3701 2676 3753 enim
2712 3708 2764 3753 et
2811 3707 2999 3766 parata
3042 3705 3126 3750 est
3158 3695 3410 3749 omnibus
3457 3693 3636 3745 Evanu-

2040 3795 2164 3866 gelil
2193 3791 2532 3864 praedicatio,
2565 3793 2616 3843 in
2657 3799 2905 3858 promptu
2941 3800 3063 3841 esse
3096 3785 3355 3838 nuntians
3385 3791 3640 3852 peccato-

2042 3903 2161 3942 rum
2211 3885 2633 3954 depositionem,
2674 3879 3108 3935 communionem
3160 3878 3337 3931 sancti
3373 3875 3636 3943 Spiritus,

2042 3979 2381 4035 nobilitatem
2414 3974 2721 4045 adoptionis
2755 3972 3009 4034 llliorum,
3044 3967 3281 4024 calestis
3314 3965 3462 4036 regni
3501 3965 3637 4017 1⁵ιίιὶ-

2042 4093 2269 4149 ιίοιιθιῐι.
2325 4090 2432 4145 Sed
2482 4089 2574 4159 qui
2628 4086 2912 4142 fallacibus
2968 4087 3128 4141 rebus
3179 4094 3435 4151 tanquam
3492 4083 3638 4136 \isco

2041 4183 2414 4247 inha'rehant,
2470 4194 2528 4235 se
2583 4181 2729 4250 ipsos
2785 4183 2976 4232 horum
3029 4177 3296 4231 bonorum
3355 4176 3635 4230 consortio

2042 4277 2318 4344 privantes
2347 4272 2545 4328 divinae
2585 4285 2756 4327 caena:
2793 4269 3014 4326 delicias
3043 4269 3418 4338 repudiarunt.

2118 4380 2625 4453 «C(eperuntenim,
2657 4380 2852 4448 inquit,
2882 4379 2948 4433 ad
2979 4394 3142 4432 unum
3170 4393 3359 4432 omnes
3384 4392 3442 4431 se
3472 4392 3638 4432 exet.—

340 4460 571 4521 πάντες.
633 4455 699 4510 '0
726 4456 941 4527 πρῶτος
973 4451 1148 4508 εἷπεν·
1190 4456 1385 4526 Ἀγρὸν
1407 4455 1682 4525 ἠγόρασα,
1707 4456 1801 4507 καὶ
1824 4453 1936 4524 ἔχω

2042 4492 2185 4533 sare.
2224 4474 2440 4529 Primus
2468 4473 2611 4528 dixit
2644 4475 2888 4541 :Agrum
2939 4471 3068 4536 emi,
3113 4478 3168 4524 et
3201 4485 3423 4524 necesse
3459 4469 3634 4524 habeo

340 4555 598 4621 ἀνάγκην
620 4551 876 4618 ἐξελθεῖν,
911 4551 1007 4603 καὶ
1045 4551 1174 4604 ἰδεῖν
1205 4550 1392 4614 αὐτὸν,
1424 4550 1615 4620 ὲρωτῶ
1639 4567 1720 4615 σε,
1755 4550 1845 4620 ἔχε
1867 4566 1936 4621 με

340 4647 755 4718 παρῃτημένον.
788 4645 898 4700 Κοιῖ¹
926 4646 1112 4713 ’ἐτερος
1149 4639 1292 4696 εἴπεο
1317 4644 1496 4714 Ζεύγη
1528 4643 1668 4713 βοῶν
1696 4642 1943 4713 ἠγόρασα

342 4745 534 4804 πέντε,
558 4742 654 4792 καὶ
674 4739 981 4810 πορεύομαι
1013 4737 1310 4807 δοκιμάσαι
1332 4736 1492 4802 αὐτὰ,
1518 4735 1710 4806 ἐρωτῶ
1735 4753 1819 4800 σε,
1850 4735 1941 4805 ἔχε

344 4852 410 4905 με
434 4852 510 4886 πα
521 4835 851 4906 ρῃτημένον.
875 4834 982 4886 Καὶ
998 4832 1188 4902 ⁸εἱτιερος
1204 4825 1348 4884 εἶπεθ
1365 4829 1717 4899 Γυναίκαέγη
1728 4847 1824 4898 μα,
1847 4829 1940 4882 καὶ

341 4930 401 4979 οὑ
431 4926 677 4995 δύναμαι
710 4926 908 4980 ἐλθεῖν.
941 4945 959 4978 t
986 4925 1149 4996 Τρεῖς
1179 4926 1320 4978 εἰσιν
1349 4923 1398 4977 οἱ
1425 4924 1516 4977 τὸν
1535 4924 1715 4992 γάμον
1741 4939 1941 4995 παραι-

340 5020 673 5091 τησάμενον
705 5024 733 5074 6
761 5021 854 5074 τὸν
883 5021 1054 5092 ἀγρὸν
1085 5019 1402 5090 ἠγορακὼς,
1452 5020 1546 5074 καὶ
1584 5021 1613 5073 6
1647 5019 1714 5072 τὰ
1764 5021 1940 5090 ζεύγη

337 5115 457 5167 τῶν
489 5113 633 5185 βοῶν
660 5114 1041 5187 ὠνησάμενος,
1072 5115 1167 5168 καὶ
1191 5115 1221 5167 6
1249 5115 1317 5185 τῇ
1344 5114 1569 5182 γυναικὶ
1593 5113 1936 5184 συζευχθείς.

451 5253 500 5287 δ’
534 5253 582 5308 ΙΙ
608 5253 734 5310 Cor.
768 5269 848 5321 ιι,
877 5254 931 5309 2.
1007 5254 1056 5286 ⁸³
1083 5252 1242 5311 Joan.
1269 5269 1357 5321 1n,
1391 5255 1444 5310 9.
1521 5255 1568 5288 ιδ
1593 5255 1772 5311 Galat.
1808 5272 1881 5324 tv,
1913 5258 1968 5314 4.

2045 4571 2218 4637 exire,
2255 4577 2308 4622 et
2357 4566 2542 4620 ridere
2587 4565 2735 4618 illum
2788 4580 2802 4618 :
2837 4579 2966 4634 rogo
2999 4573 3072 4630 te,
3109 4563 3246 4617 habe
3282 4579 3368 4616 me
3400 4579 3632 4618 excusa-

2054 4672 2188 4716 tum.
2226 4661 2291 4715 Et
2317 4659 2457 4713 alius
2483 4659 2621 4712 dixit
2653 4676 2666 4712 :
2697 4655 2830 4727 Juga
2858 4657 3020 4712 boum
3055 4657 3160 4710 emi
3193 4655 3456 4726 quinque,
3485 4668 3538 4712 et
3569 4674 3635 4711 eo

2043 4755 2273 4824 proba-re
2305 4751 2422 4815 illa;
2469 4765 2602 4821 rogo
2636 4759 2709 4814 te,
2748 4749 2886 4804 habe
2915 4764 3002 4802 me
3029 4759 3370 4803 excusatum.
3399 4748 3465 4802 Et
3493 4750 3634 4804 alius

2041 4844 2222 4898 dixit:
2260 4841 2493 4898 Uxorem
2519 4839 2668 4902 duxi.
2707 4848 2762 4895 et
2797 4839 2915 4893 ideo
2955 4853 3064 4894 non
3109 4853 3327 4910 possunt
3360 4841 3564 4894 venire.
3606 4859 3625 4892 ι

2041 4935 2176 4990 Tres
2203 4941 2329 4989 sunt
2361 4933 2450 5001 qui
2487 4931 2707 5000 nuptias
2741 4929 3126 5000 repudiarunt:
3163 4930 3257 4999 qui
3289 4944 3499 4998 agrum,
3537 4931 3632 5000 qni

2035 5025 2162 5096 iuga
2197 5025 2362 5081 boum
2401 5032 2631 5087 emerat,
2682 5031 2738 5078 et
2785 5022 2878 5091 qui
2923 5036 2984 5076 se
3036 5023 3192 5076 uxori
3245 5021 3628 5093 coniunxerat.

2041 5120 2213 5173 Datur
2243 5117 2404 5188 igitur
2438 5131 2533 5188 per
2563 5116 2676 5170 hazc
2716 5114 3042 5185 intelligere,
3079 5121 3192 5171 tres
3225 5115 3506 5170 hominum
3541 5130 3631 5171 or-

2045 5257 2092 5291 ⁵⁸
2128 5254 2322 5311 Matth.
2360 5272 2436 5322 ιιι,
2474 5255 2566 5310 58.

1586 5372 1910 5434 Francisci
1943 5373 2156 5437 Seorsi
2193 5381 2382 5436 notae.

415 5473 725 5550 (25)_and
736 5489 934 5550 genus
954 5483 1183 5550 vocetur.
1217 5471 1472 5550 Christus
1492 5473 1653 5528 homo
1671 5486 1721 5528 et
1744 5489 1934 5550 servus

340 5544 715 5605 estet—Filius.
731 5545 939 5600 Servus
961 5549 1260 5599 secundum
1288 5544 1581 5597 humanam
1604 5557 1858 5600 naturam
1880 5545 1934 5598 in

341 5635 400 5675 se
433 5622 576 5672 unde
608 5628 914 5684 spectatam
945 5632 960 5679 ;
999 5615 1189 5680 Filius,
1219 5625 1486 5685 quatenus
1516 5619 1704 5668 eadem
1741 5625 1936 5669 natura

343 5693 396 5759 in
443 5690 710 5759 hypostasi
743 5758 750 5759 γ
780 5686 931 5759 Filii
961 5686 1213 5759 subsiStit
1241 5705 1254 5741 :
1287 5687 1554 5759 vergenim
1577 5687 1839 5759 ltic_lwmo
1862 5694 1938 5739 est

343 5756 522 5816 Filia}
539 5759 659 5814 Dei.
712 5757 1004 5812 Cornelius
1040 5757 1092 5811 in
1130 5773 1250 5826 cap.
1300 5772 1334 5809 ιι
1362 5756 1554 5826 ᾼΕρίδι.
1583 5759 1648 5810 ad
1676 5756 1933 5825 Philippi.

345 5830 460 5898 Quo
513 5848 636 5890 vero
700 5843 870 5885 sensu
930 5838 1152 5897 negetur
1183 5824 1212 5882 ιι
1249 5826 1306 5882 S.
1353 5824 1561 5882 Joanne
1594 5843 1714 5896 cap.
1749 5824 1860 5892 un,
1889 5838 1943 5881 et

2035 5475 2321 5544 aliquoties
2360 5493 2390 5529 a
2431 5473 2531 5530 SS.
2568 5473 2842 5542 Patribus,
2877 5475 3156 5533 Christum
3210 5491 3332 5532 esse
3379 5489 3624 5530 scrtum.

2034 5549 2268 5614 explicat
2291 5548 2486 5602 ibidem
2520 5547 2802 5602 Cornelius
2833 5559 3039 5604 uoster.
3097 5549 3196 5600 ille
3234 5549 3410 5616 primo
3454 5547 3629 5613 expli-

2036 5627 2161 5671 cato
2215 5632 2378 5671 sensu
2443 5618 2883 5687 intcrpretandns
2925 5629 3027 5682 est,
3081 5631 3134 5670 ut
3197 5619 3308 5685 ipse
3330 5617 3492 5687 etiam
3544 5616 3628 5670 di“

2040 5701 2389 5812 f’lllllilsngunm
2446 5686 2839 5760 interpretatur
2883 5702 2950 5744 ex
3006 5690 3117 5757 jam
3165 5689 3334 5743 citato
3387 5686 3507 5741 loco
3555 5695 3625 5741 att

2126 5773 2275 5829 tupp.
2304 5773 2367 5814 ιι.
