4072 6410
485 321 592 386 32‘!

1700 305 2196 370 THEOPHANlS
2229 303 2569 363 CERAMEI

3648 290 3758 355 3:28

483 437 640 492 dines
692 445 816 488 esse
861 426 1298 500 pradicationem
1344 419 1613 492 Evangelii
1667 420 2060 481 recusantium,

2180 419 2396 472 δίδωσιν
2427 410 2522 468 οὖν
2568 411 2657 466 διὰ
2695 409 2900 464 τούτων
2930 411 3095 475 νοεῖν,
3123 409 3204 462 ὅτι
3255 411 3406 480 τρεῖς
3434 408 3619 476 τάξεις
3649 419 3762 463 εισι

480 527 818 588 (ira-corum,
849 521 1183 581 Judaeorunt,
1211 516 1319 587 79
1349 523 1402 570 et
1437 514 1682 586 gentium
1711 512 1844 583 legis
1873 527 2066 581 exper-

484 619 641 674 tium.
675 615 847 672 Graeci
890 613 1032 670 enim
1066 623 1217 664 vana
1259 607 1543 678 sapientiae
1573 606 1763 661 intenti
1797 606 1849 660 in
1880 604 2066 658 mundi

483 708 916 765 consideratione
960 719 1020 760 se
1062 703 1208 772 ipsos
1251 710 1588 769 occupantes
1632 712 1818 752 veram
1850 694 2066 764 sapien-

481 804 613 856 tiam
643 817 747 855 non
773 805 1114 865 receperunt,
1139 791 1390 849 humanis
1423 790 1721 844 rationibus
1746 787 1928 843 omnia
1955 801 2068 840 me-

482 894 700 947 tientes.
732 893 932 960 Agrum
970 889 1112 940 hunc
1141 884 1398 938 mundum
1431 895 1574 951 saepe
1607 879 1888 948 Scriptura
1923 879 2059 948 ligu-

482 997 599 1040 rate
633 992 812 1038 vocat.
846 980 911 1035 Et
941 980 1044 1034 hoc
1079 979 1131 1032 in
1164 977 1420 1046 parabola
1467 973 1803 1030 zizaniorum
1836 972 2070 1026 dilucide

438 1113 445 1138 ς
480 1077 617 1131 dixit
645 1073 918 1137 Salvator,
953 1085 1073 1124 cum
1117 1083 1306 1138 agrum
1351 1065 1642 1137 appellavit
1691 1065 1952 1117 mundum
1981 1061 2064 1126 “;

476 1166 609 1238 quin
645 1164 810 1218 etiam
839 1177 966 1231 ager
999 1159 1087 1214 ille
1120 1159 1430 1212 thesaurum
1474 1154 1853 1210 absconditum
1895 1153 2071 1208 conti-

477 1271 616 1312 nens
663 1252 897 1308 mundus
939 1259 1068 1306 est:
1103 1249 1156 1303 in
1208 1261 1317 1316 quo
1367 1247 1532 1302 etiam
1582 1243 1722 1299 ﬁlias
1765 1240 2068 1298 Jerusalem

478 1350 714 1414 adiurat,
742 1362 864 1416 qua:
887 1345 939 1398 in
967 1343 1192 1398 Cantico
1222 1340 1458 1411 loquitur
1481 1353 1681 1409 sponsa
1713 1354 1726 1390 :
1761 1354 1780 1388 ι
1813 1333 2068 1404 Adjuravi

480 1454 601 1504 vos,
618 1438 740 1492 lilia:
765 1434 1086 1499 Jerusalem,
1110 1435 1161 1486 in
1189 1432 1478 1486 virtutibus
1501 1431 1614 1500 agri
1629 1429 1728 1483 “.r
1755 1427 2067 1500 Graecorum

480 1530 650 1601 igitur
680 1528 947 1598 sapientia
987 1541 1109 1580 cum
1147 1525 1200 1579 in
1232 1523 1601 1594 speculatione
1633 1520 1870 1576 naturali
1909 1518 2070 1587 hujus

480 1623 667 1679 mundi
702 1622 808 1674 vim
849 1634 1066 1674 onmem
1109 1632 1261 1672 suam
1296 1614 1650 1685 impendisset
1696 1613 2068 1667 exhausisset-

481 1727 610 1784 que,
651 1712 945 1766 salutarem
998 1709 1178 1764 renuit
1223 1707 1684 1778 praedicationem.
1718 1704 1889 1761 Judaei
1937 1718 2069 1759 vero

483 1804 808 1875 Decalogum
860 1802 993 1873 legis
1042 1817 1074 1856 a
1122 1800 1351 1856 Domino
1383 1799 1523 1855 data:
1551 1799 1706 1870 quasi
1736 1801 1896 1852 boum
1941 1796 2071 1867 juga

481 1897 726 1966 quinque
758 1911 878 1949 cum
925 1893 1286 1962 accepissent,
1323 1905 1552 1961 eamque
1596 1898 1862 1960 quantum
1909 1903 2073 1944 sensu

479 1987 834 2052 ducerentur,
869 1983 1284 2048 intellexissent,
1317 1991 1372 2038 et
1401 1992 1664 2052 quantum
1696 1981 1763 2034 ad
1798 1981 2072 2035 exteriora

481 2089 788 2147 corpusque
837 2073 1134 2143 pertinent,
1187 2080 1455 2141 praecepta
1509 2083 1731 2125 servare
1782 2067 1987 2133 conati,
2043 2081 2072 2120 a

482 2168 655 2239 gratia
691 2166 892 2220 Christi
923 2165 1269 2220 exciderunt.
1298 2161 1551 2232 Perjuga
1585 2175 1713 2214 vero
1747 2158 2072 2229 Decalogum

483 2257 828 2314 adumbravit
861 2296 878 2323 ,
911 2257 1165 2327 quoniam
1196 2264 1321 2324 apta
1347 2263 1475 2309 sunt
1501 2269 1568 2308 ex
1596 2267 1715 2308 sese
1744 2252 1998 2316 invicem,
2021 2259 2077 2305 et

479 2350 638 2420 quasi
685 2352 970 2421 conjugata
1006 2357 1298 2418 praecepta.
1334 2345 1568 2412 Etenim,
1611 2364 1629 2397 ι
1670 2345 1870 2416 Diliges
1894 2342 2076 2400 Domi-

481 2459 613 2497 num
674 2441 847 2496 Deum
914 2450 1064 2496 tuutn
1125 2449 1179 2494 et
1234 2438 1541 2508 proximum
1611 2445 1762 2490 tuutn
1823 2435 1964 2491 sicut
2024 2445 2078 2490 te

483 2533 662 2605 ipsum
681 2533 729 2564 ⁸⁸
745 2573 760 2600 ,
791 2551 810 2586 ι
834 2532 1046 2601 gemina
1065 2531 1282 2600 quidem
1306 2535 1575 2600 praecepta
1596 2538 1741 2595 sunt,
1762 2543 1926 2582 unum
1948 2542 2076 2582 vero

483 2626 768 2696 utriusque
794 2622 1412 2693 charitatisjugum.lta,
1446 2639 1464 2672 ι
1495 2619 1612 2674 Νοιι
1643 2620 1929 2686 furaberis,
1959 2619 2076 2674 Non

483 2717 899 2781 adulteraheris,
941 2734 959 2768 ι
999 2715 1260 2770 dillernnt
1292 2714 1510 2784 quidem
1547 2717 1689 2767 inter
1712 2728 1792 2778 se,
1807 2713 1898 2768 sed
1919 2713 2078 2768 ambo

485 2825 595 2864 uno
654 2808 1004 2864 continentiae
1061 2807 1274 2861 vinculo
1351 2805 1714 2876 colligantur;
1776 2803 1865 2860 fur
1929 2807 2074 2861 enim

483 2912 567 2958 est
601 2899 740 2973 (ει),
772 2910 826 2957 et
855 2900 945 2971 qui
977 2899 1156 2954 aufert
1189 2899 1388 2965 aliena,
1418 2909 1471 2954 et
1500 2901 1592 2969 qtti
1644 2898 1898 2955 thalamis
1942 2899 2078 2954 insi-

483 2995 666 3050 diatur
698 2994 886 3050 alienis
934 3010 948 3048 :
981 3002 1035 3048 et
1068 3007 1155 3048 res
1185 2993 1401 3062 quidem
1450 2991 1694 3061 subjecta
1728 2991 1842 3062 (9.5)
1874 2992 2072 3062 duplex

2171 512 2281 566 τῶν
2341 507 2850 582 παραιτησαμένων
2899 505 2966 558 τὸ
3022 503 3384 572 εὐαγγελικὸν
3471 506 3760 574 κήρυγμα.

2171 601 2458 674 Ἕλληνες.
2517 599 2780 664 Ἰουδαῖοι,
2820 598 2912 649 καὶ
2942 595 3010 649 τὰ
3060 595 3238 664 ἄνομα
3271 594 3421 664 ἔθνη.
3457 596 3525 648 Oi
3558 613 3615 647 τε
3653 599 3765 662 γάρ

2168 699 2236 765 τῇ
2298 693 2510 764 ματαίᾳ
2589 691 2753 760 σοφία
2809 687 3198 759 προσκείμενοι
3252 685 3516 754 Ἕλληνες
3574 689 3630 738 ἐν
3691 691 3762 756 τῇ

2168 785 2504 854 κατανοήσει
2534 783 2628 835 τοῦ
2658 781 2867 850 κόσμου
2906 781 3048 848 σφᾶς
3101 778 3296 840 αὐτοὺς
3338 777 3764 848 ἀσχολήσαντες,

2168 877 2268 948 τὴν
2332 875 2511 946 ἀληθῆ
2565 873 2761 943 σοφίαν
2812 872 2875 924 οὐ
2927 870 3298 940 παρεδέξαντο
3341 869 3626 939 λογισμοῖς
3669 871 3770 922 ἀν-

2172 969 2474 1041 θρωπίνοις
2522 967 2583 1020 τὸ
2625 969 2735 1018 πᾶν
2781 965 3202 1033 ἐπιτρέψαντες.
3272 961 3473 1031 Ἀγρὸν
3525 962 3615 1014 τὸν
3670 963 3771 1014 κό-

2175 1078 2314 1132 σμον
2349 1057 2631 1130 τροπικῶς
2681 1058 2714 1126 ἡ
2765 1055 2955 1126 Γραφὴ
3015 1054 3276 1116 πολλάκις
3335 1053 3608 1122 ὠνόμασε,
3669 1053 3772 1106 καὶ

2169 1151 2332 1207 τοῦτο
2381 1150 2750 1219 σεσαφὴνικεν
2805 1149 2833 1200 6
2867 1147 3060 1216 Σωτὴρ
3117 1148 3174 1200 ἐν
3226 1147 3292 1216 τῇ
3344 1144 3453 1197 τῶν
3499 1145 3767 1209 ζιζανίων

2173 1243 2485 1316 παραϐολῇ,
2507 1241 2677 1312 ἀγρὸν
2703 1240 2792 1294 τὸν
2813 1241 3019 1309 κᾶσμον
3041 1237 3230 1291 εἰπών.
3253 1237 3414 1290 Ἀλλά
3436 1239 3531 1290 καὶ
3549 1237 3575 1288 6
3595 1237 3773 1306 ἀγρὸς

2170 1336 2200 1389 6
2237 1335 2379 1404 ἔχων
2401 1332 2790 1403 κεκρυμμένον
2825 1331 2916 1384 τὸν
2961 1330 3238 1400 θησαυρὸν
3268 1331 3296 1382 6
3337 1330 3545 1398 κόσμος
3588 1330 3772 1390 ἐστὶν,

2173 1429 2232 1481 ἐν
2272 1421 2316 1495 ᾧ
2359 1427 2454 1480 καὶ
2512 1423 2725 1495 ὁρκίζει
2771 1423 2871 1488 τὰς
2927 1422 3239 1491 θυγατέρας
3317 1419 3686 1491 Ἰερουσαλὴμ
3730 1423 3770 1489 ὴ

2171 1519 2357 1590 νύμφη
2397 1518 2492 1572 τοῦ
2530 1520 2849 1589 ’ᾼσματοςο
2895 1536 2913 1568 ι
2959 1517 3199 1585 ’Ὡρκισα
3255 1516 3421 1583 ὑμᾶς,
3465 1513 3774 1583 θυγατέρες

2183 1611 2651 1682 Ἰερουσαλὴμτὲν
2682 1611 2801 1672 ταῖς
2831 1608 3116 1678 δυνάμεσι,
3153 1608 3245 1660 καὶ
3277 1609 3332 1658 ἐν
3365 1608 3484 1667 ταῖς
3522 1603 3774 1674 ἰσχύσεσι

2171 1705 2266 1757 τοῦ
2300 1702 2492 1774 ἀγροῦ.
2530 1721 2549 1755 ι
2589 1702 2652 1755 Ἦ
2684 1702 2814 1770 γοῦν
2859 1701 3149 1770 Ἑλληνικὴ
3184 1698 3348 1768 σοφία
3375 1700 3432 1749 ἐν
3464 1700 3528 1767 τῇ
3559 1699 3773 1766 φυσικῇ

2177 1799 2507 1866 κατανοήσει
2532 1795 2724 1848 τούτου
2748 1793 2846 1846 τοῦ
2876 1791 3050 1864 ἀγροῦ
3079 1793 3260 1844 πᾶσαν
3290 1788 3460 1858 αὐτῆς
3485 1789 3585 1860 τὴν
3613 1788 3778 1856 ίσχὺν

2175 1887 2558 1950 ὲκκενώσασα,
2589 1884 2866 1939 ἀπείπατο
2901 1883 2962 1936 τὸ
2996 1884 3264 1952 σωτήριον
3295 1884 3586 1951 κήρυγμα.
3633 1880 3778 1932 Ἰου-

2178 1978 2322 2032 δαῖοι
2357 1978 2415 2032 δέ
2455 1976 2712 2048 καθάπερ
2748 1975 2919 2044 ζεύγη
2973 1975 3136 2027 πέντε
3184 1973 3476 2043 δεξάμενοι
3525 1972 3621 2042 τὴν
3673 1971 3776 2024 τοῦ

2175 2070 2384 2141 Κυρίου
2419 2069 2716 2136 δεκάλογον
2759 2068 3040 2138 αἰσθητῶς
3073 2083 3130 2118 τε
3168 2066 3375 2134 ταύτην
3425 2064 3781 2134 ἐκλαμϐανό·

2179 2180 2354 2234 μενοι,
2378 2161 2476 2216 καὶ
2520 2160 2843 2230 σωματικὰς
2866 2161 2966 2222 τάς
2996 2157 3218 2222 ἐντολάς
3246 2158 3542 2226 φυλάττειν
3567 2156 3774 2225 πειρὼ-

2180 2273 2334 2325 μενοι
2383 2256 2482 2325 τῆς
2519 2256 2577 2307 ἐν
2612 2252 2839 2324 Χριστῷ
2884 2251 3144 2316 ἐξέπεσον
3175 2250 3422 2321 χάριτος.
3457 2249 3686 2317 Ζεύγεσι
3716 2249 3782 2302 δὲ

2180 2349 2371 2401 εἴκασε
2405 2345 2504 2417 τὴν
2531 2345 2853 2414 δεκάλογον,
2877 2344 3070 2412 ἐπειδὴ
3094 2343 3414 2414 ἐξέρχονται
3443 2341 3692 2412 ἀλλήλων
3715 2343 3780 2394 αἱ

2179 2439 2396 2494 ἐντολαὶ
2428 2439 2592 2492 οἱονεὶ
2623 2437 3054 2507 συνεζευγμέναι
3089 2436 3515 2506 τυγχάνυουσαι.
3550 2433 3624 2485 T6
3639 2433 3780 2502 γάρ·

2179 2550 2200 2586 c
2255 2533 2591 2602 Ἀγαπήσεις
2624 2531 2830 2602 Κύριον
2873 2532 2964 2584 τὺν
2995 2530 3127 2582 Θεὸν
3156 2546 3271 2593 σου,
3308 2529 3400 2582 καὶ
3439 2528 3529 2579 τὸν
3547 2525 3785 2596 πλησίον

2180 2641 2275 2677 σου
2319 2625 2394 2688 ὡς
2432 2625 2652 2689 ἐαυτὸν,
2678 2643 2696 2675 ι
2733 2623 2826 2676 δύο
2859 2625 2959 2693 μέν
2988 2624 3128 2675 εἰσιν
3161 2621 3394 2686 ἐντολαὶ,
3418 2615 3498 2684 εἷς
3523 2619 3578 2672 δὲ
3607 2621 3634 2672 6
3673 2618 3783 2686 τῆς

2179 2719 2500 2788 ἀμφοτέρας
2531 2716 2754 2787 ἀγάπης
2785 2715 2970 2784 ζυγός.
3019 2713 3179 2767 Οὕτω
3223 2715 3320 2766 καὶ
3350 2713 3412 2765 τό
3439 2728 3452 2740 ·
3493 2732 3510 2764 ι
3536 2711 3627 2781 Μὴ
3650 2711 3792 2763 κλέ-

2178 2808 2313 2881 ψῃς,
2358 2810 2451 2880 Μὴ
2503 2809 2824 2879 μοιχεύσῃς,
2863 2826 2882 2860 ι
2933 2806 3184 2878 ἀλλήλοις
3222 2805 3321 2872 μὲν
3371 2804 3783 2874 διενηνόχατον,

2180 2905 2359 2959 συνδεῖ
2373 2906 2415 2959 δ’
2433 2906 2600 2975 ἄμφω
2626 2900 2706 2968 εἷς
2733 2903 2953 2974 δεσμὸς,
2984 2905 3018 2975 ὴ
3046 2903 3377 2975 ἐγκράτειαο
3404 2900 3641 2971 κλέπτης
3666 2901 3786 2970 γὰρ

2179 2997 2275 3050 καὶ
2312 3001 2340 3049 6
2369 2996 2544 3048 συλῶν
2576 2995 2645 3048 τὰ
2685 2993 2968 3062 ἀλλότρια,
3016 2997 3111 3046 καὶ
3149 2995 3177 3046 6
3210 2990 3518 3064 ἀλλοτρίοις
3554 2990 3786 3042 ἐπιϐου-

483 3097 601 3152 est;
631 3086 774 3155 quod
809 3099 939 3140 vero
972 3083 1133 3139 elllcit
1183 3091 1469 3152 utramque
1517 3081 1598 3136 vel
1643 3083 1910 3151 prohibet,
1941 3082 2074 3136 sim-

2180 3087 2352 3141 λεύων
2392 3087 2738 3157 κηδεύμασιν
2767 3102 2780 3116 ·
2813 3086 2908 3139 καὶ
2935 3084 3006 3138 τά
3041 3085 3141 3156 μὲν
3183 3086 3523 3154 ὑποκείμενα
3555 3082 3668 3137 δύο.
3705 3081 3787 3135 Τὸ

482 3177 630 3250 plex.
667 3176 827 3233 Vides
863 3187 920 3231 ut
955 3175 1361 3246 sapientissime
1391 3189 1459 3229 eo
1487 3175 1628 3244 quod
1655 3189 1894 3229 convexa
1917 3174 2074 3245 juga-

485 3280 652 3341 taque
696 3280 965 3341 praicepta
1004 3269 1138 3336 sint,
1163 3267 1295 3339 juga
1329 3267 1625 3322 vocentur?
1657 3265 1744 3320 llla
1780 3265 1945 3321 etiam
1982 3267 2076 3322 bo-

485 3363 590 3418 bus
615 3362 904 3426 assimilat,
934 3375 999 3416 eo
1029 3362 1173 3432 quod
1198 3375 1264 3415 ex
1290 3374 1394 3414 una
1420 3369 1572 3429 parte
1599 3359 1903 3428 spiritualia
1927 3368 2078 3424 sunt,

485 3473 554 3514 ex
585 3456 756 3511 altera
788 3469 917 3510 vero
948 3452 1323 3526 symbolarum
1374 3452 1462 3506 illa
1515 3451 1764 3507 crassitie
1809 3453 2022 3506 obtecta
2064 3467 2078 3505 :

487 3565 613 3606 nam
644 3557 699 3604 et
728 3563 921 3618 purum
968 3545 1168 3600 animal
1199 3546 1297 3600 bos
1330 3553 1434 3610 est,
1471 3553 1524 3600 et
1567 3544 1633 3598 ad
1669 3552 1829 3599 terra:
1870 3543 2084 3598 labores

487 3654 701 3706 panni,
733 3651 787 3696 et
819 3638 994 3694 hebeti
1031 3653 1196 3693 sensu
1244 3637 1550 3708 praeditum.
1585 3633 1755 3689 Judmi
1792 3651 1922 3705 ergo
1957 3651 2080 3690 cum

489 3716 972 3796 horumcustodes
1005 3744 1125 3786 esse
1153 3730 1254 3786 sibi
1291 3729 1627 3794 viderentur,
1657 3727 1860 3782 Christi
1889 3727 2079 3798 jugum

488 3831 951 3885 detrectaverunt.
987 3823 1130 3879 Utile
1163 3835 1326 3891 porro
1360 3826 1444 3875 est
1479 3828 1532 3873 et
1565 3818 1692 3872 illnd
1735 3817 2082 3873 animadver-

489 3931 625 3978 tere.
656 3919 772 3974 Non
809 3919 951 3972 enim
985 3914 1122 3970 dixit
1154 3930 1169 3971 :
1201 3912 1336 3983 .lnga
1366 3913 1529 3966 boum
1577 3912 1681 3965 emi
1731 3911 1988 3981 quinque,
2027 3923 2082 3965 et

491 4023 709 4068 aratum
757 4025 856 4076 eo;
895 4011 1016 4072 sed,
1053 4009 1132 4060 Eo
1165 4007 1451 4075 probatum
1502 4004 1614 4057 illa.
1639 4002 1778 4070 Quid
1831 4006 1931 4058 hoe
1977 4005 2082 4060 sibi

490 4105 644 4160 vult?
671 4102 842 4158 Judaai
873 4115 1006 4158 sane
1028 4097 1379 4171 quantumvis
1409 4110 1630 4152 servare
1661 4095 1764 4152 sibi
1794 4096 2084 4154 videantur

565 4245 613 4278 "
649 4243 842 4299 Matth.
886 4256 1008 4310 xm,
1038 4239 1128 4306 38,
1160 4240 1252 4294 45.
1328 4239 1372 4272 ⁸⁷
1405 4238 1653 4306 Οειιιδιι,
1684 4241 1742 4298 5.

2175 3181 2234 3234 δὲ
2265 3180 2579 3252 ἐνεργὸν,ἦ
2632 3182 2901 3252 ἀπεῖργον
2946 3179 3172 3233 ἁπλοῦν.
3222 3179 3390 3249 Ὁρᾷς
3439 3181 3585 3240 ὅπως
3639 3194 3788 3229 παν-

2181 3274 2364 3342 σόφως
2411 3273 2582 3340 ζεύγη
2617 3271 2717 3336 τάς
2763 3269 2986 3333 ἐντολὰς
3033 3269 3178 3323 κατά
3221 3269 3482 3338 συζυγίαν
3529 3268 3780 3321 ἐκάλεσε.

2180 3364 2348 3419 Βουσὶ
2395 3365 2495 3418 καὶ
2533 3363 2739 3427 ταύτας
2793 3364 3075 3433 ἀφομοιοῖ,
3131 3361 3227 3415 ἆτε
3282 3363 3431 3432 ἱεράς
3461 3361 3627 3423 οὔσας
3685 3361 3788 3413 καὶ

2188 3454 2494 3527 συμϐολικῇ
2555 3454 2974 3526 καλυπτομένας
3029 3455 3324 3525 παχύτητι.
3370 3453 3624 3522 Καθαρῦν
3668 3457 3786 3522 γάρ

2185 3550 2326 3614 ζῶον
2356 3551 2450 3604 καὶ
2489 3550 2758 3619 γεηπόνον
2805 3549 3160 3620 ἀμϐλυτέραν
3202 3547 3325 3619 ἔχον
3369 3548 3467 3618 τὴν
3499 3546 3785 3616 αἴσθησιν.

2183 3645 2248 3698 Ol
2280 3639 2374 3696 οὖν
2415 3643 2664 3696 Ἰουδαῖοι
2688 3641 2894 3694 τούτων
2925 3641 3166 3710 φύλακες
3195 3637 3338 3694 εἶναι
3367 3639 3651 3702 δοκοῦντες
3682 3639 3788 3691 τὸν

2183 3733 2277 3787 τοῦ
2326 3733 2565 3805 Χριστοῦ
2604 3733 2770 3800 ζυγὸν
2820 3735 3236 3806 παρῃτήσαντο.
3280 3732 3400 3803 Χρὴ
3453 3731 3509 3784 δὲ
3552 3732 3788 3783 κάκεῖνο

2181 3827 2357 3896 δήπου
2393 3827 2616 3878 σκοπεῖν
2643 3838 2656 3852 ·
2687 3824 2748 3876 ού
2791 3823 2901 3895 γὰρ
2942 3821 3087 3888 εἷπε,
3137 3823 3319 3893 Ζεύγη
3353 3823 3493 3894 βοῶν
3529 3824 3789 3893 ἠγόρασα

2183 3919 2374 3984 πέντε,
2410 3916 2505 3970 καὶ
2537 3917 2848 3988 πορεύομαι
2896 3916 3244 3987 ἀροτριάσαι,
3291 3917 3452 3983 ἀλλά,
3488 3934 3506 3967 ι
3540 3914 3784 3984 Πορεύο-

2187 4029 2284 4080 μαι
2328 4009 2622 4081 δοκιμάσαι
2661 4009 2824 4062 αὐτά.
2858 4027 2876 4060 ι
2907 4008 2972 4061 Τί
3022 4008 3116 4062 οὖν
3154 4006 3315 4062 τοῦτό
3357 4010 3550 4074 tactv;
3587 4006 3787 4078 ἐπειδὴ

2187 4102 2347 4173 μόνον
2403 4102 2732 4172 δοκιμασταί
2791 4101 2931 4155 είσιν
2985 4103 3035 4155 οἱ
3081 4101 3325 4156 Ἰουδαῖοι
3359 4101 3468 4155 τῶν
3523 4099 3787 4164 ἐντολῶν,

1819 4242 1864 4274 ⁸⁸
1901 4241 2094 4298 Matth.
2131 4258 2267 4308 xxn,
2301 4243 2394 4308 57,
2419 4244 2511 4299 59.

1728 4381 2050 4442 Francisci
2084 4383 2299 4444 Scorsi
2337 4391 2523 4444 ηοιδο.

569 4512 681 4584 (2i)
736 4509 850 4584 Fur
873 4509 1011 4565 enim
1034 4518 1133 4564 est.
1192 4507 1336 4564 Belle
1383 4510 1470 4563 hie
1517 4519 1708 4563 auctor
1733 4509 2086 4584 ἀλληγορίζει
2114 4513 2168 4570 D
2197 4510 2395 4584 dicam,
2426 4521 2716 4584 quatenus
2733 4512 2833 4566 sub
2857 4526 2965 4566 uno
2987 4511 3332 4584 continentiae
3382 4512 3791 4584 nomine_com-

496 4585 550 4640 in
579 4582 876 4652 'jugatione
901 4586 1317 4652 praeceptorum,
1347 4588 1403 4633 et
1434 4595 1564 4634 sane
1590 4593 1762 4652 usque
1792 4582 1857 4652 ad
1888 4595 2089 4648 praece-

497 4649 645 4723 ptum
668 4649 1001 4723 'eharitatis
1041 4651 1315 4723 geminum
1348 4659 1492 4704 recte
1523 4650 1767 4723 procedit
1790 4649 2043 4723 allegoria
2071 4666 2085 4703 :

496 4720 640 4793 quod
703 4731 882 4775 autem
937 4721 1004 4793 ad
1072 4721 1275 4774 furtum
1347 4730 1404 4772 et
1457 4720 1806 4793 adulterium
1870 4721 2087 4783 attinet,

497 4789 724 4849 eatenus
780 4789 1044 4860 procedit,
1097 4801 1364 4860 quatenus
1404 4789 1728 4844 adulterium
1784 4799 1866 4844 est
1899 4802 2088 4844 contra

497 4858 794 4932 justitiam,
845 4864 896 4914 in
925 4875 1034 4929 quo
1088 4876 1208 4914 cum
1267 4858 1410 4912 furto
1470 4861 1848 4932 cognationem
1905 4861 2087 4932 habet.

500 4929 700 4988 Eadem
732 4933 874 4984 enim
905 4934 1080 4985 virtus
1113 4941 1402 4995 utrumque
1448 4929 1612 4984 ellicit
1642 4941 1696 4982 et
1721 4941 1888 4984 vetat.
1917 4930 2086 4984 Ellicit

501 5014 558 5056 ut
613 5013 858 5056 servetur
903 5002 992 5070 jus
1031 5002 1266 5054 alienum
1313 5001 1574 5070 illaesum;
1623 5011 1732 5053 tum
1760 5002 1814 5054 in
1862 5003 2089 5055 muliere

501 5082 613 5127 tum
649 5074 699 5124 in
744 5087 823 5135 re,
857 5082 1002 5124 vetat
1026 5087 1094 5124 ne
1123 5070 1365 5123 laedatur.
1392 5069 1461 5123 At
1489 5085 1615 5123 vero
1643 5071 1684 5122 si
1732 5085 1818 5124 res
1863 5071 2090 5124 ulterius

499 5153 554 5197 et
577 5142 830 5195 subtilius
883 5139 1243 5208 disquiratur,
1303 5155 1406 5192 non
1461 5143 1782 5194 convenient
1808 5143 2009 5194 lurtum
2038 5149 2093 5193 et

501 5214 852 5275 adulterium,
900 5225 1072 5279 neque
1144 5211 1196 5263 in
1224 5212 1475 5271 materia,
1530 5226 1707 5279 neque
1765 5211 1818 5265 in
1880 5212 2089 5273 forma;

504 5300 626 5337 nam
649 5283 699 5334 in
735 5292 1001 5349 praecepto
1034 5295 1137 5333 non
1178 5279 1518 5333 adulterandi
1573 5291 1784 5334 velatur
1810 5285 1971 5335 etiam
2006 5295 2092 5334 res

500 5357 681 5407 omnis
710 5367 939 5404 venerea
977 5351 1288 5411 inhonesta,
1319 5365 1437 5418 qua:
1485 5354 1727 5420 prolecto
1755 5369 1860 5407 non
1898 5353 2092 5406 adver-

501 5431 654 5479 satur
679 5421 921 5491 justitiaa,
955 5420 1051 5476 sed
1083 5421 1677 5492 temperantiwltaqne
1698 5422 1757 5473 τὸ
1791 5423 2085 5490 ὑποκείμε-

501 5511 613 5557 νον,
661 5509 746 5547 res
799 5493 1047 5560 nimirum
1096 5491 1360 5558 subjecta,
1398 5493 1591 5560 duplex
1653 5501 1756 5555 est,
1813 5504 1866 5547 et
1915 5495 2086 5546 virtus

503 5567 688 5632 etiam,
713 5577 805 5616 seu
831 5558 1029 5627 forma,
1053 5574 1172 5630 qua:
1200 5562 1289 5614 dat
1315 5558 1549 5628 speciem
1581 5574 1848 5631 pra-cepto
1868 5564 2087 5632 duplex.

506 5631 890 5686 Verumtamen
939 5633 1053 5684 haec
1086 5646 1189 5684 non
1227 5632 1465 5684 auriticis
1491 5632 1688 5685 lrttlina
1735 5631 2085 5701 expendenda

507 5712 653 5779 sunt,
704 5712 757 5755 et
774 5704 957 5779 jugata
993 5702 1255 5779 ha‘ehduo
1286 5711 1550 5769 praecepta
1591 5719 1712 5779 cum
1763 5704 2091 5779 Theophane

509 5768 612 5822 dici
667 5768 875 5839 possint
925 5773 1043 5827 rudi
1093 5768 1354 5838 Minerva,
1387 5781 1443 5828 et
1463 5768 1680 5828 nomine
1736 5768 2089 5841 tenus,—utita

2193 4580 2626 4650 prehenduntur.
2673 4581 2806 4634 Nam
2865 4584 3164 4651 ἐγκράτεια
3228 4582 3433 4643 Graece.
3491 4594 3544 4635 et
3592 4580 3792 4638 Latine

2188 4653 2548 4715 continentia,
2568 4666 2686 4706 eam
2723 4653 2827 4704 vim
2859 4652 3040 4718 habet,
3070 4663 3126 4706 ut
3154 4668 3258 4705 non
3287 4653 3460 4705 solmn
3514 4653 3792 4722 signiticet

2190 4735 2234 4790 a7
2275 4721 2642 4789 voluptatibus
2689 4725 2956 4790 corporis,
2991 4726 3083 4777 sed
3133 4723 3348 4776 etiama
3395 4725 3555 4776 rebus
3574 4721 3792 4778 alienis

2191 4789 2602 4862 abstinentiam.
2650 4789 2915 4862 Isocrates
2963 4793 3173 4846 τούτων
3227 4794 3558 4862 ἐγκράτειαν
3619 4793 3791 4847 ἄσκει

2191 4861 2437 4932 ⁸πάντων,
2498 4861 2595 4928 ἀφ’
2644 4858 2717 4914 ὧν
2775 4863 3096 4930 κρατεῖσθαι
3145 4862 3243 4932 τὴν
3300 4858 3478 4932 ψυχὴν
3511 4864 3790 4931 αἰσχρόν·

2193 4929 2394 4984 Exerce
2415 4935 2466 4983 in
2496 4934 2576 4984 his
2607 4929 2846 4984 omnibus
2875 4929 3278 4996 continentiam,
3308 4929 3336 4984 ἐι
3380 4929 3578 5002 quibus
3609 4929 3795 4988 itineri

2190 5003 2425 5074 animum
2493 5015 2642 5074 turpe
2673 5015 2769 5056 est.
2832 5003 2996 5065 Idem,
3042 5003 3374 5072 ἐγκράτειαν
3414 5005 3591 5074 φάσκει
3649 5003 3794 5074 κέρ-

2187 5071 2331 5132 δους,
2365 5071 2758 5127 Continentiam
2791 5089 2970 5126 exerce
3000 5090 3031 5125 a
3072 5071 3361 5139 cupiditate
3399 5073 3556 5126 lucri.
3585 5071 3795 5126 Exeun-

2189 5144 2273 5212 pla
2302 5143 2423 5212 alia
2469 5157 2534 5196 ex
2597 5142 2799 5196 Graecis
2845 5158 3158 5212 congerere,
3226 5157 3290 5197 ac
3329 5144 3692 5212 multomagis
3717 5159 3792 5198 ex

2192 5211 2404 5265 Latinis
2431 5214 2495 5266 de
2545 5215 2768 5267 nomine
2811 5211 3160 5268 continentia-
3189 5223 3273 5266 est
3297 5213 3410 5268 otio
3437 5215 3584 5267 abuti
3612 5211 3663 5266 in
3700 5229 3792 5279 re,

2193 5297 2311 5351 qua:
2337 5291 2392 5334 ut
2417 5298 2448 5336 a
2479 5285 2893 5348 coneionatore,
2926 5298 3034 5336 non
3059 5299 3088 5336 a
3112 5281 3438 5338 scholastice
3465 5286 3791 5352 accipienda

2193 5364 2296 5408 εει.
3037 5387 3040 5390 ~

2282 5423 2373 5491 ‘25)
2422 5423 2489 5474 Et
2546 5440 2624 5477 res
2661 5423 2869 5494 quidem
2907 5421 3169 5492 subjecta.
3216 5422 3346 5479 llaec
3407 5424 3595 5489 verba,
3657 5439 3790 5493 qua:

2189 5495 2415 5548 nimium
2467 5505 2731 5561 quantum
2773 5504 3097 5548 sententiam
3155 5496 3395 5550 auctoris
3459 5495 3788 5564 explanant,

2191 5567 2368 5634 reperi
2406 5566 2459 5617 in
2510 5581 2560 5618 v.
2590 5565 2700 5616 Καὶ
2764 5566 2832 5635 τά
2883 5564 2982 5633 μὲν
3038 5564 3380 5635 ὑποκείμενα
3439 5564 3557 5629 δύο,
3601 5566 3664 5617 τὸ
3723 5564 3790 5618 δὲ

2190 5636 2438 5706 ἐνεργὸν,
2473 5636 2570 5687 καὶ
2599 5634 2869 5705 ἀπειργδν
2900 5635 3134 5702 ἁπλοῦν,
3186 5634 3394 5707 reliqua
3425 5636 3514 5692 hic
3543 5637 3788 5692 notanda

2165 5708 2449 5780 .dixnnus.
