4024 6406
258 368 352 438 3H

1628 382 1953 443 HONHLIA
2000 385 2149 445 XlV.

3432 385 3537 448 352

257 505 355 559 ego
382 504 508 544 vero
562 492 919 555 condemuor,
986 493 1076 562 qui
1128 492 1297 548 lilium
1348 507 1525 549 meum
1580 494 1758 549 Seiom
1806 496 1879 548 illi
1920 512 2026 553 non
2077 499 2337 553 dederim.
2375 519 2392 550 ι
2462 498 2538 554 lta
2585 516 2691 555 uno
2742 509 2895 571 partu
2950 500 3192 565 Phares,
3237 513 3287 556 et
3337 502 3531 555 Zat‘am

258 598 288 637 c
312 584 430 638 lidit
458 583 720 637 Thamar.

327 678 571 745 ⁴Ιδανερον
598 678 699 746 μὲν
731 674 847 742 οὖν,
883 679 958 744 ὼς
986 680 1087 750 τὴν
1117 680 1176 748 ἐξ
1203 681 1375 734 ἐθνῶν
1408 681 1706 751 ἐκκλησίαν
1762 683 1837 734 εί·

2012 680 2236 733 Planum
2266 681 2430 747 igitur
2451 691 2532 733 est
2557 696 2653 749 per
2673 695 2790 735 eam
2825 682 3201 736 adumbratam
3231 684 3525 739 Ecclesiam

260 772 496 832 κόνιζεν.
534 770 613 821 Τὰ
643 771 753 839 γὰρ
781 772 908 840 ἔθνη
940 772 1008 826 τά
1040 774 1137 843 μὲν
1177 774 1387 837 ἀθεῖαν,
1442 774 1511 827 τὰ
1570 774 1629 827 δὲ
1684 773 1840 826 πολυ·

258 862 412 914 θεῖαν
442 864 773 931 νοσήσαντα,
799 866 893 917 καὶ
916 867 974 918 τὸ
991 870 1211 937 σπέρμα
1231 867 1330 936 τῆς
1351 867 1609 931 πίστεως,
1633 866 1839 935 καὶτῆς

261 955 385 1006 κατ’
408 955 581 1023 αὐτὴν
607 956 964 1028 δικαιοσύνης
999 961 1080 1021 είς
1109 962 1208 1027 τὴν
1226 960 1329 1028 γῆν
1358 960 1457 1029 τῆς
1490 959 1720 1026 πλάνης,
1746 959 1839 1011 καὶ

259 1046 364 1095 τῆν
396 1045 589 1097 παθῶν
617 1047 885 1116 ἐκχέαντα
910 1049 1123 1119 ἔμεινεν
1156 1051 1417 1121 ἀνήροτα.
1455 1051 1610 1103 Ἐπεὶ
1637 1051 1841 1120 μηδένα

262 1136 475 1203 καρπον
505 1136 563 1199 ὲΞ
599 1138 781 1190 αὐτῶν
814 1142 847 1207 ἡ
891 1140 1191 1211 Ἐκκλησία
1223 1142 1544 1210 ὲκίσσησεν,
1600 1141 1841 1210 ἁρπάζει

261 1228 346 1276 τ’,ν
383 1230 450 1279 ὲκ
479 1229 572 1280 τοῦ
598 1230 771 1282 Ἰούδα
806 1234 1052 1301 καρπόν·
1098 1236 1237 1294 νοεῖς
1282 1232 1338 1285 δὲ
1378 1234 1593 1292 πάντως
1632 1232 1721 1286 ’τὸν
1776 1233 1840 1283 ὲκ

264 1318 354 1381 τῆς
384 1316 566 1369 Ἰούδα
621 1319 795 1389 φυλῆς
834 1321 1194 1374 ἁνατείλαντα
1235 1322 1462 1384 Κύριον.
1523 1322 1840 1385 Ἀκούοντες

262 1410 333 1473 δὲ,
356 1410 439 1470 ὡς
466 1410 671 1475 Ἰούδας
700 1415 780 1476 εἷς
806 1413 876 1465 τὰ
898 1413 1147 1482 πρόϐατα
1173 1416 1538 1484 πορευόμενος
1559 1418 1623 1482 τῇ
1644 1414 1841 1483 Θάμαρ

264 1499 401 1549 κατὰ
434 1498 672 1568 πάροδον
689 1500 1073 1571 ἐκοινώνησεν,
1107 1503 1169 1555 ού
1191 1501 1531 1572 ξενιζὼμεθα
1551 1521 1565 1534 ο
1589 1502 1842 1554 ἐντεῦθεν

264 1590 368 1657 γὰρ
406 1591 615 1656 μᾶλλον
648 1592 965 1663 συναίρεται
991 1592 1052 1646 τὸ
1078 1594 1397 1648 ἀκόλουθον·
1447 1595 1545 1649 καὶ
1581 1595 1690 1664 γὰρ
1728 1597 1755 1648 ό
1784 1594 1844 1659 ἐξ

274 1681 448 1733 Ἰούδα
474 1683 708 1751 Χριστὸς
731 1686 1163 1754 προηγουμένως
1198 1672 1297 1755 μὲν
1331 1687 1411 1749 είς
1450 1685 1519 1738 τὰ
1594 1684 1843 1755 πρόϐατα

264 1772 550 1840 ἀπεστάλη
589 1773 741 1826 οίκου
772 1774 1012 1845 Ἰσραὴλ,
1054 1774 1131 1837 ὡς
1167 1777 1374 1838 ἐκεῖνός
1432 1792 1621 1845 φησιν,
1678 1775 1843 1842 ἐνηρ-

263 1864 405 1931 γὴθη
433 1865 489 1917 δὲ
510 1866 651 1919 κατὰ
681 1867 913 1935 πάροδον
935 1869 966 1937 ἡ
992 1868 1234 1937 σωτηρία
1258 1870 1370 1931 τοῖς
1400 1866 1631 1921 ἔθνεσιν.
1680 1867 1845 1936 Ὁρᾷς

266 1956 381 2016 m3;
416 1959 452 2024 ἡ
476 1956 676 2025 θεωρία
724 1962 789 2027 τῇ
831 1960 1043 2030 ἱστορίᾳ
1078 1961 1525 2028 συμφθέγγεται;
1559 1959 1843 2029 Λαμϐἁνει

1943 789 1976 843 g
2012 775 2207 827 ntium.
2266 773 2470 829 Gentes
2521 774 2665 827 enim
2730 776 2924 842 partim
2987 776 3275 839 atheismo,
3332 778 3527 844 partim

1944 864 2258 923 idololatria:
2282 864 2469 918 morbo
2491 864 2718 925 aﬂeclte,
2739 876 2791 917 et
2807 865 2918 936 86
2936 865 3077 925 fidei.
3092 874 3145 919 et
3161 865 3275 931 ejus
3297 881 3413 935 qua:
3435 883 3525 923 se-

1942 957 2174 1013 cundum
2232 956 2391 1011 tidem
2428 966 2531 1019 est,
2562 954 2785 1023 iustitia:
2841 973 3023 1011 semen
3072 974 3168 1027 per
3211 974 3450 1023 errores,
3477 966 3530 1014 ct

1942 1049 2223 1118 passiones
2280 1062 2445 1111 suas,
2515 1047 2661 1102 velut
2712 1047 2765 1101 in
2828 1057 3023 1101 terram
3099 1052 3531 1118 prol'undentes,

1942 1143 2234 1208 inaratum,
2259 1142 2627 1211 incultumque
2655 1156 2843 1211 agrum
2867 1140 3123 1197 Ecclesizc
3143 1143 3530 1205 destituerunt,

1946 1234 2133 1289 Postea
2170 1249 2294 1286 vero
2328 1248 2487 1301 quam
2536 1233 2738 1286 nullum
2763 1248 2828 1287 ex
2857 1232 2940 1286 his
2974 1232 3207 1287 fructum
3256 1236 3529 1305 excerpsit

1946 1324 2208 1383 Ecclesia.
2243 1339 2364 1378 eum
2399 1324 2644 1384 abstulit,
2678 1323 2767 1390 qui
2796 1338 2858 1376 ex
2890 1322 3026 1377 Juda
3058 1332 3177 1384 est;
3209 1325 3317 1378 scis
3349 1334 3528 1379 autem

1943 1416 2164 1470 omnino
2191 1432 2256 1469 ex
2286 1414 2434 1470 ludat
2487 1416 2627 1469 tribu
2668 1416 2951 1469 Dominqu
3007 1427 3186 1467 ortum
3218 1431 3356 1471 esse.
3393 1416 3527 1470 Cum

1943 1522 2072 1561 vero
2121 1507 2404 1561 audiamus
2442 1506 2632 1560 ludam
2662 1507 2727 1559 ad
2754 1508 2898 1561 ovile
2951 1506 3253 1575 profectum
3289 1523 3384 1576 per
3430 1509 3533 1562 iter

1944 1600 2264 1656 convenisse
2310 1616 2433 1653 cum
2470 1600 2733 1663 Thamar,
2765 1614 2833 1653 ne
2860 1613 3193 1669 evagemur;
3234 1600 3357 1652 hinc
3384 1599 3527 1652 enim

1948 1694 2118 1762 magis
2156 1692 2328 1747 series
2358 1692 2630 1760 allegoria:
2685 1691 2977 1760 colligitur.
3023 1690 3238 1745 Etenim
3279 1700 3435 1744 natus
3465 1706 3527 1745 ex

1945 1784 2079 1839 Juda
2113 1784 2363 1840 Christus
2418 1785 2757 1852 potissimum
2809 1786 3026 1853 quidem
3058 1785 3122 1839 ad
3157 1799 3285 1838 oves
3333 1784 3528 1839 (lonms

1946 1877 2113 1932 Israel
2185 1877 2381 1931 missus
2437 1886 2540 1939 est,
2590 1884 2646 1929 ut
2692 1876 2807 1945 ipse
2857 1876 3029 1944 dixit;
3093 1878 3187 1931 sed
3246 1892 3342 1944 per
3393 1877 3534 1929 viam

1947 1970 2174 2025 salutem
2210 1970 2450 2040 gentium
2489 1978 2746 2033 operatus
2786 1977 2887 2025 est.
2941 1968 3104 2023 Vides
3153 1970 3231 2021 uti
3276 1969 3533 2037 allegoria

262 2048 351 2101 οὖν
381 2049 739 2117 ηἙκκλησία,
764 2050 839 2113 ὡς
860 2051 962 2120 μὲν
992 2051 1276 2105 δακτύλιον
1304 2052 1394 2104 τὸν
1421 2051 1720 2123 ἀρραϐῶνα
1748 2050 1849 2119 τῆς

1963 2061 2194 2117 historia:
2256 2062 2526 2117 conciuat.
2591 2061 2796 2126 Accipit
2848 2060 3012 2128 igitur
3069 2059 3309 2113 Ecclesia
3377 2058 3535 2122 quasi

264 2141 523 2203 πίστεως,
547 2143 751 2210 καὶτῆς
784 2143 1247 2214 συγκεχωσμένης
1275 2144 1484 2204 εἰκόνος
1504 2142 1603 2211 τὴν
1633 2141 1845 2195 ὲπανά-

264 2234 449 2300 ληψιν,
470 2236 535 2303 ἦν
550 2234 700 2304 δηλοῖ
729 2238 836 2305 ήὲν
854 2239 919 2307 τῇ
941 2237 1201 2310 σφενδόνῃ
1214 2237 1413 2305 γλυφὴ,
1434 2236 1530 2289 καὶ
1548 2236 1647 2306 τὴν
1668 2236 1845 2306 ζώνην

262 2328 361 2393 τὴν
390 2327 867 2396 περιξωννύουσαν
886 2329 1055 2399 αὐτὴν
1101 2332 1200 2399 τὴν
1252 2329 1484 2399 δύναμιν
1535 2329 1630 2383 τοῦ
1658 2330 1848 2396 Εὐαγο

264 2421 447 2486 γελίου
466 2422 563 2489 τῆς
584 2422 823 2491 χάριτος,
854 2423 950 2476 καὶ
966 2422 1067 2492 τὴν
1095 2422 1311 2493 ῥάϐδον,
1333 2441 1405 2494 φη
1417 2426 1475 2491 μί
1494 2424 1557 2493 δὴ
1577 2424 1669 2474 τὸν
1694 2440 1851 2475 σταυι

267 2513 380 2578 ρὶν;
424 2512 495 2563 δι’
520 2504 582 2565 οὗ
613 2514 669 2564 ἐν
689 2516 756 2583 τῇ
789 2514 979 2569 στάσει
1022 2514 1121 2583 τῆς
1154 2514 1392 2574 πίστεως
1456 2515 1846 2585 στηριζόμεθα,

268 2608 363 2658 καὶ
421 2608 551 2669 τοὺς
600 2607 957 2670 ὑλακτῶντας
1019 2610 1167 2679 ἡμᾶς
1224 2607 1390 2671 κύνας
1421 2607 1844 2678 ὲκτρεπόμεθιν

267 2702 362 2751 καὶ
405 2698 585 2751 τίκτει
626 2699 720 2752 δύο
756 2701 946 2763 παῖδας
982 2702 1039 2753 ὲν
1078 2702 1177 2772 μιᾷ
1205 2701 1304 2769 τῆς
1328 2702 1507 2771 ψυχῆς
1537 2702 1690 2772 νηδύῖ
1751 2701 1852 2771 τὴν

268 2790 438 2857 ὀρθὴν
492 2789 698 2855 πίστιν,
739 2793 835 2843 καὶ
864 2792 962 2861 τὴν
1001 2791 1109 2846 τῶν
1160 2793 1383 2861 ἀγαθῶν
1430 2794 1610 2863 ἔργων
1674 2794 1848 2848 συνεί-

270 2884 449 2948 Erga-1.

340 2977 401 3029 Εἰ
432 2978 491 3029 δὲ
532 2973 617 3027 δεῖ
648 2974 978 3043 μεταϐαλεῖν
1003 2974 1102 3043 τὴν
1140 2974 1403 3044 ἱστορίαν,
1429 2975 1524 3029 καὶ
1547 2976 1624 3037 είς
1655 2974 1858 3045 ἠθικὴν

274 3069 530 3137 θεωρίαν,
572 3067 733 3121 τούτο
788 3066 978 3134 σαφῶς
1039 3066 1427 3135 διδασκόμεθα,
1476 3066 1550 3127 ὼς
1603 3067 1637 3136 ἡ
1675 3065 1854 3137 ὡραία

272 3161 471 3231 Θάμαρ
518 3160 745 3229 ἐκείνη,
805 3159 995 3229 ἐπειδὴ
1044 3159 1390 3228 Πιτιρασμὸς
1458 3158 1857 3229 ἑρμηνεύεται,

273 3254 533 3322 σημαίνει
574 3253 678 3321 τὴν
732 3252 925 3321 ἠδΝὴν
972 3253 1072 3321 τὴν
1119 3251 1331 3321 ὡραίαν
1383 3253 1462 3313 εἰς
1513 3253 1727 3321 ὅρασιν,
1759 3250 1856 3304 καὶ

272 3346 458 3411 ἦδεῖαν
479 3346 558 3408 είς
592 3342 818 3415 βρῶσιν,
848 3342 1055 3412 πικρὰν
1088 3342 1145 3395 δὲ
1175 3341 1280 3412 τὴν
1322 3341 1550 3412 ὕστερον
1602 3341 1856 3395 ἀνάδοσιν

272 3439 529 3505 ἔχουσαν,
559 3437 685 3506 μέλι
711 3435 821 3503 γὰρ
868 3434 1171 3497 ἀποστάζει
1233 3434 1343 3487 ἀπὸ
1366 3434 1474 3487 τῶν
1505 3436 1603 3505 τῆς
1658 3433 1858 3497 κακίας

272 3531 500 3595 γειλέων
554 3531 635 3591 είς
666 3530 893 3598 πικρίαν
924 3527 1237 3595 καταλῆγον
1260 3526 1442 3595 χολῆς.
1486 3525 1633 3595 Αὕτη
1657 3525 1789 3591 γοῦν
1824 3526 1859 3595 ἠ

276 3624 439 3691 ἡδονὴ
483 3622 879 3689 είσποιουμένη
920 3621 1185 3688 πρότερον
1216 3619 1275 3671 τὸ
1308 3621 1366 3671 ἐν
1403 3620 1538 3686 ἡμῖν
1594 3618 1863 3688 ἐπιθυμη-

275 3714 424 3764 τικὸν
454 3712 552 3764 καὶ
585 3710 895 3776 θυμοειδὲς,
960 3710 1029 3762 τά
1079 3710 1183 3763 ὑπ’
1231 3708 1454 3777 ἐξουσίᾳ
1493 3706 1587 3760 τοῦ
1614 3706 1859 3775 λογικοῦ,

278 3806 368 3857 καὶ
388 3804 542 3856 ὥσπε
552 3820 586 3870 ρ
608 3802 934 3855 συνοικοῦσα
964 3802 1197 3867 τούτοις,
1223 3799 1412 3870 ῶσπερ
1446 3799 1523 3870 τῷ
1558 3794 1673 3870 Ἤρ
1702 3802 1732 3869 ἡ
1758 3799 1866 3851 8d-

282 3915 414 3964 μαρ,
454 3898 551 3949 καὶ
577 3896 654 3963 τῷ
681 3896 877 3948 Ἀῦνᾶν
902 3895 1145 3957 θανατοῖ,
1182 3896 1276 3950 καὶ
1331 3887 1525 3947 θάτττει
1574 3894 1746 3946 ταῦτα
1784 3897 1865 3955 είς

277 3990 513 4054 ἀλογίαν
538 3989 885 4058 μετάγουσα.
917 3981 1050 4040 Εἶτα
1074 3987 1197 4039 κατ’
1224 3986 1390 4039 αὐτοῦ
1418 3985 1512 4041 τοῦ
1546 3986 1663 4047 νοὸς
1696 4002 1865 4056 στρα-

276 4080 520 4145 τεύεται,
547 4080 643 4133 καὶ
670 4080 1044 4133 ύποσαίνουσα
1072 4078 1151 4149 τῷ
1182 4079 1323 4148 νόθῳ
1352 4078 1539 4132 κάλλει
1561 4078 1760 4149 χρῆται
1790 4076 1867 4145 τῷ

276 4173 585 4245 circumdo;
615 4171 937 4243 μαστροπῷ.
964 4172 1063 4238 Είη
1079 4170 1123 4222 δ’
1148 4170 1215 4223 ἂν
1244 4170 1339 4223 τοῦ
1356 4171 1474 4233 νοὸς
1489 4172 1709 4237 οίκέτης
1725 4173 1759 4239 ἡ
1779 4171 1867 4224 ai:-

278 4265 381 4334 σθη
392 4283 501 4327 σις,
520 4265 591 4315 δι’
612 4258 682 4336 ἦς
697 4267 762 4334 τῇ
784 4264 1032 4335 ἁμαρτίᾳ
1059 4263 1454 4334 συμπλέκεται,
1478 4264 1705 4334 προδοὺς
1731 4262 1867 4334 πρό-

277 4359 557 4429 τερονξτὴν
579 4358 794 4429 ῥάϐδον,
820 4362 914 4412 καὶ
927 4358 1026 4427 τὴν
1042 4356 1243 4427 ζώνην,
1284 4356 1381 4411 καὶ
1409 4357 1501 4409 τὸν
1558 4356 1867 4417 δακτύλιον,

279 4454 428 4522 ἅπερ
444 4470 522 4505 πα
534 4450 582 4522 ρ’
598 4450 755 4521 ἡμῶν
777 4451 947 4505 κακία
972 4452 1158 4519 ζητεῖ·
1195 4451 1530 4517 δουλαγωγεῖ
1554 4449 1662 4517 γὰρ
1695 4451 1867 4519 ἡμᾶς,

278 4544 356 4606 ὡς
380 4542 661 4613 βούλεται,
710 4544 913 4595 τούτων
944 4541 1306 4611 γυμνώσασα.
1350 4543 1418 4595 Ἠ
1457 4541 1556 4612 μὲν
1585 4542 1678 4595 οὖν
1723 4540 1869 4612 ζώνη

278 4639 473 4707 ἐπειδὴ
490 4636 892 4707 συσφίγγειτὴν
908 4638 1101 4705 ὀσφὺν,
1116 4638 1210 4690 καὶ
1224 4636 1538 4690 ἀναστέλλει
1549 4636 1634 4689 δια
1642 4635 1870 4709 ρρἑοντα

1952 2157 2208 2211 annulum
2254 2156 2616 2210 arrhabonem
2654 2153 2800 2218 lldei,
2836 2163 2891 2208 et
2944 2155 3247 2207 obscuratae
3288 2152 3541 2219 imaginis

1953 2248 2381 2311 renovationem,
2433 2264 2607 2319 quam.
2643 2246 2880 2303 ostendit
2936 2246 3070 2317 palaa
3128 2246 3296 2315 ipsius
3354 2244 3540 2297 annuli

1955 2342 2237 2404 caelatura,
2270 2350 2322 2395 et
2352 2340 2645 2409 cingulum,
2696 2338 2838 2407 quod
2869 2353 2987 2391 eam
3017 2336 3275 2404 incingal,
3313 2335 3415 2387 hoc
3456 2340 3541 2388 est

1956 2432 2209 2486 virtutem
2270 2431 2599 2498 evztngelicae
2652 2430 2873 2499 gratiae;
2910 2440 2963 2483 et
2996 2429 3267 2490 baculum,
3322 2440 3539 2478 crum-ut

1958 2524 2101 2585 dico,
2154 2535 2248 2591 per
2296 2536 2458 2591 quam
2519 2518 2789 2584 fulcimur,
2848 2528 2906 2573 ut
2955 2528 3162 2573 stemus
3212 2521 3263 2569 iu
3296 2517 3434 2579 ﬁde;
3488 2524 3545 2568 ct

1959 2630 2122 2671 canes
2181 2615 2339 2669 nobis
2392 2614 2727 2667 oblatrantes
2781 2627 3052 2671 arcemus.
3082 2622 3139 2667 ot
3165 2611 3216 2665 in
3249 2625 3357 2664 uno
3391 2618 3546 2663 utero

1960 2706 2155 2759 anima:
2188 2705 2326 2758 illius
2371 2704 2615 2775 geminos
2646 2703 2810 2771 parit,
2851 2711 3055 2757 rectam
3106 2700 3263 2757 ﬁdem
3292 2709 3348 2755 et
3373 2699 3547 2754 bono-

1962 2811 2080 2850 rum
2117 2808 2338 2861 operum
2370 2793 2789 2848 conscientiam.

2032 2980 2182 3046 Quod
2215 2980 2258 3031 si
2295 2979 2346 3032 in
2391 2977 2649 3032 moralem
2701 2973 3194 3032 considerationem
3230 2981 3549 3027 convertere

1961 3072 2245 3127 historiam
2299 3086 2436 3138 opus
2476 3070 2583 3130 sit,
2631 3069 2760 3124 hinc
2805 3068 2978 3123 etiam
3032 3076 3216 3135 aperte
3265 3065 3545 3124 docemur.

1962 3166 2104 3234 quod
2151 3164 2357 3218 scilicet
2388 3162 2609 3232 pulchra
2642 3161 2729 3215 illa
2757 3159 3017 3225 Thamar,
3048 3175 3177 3229 quae.
3215 3159 3549 3214 Amaritudi-

1965 3272 2077 3308 nem
2127 3256 2240 3326 (47)
2276 3270 2374 3310 suo
2409 3255 2625 3310 nomine
2679 3253 2897 3323 signat,
2946 3252 3167 3307 denotat
3222 3250 3547 3319 voluptatem

1966 3346 2249 3416 pulchram
2283 3344 2503 3414 quidem
2555 3351 2798 3413 aspectu,
2838 3350 2904 3398 ει·
2926 3352 3143 3412 gustatu
3194 3341 3429 3400 dulcem.
3458 3341 3549 3392 sed

1964 3453 2209 3492 amaram
2236 3439 2287 3491 in
2318 3436 2610 3503 digerendo
2639 3453 2652 3490 :
2684 3434 2840 3491 melle
2870 3436 3014 3490 enim
3042 3433 3315 3488 distillant
3335 3432 3554 3485 malitia:

1964 3535 2128 3593 labia.
2186 3533 2328 3602 quod
2385 3533 2438 3586 in
2491 3532 2614 3586 bilis
2665 3531 3084 3586 amaritudinem
3147 3530 3369 3585 desinit.
3428 3530 3551 3583 "me

1966 3627 2127 3696 igitur
2175 3625 2420 3694 voluptas
2459 3623 2729 3692 principio
2781 3622 2997 3692 quidem
3052 3620 3469 3687 concupiscemli
3502 3634 3551 3671 et

1964 3718 2232 3772 irascendi
2267 3717 2556 3772 facultates
2592 3717 2790 3771 rationi
2820 3717 3095 3785 subjectas
3128 3716 3375 3769 adsciscit
3404 3714 3505 3768 sibi
3539 3758 3554 3779 ,

1966 3818 2019 3864 el
2047 3824 2165 3861 cum
2200 3808 2305 3863 illis
2340 3822 2702 3863 consuescens
2735 3809 2809 3861 uti
2845 3823 2966 3861 cum
2994 3805 3069 3873 Er
3101 3816 3156 3861 et
3185 3806 3371 3872 Aynan
3408 3805 3553 3857 Tha-

1969 3917 2088 3954 mar
2118 3917 2211 3955 eas
2244 3901 2463 3963 occidit,
2497 3916 2559 3954 ac
2590 3901 2806 3971 sepelit.
2855 3888 2988 3954 Cum
3041 3899 3236 3952 avertit
3262 3914 3287 3949 a
3324 3898 3550 3956 ratione.

1968 4005 2152 4062 postea
2206 4003 2440 4049 mentem
2484 3994 2652 4063 ipsam
2717 3993 3045 4061 aggreditur,
3081 3999 3138 4045 et
3169 3989 3390 4044 mentita
3436 3988 3547 4055 pul-

1969 4087 2280 4142 chritudine
2336 4086 2563 4140 illlciens
2616 4084 2875 4138 famulum
2913 4083 3154 4144 adhibet,
3200 4090 3255 4133 ut
3289 4081 3554 4135 lenonem.

1968 4177 2140 4233 Porro
2173 4186 2353 4231 autem
2386 4175 2586 4230 mentis
2639 4174 2869 4230 famulus
2902 4186 3109 4228 sensus;
3140 4180 3245 4237 est,
3275 4186 3371 4240 per
3396 4184 3557 4239 quem

1970 4280 2195 4341 peccato
2234 4269 2479 4324 irretitur
2523 4268 2743 4323 tradens
2793 4277 2919 4323 ante
2968 4265 3241 4328 baculum,
3278 4274 3331 4317 et
3369 4263 3563 4333 cingu-

1970 4358 2103 4425 lum,
2148 4368 2203 4413 et
2254 4358 2513 4412 annulum
2544 4396 2560 4418 ,
2614 4371 2735 4426 quae
2762 4371 2790 4409 a
2824 4355 3001 4409 nobis.
3036 4354 3271 4422 nequitia
3315 4350 3518 4419 ﬂagitat
3544 4391 3559 4411 .

1970 4452 2130 4507 simul
2182 4451 2325 4506 enim
2358 4464 2420 4505 ac
2468 4449 2576 4504 illis
2627 4464 2725 4506 nos
2768 4446 3034 4518 spoliarit,
3071 4462 3171 4501 suo
3210 4447 3473 4500 arbitratu
3508 4445 3559 4499 in

1971 4546 2285 4597 servitutem
2320 4540 2540 4608 redigit.
2570 4538 2715 4594 Zona
2744 4538 3009 4607 siquidem
3052 4536 3306 4607 quoniam
3344 4535 3562 4589 lumbos

1973 4636 2275 4707 praecingit,
2312 4644 2367 4689 et
2417 4634 2653 4688 tunicam
2710 4631 3038 4687 difﬂuentem
3086 4630 3137 4684 in
3185 4629 3253 4683 iis
3296 4628 3559 4682 continet.

277 4729 374 4781 τὸν
388 4729 603 4800 χιτῶνα
623 4730 715 4782 ἐπὶ
735 4730 832 4799 τὴν
862 4729 1001 4795 ἰξὺν,
1026 4728 1289 4797 σημαίνει
1310 4728 1367 4781 δὲ
1409 4727 1471 4780 τὸ
1500 4727 1755 4798 σώφρονα
1778 4727 1857 4779 λο·

1977 4728 2347 4797 tempcrantiaa
2389 4724 2656 4796 significat
2700 4724 3079 4793 cogitationes,
3116 4735 3212 4790 per
3240 4734 3376 4788 quas
3407 4733 3564 4772 coer-

279 4822 507 4891 γισμδν,
532 4820 613 4873 δι’
640 4813 701 4874 οὗ
729 4822 832 4891 ἦτε
858 4820 1239 4890 ἀπολαυστικὴ
1285 4818 1381 4874 τοῦ
1429 4818 1547 4889 βίου
1602 4820 1871 4888 χαυνότης

282 4912 669 4975 συστέλλεται,
706 4915 802 4966 καὶ
832 4915 866 4983 ἡ
905 4913 979 4982 μὴ
1041 4911 1333 4983 πρέπουσα
1375 4911 1484 4965 τῶν
1515 4910 1731 4979 νεφρῶν
1773 4928 1872 4963 ou-

280 5008 585 5074 σφίγγεται
633 5005 902 5076 πύρωσις.
946 5006 1150 5059 Τοῦτον
1178 5003 1271 5057 τὸν
1320 5004 1581 5073 σώφρονα
1610 5002 1879 5072 λογισμὸν

283 5098 613 5168 ἀφαιροῦσα
653 5099 686 5167 ἡ
721 5098 908 5168 ἡδονὴ,
941 5099 1002 5150 τὸ
1028 5096 1124 5151 τοῦ
1154 5096 1274 5159 νοὸς
1306 5095 1579 5165 ἀνδρῶδες
1629 5093 1878 5163 ἐξίτηλον

281 5192 696 5259 ἀπεργάζεται,
729 5192 872 5244 ὥστε
908 5190 1199 5261 προδοῦναι
1224 5190 1320 5243 καὶ
1358 5189 1458 5258 τὴν
1491 5186 1587 5241 τοῦ
1634 5186 1876 5241 συνειδό-

280 5300 376 5347 τος
394 5283 739 5355 ὲλευθερίαν,
763 5284 831 5353 ἢν
861 5283 1205 5336 αἰνίττεταιό
1226 5280 1532 5344 δακτύλιος,
1556 5280 1653 5333 καὶ
1682 5279 1881 5333 ἀπολέ-

1976 4830 2130 4875 cetur
2185 4816 2522 4873 delectabilis
2577 4816 2703 4870 vitat
2755 4815 2937 4878 luxus,
2978 4822 3033 4869 et
3065 4826 3257 4867 renum
3307 4809 3565 4864 indecens

1979 4913 2140 4967 ardor
2193 4910 2593 4981 comprimitur.
2652 4909 2799 4963 Hanc
2858 4906 3230 4976 temperantiae
3294 4905 3561 4958 rationem

1976 5001 2223 5055 adimens
2269 4999 2514 5066 voluptas
2541 4998 2652 5068 87
2677 4997 2923 5053 debilitat
2946 4997 3141 5051 mentis
3165 4995 3331 5049 robur
3351 5034 3367 5058 ,
3397 4993 3468 5047 ita
3502 5004 3563 5044 ut

1976 5091 2138 5145 etiam
2157 5089 2494 5145 nobilitatem
2514 5088 2855 5145 conscientia
2875 5088 3093 5159 prodat,
3107 5084 3254 5156 quod
3279 5085 3569 5140 adumbrat

1978 5184 2250 5249 annulus,
2308 5191 2363 5238 ει
2414 5185 2626 5252 signum
2690 5182 2944 5254 imaginis
3000 5180 3213 5249 perdat.
3265 5178 3420 5246 Quod
3474 5193 3567 5248 per

1978 5276 2310 5345 sculpturam
2342 5274 2395 5328 in
2428 5275 2546 5343 pala
2596 5273 2780 5328 annuli
2832 5274 2945 5345 (48)
2978 5272 3173 5329 factam
3220 5271 3568 5340 exprimitur.

1532 5425 1851 5488 Francisci
1886 5423 2092 5487 SCorsi
2129 5431 2318 5485 notae.

355 5563 475 5632 μη
510 5564 642 5627 Qua-
663 5558 1095 5613 amaritudinem.
1126 5556 1197 5611 Ex
1231 5556 1415 5632 radice
1435 5564 1588 5632 3773.
1623 5554 1763 5621 quod
1795 5560 1879 5632 est

282 5622 635 5693 arﬁaréscﬁere,
692 5632 917 5689 lit-mn
979 5642 1172 5680 nomen
1231 5626 1636 5680 llecmantieum
1668 5639 1762 5693 per
1785 5622 1880 5693 de-

284 5692 631 5759 tractionem,
660 5701 822 5755 unius
879 5698 1150 5761 radicalis,
1185 5707 1241 5751 et
1280 5695 1610 5749 additionem
1668 5692 1881 5747 servilis

279 5788 345 5833 Π.
383 5773 488 5826 Alii
526 5772 1013 5839 Thamarpulmam
1050 5768 1493 5839 interpretantur.

359 5845 475 5916 (i8)
505 5843 717 5918 lnpala
761 5830 972 5895 ἁηηιιίὶ.
1029 5830 1229 5893 Annuli
1276 5837 1395 5906 pala
1440 5844 1525 5891 est
1588 5847 1713 5903 pars
1769 5830 1885 5901 ejus

1984 5549 2145 5620 plana
2180 5557 2234 5601 et
2259 5546 2446 5620 latior,
2473 5547 2527 5620 in
2558 5547 2837 5620 qua_apud
2871 5538 3571 5620 vi-teres_sigill_itmexscul-

1989 5606 2162 5687 iuum.
2193 5619 2331 5687 apud
2383 5606 2480 5687 nos
2516 5606 2773 5671 inseritur
2803 5630 3036 5687 gemma.
3066 5606 3573 5687 Cic.__deAfabulnso

1989 5680 2189 5743 annulo
2220 5680 2384 5757 Cygis
2408 5705 2420 5741 :
2448 5686 2529 5741 lbi
2554 5703 2672 5741 cum
2702 5687 2874 5757 palum
2900 5680 3220 5757 ejus_annuli
3244 5682 3310 5731 ad
3341 5680 3572 5757 palmam

1992 5749 2330 5821 converterit:
2384 5776 2414 5811 α
2460 5758 2607 5811 nullo
2667 5749 2953 5822 videbatur.
3011 5753 3120 5822 ipse
3182 5760 3353 5822 autem
3395 5749 3571 5822 omnia

1994 5830 2219 5885 ridebat.
2274 5818 2349 5883 Ea
2407 5828 2666 5898 σεενδόνη
2728 5818 2953 5880 Graecis.
3008 5820 3156 5876 Unde
3213 5819 3357 5874 inter
3402 5818 3573 5875 emota
