4024 6468
296 389 396 454 351

1497 388 1910 451 ΤΗΕΟΡΗΑΝ
1920 388 1989 451 IS
2024 390 2369 452 CERAMEI

3451 383 3557 448 332

301 507 634 572 deuotahat,
681 506 823 576 quod
861 504 1059 560 bonum
1103 520 1232 559 sane
1269 504 1474 570 judicio
1506 505 1652 559 circa
1687 506 1883 559 bonum

2003 506 2131 569 ιίας,
2158 507 2217 558 ού
2252 506 2475 557 δύναται
2514 504 2643 557 ἰδεῖν
2673 502 2764 556 τὸν
2786 503 2920 557 Θεόν
2951 521 2965 536 ο
2996 503 3042 555 εἰ
3077 501 3134 556 δὲ
3159 503 3259 572 τῆς
3289 501 3563 571 ἁμαρτίας

300 602 502 653 erranti
534 600 773 661 videtur,
821 616 878 653 re
917 607 1092 651 autem
1135 613 1282 661 vera,
1319 598 1518 651 malum
1552 608 1672 664 est;
1718 600 1797 651 sic
1829 608 1883 651 et

303 694 420 755 ipsa
457 702 775 756 sycomnrea
826 688 1002 748 planta
1053 686 1186 741 ﬁcus
1220 687 1436 755 quidem
1490 700 1712 757 apparet
1746 688 1881 757 ((50),

311 786 366 827 et
403 786 578 829 tamen
618 775 789 843 reipsa
839 775 973 829 ﬁcus
1021 791 1124 828 non
1175 786 1278 832 est.
1327 776 1462 831 Dum
1501 778 1662 846 igitur
1695 778 1886 833 subter

1989 596 2299 665 ύπεραρθῇ,
2333 595 2429 648 καὶ
2452 594 2718 663 κρείττων
2743 593 2948 663 ταύτης
2984 594 3150 664 ὀφθῇ.
3193 593 3297 663 ὁρᾷ
3325 592 3418 644 τὸν
3451 609 3566 659 φω-

1988 687 2216 756 τοδότην
2269 685 2497 754 Ἰησοῦν,
2535 686 2636 756 τὴν
2679 686 2853 748 ὅντως
2893 686 3172 757 σωτηρίαν
3205 685 3565 754 ὲκφωνοῦσαν

1990 780 2139 850 αὐτῷ
2163 799 2175 811 ·
2216 799 2236 832 ι
2273 781 2522 852 Σήμερον
2554 781 2800 851 σωτηρία
2821 779 2899 851 τῷ
2930 779 3068 850 οἴκῳ
3108 797 3224 836 σου.
3261 797 3281 833 ι

303 883 699 938 sycomoream,
727 870 825 922 hoc
855 880 937 924 est
964 871 1157 925 subter
1198 883 1479 941 peccatum
1541 875 1807 945 quispiam
1869 875 1961 941 sit,
2005 878 2173 931 Deum
2209 878 2393 931 videre
2426 894 2532 930 non
2574 887 2750 946 potest
2784 896 2797 932 :
2832 879 2873 932 si
2920 893 3050 933 vero
3088 895 3149 933 se
3177 895 3344 948 supra
3378 892 3571 947 pecca-

304 972 418 1014 tum
454 962 647 1026 elevet,
690 973 741 1017 et
773 965 1024 1030 superior
1055 965 1145 1019 illo
1175 966 1443 1032 videatur,
1473 965 1580 1034 jam
1612 967 1877 1036 conspicit
1913 967 2051 1024 lucis
2088 969 2333 1023 datorem
2379 967 2588 1034 Jesum,
2627 976 2682 1023 et
2740 982 2889 1032 eum,
2922 969 3014 1038 qui
3086 979 3171 1023 est
3214 982 3341 1022 vera
3390 968 3564 1031 s.dus,

304 1057 572 1110 dicentem
605 1057 707 1110 sibi
741 1076 755 1111 :
790 1077 808 1109 ‹
839 1056 1011 1112 Hodie
1042 1059 1188 1112 Salus
1214 1059 1392 1112 domui
1434 1072 1537 1115 tua:
1559 1060 1705 1115 facta
1730 1070 1867 1115 θείη

381 1169 401 1201 ι
422 1147 740 1216 Suspiciens
767 1150 908 1203 enim
929 1147 1107 1216 Jesus,
1129 1150 1325 1217 inquit,
1341 1150 1475 1204 vidit
1499 1151 1670 1219 Illum,
1691 1161 1746 1206 et
1771 1152 1882 1206 ait:

303 1239 586 1307 Zaccluee,
633 1239 894 1296 festinans
938 1242 1224 1308 descende,
1250 1243 1373 1308 quia
1418 1243 1575 1296 hodie
1624 1244 1677 1297 in
1723 1244 1887 1299 domo

304 1347 396 1388 tua
439 1344 658 1402 oportet
708 1351 794 1388 me
825 1349 1070 1391 manere.
1104 1355 1123 1387 ι
1159 1335 1204 1390 Ο
1236 1336 1450 1390 beatam
1485 1352 1695 1401 vocem,
1721 1353 1882 1405 quam

308 1429 603 1483 Zacclueus
635 1427 880 1491 audivit;
934 1443 966 1481 0
1011 1429 1246 1483 divinam
1281 1431 1331 1483 in
1369 1430 1615 1485 homines
1641 1431 1884 1501 benigni-

310 1531 478 1573 tatem
508 1558 524 1582 ,
573 1535 695 1585 quae
744 1520 1014 1588 publicani
1072 1522 1230 1575 fidem
1273 1523 1554 1578 celeritate
1603 1524 1885 1591 praevenit.

310 1609 482 1663 Simul
516 1610 662 1663 enim
713 1626 836 1664 cum
872 1610 1007 1664 vidit
1043 1611 1318 1680 paululum
1361 1627 1391 1664 e
1440 1613 1672 1667 terrenis
1708 1613 1892 1667 subla-

302 1713 448 1763 tum,
485 1703 551 1754 ad
593 1718 653 1754 se
679 1712 832 1754 vocat
869 1703 1142 1756 hominem
1177 1704 1471 1771 perditum,
1504 1704 1751 1758 fiduciam
1781 1706 1889 1757 im.

311 1794 548 1859 perticns
581 1793 681 1859 illi,
712 1795 799 1863 qui
839 1795 985 1863 loqui
1029 1811 1134 1848 non
1179 1796 1431 1850 audebat,
1469 1796 1560 1852 Sic
1586 1806 1642 1853 et
1675 1799 1727 1851 in
1758 1814 1886 1869 pro-

310 1886 495 1952 digum
528 1884 692 1939 filium
730 1902 792 1941 se
837 1888 1026 1956 gessit.
1062 1887 1162 1943 Ubi
1197 1905 1319 1943 eum
1356 1889 1490 1944 vidit
1530 1906 1558 1944 a
1603 1907 1889 1962 porcorum
1923 1878 1965 1933 Β

312 1977 563 2031 convictu
609 1977 941 2045 seiunctum,
982 1990 1039 2034 et
1084 1982 1151 2035 ad
1211 1992 1493 2050 paternam
1537 1984 1753 2039 domum
1804 1999 1894 2040 re—

314 2082 554 2131 versum,
592 2069 751 2138 longe
776 2070 992 2124 obviam
1022 2085 1324 2127 occurrens
1354 2073 1672 2143 complexus
1703 2083 1805 2138 est,
1840 2086 1895 2129 et

315 2160 512 2214 collum
536 2162 836 2216 osculatus.
858 2162 1005 2218 Talis
1029 2173 1113 2218 est
1132 2163 1389 2219 Dominus
1408 2176 1623 2221 noster:
1649 2168 1896 2236 quamvis

314 2253 591 2307 sexcentis
650 2254 881 2308 maculis
936 2255 1106 2309 notati
1167 2259 1371 2321 simus,
1433 2258 1680 2326 quamvis
1731 2259 1893 2312 oblita

314 2362 477 2401 como
506 2347 578 2401 sit
615 2347 721 2400 vita
765 2358 983 2413 nostra;
1019 2348 1064 2403 si
1102 2349 1261 2403 modo
1294 2362 1602 2420 promptum
1639 2353 1895 2407 05tende-

318 2438 490 2492 rimus
544 2439 808 2501 animum,
874 2448 930 2494 et
989 2457 1149 2495 unam
1215 2443 1546 2511 paxnitentite
1604 2445 1894 2516 lacrymam

316 2532 605 2597 s'illemus,
639 2533 825 2586 statim
860 2533 1056 2603 recipit
1105 2550 1202 2589 nos
1245 2537 1295 2589 iu
1334 2539 1488 2591 ulnas
1519 2553 1667 2601 suas,
1696 2549 1747 2591 et
1780 2538 1898 2606 pla-

319 2623 548 2677 cabilem
604 2639 759 2680 suam
813 2635 1062 2681 naturam
1110 2630 1369 2694 ostendit,
1403 2642 1457 2683 et
1499 2630 1897 2698 praeteritorum

315 2718 563 2771 Otltllillnl
590 2729 939 2786 peccatorum
972 2720 1338 2775 obliviscitur.
1378 2720 1485 2777 Sed
1518 2722 1896 2777 revertendum

306 2806 462 2859 .unde
490 2807 718 2875 digressi
752 2823 973 2861 sumus:
1015 2828 1032 2859 ι
1059 2807 1344 2875 Zaccbzee,
1382 2811 1649 2866 festinans
1675 2812 1902 2867 descen-

310 2902 407 2953 .de.
446 2917 467 2951 ι
533 2898 683 2954 Nunc
734 2916 861 2957 vere
920 2902 1216 2957 Zacchteus
1254 2905 1501 2969 evasisti,
1559 2920 1707 2960 nunc
1760 2905 1897 2961 facta

324 2991 528 3044 nomini
566 3007 807 3060 congrua
842 2994 1155 3049 ostendisti.
1199 2994 1496 3051 Zacchteus
1525 3001 1691 3061 enim,
1722 2999 1901 3053 victo-

322 3099 435 3135 rem
494 3084 544 3137 vi
603 3085 837 3138 nominis
887 3086 1000 3157 (61)
1048 3086 1263 3156 signat;
1312 3104 1459 3142 nunc
1513 3091 1679 3161 igitur
1728 3092 1901 3145 victor

323 3175 522 3229 diceris
547 3187 889 3243 peccaturum
909 3177 1254 3244 :«Zaccbtee,
1280 3179 1548 3235 festinans
1573 3184 1894 3248 descende,»

322 3282 492 3333 quare
527 3267 941 3325 festinationem
973 3271 1260 3343 adiungit?
1293 3273 1361 3328 Ut
1392 3274 1570 3329 discas
1605 3290 1707 3329 nou
1739 3290 1901 3343 opor-

325 3370 439 3412 tere
472 3360 780 3414 sucorditcr
812 3370 866 3415 et
896 3361 1255 3434 negligenter,
1294 3366 1389 3419 sed
1419 3365 1588 3421 alacri
1627 3376 1904 3436 prompto-

327 3461 435 3514 que
466 3448 647 3503 studio
678 3448 887 3517 ingredi
926 3451 1032 3521 91
1075 3453 1216 3507 viam
1262 3453 1499 3509 virtutis.
1537 3454 1708 3510 Fluxa
1758 3457 1902 3512 enim

325 3548 412 3591 est
446 3539 553 3592 vita
587 3549 791 3606 nostra,
828 3545 1074 3613 adeoque
1103 3555 1317 3611 oportet
1362 3547 1429 3599 ad
1480 3548 1679 3602 bonum
1709 3564 1902 3618 capes-

324 3632 552 3685 sendum
582 3647 682 3687 nos
704 3631 986 3699 festinare,
1010 3636 1138 3689 dum
1161 3636 1267 3692 hoc
1286 3638 1528 3709 corporis
1557 3639 1904 3695 tabernaculo

325 3723 663 3778 circumtecti
705 3741 912 3781 sumus.
952 3724 1057 3781 Sed
1091 3729 1236 3782 enim
1290 3730 1506 3784 videtur
1556 3731 1661 3786 hoc
1701 3732 1902 3786 dictum

326 3815 527 3870 tradito
558 3831 589 3870 a
621 3817 779 3873 nobis
825 3818 1120 3874 intellectui
1162 3823 1442 3878 adversari
1479 3824 1902 3891 quodammodo.

326 3906 382 3960 Si
443 3910 588 3961 enim
660 3912 978 3974 praeclarum
1038 3911 1298 3968 Zacchzco
1367 3915 1467 3969 fuit
1529 3931 1902 3987 sycomoream

327 4003 621 4057 ascendere
657 4004 708 4073 (a
740 4006 971 4060 terrenis
1013 4007 1213 4074 quippe
1265 4008 1543 4073 sublatus,
1582 4020 1633 4061 et
1684 4021 1905 4079 peccato

326 4096 577 4163 superior
608 4096 782 4151 factus
806 4098 941 4168 est),
966 4114 1070 4167 qua
1112 4101 1323 4154 ratione
1357 4101 1581 4167 iubetur
1607 4104 1906 4158 descende-

330 4188 430 4240 re?
462 4205 482 4237 ι
522 4186 783 4243 Zacchaee
818 4189 962 4242 enim
1009 4189 1204 4258 inquit,
1260 4188 1524 4245 festinans
1554 4192 1844 4247 descende.
1880 4211 1899 4245 ι

331 4280 450 4346 Quo
501 4292 659 4351 pacto
699 4298 847 4344 eum,
890 4283 978 4350 qui
1035 4284 1172 4337 bene
1217 4286 1558 4351 ascenderat,
1605 4288 1795 4341 incitat
1839 4291 1902 4341 ad

328 4375 764 4430 descendendum
787 4376 810 4430 ?
837 4376 988 4442 Quod
1014 4378 1079 4431 ad
1108 4377 1427 4451 historicum
1452 4395 1669 4434 sensum
1691 4383 1903 4449 attinet,

329 4464 399 4517 ab
427 4465 623 4518 arbore
644 4480 764 4519 eum
784 4466 1117 4521 descendere
1143 4467 1582 4537 Salvatorjubet,
1609 4473 1903 4539 anagugica

2071 1168 2090 1201 ι
2132 1144 2465 1219 Ἀναϐλέψας
2491 1151 2623 1222 γὰρ,
2667 1150 2856 1220 φησὶν,
2887 1151 2915 1203 ὁ
2968 1147 3180 1219 Ἰησοῦς
3211 1143 3352 1201 εἶδεν
3377 1149 3567 1215 αὐτὸν,

1996 1242 2087 1295 καὶ
2126 1237 2253 1295 εἷπε
2288 1256 2302 1271 ⁶
2356 1245 2620 1313 Ζακχαῖε,
2658 1241 2902 1303 σπεύσας
2953 1240 3225 1311 κατάϐηθι
3262 1257 3276 1270 ·
3331 1245 3574 1311 σήμερον

1995 1336 2105 1406 γὰρ
2132 1337 2189 1388 ἐν
2221 1335 2298 1405 τῷ
2340 1335 2479 1406 οἴκῳ
2507 1353 2600 1389 σου
2632 1336 2714 1389 δεῖ
2760 1352 2829 1404 με
2881 1337 3082 1402 μεῖναι·
3124 1352 3142 1384 ³
3177 1330 3249 1386 Ὦ
3291 1324 3591 1404 tum?!“

1997 1431 2198 1498 φωνῆς,
2224 1424 2291 1501 ἧς
2312 1428 2339 1479 6
2370 1430 2639 1498 Ζακχαῖος
2681 1427 3027 1496 ὑπήκουσενὲ
3059 1422 3129 1478 Ὠ
3164 1426 3352 1495 θεῖκῆς
3385 1428 3575 1494 φιλαν-

1996 1519 2243 1589 θρωπίας
2297 1519 2582 1589 φθασάσης
2616 1521 2682 1587 τῇ
2736 1518 3002 1589 ταχύτητι
3058 1517 3150 1570 τοῦ
3192 1518 3425 1571 τελώνου
3475 1519 3577 1586 τὴν

1998 1613 2215 1666 πίστινί
2255 1612 2429 1681 Ὀμοῦ
2458 1611 2565 1683 γὰρ
2611 1608 2751 1664 εἶδεν
2787 1611 2948 1665 αὐτὸν
2985 1612 3185 1680 μικρὸν
3230 1611 3340 1664 τῶν
3370 1612 3579 1682 γηΐνων

1997 1704 2403 1774 ὑπεραρθέντα,
2433 1705 2527 1758 καὶ
2556 1704 2949 1774 προσκαλεῖται
2994 1703 3087 1755 τὸν
3114 1702 3454 1765 ἀπολωλότα,
3483 1705 3583 1757 καὶ

2000 1794 2323 1863 μεταδίδωσι
2359 1792 2596 1863 θάρσους
2641 1793 2717 1863 τῷ
2764 1793 3202 1863 ἀπαῤῥησιάστῳ
3242 1809 3255 1822 ·
3292 1793 3435 1845 οὓτω
3484 1792 3583 1846 καὶ

1996 1886 2071 1958 τῷ
2115 1884 2311 1956 ἀσώτῳ
2358 1888 2518 1939 ποιεῖ.
2567 1885 2735 1954 Ὁμοῦ
2784 1902 2843 1938 τε
2893 1880 2999 1937 εἶδε
3046 1884 3138 1937 τὸν
3182 1884 3415 1954 χοιρώδη
3461 1885 3581 1952 βίον

1998 1979 2456 2049 ἀποσεισάμενον,
2491 1978 2586 2030 καὶ
2623 1978 2757 2047 πρὸς
2787 1978 2888 2047 τὴν
2935 1977 3214 2047 πατρικὴν
3254 1978 3441 2032 ἑστίαν
3470 1996 3583 2031 πα-

1995 2072 2459 2144 λινδρομήσαντα,
2506 2073 2604 2125 καὶ
2653 2070 2926 2140 μακρόθεν
2964 2069 3191 2140 δραμὼν
3231 2070 3581 2140 περιεπλάκη

1981 2165 2232 2236 ,φιλήσας
2262 2167 2354 2219 τὸν
2386 2164 2677 2236 τράχηλον.
2726 2162 2979 2227 Τοιοῦτος
3006 2164 3035 2215 ὁ
3059 2163 3328 2232 ἡμέτερος
3373 2164 3587 2216 Δεσπὸ-

1996 2275 2099 2326 της
2121 2272 2136 2289 ⁸
2173 2256 2274 2311 κᾶν
2313 2256 2536 2327 μυρίαις
2578 2256 2767 2325 κηλῖσι
2796 2254 3221 2325 κατεστιγμένοι
3256 2255 3447 2323 ἐσμὲν,
3477 2254 3589 2307 κᾶν

2001 2348 2345 2420 βορϐορώδης
2378 2352 2526 2401 ἐστὶν
2561 2351 2588 2402 ὁ
2620 2349 2732 2418 βίος
2763 2351 2795 2419 ἡ
2807 2348 2942 2418 μῶν,
2972 2348 3022 2400 εί
3060 2347 3366 2417 προθυμίαν
3415 2348 3590 2417 μόνην

1996 2441 2428 2511 ὲπιδειξαίμεθα,
2457 2443 2551 2495 καὶ
2570 2440 2809 2511 δάκρυον
2835 2438 3234 2509 μεταγνώσεως
3259 2440 3587 2506 ὲπιστὰξαι-

2003 2552 2123 2605 μεν,
2152 2535 2316 2596 εὐθὺς
2345 2532 2783 2601 ὲναγκαλίζεται,
2811 2532 2910 2601 τὴν
2948 2532 3076 2583 ἵλεω
3107 2530 3271 2599 φύσιν
3303 2530 3586 2583 ἐνδείκνυ-

1998 2643 2109 2691 ται,
2168 2625 2386 2677 πάντων
2431 2624 2542 2674 τῶν
2592 2623 2879 2694 προτέρων
2930 2620 3378 2676 ἐπιλανθάνεται.
3442 2619 3585 2673 Ἀλλ’

1999 2718 2263 2772 ὲπαντέον
2302 2716 2423 2770 ὅθεν
2458 2715 2749 2786 ἐξέϐημεν.
2788 2734 2807 2768 ι
2840 2717 3100 2784 Ζακχαῖε,
3134 2713 3379 2777 σπεύσας
3413 2714 3595 2767 κατά-

2001 2810 2149 2880 ϐηθι.
2185 2827 2203 2860 ι
2237 2808 2352 2861 Νῦν
2377 2808 2544 2871 ὄντως
2579 2809 2849 2877 Ζακχαῖος
2907 2808 3140 2875 γέγονας
3170 2824 3185 2839 ο
3220 2806 3318 2861 νῦν
3349 2810 3414 2876 τῇ
3447 2801 3590 2874 κλή-

1998 2918 2086 2959 ,σει
2134 2901 2474 2970 κατάλληλον
2519 2899 2800 2964 ἐπέδειξας
2836 2901 2935 2967 τὴν
2965 2898 3271 2969 ἐνέργειαν.
3317 2900 3591 2970 Ζακχαῖος

2003 2993 2113 3064 γὰρ
2164 2994 2422 3063 νικητὴς
2475 2992 2841 3063 ἑρμηνεύεται
2871 3009 2883 3021 ·
2917 2992 3012 3044 νῦν
3061 2992 3156 3046 οὖν
3196 2993 3425 3063 νικητὴς
3476 2991 3591 3045 τῶν

2004 3087 2607 3157 παθῶνὲχρημάτισας.
2635 3106 2651 3138 ι
2691 3088 2945 3157 Ζακχαῖε,
2973 3086 3220 3148 σπεύσας
3250 3086 3583 3155 κατάϐηθι.)

2005 3180 2106 3233 Διὰ
2141 3179 2193 3233 τί
2226 3181 2321 3231 καὶ
2365 3179 2465 3249 τὴν
2515 3178 2752 3248 σπουδὴν
2785 3177 3182 3250 προστίθησινς
3224 3178 3345 3232 ’Ίνα
3380 3177 3590 3249 μάθῃς,

2001 3270 2074 3332 ὡς
2100 3271 2162 3324 ού
2198 3270 2305 3343 χρὴ
2339 3271 2602 3342 ῥᾳθύμως
2650 3270 2742 3323 καὶ
2793 3271 3013 3339 ἀμελῶς
3050 3272 3294 3341 μετιέναι
3324 3269 3425 3341 τὴν
3459 3272 3591 3342 ἀρε·

2003 3362 2124 3432 τὴν,
2155 3361 2291 3416 ἀλλὰ
2323 3363 2461 3433 μετὰ
2506 3361 2792 3429 προθύμου
2837 3362 3104 3430 σπουδῆς.
3149 3360 3367 3432 Ἐπειδὴ
3413 3377 3595 3426 παρο-

2000 3455 2127 3524 δική
2173 3457 2320 3507 ἐστιν
2359 3454 2517 3525 ἡμῶν
2543 3450 2587 3523 ἡ
2610 3452 2747 3522 ζωὴ,
2783 3454 2877 3506 καὶ
2913 3452 3020 3522 χρὴ
3054 3452 3310 3505 σπεύδειν
3337 3453 3484 3522 ἡμᾶς
3506 3453 3592 3515 είς

2003 3545 2066 3598 τὸ
2092 3546 2318 3613 ἀγαθὸν,
2352 3545 2464 3598 ἐστ’
2483 3545 2550 3598 ἂν
2580 3543 3029 3615 περιϐεϐλήμεθα
3058 3544 3118 3597 τὸ
3146 3546 3404 3613 σάρκινον
3429 3543 3597 3597 τοῦτο

2006 3638 2385 3708 περισκήνιον.
2458 3636 2621 3689 ’Δλλά
2676 3637 2825 3690 δοκεῖ
2871 3655 2989 3700 πως
3037 3637 3099 3690 τὸ
3149 3638 3312 3707 ῥητὲν
3347 3637 3593 3691 ἐναντίον

2006 3728 2145 3798 πρὸς
2176 3728 2267 3781 τὸν
2301 3727 2637 3782 ἀποδοθέντα
2674 3727 2897 3781 σκοπόν.
2929 3728 2990 3780 Εἰ
3016 3727 3125 3799 γὰρ
3161 3726 3300 3797 καλὴ
3320 3726 3412 3780 τοῦ
3444 3729 3596 3780 Ζακ-

2004 3823 2162 3890 χαίου
2192 3821 2224 3890 ἡ
2262 3821 2399 3889 πρὸς
2431 3819 2527 3890 τὴν
2558 3821 2938 3891 συκομοραίαν
2967 3819 3235 3881 ἀνάϐασις
3279 3818 3590 3890 (ὑπερήρθη

2004 3916 2116 3983 γὰρ
2145 3914 2254 3968 τῶν
2288 3914 2517 3983 γηΐνων,
2564 3914 2659 3966 καὶ
2694 3914 2806 3967 ἄνω
2852 3916 2951 3985 τῆς
2998 3913 3274 3983 ἁμαρτίας
3323 3912 3592 3982 ἐγένετο),

2007 4006 2126 4069 πῶς
2174 4007 2465 4060 κατελθεῖν
2526 4007 2883 4075 ἑγκελεύεται
2911 4025 2925 4038 ·
2965 4026 2982 4057 ι
3022 4008 3295 4077 Ζακχαῖε,
3349 4006 3598 4069 σπεύσας

2007 4100 2314 4170 κατάϐηοις
2352 4118 2370 4150 ι
2420 4100 2544 4162 Πῶς
2574 4100 2666 4152 τὸν
2711 4098 2893 4160 καλῶς
2938 4098 3231 4151 ἀνελθόντα
3267 4096 3590 4151 ἑπισπεύδει

2000 4195 2143 4262 πρὸς
2166 4191 2266 4262 τὴν
2293 4191 2630 4256 κατάϐασιν;
2670 4190 2984 4260 Ἱστορικῶς
3016 4190 3120 4259 μὲν
3151 4188 3261 4242 ἀπὸ
3291 4188 3385 4242 τοῦ
3415 4187 3591 4257 φυτοῦ

2005 4286 2035 4338 ὁ
2065 4285 2259 4355 Σωτὴρ
2284 4286 2566 4338 κατελθεῖν
2591 4283 2806 4336 κελεύει
2834 4301 2850 4316 ο
2876 4282 3244 4351 ἀναγωγικῶς
3271 4282 3326 4334 δὲ
3351 4282 3596 4334 διδάσκει

2008 4379 2175 4448 ἡμᾶς,
2211 4377 2286 4440 ὡς
2318 4377 2459 4447 ἀρχὴ
2492 4377 2781 4446 μετανοίας
2803 4375 2879 4445 τῷ
2908 4376 3294 4445 ἁμαρτήσαντι
3329 4375 3426 4427 οὐκ
3457 4373 3593 4442 ἄλλη

2006 4486 2090 4532 τις
2118 4468 2378 4538 ἁρμόδιος
2408 4468 2518 4537 εἴη,
2553 4469 2629 4530 ὼς
2656 4471 2688 4539 ή
2734 4466 3063 4529 κατάϐασις.
3101 4464 3254 4534 Αὕτη
3283 4465 3340 4517 δέ
3384 4465 3535 4515 ἐστιν
3561 4465 3595 4534 ἠ

331 4573 460 4611 vero
495 4560 932 4615 consideratione
970 4575 1068 4615 uos
1117 4564 1271 4615 docet
1300 4564 1504 4617 nullum
1548 4564 1709 4617 alium
1741 4566 1900 4634 magis

2017 4560 2268 4631 μακαρία
2321 4559 2674 4623 ταπείνωσις,
2720 4561 2753 4628 ἡ
2792 4560 3013 4612 ἐναντία
3053 4561 3154 4629 τῆς
3205 4556 3598 4627 δαιμονιώδους

332 4651 582 4704 idoneum
616 4666 737 4706 esse
785 4653 1082 4720 ptenitcndi
1120 4654 1443 4722 principium
1486 4670 1649 4724 quam
1682 4656 1907 4710 descen-

329 4757 471 4798 sum.
529 4741 654 4797 Ilaec
706 4759 836 4797 vero
884 4755 968 4798 est
1015 4745 1141 4799 felix
1202 4748 1502 4815 humilitas,
1554 4764 1617 4802 ex
1679 4750 1905 4803 adverso

332 4834 533 4889 diaboli
579 4838 847 4904 superbiae.
902 4840 1170 4907 opposita.
1236 4839 1581 4901 c‘Zacx-hzec,
1643 4839 1909 4893 festinans

332 4925 633 4995 descende;
673 4945 691 4978 ι
746 4927 828 4981 vis
882 4930 1256 4997 paenitentiam
1338 4928 1656 4999 auspicari?
1715 4931 1909 4984 funda-

335 5025 597 5083 mentum,
638 5028 693 5071 et
742 5019 1120 5075 inconcussam
1178 5022 1511 5090 ptenitcntiac
1555 5023 1724 5076 basim
1775 5039 1914 5093 pune

335 5111 728 5180 humilitatem;
783 5112 1055 5169 descende
1102 5123 1161 5167 ut
1211 5114 1477 5167 attoliaris
1516 5113 1774 5167 virtutum
1815 5115 1914 5168 alis

2015 4654 2321 4723 ὲπὰρσεως.
2365 4671 2383 4703 ι
2439 4655 2701 4722 Ζακχαῖε,
2756 4651 3001 4714 σπεύσας
3050 4649 3356 4718 κατάϐηθι;
3414 4648 3601 4716 βούλει

2017 4746 2250 4815 μετανοῆ
2260 4762 2349 4797 σαι
2371 4761 2386 4809 ;
2433 4744 2640 4797 ὑποϐἀθ
2650 4762 2750 4813 ραν
2785 4744 2886 4813 τῆς
2906 4742 3214 4810 μετανοίας,
3235 4742 3329 4793 καὶ
3347 4740 3602 4793 ἄσειστον

2011 4838 2254 4906 κρηπῖδα
2291 4836 2383 4900 θὲς
2414 4837 2514 4904 τὴν
2538 4835 2874 4888 ταπείνωσιν
2904 4851 2919 4865 ·
2945 4831 3220 4901 κατάϐηθι
3250 4832 3337 4884 ῖνα
3373 4829 3600 4899 ὑψωθῇς

2009 4933 2120 4992 τοῖς
2154 4933 2374 4999 πτεροῖς
2407 4928 2517 4983 τῶν
2562 4927 2774 4999 ἀρετῶν
2819 4925 3217 4996 ἁνυψούμενος.
3263 4920 3427 4977 Ἀλλὰ
3456 4921 3537 4985 τίς
3567 4924 3601 4992 ή

2010 5022 2106 5075 τοῦ
2131 5020 2503 5093 ἁρχιτελώνου
2530 5020 2833 5088 ἐπαγγελία
2869 5019 3227 5088 ἀκούσωμεν,
3261 5014 3405 5086 μετὰ
3426 5013 3489 5066 τὸ
3509 5014 3604 5067 τὸν

2016 5115 2220 5185 Κύριον
2252 5113 2616 5177 ὑποδέξασθαι
2656 5113 2819 5165 οἴκοι.

1568 5268 1893 5328 Francisci
1929 5268 2142 5330 Scorsi
2188 5276 2375 5329 notae.

408 5418 522 5489 (60)
570 5414 729 5489 Ficus
761 5416 969 5487 quidem
1001 5428 1237 5486 apparet.
1273 5417 1349 5471 Ex
1384 5417 1697 5472 Dioscoride
1727 5435 1910 5482 supra,

338 5488 452 5553 hut.
487 5490 579 5551 57,
620 5488 946 5560 ﬁcosimilis
978 5504 1296 5560 sycmnorus
1353 5489 1572 5548 dicitur.
1627 5505 1735 5560 nec
1785 5490 1916 5541 licus

343 5573 520 5619 tamen
558 5572 663 5614 ρει.
700 5558 794 5612 Hic
821 5558 1117 5612 autem—cst
1146 5559 1371 5627 abrupta
1407 5558 1673 5613 sententia
1705 5559 1755 5610 iu
1792 5560 1914 5612 cod.

343 5627 405 5689 ι’.
451 5629 826 5683 deficientibus
871 5632 1092 5682 onminu
1152 5628 1474 5681 necessariis
1520 5639 1640 5696 pust
1693 5630 1916 5681 verbum

342 5696 490 5813 ᾦυκεξ
518 5699 616 5765 μὲν
656 5701 758 5760 his,
795 5696 935 5753 εἶναι
968 5699 1132 5771 συκῆ,
1172 5701 1231 5751 οὐ
1266 5697 1371 5771 μὴν
1400 5702 1467 5771 τῇ
1524 5698 1756 5768 ἀληθείᾳ
1798 5701 1921 5751 ἐστι

348 5781 450 5813 ουκ
478 5798 511 5813 ,.

348 5781 511 5834 ουκῃ.

420 5832 533 5905 (fit)
586 5832 845 5890 Victorem
887 5838 931 5892 vi
978 5838 1223 5893 nominis.
1255 5837 1641 5901 llcbrzcisrw:
1673 5848 1755 5893 est
1802 5838 1923 5890 viu-

2023 5434 2166 5480 cere,
2205 5427 2257 5471 et
2293 5417 2520 5471 victoria
2552 5418 2772 5471 mutatis
2813 5415 3049 5484 punctis,
3095 5429 3217 5485 qure
3275 5415 3602 5486 posteriores

2025 5489 2233 5554 rabhipi
2256 5498 2643 5554 anposnernnt.
2674 5488 2753 5541 Ab
2780 5488 2879 5539 hac
2899 5488 3109 5539 videtur
3132 5486 3402 5539 deducere
3427 5485 3601 5538 Theu-

2021 5547 2225 5625 phaués
2276 5547 2521 5611 Zicchzei
2572 5573 2803 5621 numen,
2864 5557 3007 5624 quod
3074 5556 3355 5609 victoriam
3406 5569 3602 5607 sonare

2024 5636 2153 5690 vult,
2199 5631 2415 5697 (icilipltl
2451 5638 2629 5681 tamen
2667 5627 2908 5695 principe
2944 5627 3119 5679 littvra
3147 5643 3161 5691 ;
3189 5626 3280 5677 sed
3317 5625 3471 5697 video
3496 5625 3598 5677 hoc

2025 5716 2216 5751 nmneu
2269 5696 2676 5765 interpretatum
2711 5711 2924 5765 parum,
2976 5707 3031 5750 ct
3086 5698 3302 5766 quidem
3338 5696 3539 5749 rectius
3569 5710 3598 5747 a

2023 5777 2141 5835 m1,
2177 5769 2321 5838 quod
2354 5780 2434 5825 cst
2462 5784 2653 5836 parum
2686 5784 2814 5821 esse.
