4024 6406
361 385 464 447 3ῖε3

1767 379 1930 441 ΗΟΜ
1947 381 1960 438 l
1976 380 2098 439 ΗΑ
2141 382 2264 444 XV.

3551 379 3660 448 354

364 501 598 553 levatus.
667 496 779 553 Sed
834 512 952 567 qua:
1010 495 1171 550 fuerit
1228 493 1494 565 principis
1580 491 1998 563 publicanorum
2077 493 2394 562 promissio.
2455 500 2740 564 postquam
2795 491 3081 552 Dominum
3137 498 3356 554 domum
3418 501 3657 568 recepit,

362 597 653 652 audiamus
678 612 694 649 :

445 711 462 743 ι
510 691 642 745 Ἰδοὺ
669 689 738 744 τὰ
766 689 943 760 ἡμίση
971 688 1081 742 τῶν
1115 687 1472 758 ὑπαρχόντων
1505 703 1617 757 μοι,
1645 685 1842 756 Κύριε,
1879 683 1958 737 δί-
1988 689 2031 742 Α

359 787 508 855 δωμι
543 786 656 844 τοῖς
686 785 951 853 πτωχοῖς.
995 802 1012 834 ι
1089 781 1179 845 Ὠς
1218 780 1360 851 καλὴ
1390 779 1486 832 τοῦ
1522 778 1758 832 τελώνου
1794 781 1826 848 ἡ
1858 779 1958 846 τῆς

363 875 664 948 μετανοίας
700 876 990 945 ὑποδάθρα
1013 893 1026 906 ·
1053 875 1140 927 διὰ
1174 877 1274 945 τῆς
1331 874 1470 945 πρὸς
1533 873 1663 934 τοὺς
1713 874 1956 942 πένητας

360 970 615 1031 εὐποιίας
650 968 1005 1038 εὐστείϐητον
1055 965 1236 1036 ἐαυτῷ
1281 965 1689 1028 κατασκευάζει
1722 965 1822 1034 τὴν
1856 966 1956 1032 τῆς

362 1062 648 1132 σωτηρίας
701 1060 822 1112 ὀδόν
846 1077 858 1087 ·
900 1079 918 1111 ι
962 1059 1096 1112 ’ἰδοὺ
1145 1060 1214 1111 τὰ
1244 1058 1417 1130 ἡμίση
1452 1057 1560 1110 τῶν
1591 1055 1955 1125 ὑπαρχόντων

361 1174 484 1226 μοι,
530 1155 727 1226 Κύριε,
769 1156 963 1223 δίδωμι
1005 1156 1122 1217 τοῖς
1176 1155 1439 1222 πτωχοῖς.
1481 1171 1502 1204 ι
1573 1149 1954 1221 Ἐμεμαθήκει

355 1251 446 1302 δτι
473 1251 531 1301 ἐν
555 1250 755 1306 οὐδενὶ.
785 1249 861 1312 ὡς
898 1249 1032 1319 ἐλέῳ
1077 1247 1210 1310 Θεὸς
1235 1246 1625 1316 θεραπεύεται,
1654 1244 1750 1299 καὶ
1776 1245 1948 1309 ἔλεον,

354 1343 488 1414 οὐχὶ
517 1342 710 1394 θυσίαν
761 1341 933 1410 ζητεῖ.
991 1339 1536 1412 Ἐμεμυσταγώγητο
1587 1339 1691 1392 ὑπὸ
1716 1337 1811 1390 τοῦ
1842 1340 1951 1392 Δα-

357 1435 661 1504 νιήλοιΤὰς
685 1433 964 1504 ἁμαρτίας
990 1451 1084 1486 σου
1111 1434 1170 1485 ἐν
1193 1430 1593 1502 ἐλεημοσύναις
1619 1429 1949 1500 ἐξαλείφεις,

356 1527 460 1579 καὶ
495 1525 592 1590 τὰς
620 1525 852 1597 ἀνομίας
901 1543 996 1578 σου
1053 1529 1112 1578 ἐν
1143 1525 1457 1595 οίκτιρμοῖς
1489 1526 1740 1593 πενήτων
1769 1540 1780 1552 ’
1814 1540 1832 1572 ι
1863 1522 1950 1575 διὰ

357 1619 526 1672 τοῦτο
552 1619 737 1672 δοῦναι
763 1618 834 1671 τὰ
878 1619 1055 1690 ἡμίση
1102 1619 1214 1672 τῶν
1248 1618 1608 1688 ὑπαρχόντων
1638 1616 1802 1670 αὑτοῦ
1837 1618 1950 1677 τοῖς

358 1714 596 1780 πένησιν
630 1712 1002 1780 ἐπηγγείλατο
1023 1729 1036 1742 ο
1065 1712 1202 1780 τάγε
1239 1712 1348 1782 μὴν
1369 1715 1434 1765 ἐκ
1459 1707 1775 1776 πλεονεξίας
1799 1709 1950 1779 αὐτῷ

358 1805 694 1874 πορισθέντα
731 1807 796 1859 ἐκ
823 1806 919 1858 τοῦ
947 1806 1290 1875 τετραπλοῦν
1329 1807 1611 1859 ἀποτίσειν
1657 1805 1944 1875 ὑπέσχετο.

439 1917 456 1950 ι
493 1899 561 1950 Εἴ
585 1915 730 1961 τινος
763 1897 896 1968 γὰρ,
928 1898 1117 1968 φησὶν,
1173 1898 1619 1970 ἐσυκοφάντησα,
1643 1897 1946 1967 ἀποδίδωμι

354 1991 722 2062 τετραπλοῦν.
760 2010 778 2041 ι
837 1992 988 2061 Τιμᾷ
1048 1991 1143 2044 τοῦ
1179 1991 1345 2061 νόμου
1376 1992 1436 2046 τὸ
1487 1992 1842 2062 πρόσταγμα.
1885 1989 1944 2045 ’0

356 2086 467 2155 γὰρ
504 2085 792 2148 Θεσπέσιος
817 2085 1063 2153 Μωῦσῆς
1092 2083 1302 2154 ταύτην
1335 2085 1698 2155 ἐνομοθέτησε
1736 2083 1814 2153 τῷ
1845 2083 1948 2155 ἆρ-

353 2195 499 2245 παγι
523 2177 623 2246 τὴν
652 2179 930 2244 ἁπόσισιν,
957 2179 1054 2231 καὶ
1081 2177 1242 2230 τοῦτο
1275 2177 1617 2248 καταμάθοις
1637 2179 1747 2240 τοῖς
1782 2178 1948 2248 ἱεροῖς

355 2270 524 2323 αὑτοῦ
548 2271 734 2339 νόμοις
785 2271 1204 2343 προσεσχηκώς.
1249 2273 1406 2324 Ἐπεὶ
1452 2271 1546 2326 οὖν
1581 2271 1851 2342 ὑπέσχετο
1879 2273 1947 2327 τὰ

354 2363 535 2432 ἡμίση
566 2363 675 2415 τῶν
707 2363 939 2417 ἐνόντων
981 2363 1169 2417 δοῦναι
1222 2367 1496 2433 πτωχοῖς,
1555 2364 1672 2435 ᾔδει
1707 2365 1763 2418 δέ
1800 2365 1946 2435 μάλα

356 2457 570 2524 σαφῶς,
600 2456 676 2520 ὡς
707 2458 775 2510 τὰ
807 2458 868 2521 ἐξ
907 2457 1121 2520 ἀδικίας
1152 2457 1284 2521 Θεὸς
1331 2459 1394 2511 οὐ
1425 2459 1733 2528 προσίεται,
1767 2460 1815 2510 εί
1869 2459 1945 2528 μὴ

354 2547 630 2619 πρότερον
657 2547 869 2601 λυθεῖεν
895 2548 950 2601 aii
985 2549 1128 2600 κατὰ
1187 2548 1297 2601 τῶν
1331 2547 1707 2618 ἀδικηθέντων
1758 2547 1945 2601 πλεον-

353 2641 522 2707 εξίαι,
557 2639 921 2710 εὐγνωμόνως
946 2639 1104 2694 τοῦτο
1137 2643 1313 2694 ποιεῖν
1345 2639 1763 2708 ἐπαγγέλλεται.
1807 2640 1946 2708 Φρε-

353 2734 678 2796 νοδλαϐείας
724 2736 834 2804 γὰρ
884 2737 1144 2803 ἐσχάτης,
1210 2719 1304 2787 καί
1335 2734 1540 2804 ἥκιστα
1593 2733 1672 2801 τῷ
1719 2732 1945 2800 καθαρῷ

350 2827 592 2897 ἀρέσκον
629 2826 749 2897 Θεῷ
807 2828 874 2879 ἐκ
921 2828 1020 2896 τῆς
1071 2827 1350 2896 ἐπαράτου
1414 2827 1813 2898 φιλοκερδείας,
1848 2826 1946 2878 καὶ

350 2921 616 2990 ἁρπαγῆς
648 2917 1028 2991 ἐλεημοσύνην
1059 2920 1257 2982 ποιεῖν,
1299 2919 1396 2970 καὶ
1424 2917 1634 2971 οἴεσθαι
1669 2919 1827 2970 τοῦτο
1856 2918 1946 2970 θε-

353 3010 623 3082 ραπεύειν
654 3010 808 3064 Θεόν.
833 3007 998 3063 Ταῦτ’
1025 3005 1121 3062 οὖν
1147 3009 1698 3079 μυσταγωγηθέντες,
1723 3009 1944 3080 ἀγαπη-

348 3107 458 3168 τοὶ,
493 3105 585 3158 τὸν
612 3106 886 3174 Ζακχαῖον
913 3105 1128 3157 τουτονὶ
1158 3103 1538 3174 μιμησὼμεθα
1560 3119 1575 3133 ⁶
1613 3104 1746 3176 μηδέ
1773 3104 1944 3158 τελώ-

349 3215 445 3251 νου
482 3196 774 3266 μετανοίας
803 3195 1274 3266 ἀπολειφθείημεν
1295 3212 1308 3225 °
1338 3197 1508 3266 ἐσμὲν
1544 3197 1675 3268 γὰρ,
1709 3197 1781 3260 ὡς
1805 3199 1941 3267 ἁλη-

349 3290 481 3354 θὼς,
526 3291 622 3342 καὶ
654 3290 838 3360 ἡμεῖς,
869 3292 928 3341 ἐν
970 3288 1180 3360 Ἱεριχῷ
1199 3290 1256 3341 ἐν
1285 3291 1352 3359 τῇ
1390 3290 1694 3343 καταϐάσει
1717 3290 1814 3342 τοῦ
1848 3291 1938 3344 κός

2139 699 2159 731 ι
2207 680 2342 734 Ecco
2390 679 2672 734 dimidium
2731 683 2997 738 bonorum
3047 699 3332 752 meorum,
3388 686 3656 757 Domine,

2067 773 2135 825 do
2171 771 2526 841 pauperibus.
2566 791 2587 823 ι
2639 772 2816 838 Quam
2867 773 3006 829 bene
3038 790 3066 828 a
3115 777 3404 846 publicano
3447 777 3656 846 jactum

2062 863 2399 931 ptenitentiaz
2433 863 2868 919 fundamentum.
2905 865 3268 923 Benelicenlia
3308 869 3360 924 in
3391 886 3660 941 pauperes

2063 956 2376 1022 expeditam
2413 957 2516 1010 sibi
2547 968 2706 1026 parat
2743 959 2810 1012 ad
2839 960 3070 1015 salutem
3113 962 3256 1016 viam
3297 981 3310 1017 :
3346 982 3365 1014 ι
3401 965 3540 1020 Ecce
3569 967 3656 1020 di-

2063 1052 2292 1107 midium
2350 1053 2619 1108 bonorum
2666 1070 2937 1118 meorum,
2994 1058 3243 1123 Domine,
3288 1061 3356 1114 do
3399 1063 3654 1131 pauperi-

2061 1143 2164 1198 bus
2189 1143 2322 1210 “"‘;
2360 1163 2378 1196 ι
2425 1160 2538 1200 rem
2590 1161 2749 1200 unam
2801 1161 2924 1201 esse
2958 1161 3024 1202 ex
3076 1150 3276 1212 multis,
3317 1166 3436 1219 quae
3483 1151 3652 1206 Deum

2059 1235 2356 1306 propitium
2391 1236 2603 1302 reddat,
2644 1239 3081 1294 miscricordiam
3119 1242 3349 1307 sciebat,
3397 1245 3656 1312 quodque

2062 1327 2524 1391 misericordiam,
2549 1345 2654 1384 non
2707 1332 3040 1385 sacrificium
3085 1335 3238 1402 petit.
3278 1333 3588 1392 lnstructus
3621 1357 3649 1389 ει

2061 1419 2283 1475 Daniele
2316 1419 2536 1476 fuerat:
2577 1443 2594 1474 ι
2637 1422 2865 1478 Peccata
2920 1435 3004 1478 tua
3057 1425 3110 1479 in
3152 1425 3516 1498 eleemosynis
3565 1445 3650 1482 rc-

2057 1513 2227 1576 dime,
2249 1525 2303 1568 et
2324 1514 2640 1584 iniquitates
2661 1515 2714 1570 in
2744 1517 3190 1574 miserationibus
3219 1522 3576 1590 pauperum"
3597 1540 3644 1586 ;r

2057 1604 2177 1659 ideo
2208 1607 2490 1660 dimidium
2538 1608 2805 1664 bonorum
2842 1627 3061 1666 suorum
3102 1615 3434 1683 pauperibus
3465 1631 3524 1670 se
3551 1617 3648 1668 da-

2059 1707 2285 1764 turum,
2336 1709 2392 1754 et
2443 1716 2566 1770 quae
2615 1717 2712 1771 per
2759 1703 3044 1758 avaritiam
3079 1707 3348 1759 cumulata
3400 1706 3645 1772 fuerant,

2054 1805 2247 1845 eorum
2281 1794 2646 1863 quadruplum
2681 1795 3086 1864 persoluturum
3115 1812 3174 1851 se
3213 1799 3503 1867 promittit.

2131 1903 2150 1936 ι
2205 1882 2260 1938 Si
2313 1885 2479 1955 quid,
2543 1887 2754 1957 inquit,
2815 1889 3049 1958 aliquem
3091 1890 3427 1959 defraudavi,
3485 1897 3648 1947 reddo

2053 1978 2440 2048 quadruplum.
2476 1997 2495 2032 ι
2533 1978 2691 2050 Legis
2733 1991 3063 2051 praeceptum
3100 1983 3379 2038 observat.
3420 1984 3644 2040 Divinus

2052 2073 2199 2126 enim
2240 2071 2453 2144 Moyses
2497 2074 2637 2127 hanc
2689 2073 2934 2128 solvendi
2974 2073 3235 2129 rationem
3277 2078 3481 2145 raptori
3517 2094 3646 2132 san-

2053 2167 2204 2223 civit.
2265 2166 2419 2233 Quod
2469 2165 2762 2236 intelliges,
2814 2167 2860 2222 si
2916 2182 3102 2222 sacras
3159 2167 3277 2237 ejus
3333 2170 3480 2239 leges
3530 2173 3639 2242 (6‘2)

2028 2260 2372 2313 .attenderis.
2407 2257 2705 2328 Postquam
2740 2259 2908 2330 igitur
2938 2275 3126 2314 eorum
3155 2277 3274 2329 quae
3308 2264 3640 2330 possidebat,

2051 2350 2330 2405 dimidiam
2366 2359 2572 2419 partem
2611 2350 2938 2419 pauperibus
2971 2350 3243 2420 pollicitus
3272 2361 3356 2406 est
3399 2369 3457 2407 se
3487 2353 3642 2407 datu-

2051 2459 2194 2508 rum,
2223 2442 2432 2496 sciebat
2455 2456 2584 2496 vero
2611 2443 2927 2510 planissime
2955 2457 3016 2496 ea
3049 2457 3169 2512 qua:
3198 2424 3640 2512 pcr'injustitiani

2050 2536 2276 2603 quaesita
2327 2545 2474 2601 sunt,
2523 2544 2743 2605 accepta
2806 2534 2914 2589 Deo
2967 2551 3073 2590 nou
3128 2551 3273 2601 esse,
3328 2538 3431 2591 nisi
3494 2541 3644 2608 prius

2051 2627 2250 2698 injusta
2279 2627 2428 2682 lucra
2460 2627 2763 2690 solvantur,
2803 2627 2990 2682 libenti
3032 2630 3216 2682 animo
3245 2631 3295 2683 id
3347 2645 3404 2684 se
3452 2634 3644 2699 recip‘t

2051 2722 2442 2792 pnestiturum.
2478 2718 2747 2774 Extrema:
2777 2720 2923 2774 enim
2966 2720 3251 2775 dementiae
3286 2732 3392 2785 est,
3439 2731 3494 2775 ct
3545 2739 3643 2776 nc-

2050 2828 2326 2881 qnaquam
2366 2813 2414 2866 ei
2446 2811 2538 2882 qui
2573 2827 2744 2880 purus
2785 2823 2890 2878 est,
2929 2812 3185 2882 placitum
3225 2811 3357 2877 Deo,
3395 2815 3459 2868 de
3489 2830 3645 2867 exse-

2047 2907 2255 2960 crando
2293 2905 2482 2966 lucro,
2525 2915 2581 2960 et
2628 2903 2738 2975 92
2797 2905 2986 2974 rapina
3034 2905 3269 2976 benigne
3318 2907 3646 2975 pauperibus

2048 2997 2265 3061 facere;
2317 3006 2372 3054 et
2440 2999 2542 3053 hoc
2572 2997 2668 3052 Dei
2719 2997 2985 3067 obsequio
3051 2998 3271 3053 ducere.
3326 2997 3436 3052 Hac
3478 3000 3644 3070 igitur

2048 3092 2297 3146 doctrina
2346 3091 2570 3152 initiati,
2619 3087 2952 3155 charissimi,
2983 3088 3302 3144 Zaccbaeum
3340 3091 3486 3144 hunc
3521 3092 3643 3146 inti—

2049 3193 2248 3249 ternur,
2291 3197 2465 3253 neque
2497 3181 2768 3252 publicani
2819 3181 3140 3250 pcenitentia
3171 3196 3476 3237 careamus.
3506 3180 3641 3237 Ver-

2045 3292 2235 3331 samur
2274 3276 2418 3329 enim
2454 3288 2506 3330 et
2544 3291 2641 3329 nos
2669 3274 2952 3329 verissime
2983 3273 3037 3327 in
3065 3271 3309 3340 .lericbo,
3342 3275 3445 3330 hoc
3472 3288 3555 3330 est
3588 3277 3638 3328 in

352 3402 491 3454 σμου
518 3382 734 3448 τούτου,
785 3386 865 3445 εἷς
901 3382 961 3436 ὃν
994 3382 1411 3454 ἀπερρίφημεν,
1468 3383 1564 3435 καὶ
1613 3383 1940 3454 διέρχεταιὸ

2051 3391 2151 3445 bac
2189 3387 2376 3443 mundi
2409 3389 2568 3451 valle,
2625 3390 2676 3442 in
2712 3404 2874 3459 quam
2923 3389 3119 3458 dejecti
3173 3388 3404 3457 fuimus;
3459 3399 3514 3447 et
3547 3408 3642 3461 per

350 3481 542 3550 Σωτὴρ
580 3479 702 3532 καθ’
744 3480 986 3549 ἑκάστην
1013 3479 1104 3531 διὰ
1137 3477 1248 3530 τῶν
1280 3477 1659 3547 εὐαγγελικῶν
1679 3478 1941 3533 διδασκα-

350 3574 483 3627 λιῶν
511 3571 1022 3640 εὐαγγελιζόμενος.
1047 3571 1490 3640 Καταλείψωμεν
1513 3569 1573 3622 τὸ
1596 3570 1785 3642 γήϊνον
1809 3572 1943 3641 φρό-

352 3684 527 3736 νημα,
561 3667 822 3737 ὑπεράνω
861 3665 962 3734 τῆς
991 3665 1393 3734 συκομοραίας,
1423 3663 1592 3732 ἤγουν
1625 3663 1726 3732 τῆς
1752 3663 1939 3733 ἁμαρ·

346 3760 472 3823 τίας
507 3758 819 3829 γενώμεθα.
850 3758 966 3812 Οὐκ
995 3757 1075 3810 Evt
1105 3757 1216 3828 γὰρ
1267 3757 1446 3816 ἄλλως
1504 3756 1633 3809 ίδεῖν
1685 3755 1776 3808 τὸν
1807 3757 1943 3824 Χρι-

351 3852 500 3916 σιδν,
535 3851 585 3902 εί
644 3850 720 3920 μὴ
753 3852 854 3917 τὴν
893 3848 1295 3902 ἐπισκοτοῦσαν
1343 3847 1490 3917 ἡμᾶς
1517 3847 1616 3916 τῆς
1660 3847 1940 3916 ἁμαρτίας

281 4013 284 4016 _
350 3944 686 4014 ὑπερόὦμεν
721 3943 902 4017 σκιάν..
937 3941 1129 4011 Δῶμεν
1176 3944 1271 3994 καὶ
1321 3941 1486 4011 ἡμεῖς
1525 3940 1594 3993 τὰ
1623 3941 1795 4011 ἡμίση
1829 3940 1938 3992 τῶν

346 4040 711 4111 ὑπαρχόντων
740 4041 854 4100 τοῖς
895 4038 1155 4108 πτωχοῖς.
1193 4036 1504 4099 Κοινωνοὺς
1525 4039 1624 4106 τῆς
1651 4036 1750 4103 σὴς
1777 4052 1938 4105 περι-

342 4135 535 4195 ουσίας
580 4132 714 4185 λάῦε
742 4134 870 4195 τοὺς
924 4133 1186 4199 πένητας.
1247 4129 1642 4198 Ἀποφόρτισαι
1676 4128 1744 4179 τὰ
1769 4126 1939 4180 πολλὰ

342 4226 444 4294 τῆς
475 4227 625 4297 νηὸς,
653 4225 741 4278 ἵνα
771 4223 940 4297 πλέῃς
965 4223 1320 4292 κουφότερον,
1337 4222 1367 4273 δ
1393 4221 1655 4289 Θεολόγος
1678 4220 1940 4290 παραινεῖ

342 4320 671 4390 Γρηγόριος.
694 4318 854 4380 Ἴσως
873 4315 1060 4384 ἐχθροὶ
1079 4314 1557 4384 κληρονομήσουσι
1571 4312 1641 4364 τὰ
1663 4312 1936 4379 κτηθέντα

344 4431 428 4465 σοι
452 4430 468 4443 ο
501 4412 556 4464 τί
591 4411 667 4481 μὴ
697 4409 1071 4480 προαρπάσας
1105 4407 1266 4468 δίδως
1297 4407 1440 4460 αὐτὰ
1463 4404 1542 4474 τῷ
1590 4404 1751 4474 Elatia;
1802 4405 1937 4456 Εἰπὲ

341 4507 398 4560 δὲ
430 4506 571 4576 μετὰ
593 4503 683 4557 τοῦ
711 4501 985 4573 Ζακχαίου
1009 4515 1024 4530 ·
1058 4519 1078 4552 ι
1120 4501 1253 4553 Ἰδοὺ
1289 4499 1359 4551 τὰ
1403 4497 1581 4569 ἡμίση
1617 4498 1726 4549 τῶν
1754 4497 1936 4566 ὑπαρ-

341 4601 549 4671 χόντων
583 4615 673 4670 μοι
708 4597 903 4668 δίδωμι
955 4597 1067 4658 τοῖς
1109 4596 1369 4664 πτωχοῖς.
1415 4612 1431 4645 ι
1498 4591 1662 4645 Ἀλλὰ.
1717 4591 1934 4660 λόγισαι

336 4692 437 4748 τὰς
463 4688 560 4748 σὰς
597 4686 850 4755 πράξεις,
877 4685 975 4738 καὶ
1003 4685 1128 4737 ὅσαι
1155 4684 1254 4752 μὲν
1289 4682 1516 4751 φαῦλαι,
1543 4681 1636 4735 καὶ
1672 4681 1930 4752 πονηραὶ,

2047 3497 2169 3538 eum
2223 3481 2468 3551 quotidie
2527 3479 2780 3536 Salvator
2824 3481 3063 3535 ambulat
3125 3497 3223 3551 per
3271 3483 3637 3554 evangelicum

2045 3574 2354 3628 doctrinam
2393 3573 2548 3626 nobis
2579 3574 2903 3643 praedicans.
2942 3574 3246 3630 Terrenum
3297 3591 3520 3632 sensum
3547 3577 3642 3629 ab-

2039 3666 2336 3734 jiciamus;
2387 3672 2441 3716 et
2473 3680 2634 3733 supra
2665 3679 3038 3734 sycomorum,
3070 3667 3170 3721 huc
3201 3678 3284 3722 ρει
3319 3683 3480 3734 supra
3512 3683 3642 3736 pec-

2043 3769 2227 3811 catum
2265 3756 2602 3810 attollaniur.
2634 3756 2822 3826 Neque
2854 3758 2998 3811 enim
3049 3759 3132 3814 las
3174 3758 3332 3812 aliter
3360 3759 3638 3814 Christum

2043 3848 2253 3913 videre,
2283 3848 2386 3902 nisi
2415 3859 2700 3918 peccatum
2731 3849 2887 3903 nobis
2926 3850 3257 3904 obumbrans
3283 3851 3640 3907 transcenda-

2045 3958 2187 3996 mus.
2245 3942 2445 3996 Demus
2489 3950 2542 3996 et
2597 3957 2697 3996 nos
2753 3941 3083 4012 pauperibus
3140 3942 3421 3997 dimidium
3473 3959 3636 4011 Oputn

2043 4046 2381 4090 nostrarum.
2407 4033 2681 4105 Pauperes
2705 4038 2798 4089 tibi
2830 4035 3066 4105 adjunge
3087 4038 3266 4092 socios
3293 4036 3644 4092 fortunarum-

2045 4140 2286 4184 tnarum.
2323 4128 2574 4182 Exonera
2615 4144 2643 4181 a
2686 4130 3108 4198 supervacaneis
3140 4144 3353 4194 navem,
3383 4143 3440 4183 ut
3467 4131 3646 4184 levius

2043 4225 2288 4292 naviges,
2327 4224 2471 4292 quod
2505 4224 2816 4295 -tbeologns
2857 4223 3153 4294 Gregorius
3185 4233 3388 4279 monet.
3425 4223 3637 4278 Inimici

2043 4318 2119 4371 tui
2155 4316 2408 4371 fortassis
2463 4331 2526 4370 ea
2579 4332 2701 4384 quae
2741 4317 3013 4386 possides,
3051 4317 3374 4373 haereditate
3416 4320 3642 4373 obtine:

2041 4408 2200 4462 bunt.
2237 4407 2438 4474 Quidni
2475 4407 2640 4477 igitur
2679 4407 2793 4463 lucc
2840 4409 2906 4464 ab
2956 4407 3062 4463 illis
3112 4408 3361 4477 praeripis
3407 4410 3543 4478 (65),
3581 4422 3635 4463 et

2044 4499 2156 4556 Deo
2208 4500 2470 4572 largiris?
2511 4501 2598 4556 dic
2658 4516 2755 4571 age
2799 4517 2922 4555 cum
2973 4501 3278 4557 Zaccbaro:
3317 4520 3336 4553 ι
3376 4500 3515 4556 Ecce
3552 4502 3646 4556 die

2043 4595 2271 4650 rnidinm
2311 4596 2579 4650 bonorum
2617 4610 2864 4650 meorum
2895 4596 2965 4648 do
2995 4595 3347 4664 pauperibus.
3380 4615 3399 4648 ι
3443 4596 3548 4649 Sed
3579 4606 3643 4648 es

2045 4688 2324 4743 actionum
2361 4695 2575 4741 tuarum
2611 4687 2878 4742 rationem
2913 4697 3065 4756 puta,
3120 4697 3174 4740 et
3228 4701 3349 4754 quae
3387 4687 3539 4740 mabc
3567 4704 3639 4742 ac

336 4777 653 4848 δοθήτωταν
676 4781 788 4840 τοῖς
819 4777 1048 4847 δαίμοσι
1075 4779 1183 4838 τοῖς
1210 4778 1448 4845 πτωχοῖς
1477 4777 1678 4839 παντὸς
1699 4776 1932 4844 ἀγαθοῦ,

2051 4797 2312 4852 μεντοι-επ
2345 4789 2496 4846 sunt,
2529 4780 2870 4834 dmmonibus
2911 4780 3112 4834 dentur
3159 4782 3339 4833 omnis
3381 4780 3504 4834 boni
3551 4781 3643 4834 ine

340 4878 440 4926 καὶ
490 4873 607 4924 ἐνθ’
657 4871 777 4934 ἐνὸς
843 4872 1184 4942 ἀδικήματος
1237 4871 1498 4924 ἀπότισαι
1565 4869 1928 4942 τετραπλοῦν.

350 4965 506 5018 ’Δντὶ
525 4963 624 5032 τῆς
656 4965 786 5034 μιᾶς
810 4962 1012 5034 ψυχῆς,
1046 4962 1112 5034 ἦν
1139 4966 1252 5026 τοῖς
1277 4963 1375 5033 τῆς
1402 4961 1602 5033 σαρκὸς
1629 4963 1931 5033 θειήμασιν

338 5057 589 5111 ὑπείκων
651 5057 1113 5126 ἐπλεονέκτησας,
1171 5056 1434 5110 ἁπότισαι
1489 5057 1832 5128 τετραπλοῦν
1871 5057 1932 5111 τὸ

337 5159 733 5221 τετραστοιχον
763 5149 924 5218 σῶμα
951 5151 1064 5212 τοῖς
1090 5151 1171 5212 είς
1201 5152 1495 5218 μετάνοιαν
1525 5150 1711 5213 πόνοις
1730 5150 1928 5215 διδοὺς,

335 5243 428 5298 ἵνα
466 5243 569 5312 τῆς
621 5242 882 5306 εὐκταίας
922 5243 1161 5313 ἐκείνης,
1217 5244 1315 5296 καὶ
1365 5242 1645 5312 μακαρίας
1686 5241 1930 5314 ἀκούσῃς

425 5409 506 5440 ἰ’
551 5406 744 5462 Matth.
792 5423 867 5467 ιι,
914 5406 1004 5462 {5.
1082 5407 1128 5438 "
1170 5405 1309 5460 Dan.
1355 5419 1428 5469 tv,
1469 5403 1563 5457 21.

2045 4877 2355 4946 digentibus
2393 4892 2407 4928 :
2445 4888 2544 4943 pro
2596 4888 2700 4928 una
2761 4874 2951 4926 fraude
3011 4872 3376 4942 quadruplum
3429 4874 3640 4938 redde,

2043 4982 2140 5037 pro
2170 4982 2276 5020 una
2319 4966 2532 5022 scilicet
2577 4967 2760 5019 anima
2810 4981 2972 5034 quam
3021 4966 3268 5034 corporis
3319 4965 3645 5021 libidinibus

2039 5060 2394 5130 obsequendo
2422 5058 2788 5126 defraudasti,
2813 5073 3013 5125 corpus
3057 5074 3120 5114 ex
3159 5068 3396 5129 quatuor
3427 5060 3638 5112 constiv

2038 5157 2214 5204 ultum
2263 5150 2552 5205 elementis
2601 5151 2880 5204 laboribus
2939 5151 3273 5220 paenitentiae
3333 5151 3637 5212 addicens,

2041 5245 2198 5312 quasi
2247 5243 2611 5314 quadruplum
2657 5243 2862 5306 redde;
2909 5251 2970 5298 ut
3016 5244 3310 5314 optabilem
3350 5243 3520 5308 illam,
3563 5257 3639 5302 ae

1576 5520 1901 5584 Francisci
1935 5522 2148 5584 Scorsi
2181 5533 2374 5586 notae.

404 5652 517 5722 (69.)
561 5651 622 5708 Si
657 5667 842 5706 sacras
893 5651 1006 5720 ejus
1049 5649 1205 5720 leges.
1257 5647 1426 5722 Exodi
1455 5663 1597 5722 cap._
1621 5663 1757 5708 χχιι,
1785 5647 1920 5710 v.1,

329 5719 420 5779 ubi
455 5719 595 5778 Deus
636 5722 887 5791 praecipit
909 5719 982 5788 ei,
1009 5719 1109 5790 qui
1129 5735 1282 5774 ovem
1314 5720 1525 5774 furatus
1555 5719 1646 5784 sit,
1682 5721 1920 5789 (μισότυ-

328 5799 471 5864 plum
503 5796 750 5849 reddere.

397 5869 509 5937 ωδ)
551 5866 755 5932 Quidni
783 5864 947 5934 igitur
971 5862 1082 5919 ha'c
1111 5861 1176 5916 ab
1224 5861 1332 5916 illis
1365 5860 1630 5930 prwripis.
1667 5858 1913 5917 Varietas

2030 5658 2114 5704 est
2144 5649 2196 5703 in
2233 5649 2390 5704 codd.
2429 5649 2524 5703 sed
2559 5649 2708 5717 parvi
2733 5651 3012 5720 momenti.
3041 5650 3117 5720 Γ.
3145 5650 3258 5705 sic:
3290 5649 3356 5702 Τί
3387 5649 3486 5718 οὐχ
3515 5650 3618 5720 ἂρ-

2033 5720 2224 5792 πᾲζων
2255 5721 2529 5792 ,πρότερον
2561 5720 2718 5784 δίδως
2763 5721 2916 5792 Θεῷς
2943 5719 3006 5774 G.
3037 5719 3103 5792 Τί
3137 5720 3214 5788 μὴ
3253 5719 3619 5791 προαρπάσας

2025 5791 2185 5854 δίδως
2205 5791 2357 5862 αὐτῷ
2387 5791 2466 5861 τῷ
2487 5791 2640 5862 Θεῷ;
2677 5809 2794 5862 quae
2819 5790 2945 5844 mihi
2973 5790 3130 5846 lcetio
3164 5807 3274 5845 Visa
3297 5790 3621 5846 concinnior

2024 5872 2125 5916 est.
