4024 6410
353 392 463 458 355

1559 378 2052 442 TIIEOPHANIS
2085 370 2427 439 CERAMEI

3520 364 3627 427 356

355 514 570 566 beatam
614 506 803 563 audias
851 518 1080 560 vocem:
1123 520 1143 553 ι
1174 495 1235 555 ln
1272 500 1433 554 domo
1475 507 1563 551 tua
1606 505 1822 568 oportet
1857 510 1942 551 me

2064 495 2261 565 Ρωνῆς·
2299 513 2317 544 ι
2362 493 2452 546 Ἐν
2477 488 2701 560 τῷοἴκῳ
2730 504 2824 540 σου
2855 486 2937 539 δεί
2969 502 3033 556 με
3073 485 3273 553 μεῖναι.
3321 499 3339 531 ι
3384 478 3630 568 ᾏληθῶς

357 619 601 667 manere,
633 621 651 654 ι
688 616 817 655 vere
844 599 988 655 enim
1017 594 1414 665 resipiscentis,
1441 600 1497 646 et
1524 591 1846 647 revertentis
1875 590 1944 644 ad

356 698 561 761 Deum,
603 704 660 749 et
711 708 811 762 per
863 690 1241 761 paenitentiam
1314 668 1686 741 conscientia;
1721 685 1942 739 domum

356 789 625 844 verrentis
657 788 835 839 anima
865 786 1057 838 donms
1085 780 1315 835 eﬂicitur
1346 780 1477 845 Dei;
1512 779 1567 833 in
1602 777 1757 833 nobis
1772 777 1941 843 enim,

356 879 402 932 si
434 878 551 947 puri
581 879 773 939 simus,
818 870 1149 936 inhabitare,
1204 881 1257 925 et
1307 869 1651 924 inambulare
1690 882 1751 924 se
1781 881 1943 921 verax

361 973 499 1025 Deus
533 969 823 1039 promittit,
858 982 1021 1037 quem
1053 968 1211 1020 decet
1239 963 1419 1017 omnis
1461 961 1601 1028 laus,
1646 971 1705 1015 et
1734 958 1947 1028 magni-

360 1061 577 1116 lieentia
618 1062 671 1114 in
720 1059 921 1115 saecula
965 1057 1313 1113 saeculorum.
1362 1053 1556 1107 Amen.

916 1166 1201 1224 IIOMILIA
1243 1165 1384 1221 XVI.

712 1278 791 1333 De
831 1277 1129 1332 Publicano
1187 1287 1237 1331 et
1289 1273 1593 1329 Pharium.

436 1392 648 1447 Rursus
678 1390 747 1444 ad
780 1391 927 1445 illam
963 1390 1291 1459 patriarcha:
1331 1386 1535 1443 scalam
1565 1401 1746 1442 sermo
1774 1385 1950 1440 Evan-

363 1486 489 1555 gelii
541 1500 639 1538 nos
686 1485 941 1539 attollens
974 1484 1274 1538 secundum
1306 1481 1530 1551 subiicit
1571 1478 1824 1548 gradum.
1856 1477 1948 1532 Et-

360 1577 505 1629 t'ltilll
531 1591 654 1629 cum
688 1576 970 1645 superiore
990 1574 1274 1629 Deminica
1297 1574 1385 1627 die
1402 1571 1516 1642 (64)
1536 1586 1633 1640 per
1660 1571 1948 1626 historiam

364 1666 608 1721 Zact-hzei
640 1667 780 1719 viam
805 1665 1136 1735 plenitentite
1152 1664 1307 1718 nobis
1335 1664 1661 1732 aperuisset,
1690 1669 1746 1716 et
1763 1676 1859 1732 per
1884 1674 1949 1715 ea

370 1759 536 1812 verba
564 1774 578 1810 :
606 1777 625 1809 ι
652 1756 934 1811 Festinans
950 1757 1238 1821 descende,
1269 1774 1288 1808 ι
1312 1748 1634 1810 humilitatis
1657 1754 1948 1809 consilium

2044 581 2156 653 γὰρ
2185 583 2218 651 ἡ
2253 578 2350 633 τοῦ
2388 575 2781 648 μετανοοῦντος
2819 573 2991 641 ψυχὴ,
3050 571 3142 621 καὶ
3200 566 3628 637 ἐπιστρέφοντος

2045 674 2130 735 είς
2149 671 2307 737 Θεὸν,
2343 670 2439 724 καὶ
2469 668 2560 723 διὰ
2621 666 2913 738 μετανοίας
2951 663 3051 731 τὴν
3103 660 3280 713 οίκίαν
3327 655 3628 728 σαροῦντος

2044 766 2145 835 τῆς
2168 763 2531 834 συνειδήσεως
2555 754 2703 822 οἶκος
2732 757 2947 826 γίνεται
2995 753 3088 806 τοῦ
3125 750 3286 805 Θεοῦ.
3334 747 3627 818 Κεκαθαρ-

2049 856 2233 928 μένοις
2267 855 2376 924 γάρ
2408 848 2560 907 οὖσιν
2585 849 2874 915 ἐνοικῆσαι
2900 847 2957 900 ὲν
2984 846 3142 916 ἡμῖν,
3178 842 3274 928 καὶ
3316 841 3633 910 ἐμπεριπα-

2045 925 2214 1018 τῆσαι
2237 947 2266 1000 6
2294 943 2533 1013 ἀψευδὴς
2564 942 2699 1005 Θεὸς
2723 937 3124 1008 ἐπαγγέλλεται
3147 948 3161 962 ⁶
3188 925 3233 1002 ᾧ
3252 932 3456 1003 πρέπει
3483 930 3632 982 πᾶσα

2049 1038 2258 1102 αίνεσις
2292 1038 2389 1091 καὶ
2419 1034 2870 1107 μεγαλοπρέπεια
2899 1030 2979 1091 εἰς
3001 1028 3131 1090 τοὺς
3159 1026 3387 1086 αἰῶνας.
3430 1020 3631 1090 Ἀμήν.

2645 1143 2892 1200 OMlAlA
2930 1140 3052 1210 ις’.

2285 1265 2425 1333 Περὶ
2461 1262 2569 1316 τοῦ
2606 1261 2878 1316 Τελώνου
2906 1258 3005 1312 καί
3040 1255 3392 1324 Φαρισαίου.

2121 1379 2293 1437 Πάλιν
2315 1381 2349 1450 ἡ
2380 1375 2717 1445 εὐαγγελικὴ
2743 1373 2893 1443 φωνὴ
2909 1370 3044 1441 πρὸς
3069 1368 3169 1437 τὴν
3194 1364 3465 1437 πατρικὴν
3487 1363 3639 1433 ἡμᾶς

2050 1476 2331 1544 ἀνάγουσαι
2352 1471 2618 1541 κλίμακα,
2652 1467 2750 1534 τὴν
2769 1464 3029 1534 δευτέραν
3055 1459 3289 1530 βαθμίδα
3316 1452 3631 1544 προτίθησι·

2049 1572 2115 1641 τῇ
2149 1543 2258 1638 γάρ
2291 1558 2636 1634 παρελθούσῃ
2676 1557 2930 1628 Κυριακῇ
2976 1551 3318 1615 ύπανοίξασα
3370 1548 3505 1641 ἡμῖν
3532 1543 3634 1641 τὴν

2049 1638 2150 1730 τῆς
2179 1655 2470 1729 μετανοίας
2499 1652 2616 1706 ὁδὸν
2646 1649 2736 1704 διὰ
2780 1648 2879 1719 τῆς
2916 1645 3012 1700 τοῦ
3041 1642 3315 1713 Ζακχαίου
3365 1638 3638 1710 ἱστορίας,

2053 1751 2146 1805 καὶ
2175 1743 2357 1820 ἠρέμα
2388 1744 2679 1815 ἐμφήνασα
2716 1739 2778 1793 τὸ
2846 1737 2948 1808 τῆς
2977 1730 3484 1803 ταπεινοφροσύνης
3505 1743 3640 1820 7m-

365 1852 571 1906 sensim
601 1852 950 1916 insinuasset,
973 1850 1137 1905 hodie
1167 1850 1426 1920 explanat
1461 1849 1563 1903 hoc
1590 1848 1699 1919 93
1724 1848 1948 1917 clarius,

2064 1838 2349 1912 ράγγελμα
2401 1837 2467 1888 ἐκ
2524 1831 2620 1886 τοῦ
2648 1832 2845 1885 εἰπεῖν·
2894 1848 2913 1881 ι
2970 1826 3225 1889 Σπεύσας
3276 1819 3572 1920 κατάϐηθι,
3601 1834 3631 1920 ,ι

365 1953 419 1995 et
449 1959 611 2013 quam
646 1944 784 1997 bene
830 1942 1169 2011 feliciterque
1216 1958 1312 2012 per
1350 1942 1495 1995 illam
1542 1957 1628 1995 res
1671 1948 1950 2011 gerantur,

370 2049 533 2102 quam
584 2034 729 2088 male
777 2049 875 2103 per
925 2035 1234 2102 superbiant
1286 2031 1517 2095 cadant,
1579 2041 1842 2100 quantum
1898 2031 1951 2085 in

366 2139 473 2178 una
506 2124 729 2191 iustitia:
764 2124 1002 2189 lucrum,
1050 2134 1315 2193 quantum
1354 2123 1405 2175 in
1438 2121 1608 2176 altera
1645 2121 1825 2175 damni
1860 2122 1952 2189 sit,

369 2214 608 2269 ostendit
644 2216 932 2269 illustrius.
972 2210 1241 2285 Quoniam
1285 2230 1417 2268 vero
1460 2212 1733 2282 publicani
1786 2228 1954 2282 uego-

368 2306 504 2359 tium
556 2300 669 2377 (65)
722 2316 1055 2375 postremum
1111 2305 1352 2359 omnium
1406 2305 1634 2359 omnino
1687 2304 1955 2358 malorum

367 2406 485 2459 cst,
520 2397 719 2465 quippe
765 2411 888 2449 cum
942 2397 994 2448 in
1040 2411 1110 2449 eo
1157 2395 1429 2465 rapacitas
1457 2436 1472 2461 ,
1521 2395 1956 2464 circumscriptio

367 2488 624 2553 aliorum,
664 2487 1011 2556 habe‘ntliQue
1040 2490 1310 2557 cupiditas
1341 2527 1356 2553 ,
1393 2502 1555 2557 quam
1594 2485 1955 2542 idololatriant

371 2589 529 2634 vocat
585 2580 883 2647 Apostolus
916 2580 985 2644 “,
1061 2579 1446 2643 contineatur;
1508 2578 1768 2633 Phariszci
1828 2589 1959 2632 vero

370 2673 624 2738 gloriatio
668 2673 912 2726 omnium
962 2673 1165 2741 Optima
1207 2671 1515 2733 videbatur,
1556 2687 1680 2725 cum
1724 2681 1778 2724 et
1822 2666 1960 2739 legis

369 2762 776 2817 exactissimam
839 2761 1316 2823 observatiOnem,
1375 2771 1428 2813 et
1478 2762 1548 2814 ab
1601 2761 1746 2814 omni
1800 2761 1962 2813 sorde

374 2854 666 2924 puritatem
703 2870 813 2923 prae
850 2870 910 2908 se
942 2853 1113 2906 ferret
1145 2852 1472 2921 (Pharisasus
1498 2853 1765 2922 siquidem
1794 2868 1959 2918 purus

376 2957 763 3015 niterpretatur
793 2945 943 3018 (66):
981 2944 1189 3000 ideirco
1224 2943 1366 3014 quod
1412 2954 1495 2999 est
1538 2955 1872 3015 postremum
1908 2943 1960 2995 in

374 3038 541 3103 vitiis,
593 3039 846 3106 quodque
902 3037 955 3090 in
1015 3036 1217 3090 virtute
1275 3050 1547 3089 summum
1600 3034 1654 3088 in
1706 3030 1961 3102 parabola

2057 1908 2298 2000 σήμερον
2362 1923 2734 1978 διαλευκαίνει
2780 1919 2938 1973 τοῦτο
2973 1914 3382 1986 λαμπρότερον,
3412 1909 3510 1965 καὶ
3533 1908 3643 2000 δείξ

2056 1998 2247 2075 κνυσιν
2299 2015 2682 2090 ἀριδηλότερον
2713 2014 2775 2068 τὸ
2808 2014 2872 2066 ὲκ
2922 2010 3128 2079 ταύτης
3158 2005 3511 2077 κατόρθωμα,
3545 1998 3644 2056 καὶ

2055 2114 2117 2165 τὸ
2146 2113 2209 2162 ἐκ
2236 2109 2334 2180 τῆς
2362 2105 2669 2171 κενοδοξίας
2690 2103 2989 2172 ὀλίσθημα,
3026 2100 3124 2154 καὶ¹
3149 2100 3274 2152 ὅσον
3306 2095 3409 2160 τῆς
3449 2093 3549 2164 μὲν
3581 2091 3643 2144 τὸ

2056 2202 2354 2271 δικαίωμα,
2410 2201 2508 2270 τῆς
2540 2198 2598 2250 δὲ
2651 2197 2713 2250 τὸ
2747 2196 3036 2265 ἐλάττωμα
3059 2207 3075 2223 ο
3119 2189 3308 2261 ἐπειδὴ
3359 2187 3417 2241 δὲ
3453 2186 3515 2239 τὸ
3545 2184 3646 2255 μὲν

2057 2296 2309 2348 τελωνεῖν
2358 2289 2587 2362 ἔσχατόν
2636 2292 2753 2343 ὲστι
2786 2286 2985 2357 κομιδῇ
3038 2282 3257 2337 πάντων
3285 2280 3395 2334 τῶν
3426 2276 3646 2340 κακῶν,

2059 2388 2155 2443 ατε
2189 2384 2538 2457 περιεκτικδν
2571 2380 2853 2454 ἁρπαγῆς,
2883 2381 2978 2434 καὶ
3007 2377 3343 2443 πλεονεξίας,
3377 2374 3472 2427 καὶ
3521 2368 3646 2439 φιλ-

2060 2480 2332 2552 αργυρίας
2361 2478 2655 2549 τυγχάνον,
2688 2476 2754 2547 ἢν
2778 2476 2807 2529 6
2836 2471 3164 2535 Ἀπόστολος
3196 2463 3646 2536 ειδωλολιτρείαν

2062 2572 2309 2637 ἐκάλεσε,
2331 2572 2393 2625 τὺ
2424 2572 2482 2624 δὲ
2510 2570 2621 2624 τῶν
2640 2567 2954 2639 Φαρισαίων
2984 2564 3248 2635 καύχημα
3277 2561 3498 2614 πάντων
3528 2557 3649 2608 Evo-

2064 2666 2252 2737 μίςετο
2276 2667 2547 2736 κρεῖττον,
2576 2662 2650 2725 ὡς
2675 2661 2768 2714 τοῦ
2789 2660 2955 2729 νόμου
2985 2655 3186 2727 τηροῦν
3209 2653 3309 2722 τὴν
3331 2649 3643 2721 ἀκρίϐειαν,

2062 2759 2156 2811 καὶ
2212 2753 2410 2817 παντὸς
2459 2751 2736 2822 καθαροῦν
2776 2749 3123 2821 μολύσματος
3172 2744 3507 2815 (Φαρισαῖος
3538 2737 3649 2808 γάρ

2065 2847 2304 2918 καθαρὸς
2338 2842 2762 2915 ἑρμηνεύεται),
2793 2841 2882 2894 διὰ
2911 2839 3071 2893 τοῦτο
3098 2838 3158 2890 τὸ
3181 2837 3407 2906 ἔσχατον
3440 2834 3497 2886 ὲν
3530 2831 3648 2883 ἁδι-

2066 2942 2232 3004 κίαις,
2268 2939 2362 2992 καὶ
2386 2938 2593 2989 τέλειον
2624 2935 2787 3002 δῆθεν
2819 2934 3025 3004 ἀρετῆς
3056 2934 3085 2984 6
3136 2930 3330 3000 Σωτὴρ
3356 2930 3413 2980 ὲν
3442 2929 3508 2997 τῇ
3533 2939 3644 2977 πα·-

2070 3033 2269 3102 ραεολῇ
2322 3026 2735 3100 παρεντίθησιν.
2778 3023 2901 3079 Οίδε
2934 3026 3041 3095 γάρ
3084 3022 3351 3094 ἐρεθίζειν
3382 3019 3519 3088 πρὸς
3557 3017 3648 3085 μίι

377 3129 638 3183 Dominus
683 3132 985 3198 componit.
1030 3124 1185 3181 Solet
1226 3127 1424 3197 quippe
1458 3124 1766 3195 exemplum
1794 3124 1864 3177 ab
1898 3139 1959 3177 eo

2070 3142 2235 3196 μησιν
2265 3122 2325 3175 τὸ
2356 3126 2419 3177 ὲκ
2447 3121 2554 3174 τῶν
2586 3119 2915 3192 κρειττόνων
2943 3116 3320 3187 παράδειγμα.
3346 3110 3512 3166 Ἀλλὰ
3536 3108 3652 3180 βελ-

375 3220 598 3273 ductum
625 3259 640 3283 ,
684 3195 826 3288 quod
877 3220 930 3272 in
973 3227 1190 3288 quaque
1240 3195 1299 3272 re
1335 3195 1572 3271 maxime
1614 3215 1860 3280 excellit,
1897 3214 1959 3269 ad

2068 3195 2181 3268 τιον
2211 3214 2418 3269 ἄνωθεν
2448 3211 2707 3276 λαϐόντες
2735 3211 2835 3281 τὴν
2857 3207 3183 3280 παραϐολὴν
3212 3207 3335 3266 ταῖς
3377 3201 3649 3273 φιλοθέοις

376 3309 743 3364 imitationem
774 3310 988 3365 animus
1014 3309 1257 3363 irritare.
1301 3308 1409 3365 Sed
1455 3308 1648 3363 melius
1681 3309 1824 3364 laetu
1857 3319 1963 3373 est,

375 3400 418 3453 si
454 3400 766 3468 parabolam
813 3402 881 3457 ab
913 3402 1070 3456 initio
1103 3402 1283 3457 exorsi
1331 3416 1453 3455 eam
1505 3401 1697 3456 Vestris
1743 3402 1966 3456 auribus

376 3490 546 3543 divini
577 3491 725 3544 verbi
756 3492 969 3562 cupidis
1000 3475 1371 3559 explicemus.

457 3601 477 3634 ι
514 3581 829 3640 Dixitlesus
853 3586 1161 3654 parabolatn
1190 3585 1430 3642 hanc”:
1466 3587 1581 3641 Duo
1600 3586 1848 3643 homines
1876 3602 1967 3643 as-

377 3675 678 3729 cenderunt
710 3675 762 3729 in
790 3678 1072 3739 templum,
1110 3688 1168 3731 ut
1193 3689 1593 3744 orarent,unus
1632 3678 1962 3742 Phariszeus,

376 3777 430 3818 et
462 3766 599 3820 alter
628 3766 975 3823 Publicantts.
1019 3788 1039 3821 ι
1072 3770 1209 3835 Quid
1272 3786 1403 3825 sane
1464 3772 1717 3840 parabola
1773 3772 1862 3838 sit,
1912 3782 1968 3826 et

378 3862 728 3927 quamobrem
757 3863 1015 3917 Dominus
1051 3864 1102 3916 in
1137 3864 1407 3931 parabolis
1432 3865 1596 3917 multa
1623 3864 1968 3931 disseruerit,

381 3950 501 4003 aliis
529 3968 559 4003 a
591 3952 745 4006 nobis
777 3952 1090 4007 discussum
1122 3966 1203 4008 est
1238 3954 1395 4011 locis.
1443 3953 1599 4009 Nunc
1660 3970 1789 4009 vero
1835 3955 1968 4009 illud

381 4042 543 4094 etiam
601 4046 1035 4099 animadvertere
1092 4060 1228 4116 OptlS
1280 4059 1383 4112 est,
1438 4049 1580 4117 quod
1636 4048 1854 4117 quoties
1915 4048 1967 4101 in

381 4133 655 4200 parabolis
686 4136 750 4186 de
786 4133 917 4199 Deo,
956 4145 1009 4189 et
1034 4137 1098 4190 de
1123 4136 1407 4205 singulari,
1442 4137 1733 4207 divinaque
1774 4149 1967 4192 natura

383 4238 696 4276 sermonem
755 4224 1012 4291 instituit,
1074 4238 1202 4282 tunc
1264 4243 1395 4283 sane
1453 4245 1618 4285 unum
1696 4230 1972 4285 substituit

386 4316 658 4369 hominem
699 4333 717 4371 :
764 4327 841 4381 ut,
880 4337 897 4368 ι
930 4318 1106 4373 Hotno
1137 4320 1356 4388 quidam
1401 4321 1527 4376 fecit
1581 4337 1792 4377 ccenant
1855 4338 1971 4375 ma-

385 4421 581 4474 gnam;
621 4425 639 4458 »
674 4417 749 4470 et,
790 4426 810 4458 ι
841 4409 1028 4463 Simile
1052 4420 1137 4465 est
1167 4426 1389 4480 regnum
1449 4412 1707 4467 caelorum
1766 4412 1971 4468 homini

388 4500 502 4567 regi
540 4499 624 4566 ⁶⁸;
658 4518 676 4551 ›
711 4502 838 4569 quin
861 4502 1028 4555 etiam
1059 4503 1104 4557 si
1150 4504 1366 4570 quando
1427 4504 1601 4560 solam
1652 4506 1971 4575 improbita-

389 4601 495 4644 tem
536 4592 942 4661 vituperandam
1003 4595 1086 4648 vel
1144 4596 1397 4651 virtutem
1472 4598 1795 4653 laudandam
1863 4600 1965 4655 sibi

387 4684 659 4751 proponit,
690 4684 951 4755 singulari
982 4689 1155 4741 utitur
1204 4702 1475 4744 numero:
1545 4699 1603 4743 ut
1656 4690 1728 4744 de
1775 4689 1966 4758 divite,

388 4775 547 4843 cujus
578 4789 704 4843 ager
734 4778 915 4831 attulit
938 4776 1173 4832 fructum
1200 4779 1282 4846 ⁶⁶.;
1307 4790 1359 4833 et
1391 4782 1454 4834 de
1472 4779 1655 4850 judice
1679 4781 1861 4850 iniquo
1898 4782 1966 4836 ⁸⁷.

387 4867 549 4920 Circa
583 4869 836 4924 virtutem
862 4885 992 4925 vero
1020 4873 1087 4924 de
1134 4873 1471 4941 negotiatore
1524 4873 1636 4935 illo.
1685 4875 1776 4942 qui
1826 4875 1968 4927 datis

386 4957 641 5011 oirtuibus
666 4960 824 5015 bonis
855 4962 1154 5030 pretiosam
1206 4965 1441 5017 redemit
1502 4967 1850 5033 margaritam
1880 4965 1925 4995 ⁸⁸
1951 4981 1966 5030 ;

388 5059 448 5101 et
475 5051 542 5104 de
564 5051 784 5107 homine
814 5054 956 5109 bono
995 5053 1309 5125 proferente
1369 5056 1434 5110 de
1493 5056 1749 5110 thesauro
1788 5057 1968 5111 cordis

2070 3308 2225 3379 ὑμῶν
2268 3302 2729 3377 ὲπεξηγησόμεθα
2757 3303 2974 3366 ἀκοαῖς..

2147 3596 2166 3629 ι
2205 3572 2373 3631 Εἶπεν
2408 3579 2436 3629 ὁ
2461 3576 2665 3646 Κύριος
2692 3574 2792 3645 τὴν
2823 3569 3140 3645 παραϐολὴν
3169 3569 3396 3640 ταύτην·
3428 3565 3655 3636 Λνθρωο

2070 3689 2159 3725 ποι
2185 3670 2280 3724 δύο
2311 3670 2582 3740 ἀνέϐησαν
2627 3670 2710 3732 είς
2745 3668 2806 3722 τδ
2861 3667 3007 3738 ἱερὸν
3039 3662 3483 3736 προσεύᾷισθαι·
3514 3661 3546 3712 6
3572 3655 3655 3722 εἷς

2068 3767 2384 3835 Φαρισαῖος,
2418 3765 2514 3816 καὶ
2543 3763 2573 3815 6
2605 3763 2792 3832 ἔτερος
2817 3760 2861 3813 Τ
2864 3759 3093 3831 ελώνης.
3131 3777 3150 3811 ο
3181 3758 3247 3811 Τί
3280 3756 3380 3828 μὲν
3413 3753 3507 3808 οὖν
3538 3756 3659 3806 ἐστι

2072 3856 2381 3928 παραϐολὴ,
2440 3858 2535 3908 καὶ
2564 3855 2710 3907 διατί
2766 3854 2794 3906 6
2846 3853 3038 3924 Σωτὴρ
3070 3854 3128 3905 ὲν
3186 3848 3525 3920 παραϐολαῖς
3582 3844 3658 3898 τό.

2072 3950 2244 4003 πολλὰ
2274 3949 2568 4016 διελέγετο,
2603 3949 2661 4000 ὲν
2691 3945 2872 4007 ἄλλοις
2898 3945 3032 4015 ἡμῖν
3067 3941 3496 4012 κροεξήτασται.
3536 3935 3657 3991 Νῦν

2070 4041 2129 4095 δὲ
2156 4042 2249 4095 καὶ
2284 4039 2445 4092 τοῦτο
2484 4036 2930 4106 ἐπισημήνασθαι
2958 4034 3085 4104 χρὴ,
3112 4033 3190 4096 ὡς
3215 4032 3419 4086 ὁπόταν
3453 4031 3512 4081 ἐν
3530 4029 3659 4091 ταῖς

2073 4132 2407 4206 παραϐολαῖς
2440 4131 2603 4202 ἐθέλῃ
2655 4128 2955 4196 θεολογεῖν,
3008 4124 3259 4194 καὶπερὶ
3310 4124 3409 4192 τῆς
3443 4118 3660 4182 ὲνιαίας

2073 4229 2168 4281 καὶ
2195 4226 2345 4288 θείας
2389 4223 2607 4293 φύσεως
2654 4219 3022 4289 διαλέγεσθαι,
3066 4218 3190 4271 τότε
3224 4216 3288 4288 δὴ
3340 4215 3438 4268 ἕνα
3467 4211 3666 4266 ὑποτί-

2075 4320 2229 4373 θεται
2256 4318 2568 4388 ἄνθρωπον,
2592 4315 2668 4378 ὡς
2699 4315 2760 4367 τό
2785 4329 2801 4343 °
2856 4333 2877 4364 ι
2937 4310 3260 4381 ’Ἄνθρωπός
3309 4324 3391 4369 τις
3430 4303 3665 4374 ἐποίησε

2073 4412 2288 4465 δεῖπνον
2327 4408 2532 4478 μέγαν
2575 4426 2593 4458 ι
2647 4406 2771 4458 καί·
2811 4422 2830 4457 ι
2886 4402 3162 4472 Ὡμοιώθη
3210 4402 3244 4470 ή
3278 4397 3526 4470 βασιλεία
3546 4395 3662 4449 τῶν

2075 4506 2324 4578 οὐρανῶν
2354 4502 2629 4574 ἀνθρώπῳ
2651 4499 2884 4572 βασιλεῖ.
2924 4518 2943 4551 ι
2984 4497 3144 4551 Ἀλλὰ
3167 4495 3263 4550 καὶ
3290 4493 3529 4564 ὁπηνίκα
3562 4490 3667 4560 μό-

2076 4616 2172 4668 νην
2239 4596 2339 4665 τὴν
2400 4594 2599 4647 κακίαν
2661 4590 2970 4647 διαϐάλλειν
3018 4587 3203 4660 ἐθέλῃ,
3258 4586 3293 4657 ἢ
3323 4586 3425 4655 τὴν
3451 4580 3660 4652 ἀρετὴν

2075 4691 2357 4753 ἐπαινεῖν,
2422 4688 2621 4757 χρῆται
2672 4683 2750 4755 τῷ
2803 4682 2970 4754 ἑνικῷ
3023 4681 3265 4752 ἀριθμῷ,
3320 4679 3397 4740 ὡς
3426 4676 3521 4729 ἐπὶ
3557 4675 3660 4728 τοῦ

2070 4781 2350 4844 πλουσίου,
2375 4772 2486 4847 οὖὴ
2521 4776 2677 4847 χώρα
2724 4775 3025 4845 εὐφόρησε,
3061 4774 3156 4825 καὶ
3184 4769 3278 4824 τοῦ
3311 4770 3413 4839 τῆς
3439 4765 3660 4830 ἀδικίας

2072 4871 2281 4943 κριτοῦ.
2305 4869 2434 4923 Ἐπὶ
2451 4870 2510 4922 δὲ
2531 4868 2633 4938 τῆς
2668 4868 2893 4938 ἀρετῆς,
2925 4865 3021 4918 τοῦ
3044 4864 3285 4935 ἐμπόρου
3317 4860 3526 4915 ἐκείνου
3555 4859 3659 4912 τοῦ

2071 4966 2192 5017 ἀντὶ
2222 4962 2444 5013 πάντων
2471 4960 2562 5012 τὸν
2580 4959 2881 5026 πολύτιμον
2908 4956 3258 5026 μαργαρίτην
3281 4950 3658 5023 κτησαμένου,

2072 5056 2167 5108 καὶ
2203 5055 2299 5105 τοῦ
2327 5049 2533 5119 ἀγαθοῦ
2577 5048 2892 5121 ἀνθρώπου,
2948 5046 3042 5100 τοῦ
3074 5044 3429 5108 ὲκϐάλλοντος
3464 5045 3528 5095 ἐκ
3555 5040 3658 5094 τοῦ

461 5211 507 5281 ε’
537 5210 734 5281 Ephes.
763 5208 902 5281 γεὸ.
977 5211 1023 5241 σι
1063 5209 1199 5268 Luc.
1240 5226 1398 5272 xvm.
1434 5209 1502 5264 l0
1545 5225 1701 5280 seqq.
1780 5210 1825 5242 ⁶⁸
1858 5209 1996 5265 Luc.
2064 5221 2174 5274 μιν,
2249 5206 2349 5272 l6;
2411 5204 2602 5260 Matth.
2637 5218 2773 5271 xxn,
2803 5211 2929 5258 etc.
2964 5215 3118 5255 xvm:
3198 5201 3243 5231 °‘
3267 5198 3399 5254 Luc.
3427 5213 3525 5263 xu,
3564 5195 3659 5250 17.

388 5281 433 5316 ⁸⁷
461 5279 594 5338 Luc.
624 5295 778 5348 xvut,
808 5279 862 5333 7.
940 5281 985 5312 ‘°
1026 5281 1219 5337 Matth.
1253 5298 1335 5348 tu,
1366 5282 1458 5335 Η.

1618 5413 1944 5476 Francisci
1972 5410 2188 5476 Scorsi
2225 5419 2414 5474 uotae.

465 5541 583 5613 (64)
628 5541 914 5611 Superiora
938 5539 1215 5613 Dominica
1232 5539 1338 5613 die.
1364 5540 1496 5594 Vide
1528 5555 1690 5613 supra
1725 5537 1841 5594 not.
1878 5537 1970 5595 50.

463 5609 577 5682 (65)
616 5609 898 5665 Ριιὺῑὲοαηὶ
934 5611 1223 5679 negotium.
1264 5609 1392 5682 V_ide
1423 5622 1533 5682 not.
1561 5612 1650 5663 5|.

465 5679 580 5749 (66)
625 5682 802 5734 Purus
829 5682 1230 5749 interpretatur.
1272 5679 1327 5733 Si
1361 5682 1427 5733 ad
1462 5681 1567 5733 vim
1596 5680 1974 5749 originatiouis

395 5749 675 5817 respicias,
718 5750 1026 5802 Phariswus
1071 5753 1137 5803 atl
1186 5750 1407 5803 verbum
1451 5751 1648 5803 divisus
1684 5749 1976 5817 exponitur

394 5832 426 5865 ι
463 5815 643 5867 radice
667 5826 808 5883 T15,
850 5819 1112 5885 diuidere,
1147 5821 1271 5889 quia
1307 5834 1434 5873 vero
1466 5820 1646 5887 divisi,
1683 5815 1803 5872 ideo
1842 5819 1973 5873 dicti

2082 5538 2365 5599 Pharisaei,
2399 5535 2544 5606 quod
2593 5532 2923 5606 puritatem,
2949 5539 3004 5585 et
3049 5531 3464 5606 sanctimoniam
3497 5529 3655 5599 legis-

2081 5625 2188 5679 que
2211 5600 2558 5675 cultum'prae
2586 5600 2706 5659 abis
2752 5603 3080 5679 singularem
3139 5616 3248 5670 pra:
3302 5616 3362 5656 se
3419 5600 3658 5679 legent;

2084 5670 2206 5734 illeo
2233 5680 2375 5747 quod
2408 5670 2475 5729 ad
2504 5690 2615 5728 rem
2647 5670 2861 5727 nomini
2882 5671 3179 5742 subiectam
3216 5686 3342 5726 vera
3371 5679 3455 5727 est
3479 5670 3624 5725 Theo
3644 5695 3659 5707 -

2084 5750 2280 5819 phariis
2313 5747 2710 5815 interpretatio.
