4024 6408
327 346 421 409 36]

1718 345 2044 407 IIOMILIA
2083 344 2218 407 XVI

3494 352 3599 415 362

332 479 351 510 1
391 458 534 512 Ὀσα
562 454 823 528 ηὐξάμην
857 453 1124 509 ἀποδώσω
1156 470 1277 508 σοι·
1317 473 1335 507 ι
1388 454 1483 510 καὶ
1530 457 1658 529 περὶ
1697 455 1915 526 Ἰεφθάε

2033 457 2171 525 quod
2241 455 2520 527 fugitivum
2596 455 2918 527 Prophetam
2966 455 3249 512 audiamus
3322 457 3589 514 dicentem

326 550 594 612 θύσαντος
626 549 727 619 τὴν
752 548 942 613 παῖδα,
974 548 1193 620 φησὶνή
1226 548 1442 621 Γραφὴ,
1469 549 1546 614 ὡς
1578 549 1794 604 ἐτέλεσε
1817 549 1916 622 τὴν

328 642 499 712 εὐχὴν
523 640 716 695 αὑτοῦ.
790 639 955 694 Ἀλλά
995 639 1050 693 τί
1084 640 1223 711 πρὸς
1278 640 1548 711 ἀλλήλους
1601 641 1916 705 άπειδόντες

325 733 490 801 ὑμεῖς
522 730 907 784 συνεστείλατε
936 730 1035 791 τὰς
1062 729 1273 801 ὀφρῦς;
1303 728 1493 802 Οἶμαι,
1524 731 1624 802 τὴν
1668 732 1913 802 ἱστορίαν

325 825 548 877 ἐοίκατε
579 823 802 892 ἀγνοεῖν
822 839 835 853 ·
865 822 984 877 ἀλλ’
1007 823 1056 875 εί
1110 821 1207 877 καὶ
1259 820 1538 894 πάρεργος
1567 825 1601 895 ὴ
1633 824 1917 894 ἀφήγησις

323 914 467 984 πρὸς
498 913 600 985 τὴν
628 912 1006 985 προκειμένην
1035 912 1315 982 ὑπόθεσιν,
1345 914 1498 982 ὅμως
1536 914 1813 985 ἐπιτεμὼν
1842 914 1919 985 τῷ

321 1006 473 1077 λόγῳ
497 1006 565 1060 τὰ
605 1006 831 1060 πλείονα
853 1005 1220 1078 ἐπιτροχάδην
1268 1006 1475 1078 ταύτην
1505 1007 1640 1077 ὑμῖν
1663 1007 1920 1077 διηγήσο-

323 1113 448 1163 μαι.

404 1272 619 1343 Ἰεφθάε
650 1272 719 1345 ἦν
767 1273 1109 1346 Γαλααδίτης
1142 1276 1307 1345 ἀνὴρ,
1355 1275 1683 1348 ἁποτεχθεὶς
1728 1277 1830 1347 μὲν
1861 1276 1922 1343 ἐξ

318 1368 601 1437 ἑταιρίδος
631 1366 862 1437 μητρὸς,
900 1366 1134 1438 εὐσεϐὴς
1173 1366 1230 1419 δὲ
1266 1368 1362 1420 καὶ
1394 1368 1567 1432 πολὺς
1596 1366 1696 1437 τὴν
1724 1366 1918 1440 ίσχύν.

368 1454 497 1523 ὗτος
531 1460 728 1531 κριτὴς
760 1461 1006 1530 κατέστη
1060 1460 1265 1524 παντὸς
1291 1460 1389 1515 τοῦ
1424 1460 1557 1516 λαοῦ
1580 1476 1593 1490 ·
1656 1478 1921 1534 κατετρο-

324 1553 500 1605 mito
523 1552 578 1605 δὲ
609 1553 731 1605 τότε
753 1553 845 1606 τὸν
872 1552 1096 1623 Ἰσραὴλ
1141 1551 1370 1624 ’Δμμὼν
1398 1555 1426 1607 ὁ
1455 1553 1759 1624 ἀλλόφυλος
1784 1569 1799 1585 '
1827 1554 1923 1609 καὶ⁸

320 1645 391 1698 τά
425 1645 525 1714 μὲν
549 1645 657 1697 τῶν
686 1644 961 1716 Ἐϐραίων
986 1640 1056 1717 ἦν
1088 1646 1146 1699 ἐν
1184 1645 1358 1717 στενῷ
1408 1646 1607 1719 κομιδῇ
1638 1662 1654 1678 ·
1684 1647 1711 1701 ὁ
1736 1646 1794 1701 δὲ
1824 1646 1919 1701 άλ-

2024 548 2176 603 Deo:
2214 565 2232 598 ι
2265 546 2610 616 Quaecunque
2660 548 2804 613 vovi,
2833 547 3054 603 reddam
3109 547 3205 603 tibi
3236 549 3303 614 ⁷⁸,
3351 569 3371 602 ι
3426 560 3480 606 et
3529 554 3593 607 de

2023 636 2216 708 Jephte
2270 641 2612 695 sacrificante
2657 641 2820 695 ﬁliam
2889 655 3060 697 sacrae
3125 638 3345 697 Littera:
3415 644 3595 698 dicunt

2022 730 2241 799 fecisse,
2271 732 2410 786 sicut
2445 742 2666 787 voverat
2698 734 2763 786 7".
2795 734 2901 788 Sed
2968 734 3096 803 quid
3121 737 3258 788 alter
3283 736 3347 789 ad
3374 735 3601 790 alterum

2025 840 2129 881 ora
2154 826 2491 889 obvertistis,
2517 833 2572 879 et
2607 827 2897 896 supercilia
2944 828 3333 884 contraxistis?
3395 828 3573 900 signift

2025 919 2181 983 catis,
2220 928 2279 972 ut
2316 918 2575 984 arbitror,
2611 919 2891 973 historiam
2936 920 3223 990 ignorare;
3266 922 3358 975 sed
3411 936 3605 990 quam-

2026 1011 2109 1066 vis
2134 1010 2255 1077 ejus
2286 1012 2528 1066 narratio
2563 1027 2666 1066 non
2696 1013 2965 1083 pertineat
3004 1014 3067 1066 ad
3120 1016 3456 1084 propositum
3517 1030 3607 1069 ar-

2023 1112 2359 1173 gumentum,
2425 1112 2607 1158 tamen
2685 1104 3070 1171 compendium
3131 1106 3312 1161 verbis
3380 1106 3604 1171 faciens,

2024 1196 2230 1251 cursim
2261 1211 2380 1252 eam
2402 1196 2557 1251 vobis
2593 1210 2886 1267 exponam.

2094 1287 2291 1359 Jcphte
2313 1290 2393 1344 vir
2420 1288 2730 1344 Galaadites
2766 1289 2866 1343 fuit
2905 1308 2919 1344 :
2949 1298 3003 1344 et
3044 1304 3349 1361 quanquam
3390 1308 3455 1348 ex
3496 1309 3610 1349 ma-

2029 1389 2110 1437 tre
2142 1381 2428 1437 meretrice
2456 1393 2633 1451 natus,
2679 1383 2877 1451 pietate
2940 1392 3119 1439 tamen
3177 1395 3231 1438 et
3288 1384 3607 1442 fortitudine

2024 1471 2337 1544 praestabat.
2364 1472 2465 1529 Hic
2482 1474 2647 1545 judex
2678 1476 2770 1529 toti
2802 1474 3004 1546 populo
3036 1484 3287 1546 praeerat.
3325 1477 3495 1534 Porro
3514 1493 3611 1548 per

2026 1564 2080 1619 id
2106 1574 2317 1635 tempus
2348 1564 2583 1620 Ammon
2608 1565 2907 1638 alienigena
2962 1568 3255 1639 subegerat
3307 1567 3604 1625 lsraelem:

2029 1664 2191 1728 atque
2226 1658 2279 1712 in
2309 1673 2534 1729 magnas
2556 1660 2835 1728 angustias
2867 1660 3099 1716 deducta
3128 1676 3216 1717 res
3253 1661 3607 1718 Hebraeorum

322 1736 557 1805 λόφυλος
583 1736 749 1806 ᾔρετο
777 1738 844 1806 τῇ
880 1736 1029 1809 νίκῃ,
1067 1736 1163 1792 καὶ
1210 1736 1530 1809 ύπέροφρυς
1563 1733 1655 1810 ἦν.
1701 1739 1761 1793 '0
1788 1738 1921 1809 γοῦν

2033 1757 2167 1802 erat.
2198 1747 2513 1819 Alienigena
2540 1765 2668 1805 vero
2706 1749 2794 1805 ille
2817 1750 3039 1806 victoria
3092 1751 3265 1808 elatus
3312 1753 3611 1809 insolesce—

336 1828 555 1897 Ἰεφθάε
593 1827 828 1897 στρατὸν
869 1829 1204 1899 συναγείρας
1261 1828 1424 1899 ἁδρὸν
1473 1832 1919 1900 καταστρατηγεῖ

2033 1839 2375 1910 bat.-Jephte
2424 1841 2587 1913 igitur
2620 1856 2846 1912 magnas
2905 1844 3087 1914 ecpias
3144 1857 3366 1901 coaetas
3420 1859 3608 1902 contra

322 1921 418 1974 τὸν
447 1919 742 1974 ἀντίπαλον
762 1936 777 1952 ⁸
812 1919 953 1974 ἀλλὰ
983 1921 1124 1991 πρὸς
1153 1921 1254 1992 τὴν
1284 1921 1595 1994 παράταξιν
1643 1923 1803 1990 ἐξιὼν
1833 1927 1923 1978 εύ-

324 2013 430 2085 χῆν
456 2011 664 2083 ηὔξατο
691 2013 772 2081 τῷ
816 2012 961 2086 Θεῷ,
994 2014 1054 2068 ού
1088 2014 1230 2069 πάνυ
1270 2015 1362 2069 τὸν
1392 2015 1553 2084 λόγον
1584 2017 1924 2088 περισκεψά-

332 2121 521 2175 μενος,
554 2104 652 2171 ὡς,
683 2105 733 2159 εί
765 2104 978 2173 γένοιτο
1028 2104 1136 2158 τῶν
1184 2106 1398 2177 ἐχθρῶν
1426 2107 1724 2180 ἐγκρατὴς,
1760 2110 1818 2161 ἐν
1843 2110 1921 2180 τῷ

323 2197 703 2266 ύπονοστῆσαι
732 2197 842 2250 άπὸ
872 2198 969 2251 τοῦ
1031 2196 1275 2268 πολέμου
1312 2197 1406 2251 τὸν
1441 2199 1711 2270 πρότερον
1772 2201 1922 2267 ἐξελ-

324 2290 492 2343 θόντα
516 2290 612 2360 τῆς
640 2290 840 2354 οἰκίας,
870 2291 967 2345 καὶ
1000 2292 1417 2361 συναντήσαντα
1444 2292 1821 2347 ὁλοκαυτῶσαι
1843 2292 1921 2365 τῷ

323 2382 430 2453 τῆς
456 2382 613 2452 νίκης
638 2383 801 2454 αἰτίῳ
840 2382 984 2454 Θεῷ.
1019 2383 1287 2437 Ἠττᾶται
1325 2380 1419 2437 οὖν
1443 2385 1471 2437 ὁ
1510 2384 1762 2456 Ἀμμὼν,
1790 2402 1924 2457 κρα-

324 2479 414 2529 τεῖ
442 2479 470 2530 ὀ
511 2477 752 2548 Ἰσραὴλ,
785 2477 881 2530 καὶ
903 2480 1031 2539 τοὺς
1057 2475 1395 2547 ἀλλοφύλους
1426 2476 1702 2542 διοδεύσας
1739 2477 1925 2548 ληίζεσ-

323 2585 445 2633 ται,
475 2571 572 2624 καὶ
604 2572 634 2623 δ
659 2569 969 2641 στρατηγὸς
998 2568 1251 2623 ἐπάνεισι
1290 2572 1356 2641 τῇ
1395 2569 1523 2642 νίκῃ
1561 2572 1654 2623 καὶ
1693 2572 1807 2635 τοῖς
1830 2570 1925 2625 λα-

326 2664 532 2732 φύροις
570 2703 583 2726 ,
641 2663 716 2726 ὡς
780 2661 947 2725 εἰκὸς,
990 2662 1483 2733 λαμπρυνάμενος.
1543 2664 1715 2734 Καλή
1768 2663 1923 2731 πόλις

325 2751 789 2823 εύαγγελισθεῖσα
806 2754 863 2807 τὸ
879 2754 1143 2824 τρόπαιον
1166 2754 1395 2824 διεχεῖτο
1418 2756 1568 2808 πᾶσα
1591 2754 1729 2823 πρὸς
1751 2755 1926 2808 ἁπαν-

326 2848 455 2919 τὴν,
491 2848 632 2917 μετα
666 2846 868 2916 χορῶν,
900 2845 997 2899 καὶ
1021 2846 1325 2916 τυμπάνων
1363 2846 1455 2899 τὸν
1484 2846 1797 2917 στρατηγὸν
1830 2848 1923 2900 ἐκ·

328 2936 655 2998 ⁴Γιειάζόιισα.
677 2934 750 2988 Τὸ
784 2934 829 2987 δ’
869 2934 1125 2988 ἐντεῦθεν
1166 2934 1280 3005 ἔχει
1330 2951 1387 2987 τι
1424 2935 1749 3005 σκυθρωπὸν
1784 2937 1925 3007 ἠδι-

330 3032 553 3099 ήγησις.
600 3026 908 3095 Θυγάτριον
969 3022 1037 3098 ἦν
1096 3027 1176 3098 τῷ
1243 3028 1456 3097 Ἰεφθάε
1493 3029 1926 3099 μονογενὲςοκαὶ

336 3120 482 3189 μάλα
509 3118 703 3181 καλὸν,
734 3118 837 3187 ήδη
870 3117 965 3171 τοῦ
989 3119 1169 3189 γάμου
1188 3118 1285 3191 τὴν
1302 3119 1451 3190 ὥραν
1474 3119 1618 3191 ἔχον.
1649 3120 1921 3195 Ἐπ⁹αύτῇ
1951 3172 1995 3235 C

336 3212 387 3235 ελ
434 3210 572 3235 .-ι....
615 3212 637 3235 ,ι
680 3209 860 3235 _-_~_-
891 3211 989 3235 ,μ
1015 3211 1241 3235 νι-ι>..-
1266 3211 1497 3235 ι-ω-..-
1563 3212 1806 3235 ιι.ι9-..-,.
1834 3216 1918 3235 __~,

330 3212 389 3263 δὲ
432 3210 576 3282 μόνῃ
612 3212 641 3261 ό
679 3209 862 3280 πατὴρ
891 3211 989 3272 τὰς
1015 3211 1241 3273 ἐλπίδας
1265 3211 1528 3275 ἐσάλευε,
1558 3212 1806 3283 διάδοχον
1834 3216 1923 3267 τοῦ

332 3301 553 3367 γένους,
591 3300 684 3355 καὶ
728 3300 1071 3379 κληρονόμον
1126 3300 1339 3371 ταύτην
1391 3302 1534 3367 ἕξειν
1589 3304 1923 3374 ἡγούμενοςο

333 3395 476 3464 τάχα
508 3411 611 3447 που
635 3395 731 3448 καὶ
762 3397 844 3458 είς
874 3395 935 3446 τὸ
969 3394 1114 3464 ἱερὸν
1141 3396 1489 3466 προσφοιτῶν
1519 3397 1627 3450 ἀπὸ
1668 3400 1768 3469 τῆς
1798 3414 1928 3450 παι-

333 3489 425 3549 δὸς
458 3489 741 3557 ἀπήρχετο
763 3486 872 3539 τῶν
906 3487 1105 3558 εύχῶν.
1136 3488 1292 3558 Αὕτη
1323 3490 1418 3541 τοῦ
1458 3489 1657 3558 φύντος
1695 3492 1929 3559 εὐαγγε-

333 3580 586 3634 λισθεῑσα
618 3581 686 3633 τὰ
709 3582 971 3651 τρόπαια,
997 3584 1092 3634 καὶ
1112 3584 1286 3652 χαρᾶς
1312 3582 1751 3650 ύποπλησθεῖσα,
1778 3584 1929 3647 ἐξανο

337 3676 553 3726 [σταται
587 3673 731 3742 μάλα
764 3675 1004 3744 γοργώς,
1038 3676 1131 3728 καὶ
1155 3674 1448 3743 νυμφικῶς
1481 3676 1683 3744 ἑαυτὴν
1709 3678 1926 3747 κοσμή-

336 3785 504 3827 σασα.
534 3767 704 3829 ἔξεισι
734 3767 828 3820 τοῦ
862 3768 1132 3837 θαλάμου,
1160 3768 1381 3821 πάντων
1436 3769 1562 3830 τοὺς
1611 3768 1929 3839 ὀφθαλμοὺς

335 3858 414 3928 τῷ
448 3856 639 3910 κάλλει
671 3856 1036 3927 ἐπισπωμένη
1077 3857 1211 3926 πρὸς
1238 3856 1463 3926 ἐαυτήν.
1510 3855 1926 3925 Ἐπιταχύνασα

336 3948 433 4006 οὖν
460 3950 561 4019 τὴν
598 3950 827 4020 πορείαν
852 3949 1047 4021 πρώτη
1074 3949 1152 4020 τῷ
1182 3949 1355 4019 πατρὶ
1372 3948 1654 4020 δυστυχῶς
1683 3950 1925 4018 ἀπαντᾷ,

2028 1931 2247 1989 hostem
2276 1932 2443 1996 ducit,
2482 1950 2544 1989 ae
2585 1950 2903 2006 progressus
2930 1936 2983 1991 in
3021 1937 3191 1993 aciem
3228 1948 3413 1993 votum
3464 1942 3612 1995 vovit

2026 2022 2160 2089 Deo,
2200 2039 2306 2079 non
2331 2024 2463 2079 satis
2493 2026 2656 2079 verba
2686 2026 3039 2083 considerans
3063 2027 3201 2100 (7i),
3259 2029 3305 2085 si
3370 2030 3609 2085 hostium

2028 2119 2316 2188 potiretur,
2357 2121 2671 2191 quicunque
2714 2122 2925 2193 primus
2979 2138 3232 2191 egressus
3288 2124 3447 2180 domo
3505 2125 3607 2180 sibi

2027 2230 2057 2271 e
2084 2215 2228 2271 bello
2261 2227 2556 2273 revertenti
2584 2220 2902 2288 procederet
2927 2219 3166 2287 obviam,
3199 2236 3324 2277 eum
3367 2221 3612 2277 victoria:

2029 2308 2240 2361 auctori
2267 2308 2377 2362 Deo
2409 2308 2463 2362 in
2494 2307 2872 2365 holocaustum
2900 2325 2928 2363 a
2962 2325 3022 2367 se
3067 2310 3429 2369 offerendum.
3484 2311 3610 2368 Vin-

2028 2398 2169 2452 citur
2197 2412 2328 2469 ergo
2354 2401 2607 2467 Ammon,
2662 2408 2825 2469 atque
2863 2398 3034 2455 Israel
3078 2409 3302 2458 strenue
3348 2419 3464 2459 rem
3522 2418 3616 2473 ge-

2026 2503 2175 2556 rens,
2198 2505 2263 2546 ac
2284 2505 2620 2561 persequens
2646 2490 2857 2562 praedas
2883 2494 2993 2562 agit
3020 2509 3033 2547 :
3077 2502 3130 2547 et
3153 2494 3262 2548 dux
3302 2494 3530 2551 victoria
3559 2507 3611 2552 et

2028 2581 2240 2651 spoliis,
2268 2590 2327 2636 ut
2362 2598 2463 2653 par
2492 2594 2633 2647 erat,
2660 2584 2989 2653 conspicuus
3021 2583 3183 2640 redit.
3216 2572 3303 2640 Acr
3331 2587 3521 2642 civitas
3547 2588 3613 2643 de

2029 2678 2306 2748 triumpho
2342 2678 2541 2734 certior
2578 2679 2716 2734 facta
2744 2676 2911 2734 effusa
2934 2687 3017 2733 est
3067 2680 3246 2735 omnis
3314 2680 3365 2734 in
3418 2695 3613 2736 occur-

2036 2784 2179 2835 sum,
2207 2768 2389 2826 choris
2439 2783 2504 2825 ac
2561 2769 2832 2841 tympanis
2882 2769 3072 2825 ducem
3124 2772 3191 2825 ad
3260 2770 3453 2827 coelum
3507 2772 3614 2843 tol-

2033 2861 2179 2917 lens.
2245 2863 2515 2918 Caeterum
2581 2862 2789 2932 reliqua
2844 2863 3086 2918 narratio
3155 2864 3398 2919 continet
3460 2864 3614 2919 triste

2032 2953 2287 3024 quiddam
2325 2953 2592 3009 :filiolam
2619 2953 2815 3025 Jephte
2854 2954 3095 3021 unicam,
3150 2964 3204 3011 et
3262 2954 3444 3025 specie
3482 2957 3616 3011 insi-

2030 3059 2216 3115 gnem,
2242 3060 2308 3101 ac
2340 3046 2542 3117 nuptiis
2565 3045 2677 3115 jam
2712 3055 2980 3102 maturam
3006 3046 3260 3102 habebat.
3288 3047 3344 3102 In
3369 3049 3481 3119 ipsa
3504 3063 3613 3103 una

2031 3153 2155 3206 spes
2182 3154 2308 3195 suas
2336 3140 2576 3210 agitabat
2603 3148 2775 3210 pater,
2805 3154 2968 3210 quam
3004 3150 3059 3196 et
3085 3157 3254 3207 genus
3290 3152 3619 3213 propagatu-

2030 3246 2167 3296 ram,
2193 3239 2246 3287 et
2272 3232 2644 3287 baereditatem
2670 3231 2924 3287 inituram
2957 3232 3249 3303 cOgitabat.
3282 3233 3347 3287 Et
3367 3232 3618 3289 fortassis

2029 3322 2095 3376 ad
2132 3323 2390 3393 templum
2438 3339 2560 3378 cum
2613 3324 2931 3390 ventitaret,
2976 3334 3103 3380 vota
3168 3325 3550 3395 auspicabatur
3585 3342 3615 3380 a

2030 3414 2160 3470 ﬁlia.
2198 3414 2322 3470 [hec
2352 3417 2418 3470 de
2442 3415 2683 3485 parentis
2717 3415 2933 3486 tropaeis
2974 3414 3152 3470 laetum
3202 3416 3453 3471 nuntium
3495 3432 3617 3472 cum

2034 3508 2354 3576 accepisset,
2403 3508 2599 3578 gaudio
2640 3507 2880 3563 delibuta
2932 3508 3187 3564 ocissime
3260 3510 3492 3579 prosilit,
3563 3518 3619 3565 et

2030 3616 2242 3671 sponsae
2273 3600 2376 3654 ritu
2412 3611 2671 3655 exornata
2708 3616 2739 3657 e
2789 3602 3025 3656 thalamo
3053 3602 3329 3672 egreditur
3375 3604 3616 3659 omnium

2032 3695 2084 3746 in
2110 3706 2168 3746 se
2200 3692 2270 3746 ob
2304 3692 2765 3761 pulchritudinem
2791 3693 2982 3749 oculos
3011 3703 3255 3750 vertens.
3295 3697 3467 3766 igitur
3515 3696 3620 3752 iter

2032 3782 2346 3837 accelerans
2379 3782 2621 3837 omnium
2659 3783 2834 3851 prima
2866 3784 3078 3853 parenti
3116 3784 3404 3843 infeliciter
3432 3801 3621 3841 occur-

2031 3876 2216 3940 rit;et
2258 3888 2380 3929 cum
2433 3874 2743 3929 reverentia
2800 3872 3159 3946 ﬂagrantique
3223 3875 3418 3932 allectu
3476 3876 3615 3933 collo

2031 3968 2145 4036 ejus
2177 3968 2461 4035 implicito,
2484 3967 2858 4038 gratulationis
2884 3968 3046 4023 verba
3091 3970 3349 4025 emittens
3410 3970 3620 4027 salvere

336 4048 431 4100 καὶ
456 4045 833 4117 περιϐαλοῦσα
873 4046 967 4099 τὸν
998 4046 1203 4115 αὐχένα
1230 4046 1352 4115 μετ’
1387 4046 1596 4113 αἰδοῦς,
1633 4048 1729 4102 καὶ
1755 4047 1925 4101 πόθου

2033 4060 2271 4133 iubebat.
2314 4060 2393 4114 Ad
2427 4062 2541 4115 haec
2568 4058 2761 4130 Jephte
2788 4058 3085 4131 ingemuit;
3125 4071 3200 4125 et,
3230 4060 3326 4115 "ei
3355 4062 3507 4128 mihi,
3536 4062 3621 4116 in-

338 4139 545 4209 θερμοῦ
574 4141 967 4209 κατησπάζετο
1009 4140 1408 4210 χαριστηρίους
1448 4141 1672 4209 ἀφιεῖσα
1715 4140 1926 4208 φωνάς.

337 4233 479 4303 Πρὸς
510 4233 685 4285 ταῦτα
707 4232 961 4300 όἸεφΟόιε
985 4230 1272 4301 ἀνῴμωξε,
1300 4233 1421 4297 καὶ,
1457 4230 1642 4302 Οἵμοι,
1662 4231 1926 4304 θύγατερ,

337 4323 519 4387 εἶπεν,
582 4326 667 4377 ὅτι
734 4342 792 4377 σε
859 4324 1195 4378 καταθύσειν
1226 4324 1488 4396 ηὐξάμην
1545 4325 1687 4394 Θεῷ.
1753 4326 1816 4378 Ei
1846 4325 1925 4390 δὲ,

334 4420 572 4473 ἄκουσον
609 4416 867 4485 εὐγενοῦς
925 4416 1198 4487 παρθένου
1256 4417 1479 4487 φωνῆς’
1516 4416 1632 4472 ἀλλ’
1688 4418 1924 4472 ἐνταῦθα

2030 4154 2169 4224 quit,
2204 4153 2331 4213 lilia,
2373 4152 2519 4220 quod
2557 4151 2666 4207 Deo
2685 4160 2738 4208 te
2768 4152 2892 4209 vovi
2924 4152 3329 4207 immolandum.
3364 4152 3469 4209 Sed
3494 4155 3617 4210 hei!

2035 4246 2161 4299 andi
2199 4244 2426 4312 virginis
2473 4244 2723 4313 ingenua:
2752 4258 2965 4305 vocem.
2996 4251 3052 4298 et
3111 4245 3352 4315 pulchrae
3394 4261 3620 4316 genero-

2034 4348 2123 4389 sos
2150 4334 2372 4403 spiritus
2398 4334 2683 4389 considera
2699 4334 2995 4405 paululum.
3023 4332 3134 4404 96
3156 4334 3337 4403 Primo
3370 4350 3481 4391 rem
3511 4344 3621 4390 tam

2036 4424 2370 4494 inopinatam
2394 4426 2618 4479 audiens
2652 4438 2891 4479 mmrore
2923 4435 3066 4479 tacta
3103 4434 3186 4480 est
3226 4442 3239 4480 :
3275 4438 3396 4497 post
3434 4442 3491 4482 sc
3538 4427 3623 4497 ip-

339 4511 539 4563 σκόπει
596 4526 687 4579 μοι
720 4509 945 4578 εύγενὲς
982 4509 1241 4577 φρόνημα
1282 4508 1556 4580 παρθένου
1589 4509 1781 4580 καλῆς.
1818 4510 1924 4564 Μι-

2036 4532 2150 4571 sam
2186 4517 2424 4586 collegit,
2471 4526 2548 4583 et,
2599 4517 2745 4571 omni
2778 4532 2808 4572 a
2832 4532 2891 4573 se
2926 4531 3159 4573 excusso
3200 4518 3415 4580 timore,
3455 4526 3622 4573 totam

335 4601 470 4670 κροκι
507 4602 959 4669 ἐπιστυγνάσασα
982 4600 1057 4670 τῷ
1085 4600 1380 4670 παραλόγῳ
1403 4599 1503 4671 τῆς
1530 4600 1702 4670 ἀκοῆς
1730 4601 1930 4656 ἀνέλα-

336 4693 433 4743 ϐεν
464 4691 683 4763 ἑαυτὴν,
710 4692 807 4745 καὶ
828 4693 1012 4745 πᾶσαν
1035 4690 1241 4745 δειλίαν
1258 4691 1318 4756 ἐξ
1335 4692 1535 4761 ἑαυτῆς
1560 4691 1928 4761 ἐκϐάλλουσα,

337 4788 435 4852 ὅλη
467 4786 561 4839 τοῦ
598 4788 873 4857 πατρικοῦ
921 4787 1228 4858 θελήματος
1264 4787 1499 4857 γίνεται.
1561 4787 1846 4858 Ἀγχουσα
1874 4789 1931 4841 δὲ

336 4881 409 4931 τι
436 4880 650 4947 δάκρυα
704 4881 811 4932 τῶν
852 4879 1151 4948 ὀφθαλμῶν
1214 4879 1603 4948 ἐπιγενόμενα,
1637 4874 1726 4931 οἷα
1759 4880 1815 4932 δέ
1846 4897 1932 4943 τις

336 4972 557 5043 εἰαρινὴ
606 4971 783 5043 ἀηδὼν
840 4973 1041 5025 αίλινον
1076 4972 1358 5043 μυρομένη
1390 4971 1556 5042 ᾠδὴν,
1589 4972 1774 5043 ἡρέμα
1820 4989 1937 5036 πως

338 5068 551 5133 ἔφασκε
609 5066 686 5134 τῷ
752 5066 961 5135 πατρί·
996 5066 1202 5133 Πάτερ,
1237 5065 1285 5116 εί
1324 5066 1382 5117 ἐν
1425 5064 1549 5134 ἐμοὶ
1601 5064 1821 5134 ἧνοιξας
1873 5064 1934 5117 τὸ

410 5186 453 5215 τί
479 5182 631 5238 Ιιιιιω
658 5181 871 5249 xtt,10.
961 5183 1004 5214 ⁷⁷
1026 5181 1153 5238 Jud.
1192 5198 1303 5246 XXI.
1343 5181 1436 5238 ὅθι

2037 4624 2097 4665 se
2152 4611 2393 4681 parentis
2443 4611 2711 4666 voluntati
2792 4609 3058 4680 permisit.
3139 4610 3436 4681 Laerymas
3493 4626 3623 4668 vero

2036 4718 2103 4758 ex
2152 4694 2355 4760 oculis'
2388 4705 2691 4775 reprimens
2747 4704 2858 4775 jam
2901 4712 3278 4775 erumpentes;
3341 4714 3394 4758 et
3444 4706 3621 4774 qualis

2039 4808 2207 4849 verno
2234 4804 2474 4865 tempore
2500 4796 2729 4851 luscinia
2771 4795 2887 4866 (72)
2928 4795 3139 4866 lugubri
3192 4796 3463 4851 cantilena
3523 4797 3622 4852 de-

2037 4887 2258 4955 plorans
2294 4888 2503 4957 placide
2528 4896 2737 4957 patrem
2781 4897 2863 4944 est
2908 4888 3143 4943 allocuta
3178 4904 3192 4941 :
3245 4888 3424 4955 Pater,
3464 4890 3507 4944 si
3567 4890 3623 4955 in

2038 4992 2221 5032 meum
2270 4989 2434 5049 caput
2487 4994 2549 5034 os
2592 4990 2742 5035 tuum
2793 4979 3029 5035 Domino
3083 4982 3369 5052 aperuisti,
3427 4983 3628 5051 perﬁce

2039 5068 2311 5137 quomodo
2342 5080 2526 5125 votum
2556 5069 2883 5141 nuncupasti
2917 5079 3091 5125 tuum.
3145 5069 3269 5137 Quo
3316 5084 3475 5143 pacto
3540 5071 3621 5126 af-

1586 5250 1915 5314 Fruncisei
1954 5252 2169 5317 Scorsi
2199 5260 2387 5315 notae.

412 5379 527 5444 (τι)
574 5374 693 5429 Νοη
742 5378 870 5428 satis
924 5375 1077 5427 verba
1134 5372 1497 5428 considerans.
1550 5371 1925 5444 Temerarinm

340 5442 518 5520 igitur
543 5446 739 5516 Jephte
775 5455 959 5499 votum
1001 5445 1170 5499 fuisse
1221 5447 1300 5498 his
1354 5444 1532 5520 verbis
1571 5442 1812 5520 insinuat
1844 5447 1874 5496 h
1902 5461 1931 5497 υ

342 5506 527 5584 ιῗδιεν,
552 5506 851 5587 ειίιιιὶιιειιι
880 5531 1024 5581 vere,
1053 5520 1196 5584 quod
1218 5515 1463 5587 ostendit
1487 5513 1720 5587 Suet-ius
1739 5527 1930 5587 noster
1974 5506 1987 5533 ’

346 5606 473 5646 trtn.
527 5590 568 5644 ιι
608 5583 681 5642 De
730 5587 1004 5655 religione,
1056 5583 1148 5638 lib.
1183 5601 1244 5646 ιι,
1290 5599 1410 5651 cap.
1447 5584 1535 5647 10,
1583 5583 1673 5637 ubi
1719 5584 1791 5655 de
1831 5584 1932 5638 hoc

342 5662 593 5717 sobtiiins
623 5652 847 5728 quaerit.
871 5657 1109 5728 Habetur
1137 5658 1192 5728 id
1225 5658 1389 5707 etiam
1421 5668 1484 5707 ex
1514 5661 1704 5707 sancto
1736 5652 1929 5707 Hiero-

344 5750 525 5805 nymo,
561 5726 658 5785 lib.
691 5746 707 5782 ι
737 5732 939 5781 Contra
970 5726 1309 5805 Jouiut'a_nuttt
1334 5763 1373 5805 ,-
1401 5740 1592 5805 parum
1621 5734 1784 5805 ante
1817 5739 1929 5805 tne-

344 5793 629 5869 dt'utn,'ubi
657 5798 1085 5873 aitrcprehcudi
1109 5798 1325 5851 solitum
1350 5793 1544 5861 Jepltte
1583 5799 1651 5849 ab
1692 5795 1931 5852 llebra‘is

721 5896 1001 5955 Parnon.
1039 5891 1156 5955 GR.
1199 5889 1515 5950 CXXXII.

2039 5376 2147 5429 voti
2186 5373 2461 5429 temerarii
2501 5390 2513 5427 :
2546 5374 2683 5427 Nam
2710 5376 2757 5428 si
2782 5377 2953 5440 canis,
2976 5372 3257 5444 inquiunt,
3288 5375 3628 5439 occurrisset,

2039 5447 2082 5498 si
2115 5446 2321 5510 asinus,
2363 5446 2488 5513 quid
2516 5446 2752 5513 faceret?
2779 5459 2832 5501 ct
2857 5441 3136 5515 subjttngit
3163 5461 3176 5497 :
3204 5441 3286 5515 Ea:
3307 5460 3409 5512 quo
3444 5445 3628 5497 volunt

2038 5517 2432 5583 dispensatione
2470 5516 2564 5569 Dei
2599 5516 2825 5583 factum,
2850 5528 2903 5568 ut
2938 5513 3027 5585 qui
3057 5513 3360 5585 imperfecte
3388 5527 3625 5585 uouerat.

2038 5601 2270 5639 errorem
2306 5588 2406 5641 veli
2438 5590 2489 5640 in
2523 5587 2647 5654 ﬁliae
2679 5601 2841 5641 morte
2883 5583 3120 5641 sentiret.
3159 5583 3285 5636 Haec
3319 5597 3384 5635 ex
3438 5584 3627 5636 utero-

2040 5671 2222 5725 nytno.
2256 5656 2398 5709 Idem
2433 5660 2594 5726 igitur
2629 5661 2711 5711 -de
2758 5659 2859 5713 hoc
2907 5668 3031 5710 voto
3051 5655 3230 5726 sentit
3267 5654 3353 5705 hic
3412 5664 3627 5717 auctor,

2037 5724 2162 5780 cum
2196 5742 2318 5781 eum
2351 5724 2570 5782 nun’sal
2594 5744 2619 5782 s
2654 5733 2814 5781 verba
2854 5724 3152 5794 dispexisse
3186 5724 3338 5775 dicit.

2110 5796 2226 5869 (7‘2)
2258 5796 2426 5853 Vento
2451 5809 2683 5853 temnnro
2704 5797 2923 5834 ’θανεῖν-ἴα
2978 5795 3107 5849 Vide
3132 5794 3375 5859 llOHLVI,
3398 5806 3510 5850 nol.
3538 5798 3622 5851 14.

3153 5886 3231 5945 12
