4024 6436
422 417 534 484 367

1638 411 2138 475 THEOPHANIS
2178 409 2525 475 CERAMEI

3597 403 3706 470 368

424 530 777 587 vantissimus
802 528 934 601 legis
962 537 1103 584 esset
1139 525 1163 579 ?
1188 524 1443 582 Videmus
1473 539 1601 582 vero
1632 526 1794 580 etiam
1822 541 1930 580 teru
1944 539 2016 577 m-

2131 541 2230 595 μεν
2268 524 2325 577 δὲ
2357 524 2450 576 καὶ
2498 523 2590 575 τὸν
2647 519 2917 575 πολύτλαν
2953 534 3160 574 εκεινον
3194 517 3316 573 Ἰὼϐ
3352 519 3409 573 ὲν
3446 522 3513 591 τῇ
3567 519 3705 589 πρὸς

423 640 617 681 nosum
669 623 819 677 illum
883 621 983 676 Job
1036 621 1085 674 in
1121 618 1483 690 disputatione
1508 634 1628 674 cum
1664 618 2008 702 regibus(79)

426 716 637 782 habita,
676 717 844 769 multa
891 712 1213 782 gloriantem
1254 726 1357 766 non
1388 710 1721 781 vituperari;
1764 711 1852 766 hic
1883 721 2012 765 vero

424 806 732 861 damnatur.
782 804 947 875 Cujus
1000 804 1076 858 rei
1126 794 1242 859 hate
1288 802 1425 857 ratio
1457 812 1561 866 est,
1602 802 1744 872 quod
1792 810 2012 856 sanctus

427 896 645 966 quidem
693 904 746 949 et
776 895 959 965 justus
1003 892 1104 950 Job
1147 909 1268 949 cum
1328 903 1476 949 recte
1513 892 1680 947 multa
1726 893 2008 962 gessisset,

426 1004 655 1061 quicque
692 986 804 1044 Deo
847 999 1091 1058 accepta,
1143 998 1195 1044 et
1233 987 1336 1058 ipsi
1373 986 1553 1058 gloriae
1589 984 1829 1051 fuerant,
1872 1001 2012 1041 nun-

427 1097 585 1153 quam
623 1081 770 1136 visus
813 1090 897 1137 est
938 1097 999 1137 ea
1035 1082 1273 1151 gloriose
1323 1081 1642 1151 praedicare,
1677 1081 1768 1135 sed
1805 1094 2010 1151 praero-

427 1175 641 1247 gativas
683 1189 811 1230 suas
854 1174 1095 1230 occultas
1128 1174 1336 1249 habuit.
1374 1172 1508 1229 Cum
1552 1188 1699 1239 vero,
1731 1174 1820 1243 qui
1865 1173 2013 1228 vide-

422 1268 627 1323 bantur
654 1265 836 1331 amici,
881 1267 1223 1321 inimicorum
1252 1268 1302 1320 in
1331 1267 1547 1321 modum
1591 1265 1666 1319 ilii
1707 1266 2010 1335 exprobra-

422 1358 579 1423 bant,
610 1368 665 1413 et
702 1358 820 1413 sine
864 1356 970 1412 ulla
1008 1357 1380 1412 misericordia
1429 1356 1909 1412 calumniahantur
1939 1355 2010 1422 ⁸⁸,

426 1450 751 1505 arundinem
794 1458 1108 1522 quassatam
1147 1448 1575 1520 eonfriugeutes,
1625 1458 1679 1503 et
1722 1450 2012 1503 semimor-

428 1550 577 1594 tuum
634 1540 977 1595 sermonibus
1031 1538 1146 1611 98
1193 1540 1306 1594 suis
1361 1539 1739 1604 dilacerantes,
1799 1554 1865 1593 ex
1921 1538 2013 1593 illo

427 1632 838 1689 criminationes
866 1632 1244 1688 strenuissime
1276 1629 1526 1686 refellere
1557 1631 1787 1701 occepit,
1826 1641 1880 1684 et
1908 1631 2011 1685 im-

406 1736 719 1796 portunum
774 1741 960 1782 eorum
1011 1725 1272 1799 impetum
1320 1723 1684 1794 reprehendit,
1726 1724 1798 1777 ita
1846 1732 1927 1789 ut,
1966 1722 2013 1777 si

427 1834 531 1886 qua
566 1819 618 1872 in
648 1817 940 1888 gloriando
969 1816 1193 1872 suberat
1227 1815 1408 1887 culpa,
1433 1815 1552 1886 ejus
1585 1814 1809 1871 obnoxii
1839 1817 2012 1886 mag's

2113 615 2239 680 τοὺς
2269 613 2513 684 βασιλεῖς
2540 611 2800 680 διαλέξει,
2837 613 2921 666 ὅτι
2967 609 3141 665 πολλὰ
3184 611 3607 682 καυχησάμενος
3640 613 3702 665 οὔ

2115 703 2537 775 κατακρίνεται,
2568 699 2726 766 οὗτος
2754 703 2811 757 δὲ
2869 703 3254 758 ὑπευθύνεται.
3298 703 3517 774 Ἐπειδὴ
3547 705 3578 757 ὁ
3603 704 3706 774 μὲν

2115 795 2272 864 ἅγιος
2319 795 2415 849 καί
2446 794 2656 859 δίκαιος
2698 794 2850 861 Ἰὼϐ,
2894 794 2963 849 τὰ
2998 794 3195 849 εὐκλεῆ
3234 794 3329 849 καί
3376 795 3497 867 Θεῷ
3546 796 3707 851 ἁνδά-

2114 903 2276 939 νοντα
2327 884 2631 956 κατορθῶν,
2682 884 2941 939 οὐδέποτε
2974 886 3228 955 φαίνεται
3256 887 3702 957 καυχησὰμενος,

2114 978 2232 1030 ἀλλ’
2286 976 2528 1045 ἔκρυπτε
2567 976 2635 1029 τὰ
2674 976 2851 1030 οἰκεῖα
2890 977 3383 1049 πλεονεκτήματα·
3429 980 3619 1050 ἐπειδὴ
3646 965 3708 1034 δὲ

2116 1072 2166 1123 οἱ
2200 1069 2493 1133 δοκοῦντες
2524 1069 2670 1139 φίλοι
2699 1069 2980 1135 ὠνείδιζον
3007 1070 3425 1142 ὲχθροπρεπῶς,
3457 1073 3554 1126 καὶ
3575 1091 3709 1126 κατ-

2116 1164 2354 1234 ηγόρουν
2391 1163 2738 1231 ἀσυμπαθῶς
2772 1162 3022 1234 κάλαμον
3059 1165 3530 1235 συντετριμμένον
3568 1183 3706 1220 κατ-

2115 1255 2437 1325 εαγνύντες,
2492 1257 2588 1310 καὶ
2635 1256 2911 1329 ἡμιθνῆτα
2975 1260 3089 1321 τοῖς
3145 1256 3327 1326 λόγοις
3379 1257 3708 1323 αἰκίζοντες,

2115 1350 2238 1403 τότε
2270 1348 2460 1403 λοιπὸν
2477 1348 2775 1403 ἀποδύεται
2807 1349 2875 1403 τὰ
2896 1350 3067 1421 ἐγκλή
3078 1367 3224 1421 ματα
3248 1350 3391 1421 μάλα
3413 1350 3709 1419 γενναίως,

2115 1441 2212 1494 καὶ
2237 1439 2335 1511 τὴν
2360 1440 2595 1512 ἄκαιρον
2630 1441 2813 1494 αὐτῶν
2833 1442 3047 1514 ἐλέγχει
3081 1443 3426 1514 καταφορὰν,
3454 1443 3617 1507 ὥστε,
3658 1444 3715 1498 ετ

2116 1550 2201 1596 τις
2228 1533 2380 1587 αἰτία
2409 1536 2512 1603 τῆς
2534 1535 2884 1605 καυχήσεως,
2924 1534 3102 1605 ἔνοχοι
3137 1535 3345 1604 μᾶλλον
3375 1538 3423 1589 οἱ
3459 1534 3534 1607 μὴ
3562 1536 3712 1589 δεόν-

2114 1642 2224 1688 τως
2260 1626 2767 1697 κατηγορήσαντες.
2812 1626 2869 1680 'O
2900 1627 3202 1698 Φαρισαῖος
3223 1626 3301 1691 δὲ,
3340 1627 3567 1698 μηδενὸς
3589 1630 3715 1699 ἐρε-

2118 1717 2384 1783 θίζοντος,
2427 1718 2889 1791 ἀπηυθαδιάζετο,
2914 1721 3134 1775 πάντων
3168 1720 3361 1774 ἑαυτὸν
3393 1721 3706 1792 προτιθεὶς,

2116 1809 2230 1863 οὐδ’
2262 1810 2670 1879 ἐπιγινώσκων,
2710 1809 2764 1863 τί
2797 1810 2940 1865 κατὰ
2968 1811 3136 1880 φύσιν
3166 1811 3471 1882 ἐτύγχανεν
3500 1809 3597 1867 ὢν.
3645 1812 3713 1865 Εἰ

427 1919 636 1974 essent,
686 1908 778 1979 qui
831 1908 1105 1964 immerito
1140 1907 1215 1964 illi
1255 1909 1653 1964 obtrectabant.
1703 1906 2010 1962 Pharisaeus

2123 1903 2225 1974 γὰρ
2255 1902 2512 1972 ἐγνώκει,
2550 1905 2635 1958 ὅτι
2664 1904 2958 1974 ἄνθρωπος
2983 1898 3073 1976 ἦν,
3128 1905 3347 1969 πάντως
3374 1904 3440 1958 ἂν
3464 1905 3580 1977 ᾔδει
3617 1904 3715 1958 καὶ

427 2018 576 2070 vero,
602 2002 821 2059 nemine
849 2001 1173 2070 lacessente,
1192 2002 1388 2073 agebat
1411 2001 1732 2067 insolenter,
1760 2000 2016 2055 omnibus

426 2111 487 2152 se
525 2095 704 2167 ipsum
748 2109 1093 2167 praeponens,
1125 2108 1322 2165 neque,
1357 2094 1668 2165 quid-esset
1707 2092 1883 2162 quoad
1915 2106 2015 2146 na-

428 2198 629 2254 turam,
657 2189 1006 2259 agnoscebat.
1041 2187 1097 2241 Si
1127 2187 1271 2241 enim
1307 2185 1576 2241 hominem
1599 2201 1657 2240 se
1684 2194 1869 2239 natum
1897 2198 2019 2239 esse

428 2288 752 2350 reputasset,
781 2279 1005 2334 omnino
1052 2289 1262 2333 naturae
1296 2278 1575 2333 miseriam
1615 2277 2015 2343 intellexisset;

416 2373 571 2444 quod
597 2371 715 2428 ﬁeri
746 2386 854 2427 non
887 2371 1079 2442 possit,
1110 2379 1170 2425 ut
1198 2370 1359 2425 homo
1388 2384 1556 2440 purus
1583 2386 1612 2424 a
1636 2369 1885 2423 sordibus
1919 2369 2008 2434 sit,

425 2464 641 2519 etiamsi
697 2465 857 2519 unius
885 2464 990 2519 diei
1037 2464 1107 2520 sit
1151 2461 1269 2530 ejus
1322 2462 1457 2528 vita,
1491 2471 1553 2517 ut
1596 2476 1751 2517 sacra
1793 2460 2019 2530 Eloquia

343 2621 356 2633 ’
428 2556 625 2611 docent
677 2556 790 2629 (80)
828 2556 897 2613 θ’.
931 2554 1065 2623 Quis
1096 2556 1237 2610 enim
1293 2564 1401 2610 tam
1438 2554 1712 2620 excelsus,
1750 2562 1858 2607 tam
1907 2553 2017 2606 alta

428 2659 611 2703 mente
677 2659 842 2718 atque
886 2647 1113 2703 consilio
1143 2662 1171 2701 a
1200 2655 1391 2701 natura
1430 2646 1707 2717 przeditus,
1745 2654 1802 2700 ut
1847 2644 1927 2698 vel
1962 2645 2017 2697 in

429 2740 779 2809 cogitatione,
814 2740 899 2796 vel
936 2739 991 2796 in
1026 2741 1262 2807 actione,
1298 2740 1368 2795 ab
1402 2740 1547 2795 omni
1582 2738 1753 2809 culpae
1787 2736 1907 2792 labe
1944 2737 2016 2792 sit

431 2832 605 2888 liter?
654 2833 806 2900 Quod
859 2848 989 2890 vero
1034 2834 1207 2904 magis
1265 2834 1317 2888 in
1366 2834 1683 2889 barathrum
1738 2830 2012 2886 hominem

2115 1996 2213 2065 τὴν
2234 1995 2336 2065 τῆς
2367 1995 2587 2065 φύσεως
2622 1995 2942 2067 ἀθλιότητα,
2990 1996 3067 2059 ὼς
3095 1994 3364 2051 ἀδύνατον
3420 1995 3713 2066 ἄνθρωπον

2116 2087 2224 2140 ἀπὸ
2283 2087 2459 2158 ῥύπου
2523 2086 2895 2158 καθαρεύειν,
2958 2087 3065 2141 κᾶν
3097 2087 3198 2159 μία
3224 2087 3410 2158 ήμέρα
3530 2087 3565 2156 ή
3594 2085 3712 2159 ζωὴ

2116 2177 2305 2245 αὑτοῦ,
2331 2178 2405 2241 ὡς
2427 2178 2676 2233 διδάσκει
2709 2177 2777 2231 τὰ
2797 2178 2991 2247 Δόγια.
3009 2177 3105 2243 Τίς
3143 2177 3255 2249 γὰρ
3302 2176 3478 2242 οὕτως
3508 2177 3714 2248 ὑψηλός

2117 2273 2213 2325 καὶ
2241 2271 2596 2341 μεγαλοφυής
2625 2272 2703 2341 τῷ
2724 2273 3060 2342 φρονήματι,
3091 2270 3170 2336 ὼς
3197 2272 3343 2327 κατά
3363 2288 3424 2325 τε
3466 2272 3713 2326 διάνοιαν

2121 2368 2216 2421 καὶ
2241 2370 2444 2439 πρᾶξιν
2467 2366 2574 2434 ἔξω
2594 2367 2853 2436 γενέσθαι
2877 2368 3201 2423 παντάπασι
3224 2367 3319 2422 τοῦ
3344 2368 3487 2424 κατὰ
3512 2368 3715 2423 κακίαν

2104 2456 2512 2531 ’μολύσματοςς
2547 2462 2613 2515 Ὃ
2636 2460 2693 2515 δὲ
2728 2460 2930 2531 μᾶλλον
2980 2461 3147 2515 αὐτὸν
3181 2460 3539 2534 ἐσαράθρωσε
3566 2460 3715 2515 τοῦτ’

2121 2547 2212 2624 ἧν.
2241 2551 2303 2606 τὸ
2338 2554 2435 2606 καὶ
2481 2552 2574 2606 τὸν
2627 2551 2873 2624 τελώνην
2901 2554 3082 2607 εἰπεῖν
3110 2554 3426 2619 δεδκτικῶςυ
3467 2573 3487 2606 ι
3518 2555 3590 2608 Ἦ
3617 2554 3713 2608 καὶ

2121 2647 2198 2709 ὡς
2231 2641 2387 2709 οὗτος
2423 2647 2451 2700 ὁ
2484 2644 2746 2717 τελώνης.
2789 2666 2809 2700 ι
2844 2645 3039 2717 Πάσης
3090 2647 3198 2716 γὰρ
3230 2647 3333 2719 τῆς
3378 2648 3716 2718 οἰκουμένης

2120 2738 2536 2809 ὕπερκουφίσας
2599 2737 2796 2793 ἑαυτὸν
2843 2740 2923 2812 τῷ
2967 2739 3157 2812 πτερῷ
3198 2741 3297 2812 τῆς
3328 2742 3584 2813 οἰήσεως,
3616 2741 3715 2794 καί

2118 2833 2210 2885 τὸν
2241 2833 2486 2905 τελώνην
2522 2834 2906 2906 προστίθησιν.

430 2926 761 2993 deturbavit,
822 2927 954 2984 illud
1014 2927 1137 2995 luit,
1195 2928 1337 2998 quod
1389 2927 1600 2994 signate
1646 2926 1825 2982 dixit:
1901 2945 1919 2978 ι
1964 2922 2062 2979 Vel
2136 2926 2299 2981 etiam
2352 2937 2413 2982 ut
2461 2928 2550 2982 hic
2602 2928 2968 2999 publicanus;
3017 2947 3039 2984 ι
3088 2942 3214 2985 cum
3245 2928 3391 2985 enim
3439 2944 3517 2988 se-
3549 2945 3717 3004 supra

432 3038 626 3080 omnes
687 3038 825 3093 quos
860 3032 1006 3079 terra
1043 3022 1277 3079 sustinet
1318 3020 1566 3076 homines
1630 3019 1731 3077 alis
1769 3019 2035 3090 superbire
2071 3018 2382 3085 extulisset,
2420 3021 2665 3091 adiungit
2696 3024 2862 3077 etiam
2894 3020 3262 3093 publicanum.

509 3138 529 3172 ι
569 3117 903 3174 Publicanus
936 3130 1066 3172 vero
1099 3116 1258 3185 longe
1295 3125 1471 3181 stans,
1490 3130 1676 3185 neque
1700 3113 1886 3169 oculos
1919 3126 2018 3167 vo-

431 3212 578 3269 lebat
604 3211 658 3264 in
686 3208 888 3265 caelum
927 3206 1135 3263 tollere.
1176 3225 1194 3261 ι
1227 3203 1466 3263 Observa
1494 3207 1764 3279 publicani
1798 3205 2018 3262 humili.

432 3314 599 3360 tatem
639 3320 654 3359 :
689 3301 880 3375 procul
910 3299 1056 3355 stetit
1096 3313 1199 3356 non
1230 3315 1391 3355 ausus
1419 3301 1484 3356 ad
1512 3314 1668 3355 sacra
1704 3299 1885 3369 templi
1924 3314 2020 3370 pe-

430 3396 662 3453 netralia
697 3396 977 3449 accedere.
1009 3391 1310 3448 Verebatur
1354 3393 1500 3448 enim
1530 3392 1756 3463 impuris
1790 3391 2018 3463 pedibus

434 3488 617 3557 templi
644 3486 1050 3541 sanctissimum
1082 3486 1294 3540 calcare
1323 3484 1711 3555 pavimentum,
1749 3498 1925 3553 neque
1951 3499 2017 3538 eo

433 3600 494 3640 se
528 3582 753 3654 dignum
785 3578 1148 3636 existimabat.
1187 3579 1487 3634 Verebatur
1512 3578 1673 3632 etiam
1716 3577 1784 3632 ad
1818 3576 2016 3632 coelum

431 3675 621 3731 oculos
649 3672 858 3738 tollere,
891 3672 1089 3741 quippe
1124 3671 1216 3741 qui
1264 3672 1545 3741 degentem
1583 3669 1637 3722 in
1673 3667 1811 3724 cmlo
1848 3665 2018 3721 Deum

433 3776 787 3838 exasperat-at
816 3782 831 3819 :
859 3764 1125 3820 didicerat
1149 3763 1407 3817 nimirum
1435 3777 1465 3816 a
1492 3759 1593 3816 Job
1617 3761 1685 3827 ⁸⁸,
1713 3762 1854 3831 quod
1877 3761 2019 3816 Deus

438 3862 732 3917 demissum
777 3858 952 3916 oculis
994 3855 1245 3921 salvabit,
1302 3856 1528 3924 ideoque
1582 3867 1677 3908 eos
1712 3851 2021 3907 declinabat

436 3953 491 4007 in
516 3962 740 4015 terram,
775 3950 851 4003 uti
882 3958 936 4004 et
966 3964 1030 4003 ex
1057 3947 1241 4003 habitu
1275 3947 1391 4015 ipso
1416 3946 1683 4015 corporis,
1709 3954 1760 4000 et
1781 3960 1847 3998 ex
1875 3943 2016 4009 loco,

434 4052 491 4101 et
518 4060 583 4099 ex
616 4043 876 4114 petitione
904 4042 1184 4098 humilitas
1205 4038 1322 4108 ejus
1351 4041 1752 4095 ostenderetur.
1777 4036 2021 4092 lnsinuat

433 4136 597 4192 etiam
643 4133 900 4204 quiddam
938 4131 1103 4198 aliud,
1142 4130 1285 4202 quod
1310 4131 1511 4186 dictum
1541 4139 1627 4185 est
1659 4144 1676 4185 :
1723 4146 1742 4180 ι
1778 4129 1824 4183 Δ
1864 4126 2021 4198 longe

434 4235 623 4291 stans;
664 4244 684 4277 ›
719 4225 875 4296 longe
900 4225 1109 4279 scilicet
1146 4239 1174 4277 a
1207 4222 1512 4292 perniciosa
1542 4220 1799 4276 Pharisaai
1823 4234 2019 4289 super-

434 4320 524 4375 bia
574 4317 776 4384 stabat,
826 4318 1154 4374 contrariam
1186 4326 1348 4388 atque
1393 4316 1485 4371 ille
1538 4316 1682 4370 viam
1717 4315 2017 4385 ingressus.

2197 3130 2217 3165 ι
2275 3112 2334 3166 Ὀ
2359 3113 2416 3166 δὲ
2447 3112 2690 3185 τελώνης
2727 3104 3004 3187 μακρόθεν
3026 3114 3220 3183 ἑστὼς,
3244 3115 3347 3171 οὐκ
3368 3115 3561 3188 ἢθελεν
3591 3117 3717 3173 οὐδε

2118 3207 2247 3269 τοὺς
2278 3204 2596 3276 ὀφθαλμοὺς
2616 3208 2696 3271 εἰς
2724 3207 2818 3263 τὸν
2855 3207 3089 3281 οὐρανὸν
3120 3208 3349 3281 ἐπᾶραι.
3382 3228 3403 3263 ι
3448 3209 3594 3282 Ὅρα
3613 3211 3717 3283 τὴν

2116 3301 2211 3356 τοῦ
2239 3301 2476 3356 τελώνου
2505 3300 2843 3358 ταπείνωσιν
2862 3318 2878 3336 ο
2907 3303 3129 3375 μακράν
3159 3320 3264 3357 που
3292 3302 3450 3374 ἔστη,
3474 3303 3549 3375 μὴ
3572 3303 3715 3377 θαρ-

2122 3395 2293 3466 ρήσας
2320 3396 2685 3468 προσεγγίσαι
2713 3396 2852 3469 πρὸς
2878 3395 2948 3451 τὰ
2978 3396 3099 3450 θεῖα
3124 3396 3406 3468 ἀνάκτορα
3427 3412 3443 3428 ·
3478 3397 3717 3470 κατωρρ-

2122 3485 2285 3557 ρώδει
2312 3487 2421 3560 γὰρ
2456 3488 2869 3560 κεχραμμένοις
2897 3486 3147 3558 πατῆσαι
3188 3488 3319 3543 ποσί⁵
3348 3489 3411 3543 τδ
3448 3490 3544 3543 τοῦ
3577 3487 3713 3543 ναοῦ

2120 3577 2427 3647 ἁγιώτατον
2454 3578 2703 3647 δάπεδον,
2731 3579 2883 3645 ἄξιον
2908 3581 3008 3634 οὐκ
3036 3580 3254 3652 ἔκρινεν
3278 3581 3474 3637 ἑαυτόν
3497 3596 3513 3613 ο
3545 3580 3717 3654 ηὐλα-

2120 3670 2267 3723 6εῖτο
2296 3670 2353 3723 δὲ
2387 3671 2482 3725 καί
2522 3671 2661 3743 πρὸς
2690 3671 2781 3726 τδν
2811 3671 3046 3742 οὐρανὸν
3104 3672 3349 3738 ἀπιδεῖν,
3401 3672 3479 3737 ὡς
3511 3672 3605 3725 τὸν
3654 3673 3716 3727 ὲν

2119 3764 2369 3835 οὐρανοῖς
2412 3764 2843 3835 παραπικράνας
2905 3764 3079 3818 Θεόν·
3141 3764 3333 3836 ἐπειδὴ
3360 3763 3714 3835 ἐμεμαθήκει

2119 3857 2185 3909 ὲκ
2218 3856 2312 3909 τοῦ
2337 3855 2482 3920 Ἰὼϐ,
2534 3857 2618 3910 ὅτι
2657 3856 2863 3927 Κύριος
2905 3857 3333 3927 συγκεκυφότας
3387 3856 3714 3928 ὀφθαλμοὺς

2121 3948 2287 4001 σώσει
2311 3965 2324 3978 ·
2357 3947 2447 4002 διὰ
2467 3947 2627 4001 τοῦτο
2666 3948 2805 4017 πρὸς
2828 3947 2937 4017 γῆν
2977 3947 3253 4012 νενευκὼς
3274 3942 3366 4018 ἦν,
3400 3947 3475 4010 ώς
3506 3948 3714 4018 ἐμφαί-

2120 4038 2307 4092 νεσθαι
2365 4037 2427 4092 τὸ
2482 4038 2741 4092 ταπεινὸν
2779 4038 2969 4104 αὑτοῦ,
3004 4040 3100 4091 καὶ
3141 4040 3208 4092 ἐκ
3260 4035 3355 4091 τοῦ
3405 4037 3714 4108 σχήματος,

2123 4133 2219 4187 καὶ
2253 4130 2349 4185 τοῦ
2373 4131 2566 4199 τόπου,
2599 4133 2697 4186 καί¹
2725 4133 2825 4203 τῆς
2855 4135 3149 4205 αἰτήσεως.
3227 4132 3521 4205 ’Υποδηλοῖ
3571 4133 3629 4187 δέ
3659 4151 3715 4188 τι

2122 4226 2219 4279 καλ⁸
2250 4224 2380 4280 ἄλλο
2402 4226 2464 4280 τὸ
2499 4244 2518 4277 ι
2560 4226 2834 4298 μακρόθεν
2858 4226 3065 4291 ἑστώς·
3112 4246 3133 4279 ›
3183 4224 3375 4297 πόρρω
3414 4227 3525 4299 γὰρ
3580 4227 3713 4300 ἔστη

2121 4317 2223 4387 τῆς
2249 4317 2582 4382 ὲπιὸλαϐοὖς
2612 4318 2707 4373 τοῦ
2730 4320 3031 4390 Φαρισαίου
3064 4321 3318 4390 οἰήσεως,
3341 4320 3438 4394 τὴν
3460 4322 3716 4376 ἐναντίαν

434 4411 530 4467 ille
561 4412 703 4467 enim
734 4425 793 4466 se
826 4411 999 4481 ipsum
1025 4412 1197 4465 instar
1230 4409 1392 4466 bullae
1421 4408 1604 4465 verbis
1636 4405 1892 4474 inﬂabat;
1929 4407 2016 4462 hic

2125 4411 2339 4466 ἐκείνου
2396 4411 2622 4481 βαδίσας
2670 4389 2823 4467 ὁδόν,
2852 4412 2914 4466 '0
2953 4413 3053 4483 μὲν
3107 4389 3351 4483 ὲξώγκου
3382 4389 3577 4468 ἑαυτὸν
3603 4418 3718 4479 τοῖς

436 4515 619 4560 autem
652 4518 943 4574 percussus
989 4519 1019 4557 a
1066 4504 1398 4560 conscientia
1432 4516 1492 4558 se
1519 4500 1932 4571 comprimebat,
1965 4510 2022 4557 et

364 4612 369 4623 ί
434 4598 504 4651 ob
564 4608 849 4667 peccatum
906 4597 1212 4664 contritus,
1272 4597 1499 4667 speique
1558 4595 1752 4650 baculo
1806 4595 2023 4650 innixus

2126 4503 2309 4573 λόγοις
2339 4502 2497 4575 δίκην
2519 4504 2895 4575 πομφόλυγος,
2919 4504 2948 4557 ὁ
2980 4504 3039 4559 δὲ
3075 4494 3461 4559 συνεστέλλετο
3491 4506 3598 4560 ὑπὸ
3617 4505 3715 4559 τοῦ

2134 4595 2439 4659 συνειδότος
2478 4595 2886 4667 πληττόμενοςυ
2935 4597 3031 4651 καὶ
3086 4598 3396 4667 συντριϐεὶς
3452 4596 3559 4651 ὑπὸ
3614 4595 3720 4665 τῆς

502 4733 784 4791 “.Maltlt.
825 4749 926 4803 xu,
966 4731 1058 4788 eo.
1132 4733 1176 4767 ιι
1218 4730 1320 4789 Job
1361 4733 1511 4801 n.4,
1552 4731 1703 4803 juxta
1742 4730 1908 4789 Lxx.
1986 4734 2035 4767 ιι
2074 4733 2173 4790 Job
2211 4749 2345 4800 χιιι,
2386 4734 2478 4792 29.
2532 4694 2541 4709 ί

1685 4843 2018 4908 Francisci
2044 4846 2261 4910 Scorsi
2296 4853 2488 4910 noue.

513 4945 627 5015 (79)
668 4944 734 5000 In
761 4946 1117 5015 disputatione
1151 4959 1270 4999 cum
1320 4943 1559 5015 regibus.
1591 4940 1694 4996 Hic
1724 4941 1876 5015 locus
1906 4942 2024 5012 ple-

435 5017 561 5071 nior
602 5012 781 5071 verbis
805 5012 889 5071 est
920 5017 971 5071 in
1000 5018 1123 5072 cod.
1165 5016 1335 5079 Gali"
1380 5012 1509 5082 quae
1550 5012 1601 5066 in
1631 5028 1749 5082 mea
1782 5012 2023 5068 editione

439 5088 679 5151 restitui,
715 5102 1024 5157 quanquam
1059 5088 1125 5141 iis
1148 5081 1586 5157 detractis‘nihil
1619 5081 1760 5157 oiﬁci
1808 5083 2024 5157 videtur

447 5151 753 5219 sententiae,
774 5151 933 5225 prout
954 5173 1070 5211 eam
1093 5156 1314 5210 exhibet
1332 5152 1396 5209 (Ξ.
1412 5152 1474 5225 ΡΛ.
1497 5155 1599 5225 hoc
1625 5153 1781 5206 modo
1802 5169 1831 5225 :_
1852 5151 2025 5225 Ὀρώ-

489 5244 548 5279 εν
593 5228 650 5280 δὲ
695 5221 791 5281 καῖ
834 5228 1107 5281 πολύτλαν
1141 5227 1352 5279 ἐκεῖνον
1401 5223 1523 5278 ’1ὼὸ
1564 5224 1705 5292 ὲντῇ
1739 5221 1874 5291 πρὸς
1898 5221 2027 5287 τοὺς

489 5244 548 5279 εν
593 5244 650 5280 οε
695 5244 790 5281 και
834 5244 1107 5281 πολυτλαν
1141 5244 1352 5279 εκεινον
1406 5244 1522 5278 ιωο
1564 5244 1622 5274 εν
1640 5244 1705 5292 τῃ
1739 5244 1874 5291 προς
1898 5244 2026 5287 τους

441 5244 686 5369 βασιλεῖς
717 5298 971 5363 διαλέξει,
1004 5299 1087 5350 ὃτι
1117 5295 1289 5369 πολλὰ
1316 5295 1735 5369 καυχησάμ-ενος
1764 5294 1824 5369 ού
1858 5310 2026 5369 καταρ-

438 5361 708 5439 κρίνεται,
739 5361 899 5431 ουτος
916 5361 973 5422 δὲ
1002 5361 1660 5439 ὐπευθύνεταιςἙπειδῂ
1688 5367 1716 5417 ὁ
1750 5361 2025 5439 μεν-ἄλγιος

451 5431 595 5500 Ἰὼϐ,
620 5431 728 5494 etc.
765 5439 1033 5494 Caeterum
1068 5452 1220 5507 reges
1261 5437 1493 5506 appellat
1539 5431 1759 5507 arui—cos
1791 5431 1930 5507 Jobi
1952 5448 2019 5488 ex

438 5510 675 5564 editione
716 5508 861 5563 LXX
894 5504 1274 5579 interpretum,
1298 5504 1399 5576 qui
1431 5504 1661 5579 singulis
1681 5504 2020 5579 _nom_iuibus

444 5592 647 5634 eorum
671 5581 881 5635 titulum
914 5578 975 5631 τὸ
1011 5571 1267 5650 βασιλεύς
1310 5571 1552 5650 apponit.
1587 5573 1654 5650 Et
1677 5571 1878 5628 Pineda
1917 5588 2017 5627 uo-

444 5657 554 5701 ster
584 5666 708 5704 eum
741 5652 913 5705 locum
941 5645 1310 5716 interpretans
1340 5645 1495 5715 reges
1526 5645 1694 5700 fuisse
1734 5659 1833 5714 pro
1864 5654 2018 5716 certo

447 5721 598 5781 toiiit
635 5724 686 5773 in
720 5719 814 5775 lib.
849 5716 1031 5775 Tobiae
1055 5714 1177 5790 cap.
1202 5734 1251 5790 _n
1284 5736 1297 5772 :
1338 5714 1546 5790 Diserte
1566 5731 1709 5786 reges
1741 5714 2017 5790 appelloa-

447 5794 583 5859 ἔαξε
619 5790 758 5842 Nam
800 5790 935 5843 sicut
984 5785 1139 5845 beato
1182 5787 1319 5842 laba
1373 5785 1704 5841 incutiebant
1759 5785 2013 5854 reges,ita

445 5855 534 5905 tan"
562 5870 802 5928 parentes
826 5868 874 5911 ει
907 5865 1113 5927 cognati
1142 5861 1257 5928 ejus
1283 5858 1598 5928 irridebont.

525 5932 634 5995 (δυ)
682 5922 746 5979 δι
780 5944 932 5981 sacra
963 5922 1189 5999 Ειυιιιιὶῑι
1223 5933 1428 5983 docent.
1476 5927 1590 5984 Hoc
1639 5923 2029 5980 testimonium'

2130 4959 2198 4998 ex
2232 4960 2354 5015 cap.
2374 4959 2507 5015 xiv,
2547 4958 2601 5015 ν.
2627 4943 2684 5008 4,
2717 4943 2837 4999 libri
2888 4940 2989 5015 Job
3020 4943 3360 5015 desumptum
3400 4941 3555 5010 juxta
3590 4956 3714 4995 ver-

2132 5012 2341 5069 sionem
2370 5012 2515 5068 LXX
2551 5014 2776 5082 interpr.
2813 5014 2904 5081 qui
2943 5014 3268 5067 versiculum
3306 5022 3559 5081 quartum
3587 5027 3716 5065 cum

2132 5084 2289 5139 initio
2320 5085 2576 5140 versiculi
2602 5084 2798 5153 quinti,
2824 5084 2910 5138 ubi
2939 5084 3006 5139 de
3031 5085 3294 5138 brevitate
3322 5083 3446 5138 vitae
3479 5083 3718 5137 hominis

2138 5159 2339 5222 agitur,
2386 5155 2781 5225 conjungentes
2835 5155 3099 5218 integrann
3136 5154 3446 5220 huiusmodi
3486 5163 3716 5206 senten-

2134 5226 2260 5278 tiam
2297 5223 2649 5280 confecerunt
2679 5241 2694 5280 :
2728 5225 2859 5288 Quis
2900 5225 3038 5277 enim
3078 5226 3305 5278 mundus
3330 5225 3428 5276 erit
3459 5239 3490 5275 a
3516 5226 3719 5279 sorde?

2132 5295 2199 5348 Αι
2253 5305 2424 5365 nemo,
2470 5296 2569 5349 cui
2618 5296 2777 5349 unius
2827 5294 2931 5348 diei
2973 5296 3042 5347 sit
3082 5295 3188 5349 vita
3249 5295 3361 5365 ejus
3399 5304 3718 5365 superAterf

2129 5380 2246 5417 ram
2276 5380 2296 5418 :
2362 5360 2459 5428 Τίς
2500 5366 2622 5435 γὰρ
2676 5365 2918 5434 καθαρὸς
2966 5365 3116 5435 ἔσται
3150 5360 3516 5435 amemus;
3570 5362 3716 5435 Ἀλλ’

2126 5435 2301 5505 οὐδεὶς
2338 5435 2434 5487 ἐὰν
2475 5434 2716 5505 καὶίμία
2765 5435 2950 5505 ἡμέρα
2992 5436 3020 5487 ὁ
3072 5434 3188 5505 βίος
3238 5434 3407 5488 αὑτοῦ
3438 5435 3533 5488 ἐπὶ
3572 5434 3711 5502 γῆν.

2127 5504 2278 5560 Hane
2312 5504 2631 5561 sententiam
2676 5504 3077 5575 Patres’multi'
3114 5516 3436 5575 receperunt
3465 5514 3520 5558 et
3548 5519 3714 5558 usur-

2163 5586 2255 5631 aut
2290 5593 2304 5631 :
2340 5575 2592 5631 Clemens
2616 5577 2770 5629 Alex.
2814 5576 2908 5629 lib.
2931 5592 2969 5630 tt
3004 5574 3203 5631 Slrom.
3232 5574 3284 5631 et
3325 5577 3414 5631 lib.
3447 5590 3538 5642 tv;
3573 5577 3712 5628 Am-

2163 5646 2363 5711 rosius,
2419 5648 2474 5700 in
2526 5645 2769 5709 Lucam;
2820 5648 3259 5713 Augustiuus,iu
3313 5646 3466 5701 Psal.
3512 5644 3709 5712 t;Leo

2125 5716 2363 5796 pontifex
2384 5755 2400 5781 ,
2441 5731 2609 5771 scrin.
2648 5716 2720 5769 De
2749 5713 3006 5796 Na_tirit.;
3048 5717 3380 5796 Beruardus,
3409 5731 3575 5772 serm.
3608 5714 3706 5780 20,

2122 5786 2176 5840 in
2216 5787 2397 5855 σηπίη
2430 5803 2565 5858 quos
2600 5802 2789 5841 omnes
2831 5789 2951 5857 lege
2982 5788 3125 5857 apud
3161 5786 3422 5845 Pinedam
3454 5797 3707 5843 nostrum

2122 5857 2176 5913 in
2208 5857 2775 5916 eruditisComment.
2808 5872 2929 5927 cap.
2966 5859 3129 5915 dicto.
