  <div class='ocr_page' id='page_1' title='image "/cluster/home/n/w/nwhite01/storage/ocr_20150623/132/coo.31924054870377/192.png"; bbox 0 0 4024 6458; ppageno 0'>
   <div class='ocr_carea' id='block_1_1' title="bbox 339 329 451 391">
    <p class='ocr_par' dir='ltr' id='par_1_1' title="bbox 339 329 451 391">
     <span class='ocr_line' id='line_1_1' title="bbox 339 329 451 391; baseline 0 -1"><span class='ocrx_word' id='word_1_1' title='bbox 339 329 451 391; x_wconf 81' lang='lat'><strong>369</strong></span> 
     </span>
    </p>
   </div>
   <div class='ocr_carea' id='block_1_2' title="bbox 1729 332 2254 398">
    <p class='ocr_par' dir='ltr' id='par_1_2' title="bbox 1729 332 2254 398">
     <span class='ocr_line' id='line_1_2' title="bbox 1729 332 2254 398; baseline 0.011 -6"><span class='ocrx_word' id='word_1_2' title='bbox 1729 333 1890 393; x_wconf 77' lang='grc' dir='ltr'><strong>ΗΟΜ</strong></span> <span class='ocrx_word' id='word_1_3' title='bbox 1907 332 2058 392; x_wconf 80' lang='lat' dir='ltr'><strong>lLIA</strong></span> <span class='ocrx_word' id='word_1_4' title='bbox 2100 335 2254 398; x_wconf 84' lang='lat' dir='ltr'><strong>XVI.</strong></span> 
     </span>
    </p>
   </div>
   <div class='ocr_carea' id='block_1_3' title="bbox 3516 343 3622 407">
    <p class='ocr_par' dir='ltr' id='par_1_3' title="bbox 3516 343 3622 407">
     <span class='ocr_line' id='line_1_3' title="bbox 3516 343 3622 407; baseline -0.066 0"><span class='ocrx_word' id='word_1_5' title='bbox 3516 343 3622 407; x_wconf 74' lang='lat'><strong>370</strong></span> 
     </span>
    </p>
   </div>
   <div class='ocr_carea' id='block_1_4' title="bbox 339 437 1925 529">
    <p class='ocr_par' dir='ltr' id='par_1_4' title="bbox 339 437 1925 519">
     <span class='ocr_line' id='line_1_4' title="bbox 339 437 1925 519; baseline -0.001 -19"><span class='ocrx_word' id='word_1_6' title='bbox 339 444 624 518; x_wconf 86' lang='grc' dir='ltr'>ἁμαρτίας</span> <span class='ocrx_word' id='word_1_7' title='bbox 644 447 710 518; x_wconf 81' lang='grc' dir='ltr'>τῇ</span> <span class='ocrx_word' id='word_1_8' title='bbox 737 445 920 518; x_wconf 76' lang='grc' dir='ltr'>ῥάϐδῳ</span> <span class='ocrx_word' id='word_1_9' title='bbox 942 446 1044 517; x_wconf 74' lang='grc' dir='ltr'>τῆς</span> <span class='ocrx_word' id='word_1_10' title='bbox 1059 445 1276 509; x_wconf 78' lang='grc' dir='ltr'><strong>ἐλπίδος</strong></span> <span class='ocrx_word' id='word_1_11' title='bbox 1299 437 1718 519; x_wconf 77' lang='grc' dir='ltr'>ἐπερειδόμενος</span> <span class='ocrx_word' id='word_1_12' title='bbox 1753 465 1925 516; x_wconf 82' lang='grc' dir='ltr'>προσ-</span> 
     </span>
    </p>
   </div>
   <div class='ocr_carea' id='block_1_5' title="bbox 2036 437 3622 529">
    <p class='ocr_par' dir='ltr' id='par_1_5' title="bbox 2037 448 3622 529">
     <span class='ocr_line' id='line_1_5' title="bbox 2037 448 3622 529; baseline 0.008 -30"><span class='ocrx_word' id='word_1_13' title='bbox 2037 448 2292 506; x_wconf 83' lang='lat' dir='ltr'><strong>laudabili</strong></span> <span class='ocrx_word' id='word_1_14' title='bbox 2324 467 2445 506; x_wconf 89' lang='lat' dir='ltr'><strong>cum</strong></span> <span class='ocrx_word' id='word_1_15' title='bbox 2474 455 2723 519; x_wconf 75' lang='lat' dir='ltr'><strong>audacia,</strong></span> <span class='ocrx_word' id='word_1_16' title='bbox 2759 466 2812 509; x_wconf 89' lang='lat' dir='ltr'><strong>ut</strong></span> <span class='ocrx_word' id='word_1_17' title='bbox 2839 457 3053 526; x_wconf 77' lang='lat' dir='ltr'><strong>quidam</strong></span> <span class='ocrx_word' id='word_1_18' title='bbox 3080 475 3142 514; x_wconf 78' lang='lat' dir='ltr'><strong>ex</strong></span> <span class='ocrx_word' id='word_1_19' title='bbox 3170 459 3420 515; x_wconf 86' lang='lat' dir='ltr'><strong>Patribus</strong></span> <span class='ocrx_word' id='word_1_20' title='bbox 3445 459 3622 529; x_wconf 79' lang='lat' dir='ltr'><strong>loqui-</strong></span> 
     </span>
    </p>
   </div>
   <div class='ocr_carea' id='block_1_6' title="bbox 335 537 1929 610">
    <p class='ocr_par' dir='ltr' id='par_1_6' title="bbox 335 537 1929 610">
     <span class='ocr_line' id='line_1_6' title="bbox 335 537 1929 610; baseline 0.001 -19"><span class='ocrx_word' id='word_1_21' title='bbox 335 537 536 609; x_wconf 72' lang='grc' dir='ltr'>εὔχετο</span> <span class='ocrx_word' id='word_1_22' title='bbox 572 538 693 608; x_wconf 86' lang='grc' dir='ltr'>μετ’</span> <span class='ocrx_word' id='word_1_23' title='bbox 735 538 1144 608; x_wconf 77' lang='grc' dir='ltr'><strong>ἐπαινουμένης</strong></span> <span class='ocrx_word' id='word_1_24' title='bbox 1198 539 1500 603; x_wconf 78' lang='grc' dir='ltr'><strong>ἀναιδείας,</strong></span> <span class='ocrx_word' id='word_1_25' title='bbox 1566 541 1804 610; x_wconf 77' lang='grc' dir='ltr'><strong>πατρική</strong></span> <span class='ocrx_word' id='word_1_26' title='bbox 1846 557 1929 604; x_wconf 91' lang='grc' dir='ltr'><strong>τις</strong></span> 
     </span>
    </p>
   </div>
   <div class='ocr_carea' id='block_1_7' title="bbox 333 626 1924 702">
    <p class='ocr_par' dir='ltr' id='par_1_7' title="bbox 333 626 1924 702">
     <span class='ocr_line' id='line_1_7' title="bbox 333 626 1924 702; baseline 0 -18"><span class='ocrx_word' id='word_1_27' title='bbox 333 629 463 684; x_wconf 76' lang='grc' dir='ltr'>εἷπε</span> <span class='ocrx_word' id='word_1_28' title='bbox 494 632 668 700; x_wconf 77' lang='grc' dir='ltr'>φωνή.</span> <span class='ocrx_word' id='word_1_29' title='bbox 715 631 888 702; x_wconf 83' lang='grc' dir='ltr'>Ἔστη</span> <span class='ocrx_word' id='word_1_30' title='bbox 926 626 1019 685; x_wconf 81' lang='grc' dir='ltr'><strong>οὖν</strong></span> <span class='ocrx_word' id='word_1_31' title='bbox 1049 631 1238 702; x_wconf 77' lang='grc' dir='ltr'><strong>τηλόθι</strong></span> <span class='ocrx_word' id='word_1_32' title='bbox 1289 631 1630 702; x_wconf 81' lang='grc' dir='ltr'><strong>δακρυχέων,</strong></span> <span class='ocrx_word' id='word_1_33' title='bbox 1669 633 1764 684; x_wconf 78' lang='grc' dir='ltr'><strong>καὶ</strong></span> <span class='ocrx_word' id='word_1_34' title='bbox 1797 634 1924 701; x_wconf 80' lang='grc' dir='ltr'>στή-</span> 
     </span>
    </p>
   </div>
   <div class='ocr_carea' id='block_1_8' title="bbox 335 723 1923 795">
    <p class='ocr_par' dir='ltr' id='par_1_8' title="bbox 335 723 1923 795">
     <span class='ocr_line' id='line_1_8' title="bbox 335 723 1923 795; baseline 0.001 -17"><span class='ocrx_word' id='word_1_35' title='bbox 335 724 440 778; x_wconf 84' lang='grc' dir='ltr'><strong>θεα</strong></span> <span class='ocrx_word' id='word_1_36' title='bbox 477 725 635 794; x_wconf 74' lang='grc' dir='ltr'>χερσὶ</span> <span class='ocrx_word' id='word_1_37' title='bbox 673 725 977 778; x_wconf 82' lang='grc' dir='ltr'>πατάσσων</span> <span class='ocrx_word' id='word_1_38' title='bbox 999 765 1014 788; x_wconf 89' lang='grc'><strong>,</strong></span> <span class='ocrx_word' id='word_1_39' title='bbox 1052 723 1186 795; x_wconf 86' lang='grc' dir='ltr'><strong>ώςή</strong></span> <span class='ocrx_word' id='word_1_40' title='bbox 1223 724 1510 795; x_wconf 74' lang='grc' dir='ltr'><strong>θεολογική</strong></span> <span class='ocrx_word' id='word_1_41' title='bbox 1567 724 1744 794; x_wconf 78' lang='grc' dir='ltr'>μοῦσά</span> <span class='ocrx_word' id='word_1_42' title='bbox 1770 741 1923 795; x_wconf 79' lang='grc' dir='ltr'>φησι.</span> 
     </span>
    </p>
   </div>
   <div class='ocr_carea' id='block_1_9' title="bbox 335 816 1926 890">
    <p class='ocr_par' dir='ltr' id='par_1_9' title="bbox 335 816 1926 890">
     <span class='ocr_line' id='line_1_9' title="bbox 335 816 1926 890; baseline 0.002 -21"><span class='ocrx_word' id='word_1_43' title='bbox 335 817 438 869; x_wconf 85' lang='grc' dir='ltr'>Διά</span> <span class='ocrx_word' id='word_1_44' title='bbox 473 816 526 869; x_wconf 90' lang='grc' dir='ltr'><strong>τί</strong></span> <span class='ocrx_word' id='word_1_45' title='bbox 553 817 608 868; x_wconf 74' lang='grc' dir='ltr'>δὲ</span> <span class='ocrx_word' id='word_1_46' title='bbox 643 817 717 886; x_wconf 77' lang='grc' dir='ltr'>μὴ</span> <span class='ocrx_word' id='word_1_47' title='bbox 757 816 857 887; x_wconf 73' lang='grc' dir='ltr'>τὴν</span> <span class='ocrx_word' id='word_1_48' title='bbox 893 817 1140 889; x_wconf 84' lang='grc' dir='ltr'>κεφαλὴν</span> <span class='ocrx_word' id='word_1_49' title='bbox 1184 817 1434 886; x_wconf 78' lang='grc' dir='ltr'>ἔτυπτεν,</span> <span class='ocrx_word' id='word_1_50' title='bbox 1466 818 1498 889; x_wconf 80' lang='grc' dir='ltr'>ἢ</span> <span class='ocrx_word' id='word_1_51' title='bbox 1538 818 1605 870; x_wconf 85' lang='grc' dir='ltr'>τὰ</span> <span class='ocrx_word' id='word_1_52' title='bbox 1628 819 1854 886; x_wconf 85' lang='grc' dir='ltr'>γόνατα,</span> <span class='ocrx_word' id='word_1_53' title='bbox 1893 819 1926 890; x_wconf 80' lang='grc' dir='ltr'><strong>ἢ</strong></span> 
     </span>
    </p>
   </div>
   <div class='ocr_carea' id='block_1_10' title="bbox 333 906 1928 981">
    <p class='ocr_par' dir='ltr' id='par_1_10' title="bbox 333 906 1928 981">
     <span class='ocr_line' id='line_1_10' title="bbox 333 906 1928 981; baseline 0.002 -20"><span class='ocrx_word' id='word_1_54' title='bbox 333 906 472 961; x_wconf 77' lang='grc' dir='ltr'>ἄλλο</span> <span class='ocrx_word' id='word_1_55' title='bbox 502 906 670 978; x_wconf 80' lang='grc' dir='ltr'><strong>μέρος</strong></span> <span class='ocrx_word' id='word_1_56' title='bbox 718 906 813 960; x_wconf 79' lang='grc' dir='ltr'>τοῦ</span> <span class='ocrx_word' id='word_1_57' title='bbox 862 906 1141 981; x_wconf 89' lang='grc' dir='ltr'>σώματος,</span> <span class='ocrx_word' id='word_1_58' title='bbox 1174 909 1312 964; x_wconf 79' lang='grc' dir='ltr'>ἀλλὰ</span> <span class='ocrx_word' id='word_1_59' title='bbox 1348 909 1411 962; x_wconf 89' lang='grc' dir='ltr'><strong>τὸ</strong></span> <span class='ocrx_word' id='word_1_60' title='bbox 1447 909 1644 980; x_wconf 87' lang='grc' dir='ltr'>στῆθος</span> <span class='ocrx_word' id='word_1_61' title='bbox 1684 911 1928 966; x_wconf 74' lang='grc' dir='ltr'>ἐπάτασ-</span> 
     </span>
    </p>
   </div>
   <div class='ocr_carea' id='block_1_11' title="bbox 337 1014 468 1064">
    <p class='ocr_par' dir='ltr' id='par_1_11' title="bbox 337 1014 468 1064">
     <span class='ocr_line' id='line_1_11' title="bbox 337 1014 468 1064; baseline 0 -13"><span class='ocrx_word' id='word_1_62' title='bbox 337 1014 468 1064; x_wconf 86' lang='grc' dir='ltr'>σεν;</span> 
     </span>
    </p>
   </div>
   <div class='ocr_carea' id='block_1_12' title="bbox 412 1090 1925 1168">
    <p class='ocr_par' dir='ltr' id='par_1_12' title="bbox 412 1090 1925 1168">
     <span class='ocr_line' id='line_1_12' title="bbox 412 1090 1925 1168; baseline 0.005 -24"><span class='ocrx_word' id='word_1_63' title='bbox 412 1111 433 1144; x_wconf 73' lang='grc' dir='ltr'><strong>ε</strong></span> <span class='ocrx_word' id='word_1_64' title='bbox 484 1092 728 1145; x_wconf 84' lang='grc' dir='ltr'>Ἐτυπτε</span> <span class='ocrx_word' id='word_1_65' title='bbox 763 1090 893 1164; x_wconf 79' lang='grc' dir='ltr'>γὰρ,</span> <span class='ocrx_word' id='word_1_66' title='bbox 920 1093 1107 1162; x_wconf 83' lang='grc' dir='ltr'>φησὶν,</span> <span class='ocrx_word' id='word_1_67' title='bbox 1137 1095 1218 1158; x_wconf 88' lang='grc' dir='ltr'><strong>είς</strong></span> <span class='ocrx_word' id='word_1_68' title='bbox 1238 1096 1298 1149; x_wconf 80' lang='grc' dir='ltr'>τὺ</span> <span class='ocrx_word' id='word_1_69' title='bbox 1321 1096 1518 1168; x_wconf 80' lang='grc' dir='ltr'>στῆθος</span> <span class='ocrx_word' id='word_1_70' title='bbox 1541 1095 1706 1151; x_wconf 84' lang='grc' dir='ltr'>αὐτοῦ</span> <span class='ocrx_word' id='word_1_71' title='bbox 1729 1096 1925 1166; x_wconf 85' lang='grc' dir='ltr'>λέγων·</span> 
     </span>
    </p>
   </div>
   <div class='ocr_carea' id='block_1_13' title="bbox 348 1180 1928 1260">
    <p class='ocr_par' dir='ltr' id='par_1_13' title="bbox 348 1180 1928 1260">
     <span class='ocr_line' id='line_1_13' title="bbox 348 1180 1928 1260; baseline 0.005 -25"><span class='ocrx_word' id='word_1_72' title='bbox 348 1180 410 1235; x_wconf 85' lang='grc' dir='ltr'><strong>Ὀ</strong></span> <span class='ocrx_word' id='word_1_73' title='bbox 451 1181 610 1247; x_wconf 79' lang='grc' dir='ltr'>Θεὸς,</span> <span class='ocrx_word' id='word_1_74' title='bbox 640 1183 889 1254; x_wconf 77' lang='grc' dir='ltr'><strong>ἱλάσθητί</strong></span> <span class='ocrx_word' id='word_1_75' title='bbox 920 1203 1011 1255; x_wconf 87' lang='grc' dir='ltr'><strong>μοι</strong></span> <span class='ocrx_word' id='word_1_76' title='bbox 1073 1185 1153 1256; x_wconf 83' lang='grc' dir='ltr'><strong>τῷ</strong></span> <span class='ocrx_word' id='word_1_77' title='bbox 1181 1188 1516 1259; x_wconf 79' lang='grc' dir='ltr'>ἁμαρτωλῷ.</span> <span class='ocrx_word' id='word_1_78' title='bbox 1564 1209 1582 1242; x_wconf 76' lang='grc' dir='ltr'><strong>ι</strong></span> <span class='ocrx_word' id='word_1_79' title='bbox 1617 1189 1839 1260; x_wconf 85' lang='grc' dir='ltr'>Ἐπειδὴ</span> <span class='ocrx_word' id='word_1_80' title='bbox 1863 1191 1928 1244; x_wconf 83' lang='grc' dir='ltr'><strong>ἐκ</strong></span> 
     </span>
    </p>
   </div>
   <div class='ocr_carea' id='block_1_14' title="bbox 333 1274 1928 1351">
    <p class='ocr_par' dir='ltr' id='par_1_14' title="bbox 333 1274 1928 1351">
     <span class='ocr_line' id='line_1_14' title="bbox 333 1274 1928 1351; baseline 0.006 -25"><span class='ocrx_word' id='word_1_81' title='bbox 333 1275 435 1338; x_wconf 73' lang='grc' dir='ltr'>τῆς</span> <span class='ocrx_word' id='word_1_82' title='bbox 464 1274 699 1345; x_wconf 75' lang='grc' dir='ltr'><strong>καρδίας</strong></span> <span class='ocrx_word' id='word_1_83' title='bbox 737 1277 786 1329; x_wconf 85' lang='grc' dir='ltr'><strong>οί</strong></span> <span class='ocrx_word' id='word_1_84' title='bbox 823 1276 1099 1348; x_wconf 70' lang='grc' dir='ltr'>λογισμοὶ,</span> <span class='ocrx_word' id='word_1_85' title='bbox 1130 1280 1178 1332; x_wconf 85' lang='grc' dir='ltr'><strong>οί</strong></span> <span class='ocrx_word' id='word_1_86' title='bbox 1221 1280 1361 1351; x_wconf 74' lang='grc' dir='ltr'>πρὸς</span> <span class='ocrx_word' id='word_1_87' title='bbox 1417 1280 1734 1346; x_wconf 76' lang='grc' dir='ltr'>πλεονεξίαν</span> <span class='ocrx_word' id='word_1_88' title='bbox 1763 1281 1928 1335; x_wconf 81' lang='grc' dir='ltr'>αὑτὸν</span> 
     </span>
    </p>
   </div>
   <div class='ocr_carea' id='block_1_15' title="bbox 334 1367 1928 1446">
    <p class='ocr_par' dir='ltr' id='par_1_15' title="bbox 334 1367 1928 1446">
     <span class='ocr_line' id='line_1_15' title="bbox 334 1367 1928 1446; baseline 0.006 -25"><span class='ocrx_word' id='word_1_89' title='bbox 334 1367 726 1438; x_wconf 79' lang='grc' dir='ltr'>διεγείροντες,</span> <span class='ocrx_word' id='word_1_90' title='bbox 753 1369 848 1422; x_wconf 77' lang='grc' dir='ltr'>καὶ</span> <span class='ocrx_word' id='word_1_91' title='bbox 859 1373 979 1433; x_wconf 87' lang='grc' dir='ltr'>ταῖς</span> <span class='ocrx_word' id='word_1_92' title='bbox 1019 1389 1077 1442; x_wconf 87' lang='grc' dir='ltr'><strong>χε</strong></span> <span class='ocrx_word' id='word_1_93' title='bbox 1087 1373 1175 1443; x_wconf 69' lang='grc' dir='ltr'><strong>ρσὶ</strong></span> <span class='ocrx_word' id='word_1_94' title='bbox 1193 1373 1326 1442; x_wconf 76' lang='grc' dir='ltr'>πρὸς</span> <span class='ocrx_word' id='word_1_95' title='bbox 1344 1373 1413 1426; x_wconf 82' lang='grc' dir='ltr'><strong>τά</strong></span> <span class='ocrx_word' id='word_1_96' title='bbox 1431 1375 1646 1444; x_wconf 84' lang='grc' dir='ltr'>πονηρὰ</span> <span class='ocrx_word' id='word_1_97' title='bbox 1661 1373 1928 1446; x_wconf 88' lang='grc' dir='ltr'>λήμματα</span> 
     </span>
    </p>
   </div>
   <div class='ocr_carea' id='block_1_16' title="bbox 333 1457 1929 1537">
    <p class='ocr_par' dir='ltr' id='par_1_16' title="bbox 333 1457 1929 1537">
     <span class='ocr_line' id='line_1_16' title="bbox 333 1457 1929 1537; baseline 0.006 -26"><span class='ocrx_word' id='word_1_98' title='bbox 333 1457 647 1530; x_wconf 84' lang='grc' dir='ltr'>χρώμενος.</span> <span class='ocrx_word' id='word_1_99' title='bbox 704 1461 769 1514; x_wconf 87' lang='grc' dir='ltr'><em>Ἦ</em></span> <span class='ocrx_word' id='word_1_100' title='bbox 821 1462 879 1516; x_wconf 85' lang='grc' dir='ltr'>δὲ</span> <span class='ocrx_word' id='word_1_101' title='bbox 929 1463 1131 1536; x_wconf 81' lang='grc' dir='ltr'>τοπικὴ</span> <span class='ocrx_word' id='word_1_102' title='bbox 1158 1464 1259 1536; x_wconf 82' lang='grc' dir='ltr'><strong>τῆς</strong></span> <span class='ocrx_word' id='word_1_103' title='bbox 1300 1465 1534 1536; x_wconf 82' lang='grc' dir='ltr'>καρδίας</span> <span class='ocrx_word' id='word_1_104' title='bbox 1571 1466 1724 1530; x_wconf 82' lang='grc' dir='ltr'>θέσις</span> <span class='ocrx_word' id='word_1_105' title='bbox 1755 1469 1814 1520; x_wconf 83' lang='grc' dir='ltr'>ὲν</span> <span class='ocrx_word' id='word_1_106' title='bbox 1849 1468 1929 1537; x_wconf 82' lang='grc' dir='ltr'>τῷ</span> 
     </span>
    </p>
   </div>
   <div class='ocr_carea' id='block_1_17' title="bbox 337 1551 1929 1631">
    <p class='ocr_par' dir='ltr' id='par_1_17' title="bbox 337 1551 1929 1631">
     <span class='ocr_line' id='line_1_17' title="bbox 337 1551 1929 1631; baseline 0.006 -27"><span class='ocrx_word' id='word_1_107' title='bbox 337 1551 530 1622; x_wconf 75' lang='grc' dir='ltr'>στήθει</span> <span class='ocrx_word' id='word_1_108' title='bbox 569 1553 744 1617; x_wconf 71' lang='grc' dir='ltr'>ἐστὶν,</span> <span class='ocrx_word' id='word_1_109' title='bbox 796 1555 1025 1620; x_wconf 88' lang='grc' dir='ltr'>είκότως</span> <span class='ocrx_word' id='word_1_110' title='bbox 1051 1556 1245 1612; x_wconf 79' lang='grc' dir='ltr'>τύπτει</span> <span class='ocrx_word' id='word_1_111' title='bbox 1289 1559 1357 1612; x_wconf 85' lang='grc' dir='ltr'>’τὸ</span> <span class='ocrx_word' id='word_1_112' title='bbox 1386 1561 1621 1631; x_wconf 78' lang='grc' dir='ltr'>πονηρὸν</span> <span class='ocrx_word' id='word_1_113' title='bbox 1654 1561 1929 1631; x_wconf 83' lang='grc' dir='ltr'>ἐργαστή-</span> 
     </span>
    </p>
   </div>
   <div class='ocr_carea' id='block_1_18' title="bbox 337 1643 1926 1723">
    <p class='ocr_par' dir='ltr' id='par_1_18' title="bbox 337 1643 1926 1723">
     <span class='ocr_line' id='line_1_18' title="bbox 337 1643 1926 1723; baseline 0.006 -30"><span class='ocrx_word' id='word_1_114' title='bbox 337 1659 457 1712; x_wconf 84' lang='grc' dir='ltr'>ριον</span> <span class='ocrx_word' id='word_1_115' title='bbox 492 1644 687 1709; x_wconf 77' lang='grc' dir='ltr'>αὑταῖς</span> <span class='ocrx_word' id='word_1_116' title='bbox 709 1647 832 1710; x_wconf 82' lang='grc' dir='ltr'>ταῖς</span> <span class='ocrx_word' id='word_1_117' title='bbox 861 1648 1075 1718; x_wconf 72' lang='grc' dir='ltr'>χερσὶν,</span> <span class='ocrx_word' id='word_1_118' title='bbox 1106 1643 1196 1713; x_wconf 77' lang='grc' dir='ltr'>αἷς</span> <span class='ocrx_word' id='word_1_119' title='bbox 1239 1649 1379 1721; x_wconf 85' lang='grc' dir='ltr'>πρὸς</span> <span class='ocrx_word' id='word_1_120' title='bbox 1403 1650 1729 1716; x_wconf 73' lang='grc' dir='ltr'>πλεονεξίαν</span> <span class='ocrx_word' id='word_1_121' title='bbox 1757 1654 1926 1723; x_wconf 67' lang='grc' dir='ltr'>ἐχρήσ-</span> 
     </span>
    </p>
   </div>
   <div class='ocr_carea' id='block_1_19' title="bbox 337 1750 497 1789">
    <p class='ocr_par' dir='ltr' id='par_1_19' title="bbox 337 1750 497 1789">
     <span class='ocr_line' id='line_1_19' title="bbox 337 1750 497 1789; baseline 0.013 -2"><span class='ocrx_word' id='word_1_122' title='bbox 337 1750 497 1789; x_wconf 81' lang='grc' dir='ltr'>σατο.</span> 
     </span>
    </p>
   </div>
   <div class='ocr_carea' id='block_1_20' title="bbox 413 1800 2004 1909">
    <p class='ocr_par' dir='ltr' id='par_1_20' title="bbox 413 1800 2004 1909">
     <span class='ocr_line' id='line_1_20' title="bbox 413 1800 2004 1909; baseline 0.009 -29"><span class='ocrx_word' id='word_1_123' title='bbox 413 1848 434 1880; x_wconf 76' lang='grc' dir='ltr'><strong>ι</strong></span> <span class='ocrx_word' id='word_1_124' title='bbox 487 1829 550 1884; x_wconf 85' lang='lat'><strong>&#39;0</strong></span> <span class='ocrx_word' id='word_1_125' title='bbox 597 1829 756 1896; x_wconf 80' lang='grc' dir='ltr'>Θεὸς,</span> <span class='ocrx_word' id='word_1_126' title='bbox 811 1831 1062 1904; x_wconf 82' lang='grc' dir='ltr'>ίλάσθητί</span> <span class='ocrx_word' id='word_1_127' title='bbox 1122 1852 1213 1906; x_wconf 86' lang='grc' dir='ltr'><strong>μοι</strong></span> <span class='ocrx_word' id='word_1_128' title='bbox 1267 1836 1347 1908; x_wconf 82' lang='grc' dir='ltr'><strong>τῷ</strong></span> <span class='ocrx_word' id='word_1_129' title='bbox 1397 1836 1731 1909; x_wconf 60' lang='grc' dir='ltr'>ἀμαρτωλίῖλ</span> <span class='ocrx_word' id='word_1_130' title='bbox 1773 1855 1794 1890; x_wconf 68' lang='grc' dir='ltr'><strong>ι</strong></span> <span class='ocrx_word' id='word_1_131' title='bbox 1847 1838 1923 1893; x_wconf 77' lang='grc' dir='ltr'><strong>Οὐ</strong></span> <span class='ocrx_word' id='word_1_132' title='bbox 1960 1800 2004 1855; x_wconf 76' lang='grc' dir='ltr'><strong><em>Β</em></strong></span> 
     </span>
    </p>
   </div>
   <div class='ocr_carea' id='block_1_21' title="bbox 332 1923 1926 2000">
    <p class='ocr_par' dir='ltr' id='par_1_21' title="bbox 332 1923 1926 2000">
     <span class='ocr_line' id='line_1_21' title="bbox 332 1923 1926 2000; baseline 0.005 -23"><span class='ocrx_word' id='word_1_133' title='bbox 332 1923 696 1994; x_wconf 71' lang='grc' dir='ltr'>δικαιωθῆναι</span> <span class='ocrx_word' id='word_1_134' title='bbox 732 1925 918 1994; x_wconf 83' lang='grc' dir='ltr'>ζητεῖ,</span> <span class='ocrx_word' id='word_1_135' title='bbox 964 1927 1081 1999; x_wconf 69' lang='grc' dir='ltr'>ᾔδει</span> <span class='ocrx_word' id='word_1_136' title='bbox 1111 1928 1222 2000; x_wconf 80' lang='grc' dir='ltr'>γὰρ</span> <span class='ocrx_word' id='word_1_137' title='bbox 1276 1929 1469 1983; x_wconf 81' lang='grc' dir='ltr'>ἑαυτὸν</span> <span class='ocrx_word' id='word_1_138' title='bbox 1501 1932 1721 1996; x_wconf 82' lang='grc' dir='ltr'>ἀνάξιον</span> <span class='ocrx_word' id='word_1_139' title='bbox 1765 1931 1926 1986; x_wconf 82' lang='grc' dir='ltr'>τοῦτο</span> 
     </span>
    </p>
   </div>
   <div class='ocr_carea' id='block_1_22' title="bbox 335 2014 1925 2095">
    <p class='ocr_par' dir='ltr' id='par_1_22' title="bbox 335 2014 1925 2095">
     <span class='ocr_line' id='line_1_22' title="bbox 335 2014 1925 2095; baseline 0.007 -28"><span class='ocrx_word' id='word_1_140' title='bbox 335 2014 551 2082; x_wconf 75' lang='grc' dir='ltr'>λαϐεῖν,</span> <span class='ocrx_word' id='word_1_141' title='bbox 608 2018 724 2070; x_wconf 87' lang='grc' dir='ltr'>ἀλλ’</span> <span class='ocrx_word' id='word_1_142' title='bbox 772 2018 933 2072; x_wconf 83' lang='grc' dir='ltr'>ἵλεων</span> <span class='ocrx_word' id='word_1_143' title='bbox 980 2020 1130 2091; x_wconf 82' lang='grc' dir='ltr'>αὐτῷ</span> <span class='ocrx_word' id='word_1_144' title='bbox 1176 2022 1437 2090; x_wconf 86' lang='grc' dir='ltr'>γενέσθαι</span> <span class='ocrx_word' id='word_1_145' title='bbox 1480 2024 1796 2095; x_wconf 86' lang='grc' dir='ltr'>παρακαλεῖ</span> <span class='ocrx_word' id='word_1_146' title='bbox 1831 2026 1925 2078; x_wconf 72' lang='grc' dir='ltr'>τὸν</span> 
     </span>
    </p>
   </div>
   <div class='ocr_carea' id='block_1_23' title="bbox 335 2107 1924 2185">
    <p class='ocr_par' dir='ltr' id='par_1_23' title="bbox 335 2107 1924 2185">
     <span class='ocr_line' id='line_1_23' title="bbox 335 2107 1924 2185; baseline 0.007 -25"><span class='ocrx_word' id='word_1_147' title='bbox 335 2107 477 2161; x_wconf 83' lang='grc' dir='ltr'>Θεόν</span> <span class='ocrx_word' id='word_1_148' title='bbox 504 2124 518 2138; x_wconf 81' lang='lat'><strong><em>°</em></strong></span> <span class='ocrx_word' id='word_1_149' title='bbox 569 2111 663 2162; x_wconf 75' lang='grc' dir='ltr'>καὶ</span> <span class='ocrx_word' id='word_1_150' title='bbox 697 2110 757 2162; x_wconf 79' lang='grc' dir='ltr'><strong>τὸ</strong></span> <span class='ocrx_word' id='word_1_151' title='bbox 787 2109 1040 2165; x_wconf 77' lang='grc' dir='ltr'>ἐντεῦθεν</span> <span class='ocrx_word' id='word_1_152' title='bbox 1071 2114 1132 2165; x_wconf 85' lang='grc' dir='ltr'><strong>τὸ</strong></span> <span class='ocrx_word' id='word_1_153' title='bbox 1165 2116 1398 2185; x_wconf 84' lang='grc' dir='ltr'>πρᾶγμα</span> <span class='ocrx_word' id='word_1_154' title='bbox 1435 2117 1802 2185; x_wconf 79' lang='grc' dir='ltr'>ἀνέστραπτο.</span> <span class='ocrx_word' id='word_1_155' title='bbox 1865 2119 1924 2171; x_wconf 84' lang='grc' dir='ltr'>Ὀ</span> 
     </span>
    </p>
   </div>
   <div class='ocr_carea' id='block_1_24' title="bbox 338 2197 1922 2280">
    <p class='ocr_par' dir='ltr' id='par_1_24' title="bbox 338 2197 1922 2280">
     <span class='ocr_line' id='line_1_24' title="bbox 338 2197 1922 2280; baseline 0.011 -34"><span class='ocrx_word' id='word_1_156' title='bbox 338 2198 441 2269; x_wconf 79' lang='grc' dir='ltr'>μὲν</span> <span class='ocrx_word' id='word_1_157' title='bbox 484 2197 597 2270; x_wconf 81' lang='grc' dir='ltr'>γὰρ</span> <span class='ocrx_word' id='word_1_158' title='bbox 635 2199 936 2270; x_wconf 79' lang='grc' dir='ltr'>Φαρισαῖος</span> <span class='ocrx_word' id='word_1_159' title='bbox 969 2197 1058 2255; x_wconf 75' lang='grc' dir='ltr'>οἷα</span> <span class='ocrx_word' id='word_1_160' title='bbox 1082 2203 1305 2276; x_wconf 85' lang='grc' dir='ltr'>’δένδρον</span> <span class='ocrx_word' id='word_1_161' title='bbox 1356 2206 1544 2276; x_wconf 84' lang='grc' dir='ltr'>κομῶν</span> <span class='ocrx_word' id='word_1_162' title='bbox 1573 2207 1652 2278; x_wconf 85' lang='grc' dir='ltr'><strong>τῷ</strong></span> <span class='ocrx_word' id='word_1_163' title='bbox 1697 2208 1922 2280; x_wconf 83' lang='grc' dir='ltr'>καρπῷ,</span> 
     </span>
    </p>
   </div>
   <div class='ocr_carea' id='block_1_25' title="bbox 332 2288 1925 2370">
    <p class='ocr_par' dir='ltr' id='par_1_25' title="bbox 332 2288 1925 2370">
     <span class='ocr_line' id='line_1_25' title="bbox 332 2288 1925 2370; baseline 0.005 -28"><span class='ocrx_word' id='word_1_164' title='bbox 332 2288 438 2358; x_wconf 81' lang='grc' dir='ltr'>τῆς</span> <span class='ocrx_word' id='word_1_165' title='bbox 467 2289 580 2342; x_wconf 86' lang='grc' dir='ltr'><strong>τῶν</strong></span> <span class='ocrx_word' id='word_1_166' title='bbox 599 2291 832 2344; x_wconf 67' lang='grc' dir='ltr'>ἐντολῶν</span> <span class='ocrx_word' id='word_1_167' title='bbox 849 2293 1125 2364; x_wconf 77' lang='grc' dir='ltr'>φυλακῆς,</span> <span class='ocrx_word' id='word_1_168' title='bbox 1149 2295 1410 2367; x_wconf 74' lang='grc' dir='ltr'>ἐξαίφνης</span> <span class='ocrx_word' id='word_1_169' title='bbox 1428 2298 1502 2362; x_wconf 83' lang='grc' dir='ltr'>ὡς</span> <span class='ocrx_word' id='word_1_170' title='bbox 1527 2299 1632 2352; x_wconf 69' lang='grc' dir='ltr'><strong>ὑπὸ</strong></span> <span class='ocrx_word' id='word_1_171' title='bbox 1666 2301 1925 2370; x_wconf 74' lang='grc' dir='ltr'>ῥαγδαίου</span> 
     </span>
    </p>
   </div>
   <div class='ocr_carea' id='block_1_26' title="bbox 333 2381 1924 2462">
    <p class='ocr_par' dir='ltr' id='par_1_26' title="bbox 333 2381 1924 2462">
     <span class='ocr_line' id='line_1_26' title="bbox 333 2381 1924 2462; baseline 0.005 -27"><span class='ocrx_word' id='word_1_172' title='bbox 333 2381 680 2453; x_wconf 76' lang='grc' dir='ltr'>πνεύματος,</span> <span class='ocrx_word' id='word_1_173' title='bbox 715 2382 795 2454; x_wconf 83' lang='grc' dir='ltr'>τῷ</span> <span class='ocrx_word' id='word_1_174' title='bbox 861 2384 962 2454; x_wconf 86' lang='grc' dir='ltr'>τῆς</span> <span class='ocrx_word' id='word_1_175' title='bbox 1015 2387 1325 2454; x_wconf 81' lang='grc' dir='ltr'>κενοδοξίας</span> <span class='ocrx_word' id='word_1_176' title='bbox 1358 2391 1546 2460; x_wconf 84' lang='grc' dir='ltr'>ἀνέμῳ</span> <span class='ocrx_word' id='word_1_177' title='bbox 1582 2392 1924 2462; x_wconf 78' lang='grc' dir='ltr'>ἐκτιναχοεὶς</span> 
     </span>
    </p>
   </div>
   <div class='ocr_carea' id='block_1_27' title="bbox 332 2473 1927 2551">
    <p class='ocr_par' dir='ltr' id='par_1_27' title="bbox 332 2473 1927 2551">
     <span class='ocr_line' id='line_1_27' title="bbox 332 2473 1927 2551; baseline 0.006 -24"><span class='ocrx_word' id='word_1_178' title='bbox 332 2473 532 2546; x_wconf 82' lang='grc' dir='ltr'>ὠράθη</span> <span class='ocrx_word' id='word_1_179' title='bbox 584 2477 831 2546; x_wconf 70' lang='grc' dir='ltr'>γυμνὸς,</span> <span class='ocrx_word' id='word_1_180' title='bbox 901 2477 1344 2548; x_wconf 73' lang='grc' dir='ltr'>ὡς’τερέεινθος</span> <span class='ocrx_word' id='word_1_181' title='bbox 1395 2482 1812 2551; x_wconf 76' lang='grc' dir='ltr'>ἀποϐεϐληκυῖα</span> <span class='ocrx_word' id='word_1_182' title='bbox 1857 2483 1927 2537; x_wconf 79' lang='grc' dir='ltr'>τὰ</span> 
     </span>
    </p>
   </div>
   <div class='ocr_carea' id='block_1_28' title="bbox 331 2567 1926 2646">
    <p class='ocr_par' dir='ltr' id='par_1_28' title="bbox 331 2567 1926 2646">
     <span class='ocr_line' id='line_1_28' title="bbox 331 2567 1926 2646; baseline 0.006 -26"><span class='ocrx_word' id='word_1_183' title='bbox 331 2567 537 2635; x_wconf 66' lang='grc' dir='ltr'>φύλλα,</span> <span class='ocrx_word' id='word_1_184' title='bbox 583 2568 643 2622; x_wconf 78' lang='grc' dir='ltr'><strong>τὸ</strong></span> <span class='ocrx_word' id='word_1_185' title='bbox 673 2569 770 2622; x_wconf 78' lang='grc' dir='ltr'><strong>τοῦ</strong></span> <span class='ocrx_word' id='word_1_186' title='bbox 818 2569 1047 2624; x_wconf 81' lang='grc' dir='ltr'>Ἦσατου</span> <span class='ocrx_word' id='word_1_187' title='bbox 1075 2574 1275 2627; x_wconf 88' lang='grc' dir='ltr'>είπεῖν.</span> <span class='ocrx_word' id='word_1_188' title='bbox 1313 2573 1374 2626; x_wconf 85' lang='grc' dir='ltr'>Ὀ</span> <span class='ocrx_word' id='word_1_189' title='bbox 1403 2575 1460 2627; x_wconf 85' lang='grc' dir='ltr'><strong>δὲ</strong></span> <span class='ocrx_word' id='word_1_190' title='bbox 1488 2576 1926 2646; x_wconf 84' lang='grc' dir='ltr'>πεφορτισμένος</span> 
     </span>
    </p>
   </div>
   <div class='ocr_carea' id='block_1_29' title="bbox 329 2661 1920 2741">
    <p class='ocr_par' dir='ltr' id='par_1_29' title="bbox 329 2661 1920 2741">
     <span class='ocr_line' id='line_1_29' title="bbox 329 2661 1920 2741; baseline 0.007 -29"><span class='ocrx_word' id='word_1_191' title='bbox 329 2661 436 2730; x_wconf 80' lang='grc' dir='ltr'>τῆς</span> <span class='ocrx_word' id='word_1_192' title='bbox 477 2661 852 2733; x_wconf 78' lang='grc' dir='ltr'>φιλαργυρίας</span> <span class='ocrx_word' id='word_1_193' title='bbox 899 2664 992 2717; x_wconf 81' lang='grc' dir='ltr'><strong>τὸν</strong></span> <span class='ocrx_word' id='word_1_194' title='bbox 1043 2665 1315 2736; x_wconf 75' lang='grc' dir='ltr'>μόλιϐδον,</span> <span class='ocrx_word' id='word_1_195' title='bbox 1351 2669 1433 2721; x_wconf 82' lang='grc' dir='ltr'>ἑνὶ</span> <span class='ocrx_word' id='word_1_196' title='bbox 1472 2667 1616 2738; x_wconf 86' lang='grc' dir='ltr'>λόγῳ</span> <span class='ocrx_word' id='word_1_197' title='bbox 1671 2672 1920 2741; x_wconf 86' lang='grc' dir='ltr'>νουνεχεῖ</span> 
     </span>
    </p>
   </div>
   <div class='ocr_carea' id='block_1_30' title="bbox 329 2754 1925 2829">
    <p class='ocr_par' dir='ltr' id='par_1_30' title="bbox 329 2754 1925 2829">
     <span class='ocr_line' id='line_1_30' title="bbox 329 2754 1925 2829; baseline 0.006 -23"><span class='ocrx_word' id='word_1_198' title='bbox 329 2754 432 2807; x_wconf 82' lang='grc' dir='ltr'>καὶ</span> <span class='ocrx_word' id='word_1_199' title='bbox 457 2757 701 2825; x_wconf 84' lang='grc' dir='ltr'>σχήματι</span> <span class='ocrx_word' id='word_1_200' title='bbox 729 2757 974 2828; x_wconf 82' lang='grc' dir='ltr'>ταπεινῷ</span> <span class='ocrx_word' id='word_1_201' title='bbox 1029 2760 1090 2811; x_wconf 78' lang='grc' dir='ltr'>τὸ</span> <span class='ocrx_word' id='word_1_202' title='bbox 1123 2758 1289 2829; x_wconf 86' lang='grc' dir='ltr'>βάρος</span> <span class='ocrx_word' id='word_1_203' title='bbox 1321 2761 1429 2813; x_wconf 85' lang='grc' dir='ltr'><strong>τῶν</strong></span> <span class='ocrx_word' id='word_1_204' title='bbox 1456 2763 1644 2816; x_wconf 85' lang='grc' dir='ltr'>κακῶν</span> <span class='ocrx_word' id='word_1_205' title='bbox 1669 2764 1925 2816; x_wconf 82' lang='grc' dir='ltr'>ἀποτίθε-</span> 
     </span>
    </p>
   </div>
   <div class='ocr_carea' id='block_1_31' title="bbox 331 2845 1925 2922">
    <p class='ocr_par' dir='ltr' id='par_1_31' title="bbox 331 2845 1925 2922">
     <span class='ocr_line' id='line_1_31' title="bbox 331 2845 1925 2922; baseline 0.006 -26"><span class='ocrx_word' id='word_1_206' title='bbox 331 2861 446 2897; x_wconf 85' lang='grc' dir='ltr'>ται.</span> <span class='ocrx_word' id='word_1_207' title='bbox 485 2845 724 2914; x_wconf 88' lang='grc' dir='ltr'>Ὶλιγγιῶ</span> <span class='ocrx_word' id='word_1_208' title='bbox 755 2846 1131 2917; x_wconf 81' lang='grc' dir='ltr'>λογιζόμενος,</span> <span class='ocrx_word' id='word_1_209' title='bbox 1171 2849 1288 2912; x_wconf 87' lang='grc' dir='ltr'><strong>πῶς</strong></span> <span class='ocrx_word' id='word_1_210' title='bbox 1319 2852 1346 2903; x_wconf 96' lang='lat'><strong>6</strong></span> <span class='ocrx_word' id='word_1_211' title='bbox 1375 2851 1612 2914; x_wconf 80' lang='grc' dir='ltr'>δείλαιος</span> <span class='ocrx_word' id='word_1_212' title='bbox 1632 2853 1925 2922; x_wconf 85' lang='grc' dir='ltr'>Φαρισαῖος</span> 
     </span>
    </p>
   </div>
   <div class='ocr_carea' id='block_1_32' title="bbox 335 2937 1926 3015">
    <p class='ocr_par' dir='ltr' id='par_1_32' title="bbox 335 2937 1926 3015">
     <span class='ocr_line' id='line_1_32' title="bbox 335 2937 1926 3015; baseline 0.005 -25"><span class='ocrx_word' id='word_1_213' title='bbox 335 2937 524 3008; x_wconf 67' lang='grc' dir='ltr'>φέρων</span> <span class='ocrx_word' id='word_1_214' title='bbox 551 2939 653 3008; x_wconf 74' lang='grc' dir='ltr'>τὴν</span> <span class='ocrx_word' id='word_1_215' title='bbox 685 2940 883 2994; x_wconf 80' lang='grc' dir='ltr'>ἑαυτοῦ</span> <span class='ocrx_word' id='word_1_216' title='bbox 917 2941 1097 3012; x_wconf 74' lang='grc' dir='ltr'>ψυχὴν</span> <span class='ocrx_word' id='word_1_217' title='bbox 1120 2983 1136 3008; x_wconf 88' lang='grc'><strong>,</strong></span> <span class='ocrx_word' id='word_1_218' title='bbox 1181 2943 1436 3013; x_wconf 82' lang='grc' dir='ltr'>καθάπερ</span> <span class='ocrx_word' id='word_1_219' title='bbox 1475 2944 1678 2997; x_wconf 79' lang='grc' dir='ltr'>ὁλκάδα</span> <span class='ocrx_word' id='word_1_220' title='bbox 1713 2945 1926 3015; x_wconf 83' lang='grc' dir='ltr'>μυρίων</span> 
     </span>
    </p>
   </div>
   <div class='ocr_carea' id='block_1_33' title="bbox 333 3027 1924 3108">
    <p class='ocr_par' dir='ltr' id='par_1_33' title="bbox 333 3027 1924 3108">
     <span class='ocr_line' id='line_1_33' title="bbox 333 3027 1924 3108; baseline 0.006 -28"><span class='ocrx_word' id='word_1_221' title='bbox 333 3027 661 3097; x_wconf 80' lang='grc' dir='ltr'>πλήθουσαν</span> <span class='ocrx_word' id='word_1_222' title='bbox 695 3031 1037 3100; x_wconf 79' lang='grc' dir='ltr'>ἀγωγίμων,</span> <span class='ocrx_word' id='word_1_223' title='bbox 1087 3034 1170 3095; x_wconf 88' lang='grc' dir='ltr'><strong>είς</strong></span> <span class='ocrx_word' id='word_1_224' title='bbox 1211 3033 1302 3086; x_wconf 70' lang='grc' dir='ltr'>τὸν</span> <span class='ocrx_word' id='word_1_225' title='bbox 1340 3034 1536 3104; x_wconf 80' lang='grc' dir='ltr'>λιμένα</span> <span class='ocrx_word' id='word_1_226' title='bbox 1569 3037 1739 3089; x_wconf 80' lang='grc' dir='ltr'>αὐτοῦ</span> <span class='ocrx_word' id='word_1_227' title='bbox 1775 3037 1924 3108; x_wconf 81' lang='grc' dir='ltr'>ἱεροῦ</span> 
     </span>
    </p>
   </div>
   <div class='ocr_carea' id='block_1_34' title="bbox 2035 545 3626 620">
    <p class='ocr_par' dir='ltr' id='par_1_34' title="bbox 2035 545 3626 620">
     <span class='ocr_line' id='line_1_34' title="bbox 2035 545 3626 620; baseline 0.006 -24"><span class='ocrx_word' id='word_1_228' title='bbox 2035 552 2140 608; x_wconf 91' lang='lat' dir='ltr'><strong>tur,</strong></span> <span class='ocrx_word' id='word_1_229' title='bbox 2177 545 2523 614; x_wconf 76' lang='lat' dir='ltr'><strong>precabatur.</strong></span> <span class='ocrx_word' id='word_1_230' title='bbox 2566 546 2724 603; x_wconf 91' lang='lat' dir='ltr'><strong>Stetit</strong></span> <span class='ocrx_word' id='word_1_231' title='bbox 2751 550 2915 618; x_wconf 77' lang='lat' dir='ltr'><strong>igitur</strong></span> <span class='ocrx_word' id='word_1_232' title='bbox 2943 551 3099 620; x_wconf 75' lang='lat' dir='ltr'><strong>longe</strong></span> <span class='ocrx_word' id='word_1_233' title='bbox 3123 551 3545 619; x_wconf 80' lang='lat' dir='ltr'><strong>collacrymans,</strong></span> <span class='ocrx_word' id='word_1_234' title='bbox 3569 561 3626 606; x_wconf 90' lang='lat' dir='ltr'><strong>et</strong></span> 
     </span>
    </p>
   </div>
   <div class='ocr_carea' id='block_1_35' title="bbox 2037 638 3622 717">
    <p class='ocr_par' dir='ltr' id='par_1_35' title="bbox 2037 638 3622 717">
     <span class='ocr_line' id='line_1_35' title="bbox 2037 638 3622 717; baseline 0.008 -27"><span class='ocrx_word' id='word_1_235' title='bbox 2037 638 2272 692; x_wconf 88' lang='lat' dir='ltr'><strong>tundens</strong></span> <span class='ocrx_word' id='word_1_236' title='bbox 2320 649 2538 706; x_wconf 79' lang='lat' dir='ltr'><strong>pectora</strong></span> <span class='ocrx_word' id='word_1_237' title='bbox 2592 641 2808 711; x_wconf 89' lang='lat' dir='ltr'><strong>palmis,</strong></span> <span class='ocrx_word' id='word_1_238' title='bbox 2863 653 2923 697; x_wconf 92' lang='lat' dir='ltr'><strong>ut</strong></span> <span class='ocrx_word' id='word_1_239' title='bbox 2980 644 3052 699; x_wconf 82' lang='lat' dir='ltr'><strong>ait</strong></span> <span class='ocrx_word' id='word_1_240' title='bbox 3091 645 3395 717; x_wconf 77' lang='lat' dir='ltr'><strong>theologica</strong></span> <span class='ocrx_word' id='word_1_241' title='bbox 3443 663 3622 704; x_wconf 86' lang='lat' dir='ltr'><strong>musa.</strong></span> 
     </span>
    </p>
   </div>
   <div class='ocr_carea' id='block_1_36' title="bbox 2032 724 3623 809">
    <p class='ocr_par' dir='ltr' id='par_1_36' title="bbox 2032 724 3623 809">
     <span class='ocr_line' id='line_1_36' title="bbox 2032 724 3623 809; baseline 0.009 -30"><span class='ocrx_word' id='word_1_242' title='bbox 2032 724 2213 791; x_wconf 85' lang='lat' dir='ltr'><strong>Quare</strong></span> <span class='ocrx_word' id='word_1_243' title='bbox 2271 736 2450 782; x_wconf 88' lang='lat' dir='ltr'><strong>autem</strong></span> <span class='ocrx_word' id='word_1_244' title='bbox 2504 745 2677 799; x_wconf 87' lang='lat' dir='ltr'><strong>neque</strong></span> <span class='ocrx_word' id='word_1_245' title='bbox 2723 743 2906 801; x_wconf 89' lang='lat' dir='ltr'><strong>caput,</strong></span> <span class='ocrx_word' id='word_1_246' title='bbox 2958 750 3132 804; x_wconf 91' lang='lat' dir='ltr'><strong>neque</strong></span> <span class='ocrx_word' id='word_1_247' title='bbox 3185 751 3396 806; x_wconf 76' lang='lat' dir='ltr'><strong>genua,</strong></span> <span class='ocrx_word' id='word_1_248' title='bbox 3453 755 3623 809; x_wconf 82' lang='lat' dir='ltr'><strong>neque</strong></span> 
     </span>
    </p>
   </div>
   <div class='ocr_carea' id='block_1_37' title="bbox 2032 819 3407 898">
    <p class='ocr_par' dir='ltr' id='par_1_37' title="bbox 2032 819 3407 898">
     <span class='ocr_line' id='line_1_37' title="bbox 2032 819 3407 898; baseline 0.007 -24"><span class='ocrx_word' id='word_1_249' title='bbox 2032 819 2195 874; x_wconf 87' lang='lat' dir='ltr'><strong>aliam</strong></span> <span class='ocrx_word' id='word_1_250' title='bbox 2229 821 2474 889; x_wconf 88' lang='lat' dir='ltr'><strong>corporis</strong></span> <span class='ocrx_word' id='word_1_251' title='bbox 2504 827 2843 893; x_wconf 75' lang='lat' dir='ltr'><strong>partem,setl</strong></span> <span class='ocrx_word' id='word_1_252' title='bbox 2885 836 3074 895; x_wconf 88' lang='lat' dir='ltr'><strong>pectus</strong></span> <span class='ocrx_word' id='word_1_253' title='bbox 3104 831 3350 898; x_wconf 66' lang='grc' dir='ltr'>ῃιιῐςηιιτιι</span> <span class='ocrx_word' id='word_1_254' title='bbox 3386 834 3407 882; x_wconf 87' lang='lat'>?</span> 
     </span>
    </p>
   </div>
   <div class='ocr_carea' id='block_1_38' title="bbox 2110 1089 3688 1165">
    <p class='ocr_par' dir='ltr' id='par_1_38' title="bbox 2110 1089 3688 1165">
     <span class='ocr_line' id='line_1_38' title="bbox 2110 1089 3688 1165; baseline 0.008 -23"><span class='ocrx_word' id='word_1_255' title='bbox 2110 1108 2130 1142; x_wconf 82' lang='grc'><strong><em>‹</em></strong></span> <span class='ocrx_word' id='word_1_256' title='bbox 2164 1089 2531 1158; x_wconf 87' lang='lat' dir='ltr'><strong>Percutiebat,</strong></span> <span class='ocrx_word' id='word_1_257' title='bbox 2562 1103 2762 1162; x_wconf 76' lang='lat' dir='ltr'><strong>inquit,</strong></span> <span class='ocrx_word' id='word_1_258' title='bbox 2785 1106 2976 1165; x_wconf 90' lang='lat' dir='ltr'><strong>pectus</strong></span> <span class='ocrx_word' id='word_1_259' title='bbox 3005 1110 3159 1151; x_wconf 85' lang='lat' dir='ltr'><strong>suum</strong></span> <span class='ocrx_word' id='word_1_260' title='bbox 3197 1094 3424 1154; x_wconf 75' lang='lat' dir='ltr'><strong>dicens:</strong></span> <span class='ocrx_word' id='word_1_261' title='bbox 3459 1098 3622 1161; x_wconf 86' lang='lat' dir='ltr'><strong>Deus,</strong></span> <span class='ocrx_word' id='word_1_262' title='bbox 3679 1135 3688 1154; x_wconf 70' lang='grc' dir='ltr'><strong>ι</strong></span> 
     </span>
    </p>
   </div>
   <div class='ocr_carea' id='block_1_39' title="bbox 2031 1185 3624 1257">
    <p class='ocr_par' dir='ltr' id='par_1_39' title="bbox 2031 1185 3624 1257">
     <span class='ocr_line' id='line_1_39' title="bbox 2031 1185 3624 1257; baseline 0.006 -20"><span class='ocrx_word' id='word_1_263' title='bbox 2031 1185 2303 1254; x_wconf 84' lang='lat' dir='ltr'><strong>pmpitius</strong></span> <span class='ocrx_word' id='word_1_264' title='bbox 2334 1195 2451 1242; x_wconf 91' lang='lat' dir='ltr'><strong>esto</strong></span> <span class='ocrx_word' id='word_1_265' title='bbox 2491 1188 2625 1242; x_wconf 91' lang='lat' dir='ltr'><strong>mihi</strong></span> <span class='ocrx_word' id='word_1_266' title='bbox 2655 1189 2956 1257; x_wconf 88' lang='lat' dir='ltr'><strong>peccatori.</strong></span> <span class='ocrx_word' id='word_1_267' title='bbox 3004 1208 3022 1240; x_wconf 81' lang='grc' dir='ltr'><strong>ι</strong></span> <span class='ocrx_word' id='word_1_268' title='bbox 3057 1188 3320 1245; x_wconf 85' lang='lat' dir='ltr'><strong>Nimirum</strong></span> <span class='ocrx_word' id='word_1_269' title='bbox 3352 1209 3418 1246; x_wconf 80' lang='lat' dir='ltr'><strong>ex</strong></span> <span class='ocrx_word' id='word_1_270' title='bbox 3453 1193 3624 1246; x_wconf 90' lang='lat' dir='ltr'><strong>corde</strong></span> 
     </span>
    </p>
   </div>
   <div class='ocr_carea' id='block_1_40' title="bbox 2034 1278 3627 1353">
    <p class='ocr_par' dir='ltr' id='par_1_40' title="bbox 2034 1278 3627 1353">
     <span class='ocr_line' id='line_1_40' title="bbox 2034 1278 3627 1353; baseline 0.003 -21"><span class='ocrx_word' id='word_1_271' title='bbox 2034 1278 2396 1348; x_wconf 79' lang='lat' dir='ltr'><strong>cogitationes</strong></span> <span class='ocrx_word' id='word_1_272' title='bbox 2425 1280 2491 1333; x_wconf 84' lang='lat' dir='ltr'><strong>ad</strong></span> <span class='ocrx_word' id='word_1_273' title='bbox 2544 1280 2826 1334; x_wconf 78' lang='lat' dir='ltr'><strong>avaritiam</strong></span> <span class='ocrx_word' id='word_1_274' title='bbox 2875 1282 3052 1350; x_wconf 89' lang='lat' dir='ltr'><strong>ipsum</strong></span> <span class='ocrx_word' id='word_1_275' title='bbox 3094 1283 3394 1337; x_wconf 79' lang='lat' dir='ltr'><strong>excitantes</strong></span> <span class='ocrx_word' id='word_1_276' title='bbox 3431 1298 3627 1353; x_wconf 74' lang='lat' dir='ltr'><strong>Cl‘llpe-y</strong></span> 
     </span>
    </p>
   </div>
   <div class='ocr_carea' id='block_1_41' title="bbox 2031 1373 3629 1445">
    <p class='ocr_par' dir='ltr' id='par_1_41' title="bbox 2031 1373 3629 1445">
     <span class='ocr_line' id='line_1_41' title="bbox 2031 1373 3629 1445; baseline 0.001 -20"><span class='ocrx_word' id='word_1_277' title='bbox 2031 1380 2187 1437; x_wconf 89' lang='lat' dir='ltr'><strong>rant;</strong></span> <span class='ocrx_word' id='word_1_278' title='bbox 2215 1380 2270 1426; x_wconf 86' lang='lat' dir='ltr'><strong>et</strong></span> <span class='ocrx_word' id='word_1_279' title='bbox 2302 1373 2552 1428; x_wconf 85' lang='lat' dir='ltr'><strong>manibus</strong></span> <span class='ocrx_word' id='word_1_280' title='bbox 2575 1373 2688 1444; x_wconf 80' lang='lat'><strong>99</strong></span> <span class='ocrx_word' id='word_1_281' title='bbox 2715 1374 2779 1426; x_wconf 86' lang='lat' dir='ltr'><strong>ad</strong></span> <span class='ocrx_word' id='word_1_282' title='bbox 2816 1375 3046 1428; x_wconf 89' lang='lat' dir='ltr'><strong>alienam</strong></span> <span class='ocrx_word' id='word_1_283' title='bbox 3093 1389 3208 1429; x_wconf 91' lang='lat' dir='ltr'><strong>rem</strong></span> <span class='ocrx_word' id='word_1_284' title='bbox 3253 1375 3447 1445; x_wconf 84' lang='lat' dir='ltr'><strong>injuste</strong></span> <span class='ocrx_word' id='word_1_285' title='bbox 3479 1375 3629 1429; x_wconf 86' lang='lat' dir='ltr'><strong>acci-</strong></span> 
     </span>
    </p>
   </div>
   <div class='ocr_carea' id='block_1_42' title="bbox 2030 1463 3626 1535">
    <p class='ocr_par' dir='ltr' id='par_1_42' title="bbox 2030 1463 3626 1535">
     <span class='ocr_line' id='line_1_42' title="bbox 2030 1463 3626 1535; baseline 0.003 -22"><span class='ocrx_word' id='word_1_286' title='bbox 2030 1463 2282 1531; x_wconf 85' lang='lat' dir='ltr'><strong>piendam</strong></span> <span class='ocrx_word' id='word_1_287' title='bbox 2335 1463 2538 1518; x_wconf 82' lang='lat' dir='ltr'><strong>abusus</strong></span> <span class='ocrx_word' id='word_1_288' title='bbox 2585 1463 2784 1519; x_wconf 82' lang='lat' dir='ltr'><strong>fuerat.</strong></span> <span class='ocrx_word' id='word_1_289' title='bbox 2828 1464 3005 1520; x_wconf 70' lang='lat' dir='ltr'><strong>Locus</strong></span> <span class='ocrx_word' id='word_1_290' title='bbox 3035 1466 3203 1532; x_wconf 90' lang='lat' dir='ltr'><strong>enim,</strong></span> <span class='ocrx_word' id='word_1_291' title='bbox 3237 1466 3288 1520; x_wconf 93' lang='lat' dir='ltr'><strong>in</strong></span> <span class='ocrx_word' id='word_1_292' title='bbox 3322 1481 3430 1535; x_wconf 91' lang='lat' dir='ltr'><strong>quo</strong></span> <span class='ocrx_word' id='word_1_293' title='bbox 3461 1466 3626 1520; x_wconf 90' lang='lat' dir='ltr'><strong>situm</strong></span> 
     </span>
    </p>
   </div>
   <div class='ocr_carea' id='block_1_43' title="bbox 2030 1557 3628 1628">
    <p class='ocr_par' dir='ltr' id='par_1_43' title="bbox 2030 1557 3628 1628">
     <span class='ocr_line' id='line_1_43' title="bbox 2030 1557 3628 1628; baseline 0.001 -19"><span class='ocrx_word' id='word_1_294' title='bbox 2030 1563 2115 1609; x_wconf 85' lang='lat' dir='ltr'><strong>est</strong></span> <span class='ocrx_word' id='word_1_295' title='bbox 2188 1569 2303 1620; x_wconf 91' lang='lat' dir='ltr'><strong>cor,</strong></span> <span class='ocrx_word' id='word_1_296' title='bbox 2375 1565 2566 1625; x_wconf 89' lang='lat' dir='ltr'><strong>pectus</strong></span> <span class='ocrx_word' id='word_1_297' title='bbox 2620 1567 2726 1612; x_wconf 91' lang='lat' dir='ltr'><strong>est.</strong></span> <span class='ocrx_word' id='word_1_298' title='bbox 2787 1557 2978 1612; x_wconf 86' lang='lat' dir='ltr'><strong>Merito</strong></span> <span class='ocrx_word' id='word_1_299' title='bbox 3040 1558 3205 1628; x_wconf 80' lang='lat' dir='ltr'><strong>igitur</strong></span> <span class='ocrx_word' id='word_1_300' title='bbox 3265 1558 3628 1627; x_wconf 81' lang='lat' dir='ltr'><strong>improbitatis</strong></span> 
     </span>
    </p>
   </div>
   <div class='ocr_carea' id='block_1_44' title="bbox 2029 1646 3630 1720">
    <p class='ocr_par' dir='ltr' id='par_1_44' title="bbox 2029 1646 3630 1720">
     <span class='ocr_line' id='line_1_44' title="bbox 2029 1646 3630 1720; baseline 0.002 -20"><span class='ocrx_word' id='word_1_301' title='bbox 2029 1646 2301 1702; x_wconf 77' lang='lat' dir='ltr'><strong>ofﬁcinam</strong></span> <span class='ocrx_word' id='word_1_302' title='bbox 2351 1650 2604 1706; x_wconf 86' lang='lat' dir='ltr'><strong>manibus</strong></span> <span class='ocrx_word' id='word_1_303' title='bbox 2641 1650 2832 1706; x_wconf 85' lang='lat' dir='ltr'><strong>iisdem</strong></span> <span class='ocrx_word' id='word_1_304' title='bbox 2872 1651 3151 1718; x_wconf 80' lang='lat' dir='ltr'><strong>verberat,</strong></span> <span class='ocrx_word' id='word_1_305' title='bbox 3195 1666 3313 1720; x_wconf 69' lang='lat' dir='ltr'><strong>qua:</strong></span> <span class='ocrx_word' id='word_1_306' title='bbox 3345 1653 3411 1706; x_wconf 88' lang='lat' dir='ltr'><strong>ad</strong></span> <span class='ocrx_word' id='word_1_307' title='bbox 3448 1650 3630 1704; x_wconf 79' lang='lat' dir='ltr'><strong>avari-</strong></span> 
     </span>
    </p>
   </div>
   <div class='ocr_carea' id='block_1_45' title="bbox 2038 1736 3340 1822">
    <p class='ocr_par' dir='ltr' id='par_1_45' title="bbox 2038 1736 3340 1822">
     <span class='ocr_line' id='line_1_45' title="bbox 2038 1736 3340 1822; baseline 0.007 -31"><span class='ocrx_word' id='word_1_308' title='bbox 2038 1736 2166 1792; x_wconf 89' lang='lat' dir='ltr'><strong>tiam</strong></span> <span class='ocrx_word' id='word_1_309' title='bbox 2199 1737 2418 1794; x_wconf 81' lang='lat' dir='ltr'><strong>fuerant</strong></span> <span class='ocrx_word' id='word_1_310' title='bbox 2449 1739 2749 1797; x_wconf 64' lang='lat' dir='ltr'><strong>famulata).</strong></span> <span class='ocrx_word' id='word_1_311' title='bbox 3332 1815 3340 1822; x_wconf 35' lang='lat'><em>.</em></span> 
     </span>
    </p>
   </div>
   <div class='ocr_carea' id='block_1_46' title="bbox 2113 1828 3626 1904">
    <p class='ocr_par' dir='ltr' id='par_1_46' title="bbox 2113 1828 3626 1904">
     <span class='ocr_line' id='line_1_46' title="bbox 2113 1828 3626 1904; baseline 0.003 -22"><span class='ocrx_word' id='word_1_312' title='bbox 2113 1849 2132 1882; x_wconf 75' lang='grc' dir='ltr'><strong>ι</strong></span> <span class='ocrx_word' id='word_1_313' title='bbox 2173 1828 2342 1893; x_wconf 86' lang='lat' dir='ltr'><strong>Deus,</strong></span> <span class='ocrx_word' id='word_1_314' title='bbox 2367 1831 2634 1902; x_wconf 89' lang='lat' dir='ltr'><strong>propitius</strong></span> <span class='ocrx_word' id='word_1_315' title='bbox 2661 1843 2778 1888; x_wconf 87' lang='lat' dir='ltr'><strong>esto</strong></span> <span class='ocrx_word' id='word_1_316' title='bbox 2797 1834 2926 1889; x_wconf 90' lang='lat' dir='ltr'><strong>mihi</strong></span> <span class='ocrx_word' id='word_1_317' title='bbox 2957 1835 3251 1904; x_wconf 82' lang='lat' dir='ltr'><strong>peccaturi.</strong></span> <span class='ocrx_word' id='word_1_318' title='bbox 3280 1853 3297 1886; x_wconf 85' lang='grc'><strong>›</strong></span> <span class='ocrx_word' id='word_1_319' title='bbox 3327 1834 3440 1888; x_wconf 82' lang='grc' dir='ltr'>Νοη</span> <span class='ocrx_word' id='word_1_320' title='bbox 3475 1835 3626 1903; x_wconf 85' lang='lat' dir='ltr'><strong>petit,</strong></span> 
     </span>
    </p>
   </div>
   <div class='ocr_carea' id='block_1_47' title="bbox 2035 1903 3630 1998">
    <p class='ocr_par' dir='ltr' id='par_1_47' title="bbox 2035 1903 3630 1998">
     <span class='ocr_line' id='line_1_47' title="bbox 2035 1903 3630 1998; baseline 0.004 -22"><span class='ocrx_word' id='word_1_321' title='bbox 2035 1932 2094 1977; x_wconf 91' lang='lat' dir='ltr'><strong>ut</strong></span> <span class='ocrx_word' id='word_1_322' title='bbox 2122 1903 2493 1994; x_wconf 74' lang='lat' dir='ltr'><strong>iustiﬁcetur;</strong></span> <span class='ocrx_word' id='word_1_323' title='bbox 2539 1925 2757 1981; x_wconf 80' lang='lat' dir='ltr'><strong>videbat</strong></span> <span class='ocrx_word' id='word_1_324' title='bbox 2785 1929 2929 1981; x_wconf 88' lang='lat' dir='ltr'><strong>enim</strong></span> <span class='ocrx_word' id='word_1_325' title='bbox 2961 1903 3022 1982; x_wconf 84' lang='lat' dir='ltr'><strong>se</strong></span> <span class='ocrx_word' id='word_1_326' title='bbox 3055 1928 3361 1998; x_wconf 79' lang='lat' dir='ltr'><strong>indignum,</strong></span> <span class='ocrx_word' id='word_1_327' title='bbox 3403 1928 3493 1997; x_wconf 87' lang='lat' dir='ltr'><strong>qui</strong></span> <span class='ocrx_word' id='word_1_328' title='bbox 3527 1929 3630 1983; x_wconf 93' lang='lat' dir='ltr'><strong>hoc</strong></span> 
     </span>
    </p>
   </div>
   <div class='ocr_carea' id='block_1_48' title="bbox 2035 2017 3622 2089">
    <p class='ocr_par' dir='ltr' id='par_1_48' title="bbox 2035 2017 3622 2089">
     <span class='ocr_line' id='line_1_48' title="bbox 2035 2017 3622 2089; baseline 0.004 -19"><span class='ocrx_word' id='word_1_329' title='bbox 2035 2017 2382 2084; x_wconf 88' lang='lat' dir='ltr'><strong>impetraret;</strong></span> <span class='ocrx_word' id='word_1_330' title='bbox 2414 2017 2507 2074; x_wconf 85' lang='lat' dir='ltr'><strong>sed</strong></span> <span class='ocrx_word' id='word_1_331' title='bbox 2542 2017 2706 2073; x_wconf 90' lang='lat' dir='ltr'><strong>Deum</strong></span> <span class='ocrx_word' id='word_1_332' title='bbox 2744 2021 3035 2089; x_wconf 90' lang='lat' dir='ltr'><strong>propitium</strong></span> <span class='ocrx_word' id='word_1_333' title='bbox 3067 2021 3168 2075; x_wconf 84' lang='lat' dir='ltr'><strong>sibi</strong></span> <span class='ocrx_word' id='word_1_334' title='bbox 3201 2035 3319 2076; x_wconf 81' lang='lat' dir='ltr'><strong>esse</strong></span> <span class='ocrx_word' id='word_1_335' title='bbox 3347 2029 3622 2087; x_wconf 83' lang='lat' dir='ltr'><strong>precatur.</strong></span> 
     </span>
    </p>
   </div>
   <div class='ocr_carea' id='block_1_49' title="bbox 2037 2110 3625 2179">
    <p class='ocr_par' dir='ltr' id='par_1_49' title="bbox 2037 2110 3625 2179">
     <span class='ocr_line' id='line_1_49' title="bbox 2037 2110 3625 2179; baseline 0.003 -16"><span class='ocrx_word' id='word_1_336' title='bbox 2037 2110 2218 2179; x_wconf 85' lang='lat' dir='ltr'><strong>Atque</strong></span> <span class='ocrx_word' id='word_1_337' title='bbox 2275 2111 2470 2166; x_wconf 83' lang='lat' dir='ltr'><strong>exinde</strong></span> <span class='ocrx_word' id='word_1_338' title='bbox 2523 2111 2576 2165; x_wconf 92' lang='lat' dir='ltr'><strong>in</strong></span> <span class='ocrx_word' id='word_1_339' title='bbox 2641 2115 2974 2167; x_wconf 90' lang='lat' dir='ltr'><strong>contrarium</strong></span> <span class='ocrx_word' id='word_1_340' title='bbox 3034 2130 3206 2169; x_wconf 67' lang='lat' dir='ltr'><strong>versae</strong></span> <span class='ocrx_word' id='word_1_341' title='bbox 3257 2127 3382 2170; x_wconf 91' lang='lat' dir='ltr'><strong>sunt</strong></span> <span class='ocrx_word' id='word_1_342' title='bbox 3443 2129 3625 2168; x_wconf 90' lang='lat' dir='ltr'><strong>rerum</strong></span> 
     </span>
    </p>
   </div>
   <div class='ocr_carea' id='block_1_50' title="bbox 2033 2203 3627 2276">
    <p class='ocr_par' dir='ltr' id='par_1_50' title="bbox 2033 2203 3627 2276">
     <span class='ocr_line' id='line_1_50' title="bbox 2033 2203 3627 2276; baseline 0.003 -19"><span class='ocrx_word' id='word_1_343' title='bbox 2033 2203 2204 2258; x_wconf 88' lang='lat' dir='ltr'><strong>vices.</strong></span> <span class='ocrx_word' id='word_1_344' title='bbox 2257 2203 2471 2258; x_wconf 84' lang='lat' dir='ltr'><strong>Etenim</strong></span> <span class='ocrx_word' id='word_1_345' title='bbox 2522 2206 2834 2262; x_wconf 72' lang='lat' dir='ltr'><strong>Phariszeus</strong></span> <span class='ocrx_word' id='word_1_346' title='bbox 2881 2208 3036 2276; x_wconf 89' lang='lat' dir='ltr'><strong>quasi</strong></span> <span class='ocrx_word' id='word_1_347' title='bbox 3089 2209 3255 2262; x_wconf 88' lang='lat' dir='ltr'><strong>arbor</strong></span> <span class='ocrx_word' id='word_1_348' title='bbox 3303 2209 3627 2276; x_wconf 83' lang='lat' dir='ltr'><strong>superbieus</strong></span> 
     </span>
    </p>
   </div>
   <div class='ocr_carea' id='block_1_51' title="bbox 2035 2294 3627 2369">
    <p class='ocr_par' dir='ltr' id='par_1_51' title="bbox 2035 2294 3627 2369">
     <span class='ocr_line' id='line_1_51' title="bbox 2035 2294 3627 2369; baseline 0.006 -22"><span class='ocrx_word' id='word_1_349' title='bbox 2035 2294 2252 2362; x_wconf 89' lang='lat' dir='ltr'><strong>fructu,</strong></span> <span class='ocrx_word' id='word_1_350' title='bbox 2306 2296 2669 2351; x_wconf 70' lang='lat' dir='ltr'><strong>observantiae</strong></span> <span class='ocrx_word' id='word_1_351' title='bbox 2721 2309 3114 2366; x_wconf 76' lang='lat' dir='ltr'><strong>przeceptorum</strong></span> <span class='ocrx_word' id='word_1_352' title='bbox 3173 2309 3392 2369; x_wconf 89' lang='lat' dir='ltr'><strong>repente</strong></span> <span class='ocrx_word' id='word_1_353' title='bbox 3452 2299 3627 2356; x_wconf 87' lang='lat' dir='ltr'><strong>inanis</strong></span> 
     </span>
    </p>
   </div>
   <div class='ocr_carea' id='block_1_52' title="bbox 2035 2384 3626 2456">
    <p class='ocr_par' dir='ltr' id='par_1_52' title="bbox 2035 2384 3626 2456">
     <span class='ocr_line' id='line_1_52' title="bbox 2035 2384 3626 2456; baseline 0.005 -20"><span class='ocrx_word' id='word_1_354' title='bbox 2035 2384 2220 2456; x_wconf 72' lang='lat' dir='ltr'><strong>gloriae</strong></span> <span class='ocrx_word' id='word_1_355' title='bbox 2251 2395 2433 2450; x_wconf 90' lang='lat' dir='ltr'><strong>vento,</strong></span> <span class='ocrx_word' id='word_1_356' title='bbox 2460 2397 2518 2441; x_wconf 92' lang='lat' dir='ltr'><strong>ut</strong></span> <span class='ocrx_word' id='word_1_357' title='bbox 2549 2403 2577 2442; x_wconf 89' lang='lat' dir='ltr'><strong>a</strong></span> <span class='ocrx_word' id='word_1_358' title='bbox 2603 2388 2794 2456; x_wconf 87' lang='lat' dir='ltr'><strong>spiritu</strong></span> <span class='ocrx_word' id='word_1_359' title='bbox 2821 2389 3064 2444; x_wconf 88' lang='lat' dir='ltr'><strong>violento</strong></span> <span class='ocrx_word' id='word_1_360' title='bbox 3094 2405 3414 2456; x_wconf 87' lang='lat' dir='ltr'><strong>concussus,</strong></span> <span class='ocrx_word' id='word_1_361' title='bbox 3446 2391 3626 2446; x_wconf 84' lang='lat' dir='ltr'><strong>nudus</strong></span> 
     </span>
    </p>
   </div>
   <div class='ocr_carea' id='block_1_53' title="bbox 2035 2479 3626 2550">
    <p class='ocr_par' dir='ltr' id='par_1_53' title="bbox 2035 2479 3626 2550">
     <span class='ocr_line' id='line_1_53' title="bbox 2035 2479 3626 2550; baseline 0.005 -21"><span class='ocrx_word' id='word_1_362' title='bbox 2035 2479 2316 2544; x_wconf 87' lang='lat' dir='ltr'><strong>apparuit,</strong></span> <span class='ocrx_word' id='word_1_363' title='bbox 2362 2488 2418 2532; x_wconf 85' lang='lat' dir='ltr'><strong>et</strong></span> <span class='ocrx_word' id='word_1_364' title='bbox 2473 2481 2624 2546; x_wconf 88' lang='lat' dir='ltr'><strong>quasi</strong></span> <span class='ocrx_word' id='word_1_365' title='bbox 2677 2481 3036 2546; x_wconf 83' lang='lat' dir='ltr'><strong>terebinthus,</strong></span> <span class='ocrx_word' id='word_1_366' title='bbox 3071 2482 3294 2550; x_wconf 76' lang='lat' dir='ltr'><strong>abiectis</strong></span> <span class='ocrx_word' id='word_1_367' title='bbox 3347 2482 3514 2548; x_wconf 85' lang='lat' dir='ltr'><strong>foliis,</strong></span> <span class='ocrx_word' id='word_1_368' title='bbox 3566 2492 3626 2537; x_wconf 87' lang='lat' dir='ltr'><strong>ut</strong></span> 
     </span>
    </p>
   </div>
   <div class='ocr_carea' id='block_1_54' title="bbox 2034 2566 3622 2644">
    <p class='ocr_par' dir='ltr' id='par_1_54' title="bbox 2034 2566 3622 2644">
     <span class='ocr_line' id='line_1_54' title="bbox 2034 2566 3622 2644; baseline 0.007 -24"><span class='ocrx_word' id='word_1_369' title='bbox 2034 2566 2164 2624; x_wconf 88' lang='lat' dir='ltr'><strong>illud</strong></span> <span class='ocrx_word' id='word_1_370' title='bbox 2213 2569 2362 2625; x_wconf 68' lang='lat' dir='ltr'><strong>Isaiae</strong></span> <span class='ocrx_word' id='word_1_371' title='bbox 2411 2585 2670 2641; x_wconf 89' lang='lat' dir='ltr'><strong>usurpem</strong></span> <span class='ocrx_word' id='word_1_372' title='bbox 2718 2573 2785 2626; x_wconf 82' lang='grc'><strong>⁸³.</strong></span> <span class='ocrx_word' id='word_1_373' title='bbox 2823 2573 2919 2627; x_wconf 89' lang='lat' dir='ltr'><strong>llic</strong></span> <span class='ocrx_word' id='word_1_374' title='bbox 2970 2583 3149 2628; x_wconf 90' lang='lat' dir='ltr'><strong>autem</strong></span> <span class='ocrx_word' id='word_1_375' title='bbox 3197 2575 3439 2630; x_wconf 70' lang='lat' dir='ltr'><strong>avaritiae</strong></span> <span class='ocrx_word' id='word_1_376' title='bbox 3470 2577 3622 2644; x_wconf 89' lang='lat' dir='ltr'><strong>quasi</strong></span> 
     </span>
    </p>
   </div>
   <div class='ocr_carea' id='block_1_55' title="bbox 2033 2661 3625 2737">
    <p class='ocr_par' dir='ltr' id='par_1_55' title="bbox 2033 2661 3625 2737">
     <span class='ocr_line' id='line_1_55' title="bbox 2033 2661 3625 2737; baseline 0.005 -23"><span class='ocrx_word' id='word_1_377' title='bbox 2033 2661 2254 2731; x_wconf 87' lang='lat' dir='ltr'><strong>plumbo</strong></span> <span class='ocrx_word' id='word_1_378' title='bbox 2307 2675 2698 2734; x_wconf 63' lang='lat' dir='ltr'><strong>praegravatus,</strong></span> <span class='ocrx_word' id='word_1_379' title='bbox 2748 2667 2854 2718; x_wconf 85' lang='lat' dir='ltr'><strong>uno</strong></span> <span class='ocrx_word' id='word_1_380' title='bbox 2885 2667 3053 2720; x_wconf 89' lang='lat' dir='ltr'><strong>verbo</strong></span> <span class='ocrx_word' id='word_1_381' title='bbox 3085 2667 3361 2735; x_wconf 85' lang='lat' dir='ltr'><strong>sapienter</strong></span> <span class='ocrx_word' id='word_1_382' title='bbox 3389 2668 3625 2737; x_wconf 89' lang='lat' dir='ltr'><strong>prolato,</strong></span> 
     </span>
    </p>
   </div>
   <div class='ocr_carea' id='block_1_56' title="bbox 2034 2753 3621 2828">
    <p class='ocr_par' dir='ltr' id='par_1_56' title="bbox 2034 2753 3621 2828">
     <span class='ocr_line' id='line_1_56' title="bbox 2034 2753 3621 2828; baseline 0.004 -20"><span class='ocrx_word' id='word_1_383' title='bbox 2034 2753 2328 2825; x_wconf 90' lang='lat' dir='ltr'><strong>habituque</strong></span> <span class='ocrx_word' id='word_1_384' title='bbox 2387 2755 2671 2824; x_wconf 86' lang='lat' dir='ltr'><strong>demisso,</strong></span> <span class='ocrx_word' id='word_1_385' title='bbox 2735 2772 2876 2812; x_wconf 87' lang='lat' dir='ltr'><strong>onus</strong></span> <span class='ocrx_word' id='word_1_386' title='bbox 2941 2760 3190 2828; x_wconf 82' lang='lat' dir='ltr'><strong>deposuit</strong></span> <span class='ocrx_word' id='word_1_387' title='bbox 3253 2769 3621 2828; x_wconf 86' lang='lat' dir='ltr'><strong>peccatorum.</strong></span> 
     </span>
    </p>
   </div>
   <div class='ocr_carea' id='block_1_57' title="bbox 2031 2845 3623 2919">
    <p class='ocr_par' dir='ltr' id='par_1_57' title="bbox 2031 2845 3623 2919">
     <span class='ocr_line' id='line_1_57' title="bbox 2031 2845 3623 2919; baseline 0.003 -21"><span class='ocrx_word' id='word_1_388' title='bbox 2031 2845 2306 2900; x_wconf 81' lang='lat' dir='ltr'><strong>Attonitus</strong></span> <span class='ocrx_word' id='word_1_389' title='bbox 2354 2845 2570 2914; x_wconf 80' lang='lat' dir='ltr'><strong>haereo,</strong></span> <span class='ocrx_word' id='word_1_390' title='bbox 2613 2863 2733 2902; x_wconf 89' lang='lat' dir='ltr'><strong>cum</strong></span> <span class='ocrx_word' id='word_1_391' title='bbox 2767 2850 3026 2918; x_wconf 79' lang='lat' dir='ltr'><strong>recogito,</strong></span> <span class='ocrx_word' id='word_1_392' title='bbox 3055 2864 3164 2919; x_wconf 92' lang='lat' dir='ltr'><strong>quo</strong></span> <span class='ocrx_word' id='word_1_393' title='bbox 3221 2863 3380 2919; x_wconf 65' lang='lat' dir='ltr'><strong>pacto</strong></span> <span class='ocrx_word' id='word_1_394' title='bbox 3440 2849 3623 2904; x_wconf 79' lang='lat' dir='ltr'><strong>infelix</strong></span> 
     </span>
    </p>
   </div>
   <div class='ocr_carea' id='block_1_58' title="bbox 2032 2937 3622 3011">
    <p class='ocr_par' dir='ltr' id='par_1_58' title="bbox 2032 2937 3622 3011">
     <span class='ocr_line' id='line_1_58' title="bbox 2032 2937 3622 3011; baseline 0.003 -17"><span class='ocrx_word' id='word_1_395' title='bbox 2032 2939 2340 2995; x_wconf 72' lang='lat' dir='ltr'><strong>Phariszens</strong></span> <span class='ocrx_word' id='word_1_396' title='bbox 2392 2941 2632 2995; x_wconf 88' lang='lat' dir='ltr'><strong>animam</strong></span> <span class='ocrx_word' id='word_1_397' title='bbox 2681 2937 2832 2996; x_wconf 89' lang='lat' dir='ltr'><strong>suam</strong></span> <span class='ocrx_word' id='word_1_398' title='bbox 2882 2944 3036 3011; x_wconf 87' lang='lat' dir='ltr'><strong>quasi</strong></span> <span class='ocrx_word' id='word_1_399' title='bbox 3088 2944 3268 2996; x_wconf 83' lang='lat' dir='ltr'><strong>navim</strong></span> <span class='ocrx_word' id='word_1_400' title='bbox 3316 2945 3622 3004; x_wconf 85' lang='lat' dir='ltr'><strong>onerariam</strong></span> 
     </span>
    </p>
   </div>
   <div class='ocr_carea' id='block_1_59' title="bbox 2034 3033 3630 3104">
    <p class='ocr_par' dir='ltr' id='par_1_59' title="bbox 2034 3033 3630 3104">
     <span class='ocr_line' id='line_1_59' title="bbox 2034 3033 3630 3104; baseline 0.004 -20"><span class='ocrx_word' id='word_1_401' title='bbox 2034 3033 2309 3086; x_wconf 78' lang='lat' dir='ltr'><strong>sexcentis</strong></span> <span class='ocrx_word' id='word_1_402' title='bbox 2340 3033 2590 3087; x_wconf 81' lang='lat' dir='ltr'><strong>refertam</strong></span> <span class='ocrx_word' id='word_1_403' title='bbox 2625 3035 2895 3090; x_wconf 83' lang='lat' dir='ltr'><strong>mercibus</strong></span> <span class='ocrx_word' id='word_1_404' title='bbox 2926 3036 3150 3100; x_wconf 82' lang='lat' dir='ltr'><strong>vehens,</strong></span> <span class='ocrx_word' id='word_1_405' title='bbox 3180 3045 3234 3090; x_wconf 91' lang='lat' dir='ltr'><strong>et</strong></span> <span class='ocrx_word' id='word_1_406' title='bbox 3265 3049 3419 3104; x_wconf 83' lang='lat' dir='ltr'><strong>portu</strong></span> <span class='ocrx_word' id='word_1_407' title='bbox 3457 3037 3630 3091; x_wconf 77' lang='lat' dir='ltr'><strong>ctiam-</strong></span> 
     </span>
    </p>
   </div>
   <div class='ocr_carea' id='block_1_60' title="bbox 335 3119 1925 3223">
    <p class='ocr_par' dir='ltr' id='par_1_60' title="bbox 335 3119 1920 3201">
     <span class='ocr_line' id='line_1_60' title="bbox 335 3119 1920 3201; baseline 0.006 -29"><span class='ocrx_word' id='word_1_408' title='bbox 335 3119 659 3189; x_wconf 77' lang='grc' dir='ltr'>πεφθακὼς,</span> <span class='ocrx_word' id='word_1_409' title='bbox 705 3124 940 3176; x_wconf 78' lang='grc' dir='ltr'>καὶτῶν</span> <span class='ocrx_word' id='word_1_410' title='bbox 980 3123 1075 3178; x_wconf 83' lang='grc' dir='ltr'>τοῦ</span> <span class='ocrx_word' id='word_1_411' title='bbox 1119 3125 1241 3187; x_wconf 63' lang='grc' dir='ltr'>νοός</span> <span class='ocrx_word' id='word_1_412' title='bbox 1273 3127 1560 3197; x_wconf 82' lang='grc' dir='ltr'>,πηδαλίων</span> <span class='ocrx_word' id='word_1_413' title='bbox 1601 3129 1920 3201; x_wconf 69' lang='grc' dir='ltr'>ἠμεληκὼς,</span> 
     </span>
    </p>
   </div>
   <div class='ocr_carea' id='block_1_61' title="bbox 2036 3119 3614 3223">
    <p class='ocr_par' dir='ltr' id='par_1_61' title="bbox 2038 3125 3614 3202">
     <span class='ocr_line' id='line_1_61' title="bbox 2038 3125 3614 3202; baseline 0.002 -24"><span class='ocrx_word' id='word_1_414' title='bbox 2038 3125 2155 3196; x_wconf 91' lang='lat' dir='ltr'><strong>ipse</strong></span> <span class='ocrx_word' id='word_1_415' title='bbox 2207 3127 2390 3194; x_wconf 86' lang='lat' dir='ltr'><strong>templi</strong></span> <span class='ocrx_word' id='word_1_416' title='bbox 2443 3137 2625 3195; x_wconf 83' lang='lat' dir='ltr'><strong>capto,</strong></span> <span class='ocrx_word' id='word_1_417' title='bbox 2689 3129 2886 3183; x_wconf 89' lang='lat' dir='ltr'><strong>mentis</strong></span> <span class='ocrx_word' id='word_1_418' title='bbox 2937 3128 3182 3202; x_wconf 80' lang='lat' dir='ltr'><strong>ttcglccto</strong></span> <span class='ocrx_word' id='word_1_419' title='bbox 3233 3130 3614 3199; x_wconf 76' lang='lat' dir='ltr'><strong>gubernaculo.</strong></span> 
     </span>
    </p>
   </div>
   <div class='ocr_carea' id='block_1_62' title="bbox 333 3212 1926 3288">
    <p class='ocr_par' dir='ltr' id='par_1_62' title="bbox 333 3212 1926 3288">
     <span class='ocr_line' id='line_1_62' title="bbox 333 3212 1926 3288; baseline 0.008 -23"><span class='ocrx_word' id='word_1_420' title='bbox 333 3212 540 3276; x_wconf 87' lang='grc' dir='ltr'>ἀθλίως</span> <span class='ocrx_word' id='word_1_421' title='bbox 585 3213 742 3286; x_wconf 78' lang='grc' dir='ltr'>ὤφθη</span> <span class='ocrx_word' id='word_1_422' title='bbox 786 3218 1182 3288; x_wconf 83' lang='grc' dir='ltr'>νεναυαγηκώς</span> <span class='ocrx_word' id='word_1_423' title='bbox 1214 3236 1228 3250; x_wconf 81' lang='grc'><em>’</em></span> <span class='ocrx_word' id='word_1_424' title='bbox 1257 3219 1344 3274; x_wconf 73' lang='grc' dir='ltr'><strong>διὰ</strong></span> <span class='ocrx_word' id='word_1_425' title='bbox 1375 3221 1465 3288; x_wconf 88' lang='grc' dir='ltr'><strong>τί;</strong></span> <span class='ocrx_word' id='word_1_426' title='bbox 1525 3237 1543 3271; x_wconf 75' lang='grc' dir='ltr'><strong>ι</strong></span> <span class='ocrx_word' id='word_1_427' title='bbox 1577 3221 1702 3275; x_wconf 84' lang='grc' dir='ltr'><strong>Ὅτι</strong></span> <span class='ocrx_word' id='word_1_428' title='bbox 1749 3225 1856 3287; x_wconf 82' lang='grc' dir='ltr'>πᾶς</span> <span class='ocrx_word' id='word_1_429' title='bbox 1896 3225 1926 3277; x_wconf 87' lang='lat'><strong>6</strong></span> 
     </span>
    </p>
   </div>
   <div class='ocr_carea' id='block_1_63' title="bbox 333 3305 1921 3381">
    <p class='ocr_par' dir='ltr' id='par_1_63' title="bbox 333 3305 1921 3381">
     <span class='ocr_line' id='line_1_63' title="bbox 333 3305 1921 3381; baseline 0.006 -21"><span class='ocrx_word' id='word_1_430' title='bbox 333 3305 489 3376; x_wconf 74' lang='grc' dir='ltr'>ὑψῶν</span> <span class='ocrx_word' id='word_1_431' title='bbox 517 3308 714 3360; x_wconf 77' lang='grc' dir='ltr'>ἑαυτὸν</span> <span class='ocrx_word' id='word_1_432' title='bbox 743 3311 1246 3381; x_wconf 75' lang='grc' dir='ltr'>ταπεινωθήσεται,</span> <span class='ocrx_word' id='word_1_433' title='bbox 1286 3315 1380 3367; x_wconf 61' lang='grc' dir='ltr'>καὶ</span> <span class='ocrx_word' id='word_1_434' title='bbox 1407 3316 1435 3368; x_wconf 91' lang='lat'><strong>6</strong></span> <span class='ocrx_word' id='word_1_435' title='bbox 1470 3316 1747 3369; x_wconf 85' lang='grc' dir='ltr'>ταπεινῶν</span> <span class='ocrx_word' id='word_1_436' title='bbox 1789 3318 1921 3370; x_wconf 83' lang='grc' dir='ltr'>ἑαυ-</span> 
     </span>
    </p>
   </div>
   <div class='ocr_carea' id='block_1_64' title="bbox 329 3400 1926 3482">
    <p class='ocr_par' dir='ltr' id='par_1_64' title="bbox 329 3400 1926 3482">
     <span class='ocr_line' id='line_1_64' title="bbox 329 3400 1926 3482; baseline 0.01 -32"><span class='ocrx_word' id='word_1_437' title='bbox 329 3401 426 3451; x_wconf 68' lang='grc' dir='ltr'>τὸν</span> <span class='ocrx_word' id='word_1_438' title='bbox 467 3400 844 3472; x_wconf 72' lang='grc' dir='ltr'>ὑψωθήσεται.</span> <span class='ocrx_word' id='word_1_439' title='bbox 884 3422 903 3454; x_wconf 72' lang='grc' dir='ltr'><strong>ι</strong></span> <span class='ocrx_word' id='word_1_440' title='bbox 951 3407 1114 3458; x_wconf 83' lang='grc' dir='ltr'>Δοκεῖ</span> <span class='ocrx_word' id='word_1_441' title='bbox 1159 3424 1251 3474; x_wconf 92' lang='grc' dir='ltr'><strong>μοι</strong></span> <span class='ocrx_word' id='word_1_442' title='bbox 1299 3407 1539 3462; x_wconf 77' lang='grc' dir='ltr'>ἐνταῦθα</span> <span class='ocrx_word' id='word_1_443' title='bbox 1592 3409 1926 3482; x_wconf 73' lang='grc' dir='ltr'>ὑπογραφὴν</span> 
     </span>
    </p>
   </div>
   <div class='ocr_carea' id='block_1_65' title="bbox 331 3494 1926 3575">
    <p class='ocr_par' dir='ltr' id='par_1_65' title="bbox 331 3494 1926 3575">
     <span class='ocr_line' id='line_1_65' title="bbox 331 3494 1926 3575; baseline 0.009 -31"><span class='ocrx_word' id='word_1_444' title='bbox 331 3509 459 3545; x_wconf 82' lang='grc' dir='ltr'>τινα</span> <span class='ocrx_word' id='word_1_445' title='bbox 506 3494 782 3548; x_wconf 83' lang='grc' dir='ltr'>ποιεῖσθαι</span> <span class='ocrx_word' id='word_1_446' title='bbox 822 3498 850 3550; x_wconf 91' lang='lat'><strong>6</strong></span> <span class='ocrx_word' id='word_1_447' title='bbox 892 3497 1097 3566; x_wconf 84' lang='grc' dir='ltr'>Κύριος</span> <span class='ocrx_word' id='word_1_448' title='bbox 1143 3501 1243 3566; x_wconf 82' lang='grc' dir='ltr'>τῆς</span> <span class='ocrx_word' id='word_1_449' title='bbox 1283 3501 1512 3572; x_wconf 75' lang='grc' dir='ltr'>οἰήσεως</span> <span class='ocrx_word' id='word_1_450' title='bbox 1581 3505 1672 3556; x_wconf 68' lang='grc' dir='ltr'>καὶ</span> <span class='ocrx_word' id='word_1_451' title='bbox 1695 3507 1795 3575; x_wconf 76' lang='grc' dir='ltr'><strong>τῆς</strong></span> <span class='ocrx_word' id='word_1_452' title='bbox 1823 3523 1926 3559; x_wconf 85' lang='grc' dir='ltr'>τα-</span> 
     </span>
    </p>
   </div>
   <div class='ocr_carea' id='block_1_66' title="bbox 331 3585 1925 3662">
    <p class='ocr_par' dir='ltr' id='par_1_66' title="bbox 331 3585 1925 3662">
     <span class='ocr_line' id='line_1_66' title="bbox 331 3585 1925 3662; baseline 0.005 -25"><span class='ocrx_word' id='word_1_453' title='bbox 331 3585 654 3648; x_wconf 83' lang='grc' dir='ltr'>πεινώσεως</span> <span class='ocrx_word' id='word_1_454' title='bbox 687 3603 702 3618; x_wconf 90' lang='grc'><strong>·</strong></span> <span class='ocrx_word' id='word_1_455' title='bbox 752 3589 845 3639; x_wconf 73' lang='grc' dir='ltr'>καὶ</span> <span class='ocrx_word' id='word_1_456' title='bbox 897 3589 1042 3658; x_wconf 85' lang='grc' dir='ltr'>τάχα</span> <span class='ocrx_word' id='word_1_457' title='bbox 1084 3606 1168 3651; x_wconf 86' lang='grc' dir='ltr'><strong>τις</strong></span> <span class='ocrx_word' id='word_1_458' title='bbox 1214 3592 1280 3642; x_wconf 83' lang='grc' dir='ltr'>ὲκ</span> <span class='ocrx_word' id='word_1_459' title='bbox 1340 3591 1550 3644; x_wconf 77' lang='grc' dir='ltr'>τούτων</span> <span class='ocrx_word' id='word_1_460' title='bbox 1596 3592 1925 3662; x_wconf 80' lang='grc' dir='ltr'>ὁρμώμενος</span> 
     </span>
    </p>
   </div>
   <div class='ocr_carea' id='block_1_67' title="bbox 331 3679 1926 3755">
    <p class='ocr_par' dir='ltr' id='par_1_67' title="bbox 331 3679 1926 3755">
     <span class='ocr_line' id='line_1_67' title="bbox 331 3679 1926 3755; baseline 0.004 -23"><span class='ocrx_word' id='word_1_461' title='bbox 331 3679 525 3733; x_wconf 70' lang='grc' dir='ltr'>ἄνοδον</span> <span class='ocrx_word' id='word_1_462' title='bbox 549 3679 642 3732; x_wconf 70' lang='grc' dir='ltr'>ἐπὶ</span> <span class='ocrx_word' id='word_1_463' title='bbox 673 3681 740 3734; x_wconf 81' lang='grc' dir='ltr'>τὰ</span> <span class='ocrx_word' id='word_1_464' title='bbox 771 3680 928 3755; x_wconf 67' lang='grc' dir='ltr'>κάτω</span> <span class='ocrx_word' id='word_1_465' title='bbox 951 3682 1052 3752; x_wconf 80' lang='grc' dir='ltr'>τὴν</span> <span class='ocrx_word' id='word_1_466' title='bbox 1081 3681 1394 3748; x_wconf 81' lang='grc' dir='ltr'>κενοδοξίαν</span> <span class='ocrx_word' id='word_1_467' title='bbox 1425 3686 1698 3755; x_wconf 77' lang='grc' dir='ltr'>ὁρίσαιτο.</span> <span class='ocrx_word' id='word_1_468' title='bbox 1753 3685 1926 3739; x_wconf 81' lang='grc' dir='ltr'>Τοῦτο</span> 
     </span>
    </p>
   </div>
   <div class='ocr_carea' id='block_1_68' title="bbox 331 3772 1922 3852">
    <p class='ocr_par' dir='ltr' id='par_1_68' title="bbox 331 3772 1922 3852">
     <span class='ocr_line' id='line_1_68' title="bbox 331 3772 1922 3852; baseline 0.006 -28"><span class='ocrx_word' id='word_1_469' title='bbox 331 3772 443 3842; x_wconf 73' lang='grc' dir='ltr'>γὰρ</span> <span class='ocrx_word' id='word_1_470' title='bbox 493 3773 592 3826; x_wconf 75' lang='grc' dir='ltr'>καὶ</span> <span class='ocrx_word' id='word_1_471' title='bbox 649 3774 866 3846; x_wconf 79' lang='grc' dir='ltr'>ἱστορία</span> <span class='ocrx_word' id='word_1_472' title='bbox 916 3775 1130 3829; x_wconf 86' lang='grc' dir='ltr'>παλαιὰ</span> <span class='ocrx_word' id='word_1_473' title='bbox 1187 3777 1542 3847; x_wconf 77' lang='grc' dir='ltr'>συμϐολικῶς</span> <span class='ocrx_word' id='word_1_474' title='bbox 1599 3778 1922 3852; x_wconf 74' lang='grc' dir='ltr'>ὑπῃνίξατο.</span> 
     </span>
    </p>
   </div>
   <div class='ocr_carea' id='block_1_69' title="bbox 345 3866 1924 3942">
    <p class='ocr_par' dir='ltr' id='par_1_69' title="bbox 345 3866 1924 3942">
     <span class='ocr_line' id='line_1_69' title="bbox 345 3866 1924 3942; baseline 0.007 -24"><span class='ocrx_word' id='word_1_475' title='bbox 345 3866 617 3936; x_wconf 77' lang='grc' dir='ltr'>’Δὸειρὼν</span> <span class='ocrx_word' id='word_1_476' title='bbox 648 3867 757 3939; x_wconf 81' lang='grc' dir='ltr'>γὰρ</span> <span class='ocrx_word' id='word_1_477' title='bbox 782 3871 878 3922; x_wconf 79' lang='grc' dir='ltr'><strong>καὶ</strong></span> <span class='ocrx_word' id='word_1_478' title='bbox 909 3869 1093 3922; x_wconf 76' lang='grc' dir='ltr'>Δαθὰν</span> <span class='ocrx_word' id='word_1_479' title='bbox 1128 3869 1268 3942; x_wconf 80' lang='grc' dir='ltr'>ὑπὲρ</span> <span class='ocrx_word' id='word_1_480' title='bbox 1311 3873 1440 3934; x_wconf 77' lang='grc' dir='ltr'>τοὺς</span> <span class='ocrx_word' id='word_1_481' title='bbox 1485 3872 1683 3935; x_wconf 80' lang='grc' dir='ltr'>ἄλλους</span> <span class='ocrx_word' id='word_1_482' title='bbox 1714 3875 1924 3939; x_wconf 83' lang='grc' dir='ltr'>πάντας</span> 
     </span>
    </p>
   </div>
   <div class='ocr_carea' id='block_1_70' title="bbox 332 3961 1925 4039">
    <p class='ocr_par' dir='ltr' id='par_1_70' title="bbox 332 3961 1925 4039">
     <span class='ocr_line' id='line_1_70' title="bbox 332 3961 1925 4039; baseline 0.005 -27"><span class='ocrx_word' id='word_1_483' title='bbox 332 3961 570 4025; x_wconf 69' lang='grc' dir='ltr'>ἑαυτοὺς</span> <span class='ocrx_word' id='word_1_484' title='bbox 622 3961 863 4033; x_wconf 78' lang='grc' dir='ltr'>ἄραντες</span> <span class='ocrx_word' id='word_1_485' title='bbox 917 3961 1280 4029; x_wconf 78' lang='grc' dir='ltr'>ἀλαζονικῶς,</span> <span class='ocrx_word' id='word_1_486' title='bbox 1336 3967 1430 4017; x_wconf 80' lang='grc' dir='ltr'>καὶ</span> <span class='ocrx_word' id='word_1_487' title='bbox 1489 3969 1586 4032; x_wconf 81' lang='grc' dir='ltr'>τῆς</span> <span class='ocrx_word' id='word_1_488' title='bbox 1641 3967 1925 4039; x_wconf 75' lang='grc' dir='ltr'>ζεροσύνης</span> 
     </span>
    </p>
   </div>
   <div class='ocr_carea' id='block_1_71' title="bbox 333 4051 1924 4129">
    <p class='ocr_par' dir='ltr' id='par_1_71' title="bbox 333 4051 1924 4129">
     <span class='ocr_line' id='line_1_71' title="bbox 333 4051 1924 4129; baseline 0.004 -24"><span class='ocrx_word' id='word_1_489' title='bbox 333 4055 474 4120; x_wconf 47' lang='lat' dir='ltr'><strong>cpi;</strong></span> <span class='ocrx_word' id='word_1_490' title='bbox 510 4051 699 4117; x_wconf 83' lang='grc' dir='ltr'>ἀξίους</span> <span class='ocrx_word' id='word_1_491' title='bbox 728 4055 1014 4126; x_wconf 87' lang='grc' dir='ltr'>κρίναντες</span> <span class='ocrx_word' id='word_1_492' title='bbox 1049 4055 1291 4124; x_wconf 88' lang='grc' dir='ltr'>ἰταμῶς,</span> <span class='ocrx_word' id='word_1_493' title='bbox 1328 4057 1428 4126; x_wconf 78' lang='grc' dir='ltr'>τῆς</span> <span class='ocrx_word' id='word_1_494' title='bbox 1460 4057 1565 4126; x_wconf 73' lang='grc' dir='ltr'><strong>γῆς</strong></span> <span class='ocrx_word' id='word_1_495' title='bbox 1592 4057 1924 4129; x_wconf 83' lang='grc' dir='ltr'>διασχουσης</span> 
     </span>
    </p>
   </div>
   <div class='ocr_carea' id='block_1_72' title="bbox 333 4145 1926 4220">
    <p class='ocr_par' dir='ltr' id='par_1_72' title="bbox 333 4145 1926 4220">
     <span class='ocr_line' id='line_1_72' title="bbox 333 4145 1926 4220; baseline 0.003 -23"><span class='ocrx_word' id='word_1_496' title='bbox 333 4145 646 4198; x_wconf 80' lang='grc' dir='ltr'>κατέδυσαν</span> <span class='ocrx_word' id='word_1_497' title='bbox 677 4148 735 4198; x_wconf 81' lang='grc' dir='ltr'>ὲν</span> <span class='ocrx_word' id='word_1_498' title='bbox 759 4145 837 4217; x_wconf 82' lang='grc' dir='ltr'><strong>τῷ</strong></span> <span class='ocrx_word' id='word_1_499' title='bbox 862 4147 1140 4217; x_wconf 81' lang='grc' dir='ltr'>χάσματι,</span> <span class='ocrx_word' id='word_1_500' title='bbox 1166 4149 1262 4200; x_wconf 75' lang='grc' dir='ltr'>καὶ</span> <span class='ocrx_word' id='word_1_501' title='bbox 1287 4146 1598 4218; x_wconf 71' lang='grc' dir='ltr'>ὑψωθέντες</span> <span class='ocrx_word' id='word_1_502' title='bbox 1616 4152 1683 4220; x_wconf 82' lang='grc' dir='ltr'>τῇ</span> <span class='ocrx_word' id='word_1_503' title='bbox 1713 4150 1926 4220; x_wconf 85' lang='grc' dir='ltr'>διανοίᾳ</span> 
     </span>
    </p>
   </div>
   <div class='ocr_carea' id='block_1_73' title="bbox 332 4237 1922 4313">
    <p class='ocr_par' dir='ltr' id='par_1_73' title="bbox 332 4237 1922 4313">
     <span class='ocr_line' id='line_1_73' title="bbox 332 4237 1922 4313; baseline 0.003 -21"><span class='ocrx_word' id='word_1_504' title='bbox 332 4237 808 4311; x_wconf 68' lang='grc' dir='ltr'>ἐταπεινώθησαν.</span> <span class='ocrx_word' id='word_1_505' title='bbox 839 4241 984 4304; x_wconf 85' lang='grc' dir='ltr'>[Ιρδς</span> <span class='ocrx_word' id='word_1_506' title='bbox 1009 4241 1183 4294; x_wconf 85' lang='grc' dir='ltr'>ταῦτα</span> <span class='ocrx_word' id='word_1_507' title='bbox 1215 4241 1574 4308; x_wconf 78' lang='grc' dir='ltr'>σκοποῦντες,</span> <span class='ocrx_word' id='word_1_508' title='bbox 1617 4243 1922 4313; x_wconf 82' lang='grc' dir='ltr'>ἀγαπητοὶ,</span> 
     </span>
    </p>
   </div>
   <div class='ocr_carea' id='block_1_74' title="bbox 333 4330 1927 4406">
    <p class='ocr_par' dir='ltr' id='par_1_74' title="bbox 333 4330 1927 4406">
     <span class='ocr_line' id='line_1_74' title="bbox 333 4330 1927 4406; baseline 0.003 -22"><span class='ocrx_word' id='word_1_509' title='bbox 333 4330 660 4403; x_wconf 76' lang='grc' dir='ltr'>μετριάζειν</span> <span class='ocrx_word' id='word_1_510' title='bbox 709 4332 1166 4402; x_wconf 82' lang='grc' dir='ltr'>έκπαιδευθῶμεν</span> <span class='ocrx_word' id='word_1_511' title='bbox 1187 4371 1202 4398; x_wconf 90' lang='grc'><strong>,</strong></span> <span class='ocrx_word' id='word_1_512' title='bbox 1233 4333 1330 4386; x_wconf 78' lang='grc' dir='ltr'><strong>καὶ</strong></span> <span class='ocrx_word' id='word_1_513' title='bbox 1362 4334 1436 4404; x_wconf 83' lang='grc' dir='ltr'>μὴ</span> <span class='ocrx_word' id='word_1_514' title='bbox 1459 4333 1672 4401; x_wconf 87' lang='grc' dir='ltr'>ἀλόγως</span> <span class='ocrx_word' id='word_1_515' title='bbox 1700 4334 1927 4406; x_wconf 73' lang='grc' dir='ltr'>ἐπαίρε-</span> 
     </span>
    </p>
   </div>
   <div class='ocr_carea' id='block_1_75' title="bbox 332 4422 1926 4498">
    <p class='ocr_par' dir='ltr' id='par_1_75' title="bbox 332 4422 1926 4498">
     <span class='ocr_line' id='line_1_75' title="bbox 332 4422 1926 4498; baseline 0.003 -23"><span class='ocrx_word' id='word_1_516' title='bbox 332 4422 463 4477; x_wconf 87' lang='grc' dir='ltr'>σθαι</span> <span class='ocrx_word' id='word_1_517' title='bbox 489 4437 509 4454; x_wconf 79' lang='grc'><strong><em>⁸</em></strong></span> <span class='ocrx_word' id='word_1_518' title='bbox 552 4423 628 4493; x_wconf 86' lang='grc' dir='ltr'>μὴ</span> <span class='ocrx_word' id='word_1_519' title='bbox 657 4422 702 4477; x_wconf 89' lang='grc' dir='ltr'>δ’</span> <span class='ocrx_word' id='word_1_520' title='bbox 737 4425 901 4495; x_wconf 80' lang='grc' dir='ltr'>εἴπερ</span> <span class='ocrx_word' id='word_1_521' title='bbox 933 4425 1067 4495; x_wconf 84' lang='grc' dir='ltr'>ήμῖν</span> <span class='ocrx_word' id='word_1_522' title='bbox 1097 4441 1150 4477; x_wconf 90' lang='grc' dir='ltr'><strong>τι</strong></span> <span class='ocrx_word' id='word_1_523' title='bbox 1181 4424 1292 4479; x_wconf 87' lang='grc' dir='ltr'><strong>τῶν</strong></span> <span class='ocrx_word' id='word_1_524' title='bbox 1326 4423 1522 4489; x_wconf 81' lang='grc' dir='ltr'>δεξιῶν</span> <span class='ocrx_word' id='word_1_525' title='bbox 1557 4425 1926 4498; x_wconf 86' lang='grc' dir='ltr'>κεκατώρθω-</span> 
     </span>
    </p>
   </div>
   <div class='ocr_carea' id='block_1_76' title="bbox 2035 3219 3622 3290">
    <p class='ocr_par' dir='ltr' id='par_1_76' title="bbox 2035 3219 3622 3290">
     <span class='ocr_line' id='line_1_76' title="bbox 2035 3219 3622 3290; baseline 0.003 -17"><span class='ocrx_word' id='word_1_526' title='bbox 2035 3219 2418 3273; x_wconf 87' lang='lat' dir='ltr'><strong>miserabiliter</strong></span> <span class='ocrx_word' id='word_1_527' title='bbox 2462 3220 2799 3290; x_wconf 80' lang='lat' dir='ltr'><strong>naulragium</strong></span> <span class='ocrx_word' id='word_1_528' title='bbox 2846 3219 3026 3274; x_wconf 76' lang='lat' dir='ltr'><strong>facere</strong></span> <span class='ocrx_word' id='word_1_529' title='bbox 3074 3222 3220 3276; x_wconf 83' lang='lat' dir='ltr'><strong>visus</strong></span> <span class='ocrx_word' id='word_1_530' title='bbox 3267 3232 3371 3276; x_wconf 86' lang='lat' dir='ltr'><strong>cst.</strong></span> <span class='ocrx_word' id='word_1_531' title='bbox 3417 3222 3622 3288; x_wconf 59' lang='lat' dir='ltr'><strong>Quanto</strong></span> 
     </span>
    </p>
   </div>
   <div class='ocr_carea' id='block_1_77' title="bbox 2033 3311 3615 3382">
    <p class='ocr_par' dir='ltr' id='par_1_77' title="bbox 2033 3311 3615 3382">
     <span class='ocr_line' id='line_1_77' title="bbox 2033 3311 3615 3382; baseline 0.003 -18"><span class='ocrx_word' id='word_1_532' title='bbox 2033 3311 2258 3365; x_wconf 85' lang='lat' dir='ltr'><strong>ohrem?</strong></span> <span class='ocrx_word' id='word_1_533' title='bbox 2286 3331 2304 3364; x_wconf 82' lang='grc' dir='ltr'><strong>ι</strong></span> <span class='ocrx_word' id='word_1_534' title='bbox 2330 3312 2462 3379; x_wconf 86' lang='lat' dir='ltr'><strong>Quia</strong></span> <span class='ocrx_word' id='word_1_535' title='bbox 2490 3315 2666 3367; x_wconf 90' lang='lat' dir='ltr'><strong>omnis</strong></span> <span class='ocrx_word' id='word_1_536' title='bbox 2689 3314 2777 3382; x_wconf 88' lang='lat' dir='ltr'><strong>qui</strong></span> <span class='ocrx_word' id='word_1_537' title='bbox 2811 3327 2868 3367; x_wconf 89' lang='lat' dir='ltr'><strong>se</strong></span> <span class='ocrx_word' id='word_1_538' title='bbox 2895 3312 3097 3368; x_wconf 80' lang='lat' dir='ltr'><strong>ex:tltat</strong></span> <span class='ocrx_word' id='word_1_539' title='bbox 3131 3312 3539 3380; x_wconf 86' lang='lat' dir='ltr'><strong>humiliabitur;</strong></span> <span class='ocrx_word' id='word_1_540' title='bbox 3568 3325 3615 3369; x_wconf 54' lang='lat' dir='ltr'><strong>ei</strong></span> 
     </span>
    </p>
   </div>
   <div class='ocr_carea' id='block_1_78' title="bbox 2033 3405 3624 3472">
    <p class='ocr_par' dir='ltr' id='par_1_78' title="bbox 2033 3405 3624 3472">
     <span class='ocr_line' id='line_1_78' title="bbox 2033 3405 3624 3472; baseline 0.003 -14"><span class='ocrx_word' id='word_1_541' title='bbox 2033 3405 2124 3472; x_wconf 90' lang='lat' dir='ltr'><strong>qui</strong></span> <span class='ocrx_word' id='word_1_542' title='bbox 2169 3420 2228 3460; x_wconf 84' lang='lat' dir='ltr'><strong>se</strong></span> <span class='ocrx_word' id='word_1_543' title='bbox 2274 3406 2563 3472; x_wconf 85' lang='lat' dir='ltr'><strong>humiliat,</strong></span> <span class='ocrx_word' id='word_1_544' title='bbox 2621 3407 3004 3472; x_wconf 21' lang='lat' dir='ltr'><strong>exaltabitur.‘</strong></span> <span class='ocrx_word' id='word_1_545' title='bbox 3035 3427 3053 3460; x_wconf 87' lang='grc'><strong>›</strong></span> <span class='ocrx_word' id='word_1_546' title='bbox 3100 3407 3199 3462; x_wconf 90' lang='lat' dir='ltr'><strong>llic</strong></span> <span class='ocrx_word' id='word_1_547' title='bbox 3235 3407 3362 3462; x_wconf 90' lang='lat' dir='ltr'><strong>mihi</strong></span> <span class='ocrx_word' id='word_1_548' title='bbox 3408 3408 3624 3462; x_wconf 72' lang='lat' dir='ltr'><strong>videtur</strong></span> 
     </span>
    </p>
   </div>
   <div class='ocr_carea' id='block_1_79' title="bbox 2033 3494 3623 3567">
    <p class='ocr_par' dir='ltr' id='par_1_79' title="bbox 2033 3494 3623 3567">
     <span class='ocr_line' id='line_1_79' title="bbox 2033 3494 3623 3567; baseline 0.003 -18"><span class='ocrx_word' id='word_1_549' title='bbox 2033 3494 2452 3563; x_wconf 86' lang='lat' dir='ltr'><strong>descriptionem</strong></span> <span class='ocrx_word' id='word_1_550' title='bbox 2489 3499 2776 3565; x_wconf 80' lang='lat' dir='ltr'><strong>quanulam</strong></span> <span class='ocrx_word' id='word_1_551' title='bbox 2814 3498 2992 3554; x_wconf 89' lang='lat' dir='ltr'><strong>facere</strong></span> <span class='ocrx_word' id='word_1_552' title='bbox 3044 3499 3302 3554; x_wconf 88' lang='lat' dir='ltr'><strong>Dominus</strong></span> <span class='ocrx_word' id='word_1_553' title='bbox 3357 3499 3623 3567; x_wconf 64' lang='lat' dir='ltr'><strong>superbiae</strong></span> 
     </span>
    </p>
   </div>
   <div class='ocr_carea' id='block_1_80' title="bbox 2036 3585 3622 3658">
    <p class='ocr_par' dir='ltr' id='par_1_80' title="bbox 2036 3585 3622 3658">
     <span class='ocr_line' id='line_1_80' title="bbox 2036 3585 3622 3658; baseline 0.004 -21"><span class='ocrx_word' id='word_1_554' title='bbox 2036 3592 2089 3637; x_wconf 89' lang='lat' dir='ltr'><strong>et</strong></span> <span class='ocrx_word' id='word_1_555' title='bbox 2122 3585 2463 3640; x_wconf 75' lang='lat' dir='ltr'><strong>hut&#39;uilitatis.</strong></span> <span class='ocrx_word' id='word_1_556' title='bbox 2503 3587 2570 3640; x_wconf 88' lang='lat' dir='ltr'><strong>Et</strong></span> <span class='ocrx_word' id='word_1_557' title='bbox 2605 3588 2836 3644; x_wconf 75' lang='lat' dir='ltr'><strong>fortasse</strong></span> <span class='ocrx_word' id='word_1_558' title='bbox 2869 3589 3137 3658; x_wconf 88' lang='lat' dir='ltr'><strong>quispiam</strong></span> <span class='ocrx_word' id='word_1_559' title='bbox 3185 3591 3268 3645; x_wconf 91' lang='lat' dir='ltr'><strong>his</strong></span> <span class='ocrx_word' id='word_1_560' title='bbox 3310 3591 3491 3645; x_wconf 82' lang='lat' dir='ltr'><strong>verbis</strong></span> <span class='ocrx_word' id='word_1_561' title='bbox 3520 3591 3622 3646; x_wconf 90' lang='lat' dir='ltr'><strong>im-</strong></span> 
     </span>
    </p>
   </div>
   <div class='ocr_carea' id='block_1_81' title="bbox 2034 3675 3620 3748">
    <p class='ocr_par' dir='ltr' id='par_1_81' title="bbox 2034 3675 3620 3748">
     <span class='ocr_line' id='line_1_81' title="bbox 2034 3675 3620 3748; baseline 0.005 -21"><span class='ocrx_word' id='word_1_562' title='bbox 2034 3675 2219 3745; x_wconf 72' lang='lat' dir='ltr'><strong>pulsus</strong></span> <span class='ocrx_word' id='word_1_563' title='bbox 2269 3677 2486 3730; x_wconf 86' lang='lat' dir='ltr'><strong>inanem</strong></span> <span class='ocrx_word' id='word_1_564' title='bbox 2535 3678 2784 3748; x_wconf 79' lang='lat' dir='ltr'><strong>gloriam,</strong></span> <span class='ocrx_word' id='word_1_565' title='bbox 2833 3683 3200 3736; x_wconf 85' lang='lat' dir='ltr'><strong>reversionem</strong></span> <span class='ocrx_word' id='word_1_566' title='bbox 3249 3682 3314 3736; x_wconf 86' lang='lat' dir='ltr'><strong>ad</strong></span> <span class='ocrx_word' id='word_1_567' title='bbox 3365 3681 3620 3737; x_wconf 86' lang='lat' dir='ltr'><strong>inferiora</strong></span> 
     </span>
    </p>
   </div>
   <div class='ocr_carea' id='block_1_82' title="bbox 2034 3769 3622 3846">
    <p class='ocr_par' dir='ltr' id='par_1_82' title="bbox 2034 3769 3622 3846">
     <span class='ocr_line' id='line_1_82' title="bbox 2034 3769 3622 3846; baseline 0.003 -23"><span class='ocrx_word' id='word_1_568' title='bbox 2034 3784 2154 3823; x_wconf 86' lang='lat' dir='ltr'><strong>esse</strong></span> <span class='ocrx_word' id='word_1_569' title='bbox 2182 3769 2469 3824; x_wconf 80' lang='lat' dir='ltr'><strong>definierit.</strong></span> <span class='ocrx_word' id='word_1_570' title='bbox 2508 3770 2620 3825; x_wconf 90' lang='lat' dir='ltr'><strong>Hoc</strong></span> <span class='ocrx_word' id='word_1_571' title='bbox 2647 3771 2791 3825; x_wconf 90' lang='lat' dir='ltr'><strong>enim</strong></span> <span class='ocrx_word' id='word_1_572' title='bbox 2831 3774 2996 3828; x_wconf 84' lang='lat' dir='ltr'><strong>etiam</strong></span> <span class='ocrx_word' id='word_1_573' title='bbox 3031 3786 3188 3829; x_wconf 87' lang='lat' dir='ltr'><strong>vetus</strong></span> <span class='ocrx_word' id='word_1_574' title='bbox 3216 3774 3441 3829; x_wconf 86' lang='lat' dir='ltr'><strong>historia</strong></span> <span class='ocrx_word' id='word_1_575' title='bbox 3474 3791 3622 3846; x_wconf 83' lang='lat' dir='ltr'><strong>sym-</strong></span> 
     </span>
    </p>
   </div>
   <div class='ocr_carea' id='block_1_83' title="bbox 2032 3862 3624 3938">
    <p class='ocr_par' dir='ltr' id='par_1_83' title="bbox 2032 3862 3624 3938">
     <span class='ocr_line' id='line_1_83' title="bbox 2032 3862 3624 3938; baseline 0.004 -21"><span class='ocrx_word' id='word_1_576' title='bbox 2032 3862 2208 3918; x_wconf 89' lang='lat' dir='ltr'><strong>bolice</strong></span> <span class='ocrx_word' id='word_1_577' title='bbox 2239 3863 2478 3917; x_wconf 82' lang='lat' dir='ltr'><strong>involvit.</strong></span> <span class='ocrx_word' id='word_1_578' title='bbox 2512 3864 2713 3919; x_wconf 84' lang='lat' dir='ltr'><strong>Abiron</strong></span> <span class='ocrx_word' id='word_1_579' title='bbox 2750 3866 2892 3919; x_wconf 89' lang='lat' dir='ltr'><strong>enim</strong></span> <span class='ocrx_word' id='word_1_580' title='bbox 2929 3875 2982 3920; x_wconf 91' lang='lat' dir='ltr'><strong>et</strong></span> <span class='ocrx_word' id='word_1_581' title='bbox 3048 3868 3255 3925; x_wconf 85' lang='lat' dir='ltr'><strong>Dathan</strong></span> <span class='ocrx_word' id='word_1_582' title='bbox 3299 3878 3624 3938; x_wconf 79' lang='lat' dir='ltr'><strong>arroganter</strong></span> 
     </span>
    </p>
   </div>
   <div class='ocr_carea' id='block_1_84' title="bbox 2033 3955 3624 4029">
    <p class='ocr_par' dir='ltr' id='par_1_84' title="bbox 2033 3955 3624 4029">
     <span class='ocr_line' id='line_1_84' title="bbox 2033 3955 3624 4029; baseline 0.003 -19"><span class='ocrx_word' id='word_1_583' title='bbox 2033 3971 2092 4010; x_wconf 90' lang='lat' dir='ltr'><strong>se</strong></span> <span class='ocrx_word' id='word_1_584' title='bbox 2121 3970 2282 4024; x_wconf 87' lang='lat' dir='ltr'><strong>supra</strong></span> <span class='ocrx_word' id='word_1_585' title='bbox 2313 3955 2449 4010; x_wconf 88' lang='lat' dir='ltr'><strong>alios</strong></span> <span class='ocrx_word' id='word_1_586' title='bbox 2472 3957 2785 4022; x_wconf 70' lang='lat' dir='ltr'><strong>efferentes,</strong></span> <span class='ocrx_word' id='word_1_587' title='bbox 2808 3970 2863 4012; x_wconf 91' lang='lat' dir='ltr'><strong>et</strong></span> <span class='ocrx_word' id='word_1_588' title='bbox 2895 3961 3200 4014; x_wconf 88' lang='lat' dir='ltr'><strong>sacerdotio</strong></span> <span class='ocrx_word' id='word_1_589' title='bbox 3230 3961 3418 4029; x_wconf 78' lang='lat' dir='ltr'><strong>dignos</strong></span> <span class='ocrx_word' id='word_1_590' title='bbox 3442 3978 3498 4013; x_wconf 89' lang='lat' dir='ltr'><strong>se</strong></span> <span class='ocrx_word' id='word_1_591' title='bbox 3528 3977 3624 4029; x_wconf 89' lang='lat' dir='ltr'><strong>per</strong></span> 
     </span>
    </p>
   </div>
   <div class='ocr_carea' id='block_1_85' title="bbox 2035 4047 3622 4117">
    <p class='ocr_par' dir='ltr' id='par_1_85' title="bbox 2035 4047 3622 4117">
     <span class='ocr_line' id='line_1_85' title="bbox 2035 4047 3622 4117; baseline 0.003 -16"><span class='ocrx_word' id='word_1_592' title='bbox 2035 4047 2430 4117; x_wconf 83' lang='lat' dir='ltr'><strong>impudentiam</strong></span> <span class='ocrx_word' id='word_1_593' title='bbox 2457 4049 2808 4113; x_wconf 85' lang='lat' dir='ltr'><strong>arbitrantes,</strong></span> <span class='ocrx_word' id='word_1_594' title='bbox 2834 4049 3155 4106; x_wconf 80' lang='lat' dir='ltr'><strong>dehiscente</strong></span> <span class='ocrx_word' id='word_1_595' title='bbox 3177 4061 3316 4104; x_wconf 87' lang='lat' dir='ltr'><strong>terra</strong></span> <span class='ocrx_word' id='word_1_596' title='bbox 3344 4052 3392 4104; x_wconf 93' lang='lat' dir='ltr'><strong>in</strong></span> <span class='ocrx_word' id='word_1_597' title='bbox 3415 4050 3622 4106; x_wconf 88' lang='lat' dir='ltr'><strong>hiatum</strong></span> 
     </span>
    </p>
   </div>
   <div class='ocr_carea' id='block_1_86' title="bbox 2035 4141 3620 4213">
    <p class='ocr_par' dir='ltr' id='par_1_86' title="bbox 2035 4141 3620 4213">
     <span class='ocr_line' id='line_1_86' title="bbox 2035 4141 3620 4213; baseline 0.001 -17"><span class='ocrx_word' id='word_1_598' title='bbox 2035 4141 2344 4207; x_wconf 87' lang='lat' dir='ltr'><strong>subierunt,</strong></span> <span class='ocrx_word' id='word_1_599' title='bbox 2392 4151 2445 4195; x_wconf 92' lang='lat' dir='ltr'><strong>et</strong></span> <span class='ocrx_word' id='word_1_600' title='bbox 2511 4144 2600 4210; x_wconf 85' lang='lat' dir='ltr'><strong>qui</strong></span> <span class='ocrx_word' id='word_1_601' title='bbox 2664 4156 2760 4196; x_wconf 86' lang='lat' dir='ltr'><strong>sua</strong></span> <span class='ocrx_word' id='word_1_602' title='bbox 2822 4143 3153 4213; x_wconf 79' lang='lat' dir='ltr'><strong>cogitatione</strong></span> <span class='ocrx_word' id='word_1_603' title='bbox 3202 4144 3327 4199; x_wconf 88' lang='lat' dir='ltr'><strong>elati</strong></span> <span class='ocrx_word' id='word_1_604' title='bbox 3384 4144 3620 4205; x_wconf 89' lang='lat' dir='ltr'><strong>fuerant.</strong></span> 
     </span>
    </p>
   </div>
   <div class='ocr_carea' id='block_1_87' title="bbox 2035 4234 3625 4308">
    <p class='ocr_par' dir='ltr' id='par_1_87' title="bbox 2035 4234 3625 4308">
     <span class='ocr_line' id='line_1_87' title="bbox 2035 4234 3625 4308; baseline 0.004 -22"><span class='ocrx_word' id='word_1_605' title='bbox 2035 4234 2278 4304; x_wconf 87' lang='lat' dir='ltr'><strong>depressi</strong></span> <span class='ocrx_word' id='word_1_606' title='bbox 2309 4244 2460 4290; x_wconf 89' lang='lat' dir='ltr'><strong>sunt.</strong></span> <span class='ocrx_word' id='word_1_607' title='bbox 2489 4235 2604 4290; x_wconf 87' lang='lat' dir='ltr'><strong>Huc</strong></span> <span class='ocrx_word' id='word_1_608' title='bbox 2629 4236 2870 4290; x_wconf 82' lang='lat' dir='ltr'><strong>animum</strong></span> <span class='ocrx_word' id='word_1_609' title='bbox 2901 4237 3264 4306; x_wconf 87' lang='lat' dir='ltr'><strong>advertentes,</strong></span> <span class='ocrx_word' id='word_1_610' title='bbox 3292 4238 3625 4308; x_wconf 76' lang='lat' dir='ltr'><strong>charissimi,</strong></span> 
     </span>
    </p>
   </div>
   <div class='ocr_carea' id='block_1_88' title="bbox 2033 4330 3619 4406">
    <p class='ocr_par' dir='ltr' id='par_1_88' title="bbox 2033 4330 3619 4406">
     <span class='ocr_line' id='line_1_88' title="bbox 2033 4330 3619 4406; baseline 0.001 -22"><span class='ocrx_word' id='word_1_611' title='bbox 2033 4330 2331 4387; x_wconf 87' lang='lat' dir='ltr'><strong>doceamur</strong></span> <span class='ocrx_word' id='word_1_612' title='bbox 2357 4332 2602 4387; x_wconf 85' lang='lat' dir='ltr'><strong>modeste</strong></span> <span class='ocrx_word' id='word_1_613' title='bbox 2634 4349 2730 4389; x_wconf 92' lang='lat' dir='ltr'><strong>nos</strong></span> <span class='ocrx_word' id='word_1_614' title='bbox 2754 4347 2963 4402; x_wconf 77' lang='lat' dir='ltr'><strong>gerere,</strong></span> <span class='ocrx_word' id='word_1_615' title='bbox 2999 4349 3177 4404; x_wconf 88' lang='lat' dir='ltr'><strong>neque</strong></span> <span class='ocrx_word' id='word_1_616' title='bbox 3210 4350 3371 4406; x_wconf 87' lang='lat' dir='ltr'><strong>supra</strong></span> <span class='ocrx_word' id='word_1_617' title='bbox 3403 4334 3619 4388; x_wconf 72' lang='lat' dir='ltr'><strong>modum</strong></span> 
     </span>
    </p>
   </div>
   <div class='ocr_carea' id='block_1_89' title="bbox 2033 4423 3620 4497">
    <p class='ocr_par' dir='ltr' id='par_1_89' title="bbox 2033 4423 3620 4497">
     <span class='ocr_line' id='line_1_89' title="bbox 2033 4423 3620 4497; baseline 0.001 -20"><span class='ocrx_word' id='word_1_618' title='bbox 2033 4423 2319 4479; x_wconf 81' lang='lat' dir='ltr'><strong>extollere.</strong></span> <span class='ocrx_word' id='word_1_619' title='bbox 2355 4423 2543 4494; x_wconf 74' lang='lat' dir='ltr'><strong>Neque</strong></span> <span class='ocrx_word' id='word_1_620' title='bbox 2580 4425 2626 4480; x_wconf 88' lang='lat' dir='ltr'><strong>si</strong></span> <span class='ocrx_word' id='word_1_621' title='bbox 2665 4426 2793 4496; x_wconf 87' lang='lat' dir='ltr'><strong>quid</strong></span> <span class='ocrx_word' id='word_1_622' title='bbox 2839 4437 2984 4480; x_wconf 85' lang='lat' dir='ltr'><strong>recte</strong></span> <span class='ocrx_word' id='word_1_623' title='bbox 3018 4438 3231 4497; x_wconf 78' lang='lat' dir='ltr'><strong>gestum</strong></span> <span class='ocrx_word' id='word_1_624' title='bbox 3269 4442 3296 4480; x_wconf 90' lang='lat' dir='ltr'><strong>a</strong></span> <span class='ocrx_word' id='word_1_625' title='bbox 3329 4425 3482 4480; x_wconf 89' lang='lat' dir='ltr'><strong>nobis</strong></span> <span class='ocrx_word' id='word_1_626' title='bbox 3516 4437 3620 4492; x_wconf 83' lang='lat' dir='ltr'><strong>est,</strong></span> 
     </span>
    </p>
   </div>
   <div class='ocr_carea' id='block_1_90' title="bbox 327 4515 1925 4592">
    <p class='ocr_par' dir='ltr' id='par_1_90' title="bbox 327 4517 1925 4592">
     <span class='ocr_line' id='line_1_90' title="bbox 327 4517 1925 4592; baseline 0.003 -22"><span class='ocrx_word' id='word_1_627' title='bbox 327 4534 423 4570; x_wconf 86' lang='grc' dir='ltr'><strong>ται</strong></span> <span class='ocrx_word' id='word_1_628' title='bbox 449 4557 464 4581; x_wconf 95' lang='grc'><strong>,</strong></span> <span class='ocrx_word' id='word_1_629' title='bbox 501 4517 594 4570; x_wconf 84' lang='grc' dir='ltr'><strong>διὰ</strong></span> <span class='ocrx_word' id='word_1_630' title='bbox 625 4517 788 4571; x_wconf 78' lang='grc' dir='ltr'>τοῦτο</span> <span class='ocrx_word' id='word_1_631' title='bbox 835 4519 1178 4589; x_wconf 75' lang='grc' dir='ltr'>ὑπερφέρειν</span> <span class='ocrx_word' id='word_1_632' title='bbox 1218 4519 1326 4571; x_wconf 84' lang='grc' dir='ltr'><strong>τῶν</strong></span> <span class='ocrx_word' id='word_1_633' title='bbox 1369 4517 1546 4574; x_wconf 81' lang='grc' dir='ltr'>ἀλλων</span> <span class='ocrx_word' id='word_1_634' title='bbox 1589 4517 1925 4592; x_wconf 72' lang='grc' dir='ltr'>νομίζωμεν.</span> 
     </span>
    </p>
   </div>
   <div class='ocr_carea' id='block_1_91' title="bbox 2036 4515 3620 4592">
    <p class='ocr_par' dir='ltr' id='par_1_91' title="bbox 2037 4515 3620 4586">
     <span class='ocr_line' id='line_1_91' title="bbox 2037 4515 3620 4586; baseline 0.003 -17"><span class='ocrx_word' id='word_1_635' title='bbox 2037 4515 2243 4573; x_wconf 77' lang='lat' dir='ltr'><strong>idcirco</strong></span> <span class='ocrx_word' id='word_1_636' title='bbox 2274 4517 2643 4586; x_wconf 63' lang='lat' dir='ltr'><strong>praeferemlos</strong></span> <span class='ocrx_word' id='word_1_637' title='bbox 2669 4534 2768 4573; x_wconf 86' lang='lat' dir='ltr'><strong>nos</strong></span> <span class='ocrx_word' id='word_1_638' title='bbox 2795 4519 2917 4574; x_wconf 86' lang='lat' dir='ltr'><strong>aliis</strong></span> <span class='ocrx_word' id='word_1_639' title='bbox 2943 4519 3337 4575; x_wconf 78' lang='lat' dir='ltr'><strong>existimemus.</strong></span> <span class='ocrx_word' id='word_1_640' title='bbox 3369 4520 3473 4574; x_wconf 84' lang='lat' dir='ltr'><strong>Sed</strong></span> <span class='ocrx_word' id='word_1_641' title='bbox 3495 4535 3620 4574; x_wconf 90' lang='lat' dir='ltr'><strong>cum</strong></span> 
     </span>
    </p>
   </div>
   <div class='ocr_carea' id='block_1_92' title="bbox 339 4609 1920 4683">
    <p class='ocr_par' dir='ltr' id='par_1_92' title="bbox 339 4609 1920 4683">
     <span class='ocr_line' id='line_1_92' title="bbox 339 4609 1920 4683; baseline 0.004 -22"><span class='ocrx_word' id='word_1_642' title='bbox 339 4609 509 4663; x_wconf 81' lang='grc' dir='ltr'><strong>Ἀλλά</strong></span> <span class='ocrx_word' id='word_1_643' title='bbox 547 4609 942 4682; x_wconf 78' lang='grc' dir='ltr'>κατορθοῦντες</span> <span class='ocrx_word' id='word_1_644' title='bbox 975 4609 1202 4681; x_wconf 67' lang='grc' dir='ltr'>ψάλλειν</span> <span class='ocrx_word' id='word_1_645' title='bbox 1245 4611 1591 4683; x_wconf 87' lang='grc' dir='ltr'>διδαχθῶμεν</span> <span class='ocrx_word' id='word_1_646' title='bbox 1633 4612 1775 4682; x_wconf 86' lang='grc' dir='ltr'><strong>μετά</strong></span> <span class='ocrx_word' id='word_1_647' title='bbox 1825 4612 1920 4667; x_wconf 79' lang='grc' dir='ltr'><strong>τοῦ</strong></span> 
     </span>
    </p>
   </div>
   <div class='ocr_carea' id='block_1_93' title="bbox 326 4701 1922 4775">
    <p class='ocr_par' dir='ltr' id='par_1_93' title="bbox 326 4701 1922 4775">
     <span class='ocr_line' id='line_1_93' title="bbox 326 4701 1922 4775; baseline 0.003 -21"><span class='ocrx_word' id='word_1_648' title='bbox 326 4701 500 4755; x_wconf 77' lang='grc' dir='ltr'>Δαὸίδ</span> <span class='ocrx_word' id='word_1_649' title='bbox 531 4717 545 4732; x_wconf 89' lang='grc'><strong>·</strong></span> <span class='ocrx_word' id='word_1_650' title='bbox 585 4721 604 4754; x_wconf 79' lang='grc' dir='ltr'><strong>ι</strong></span> <span class='ocrx_word' id='word_1_651' title='bbox 642 4703 734 4773; x_wconf 83' lang='grc' dir='ltr'><strong>Μὴ</strong></span> <span class='ocrx_word' id='word_1_652' title='bbox 772 4704 930 4774; x_wconf 80' lang='grc' dir='ltr'>ἡμῖν,</span> <span class='ocrx_word' id='word_1_653' title='bbox 963 4703 1162 4775; x_wconf 83' lang='grc' dir='ltr'>Κύριε,</span> <span class='ocrx_word' id='word_1_654' title='bbox 1199 4704 1279 4774; x_wconf 83' lang='grc' dir='ltr'>μὴ</span> <span class='ocrx_word' id='word_1_655' title='bbox 1312 4706 1469 4774; x_wconf 84' lang='grc' dir='ltr'>ἡμῖν,</span> <span class='ocrx_word' id='word_1_656' title='bbox 1496 4704 1612 4758; x_wconf 87' lang='grc' dir='ltr'>ἀλλ’</span> <span class='ocrx_word' id='word_1_657' title='bbox 1642 4706 1700 4757; x_wconf 85' lang='grc' dir='ltr'><strong>έν</strong></span> <span class='ocrx_word' id='word_1_658' title='bbox 1729 4705 1812 4759; x_wconf 74' lang='grc' dir='ltr'><strong>σοὶ</strong></span> <span class='ocrx_word' id='word_1_659' title='bbox 1833 4704 1922 4768; x_wconf 86' lang='grc' dir='ltr'><strong>δὸς</strong></span> 
     </span>
    </p>
   </div>
   <div class='ocr_carea' id='block_1_94' title="bbox 323 4789 1922 4864">
    <p class='ocr_par' dir='ltr' id='par_1_94' title="bbox 323 4789 1922 4864">
     <span class='ocr_line' id='line_1_94' title="bbox 323 4789 1922 4864; baseline 0.006 -24"><span class='ocrx_word' id='word_1_660' title='bbox 323 4789 462 4860; x_wconf 66' lang='grc' dir='ltr'>ἡμῖν</span> <span class='ocrx_word' id='word_1_661' title='bbox 519 4791 918 4861; x_wconf 77' lang='grc' dir='ltr'>ὲγκαυχᾶσθαι.</span> <span class='ocrx_word' id='word_1_662' title='bbox 982 4810 1002 4844; x_wconf 77' lang='grc' dir='ltr'><strong>ι</strong></span> <span class='ocrx_word' id='word_1_663' title='bbox 1046 4794 1210 4864; x_wconf 84' lang='grc' dir='ltr'><strong>Παρά</strong></span> <span class='ocrx_word' id='word_1_664' title='bbox 1266 4810 1361 4846; x_wconf 88' lang='grc' dir='ltr'><strong>σου</strong></span> <span class='ocrx_word' id='word_1_665' title='bbox 1403 4793 1510 4864; x_wconf 83' lang='grc' dir='ltr'>γὰρ</span> <span class='ocrx_word' id='word_1_666' title='bbox 1568 4812 1586 4846; x_wconf 79' lang='grc' dir='ltr'><strong>ι</strong></span> <span class='ocrx_word' id='word_1_667' title='bbox 1627 4795 1656 4847; x_wconf 87' lang='grc' dir='ltr'>ὁ</span> <span class='ocrx_word' id='word_1_668' title='bbox 1699 4795 1922 4860; x_wconf 76' lang='grc' dir='ltr'>ἔπαινος</span> 
     </span>
    </p>
   </div>
   <div class='ocr_carea' id='block_1_95' title="bbox 324 4883 1920 4962">
    <p class='ocr_par' dir='ltr' id='par_1_95' title="bbox 324 4883 1920 4962">
     <span class='ocr_line' id='line_1_95' title="bbox 324 4883 1920 4962; baseline 0.004 -28"><span class='ocrx_word' id='word_1_669' title='bbox 324 4883 491 4952; x_wconf 70' lang='grc' dir='ltr'>ἡμῶν</span> <span class='ocrx_word' id='word_1_670' title='bbox 539 4884 597 4935; x_wconf 82' lang='grc' dir='ltr'>ὲν</span> <span class='ocrx_word' id='word_1_671' title='bbox 627 4884 898 4957; x_wconf 76' lang='grc' dir='ltr'>ἐκκλησίᾳ</span> <span class='ocrx_word' id='word_1_672' title='bbox 934 4886 1177 4958; x_wconf 82' lang='grc' dir='ltr'>μεγάλῃ,</span> <span class='ocrx_word' id='word_1_673' title='bbox 1219 4906 1238 4940; x_wconf 72' lang='grc' dir='ltr'><strong>ι</strong></span> <span class='ocrx_word' id='word_1_674' title='bbox 1275 4887 1368 4940; x_wconf 85' lang='grc' dir='ltr'>τοῦ</span> <span class='ocrx_word' id='word_1_675' title='bbox 1404 4886 1690 4957; x_wconf 86' lang='grc' dir='ltr'>μέλλοντος</span> <span class='ocrx_word' id='word_1_676' title='bbox 1717 4889 1920 4962; x_wconf 81' lang='grc' dir='ltr'>δηλαδὴ</span> 
     </span>
    </p>
   </div>
   <div class='ocr_carea' id='block_1_96' title="bbox 323 4973 1921 5053">
    <p class='ocr_par' dir='ltr' id='par_1_96' title="bbox 323 4973 1921 5053">
     <span class='ocr_line' id='line_1_96' title="bbox 323 4973 1921 5053; baseline 0.003 -23"><span class='ocrx_word' id='word_1_677' title='bbox 323 4973 550 5038; x_wconf 78' lang='grc' dir='ltr'>αἰῶνος.</span> <span class='ocrx_word' id='word_1_678' title='bbox 579 4975 826 5047; x_wconf 80' lang='grc' dir='ltr'>Ἀληθῶς</span> <span class='ocrx_word' id='word_1_679' title='bbox 841 4981 952 5048; x_wconf 79' lang='grc' dir='ltr'>γὰρ</span> <span class='ocrx_word' id='word_1_680' title='bbox 974 4998 991 5031; x_wconf 81' lang='grc' dir='ltr'><strong>ι</strong></span> <span class='ocrx_word' id='word_1_681' title='bbox 1033 4979 1280 5051; x_wconf 83' lang='grc' dir='ltr'>Καρδίαν</span> <span class='ocrx_word' id='word_1_682' title='bbox 1325 4981 1800 5053; x_wconf 87' lang='grc' dir='ltr'>συντετριμμένην</span> <span class='ocrx_word' id='word_1_683' title='bbox 1825 4982 1921 5036; x_wconf 77' lang='grc' dir='ltr'>καὶ</span> 
     </span>
    </p>
   </div>
   <div class='ocr_carea' id='block_1_97' title="bbox 321 5070 1920 5140">
    <p class='ocr_par' dir='ltr' id='par_1_97' title="bbox 321 5070 1920 5140">
     <span class='ocr_line' id='line_1_97' title="bbox 321 5070 1920 5140; baseline 0.007 -21"><span class='ocrx_word' id='word_1_684' title='bbox 321 5074 816 5140; x_wconf 77' lang='grc' dir='ltr'>τεταπεινωμένην</span> <span class='ocrx_word' id='word_1_685' title='bbox 835 5071 862 5123; x_wconf 93' lang='lat'><strong>6</strong></span> <span class='ocrx_word' id='word_1_686' title='bbox 897 5070 1030 5135; x_wconf 76' lang='grc' dir='ltr'>Θεὸς</span> <span class='ocrx_word' id='word_1_687' title='bbox 1062 5073 1163 5125; x_wconf 84' lang='grc' dir='ltr'><strong>οὐκ</strong></span> <span class='ocrx_word' id='word_1_688' title='bbox 1186 5071 1562 5137; x_wconf 81' lang='grc' dir='ltr'>ὲξουδενώσει,</span> <span class='ocrx_word' id='word_1_689' title='bbox 1586 5092 1605 5125; x_wconf 73' lang='grc' dir='ltr'><strong>ι</strong></span> <span class='ocrx_word' id='word_1_690' title='bbox 1635 5073 1750 5128; x_wconf 82' lang='grc' dir='ltr'>ἀλλ’</span> <span class='ocrx_word' id='word_1_691' title='bbox 1775 5093 1792 5125; x_wconf 83' lang='grc' dir='ltr'><strong>ι</strong></span> <span class='ocrx_word' id='word_1_692' title='bbox 1831 5077 1920 5130; x_wconf 91' lang='grc' dir='ltr'>Ἐν</span> 
     </span>
    </p>
   </div>
   <div class='ocr_carea' id='block_1_98' title="bbox 321 5163 1921 5236">
    <p class='ocr_par' dir='ltr' id='par_1_98' title="bbox 321 5163 1921 5236">
     <span class='ocr_line' id='line_1_98' title="bbox 321 5163 1921 5236; baseline 0.006 -21"><span class='ocrx_word' id='word_1_693' title='bbox 321 5164 391 5232; x_wconf 80' lang='grc' dir='ltr'>τῇ</span> <span class='ocrx_word' id='word_1_694' title='bbox 413 5163 749 5218; x_wconf 83' lang='grc' dir='ltr'>ταπεινώσει</span> <span class='ocrx_word' id='word_1_695' title='bbox 776 5165 1024 5234; x_wconf 79' lang='grc' dir='ltr'>ἐμνήσθη</span> <span class='ocrx_word' id='word_1_696' title='bbox 1044 5165 1202 5236; x_wconf 89' lang='grc' dir='ltr'>ήμῶν</span> <span class='ocrx_word' id='word_1_697' title='bbox 1218 5167 1246 5219; x_wconf 89' lang='lat'><strong>6</strong></span> <span class='ocrx_word' id='word_1_698' title='bbox 1281 5165 1507 5236; x_wconf 84' lang='grc' dir='ltr'>Κύριος.</span> <span class='ocrx_word' id='word_1_699' title='bbox 1545 5186 1564 5220; x_wconf 74' lang='grc' dir='ltr'><strong>ι</strong></span> <span class='ocrx_word' id='word_1_700' title='bbox 1601 5168 1844 5222; x_wconf 83' lang='grc' dir='ltr'>Ἀστεῖον</span> <span class='ocrx_word' id='word_1_701' title='bbox 1864 5169 1921 5224; x_wconf 83' lang='grc' dir='ltr'>δὲ</span> 
     </span>
    </p>
   </div>
   <div class='ocr_carea' id='block_1_99' title="bbox 320 5255 1923 5330">
    <p class='ocr_par' dir='ltr' id='par_1_99' title="bbox 320 5255 1923 5330">
     <span class='ocr_line' id='line_1_99' title="bbox 320 5255 1923 5330; baseline 0.002 -22"><span class='ocrx_word' id='word_1_702' title='bbox 320 5255 554 5308; x_wconf 67' lang='grc' dir='ltr'>κάκεῖνο</span> <span class='ocrx_word' id='word_1_703' title='bbox 596 5255 997 5325; x_wconf 67' lang='grc' dir='ltr'>προσειρῆσθαι</span> <span class='ocrx_word' id='word_1_704' title='bbox 1055 5257 1150 5309; x_wconf 71' lang='grc' dir='ltr'><strong>καὶ</strong></span> <span class='ocrx_word' id='word_1_705' title='bbox 1198 5257 1412 5326; x_wconf 79' lang='grc' dir='ltr'>χαρίεν,</span> <span class='ocrx_word' id='word_1_706' title='bbox 1481 5257 1556 5321; x_wconf 86' lang='grc' dir='ltr'>ὡς</span> <span class='ocrx_word' id='word_1_707' title='bbox 1592 5258 1642 5310; x_wconf 78' lang='grc' dir='ltr'>οἱ</span> <span class='ocrx_word' id='word_1_708' title='bbox 1682 5261 1923 5330; x_wconf 70' lang='grc' dir='ltr'>γεωργοὶ</span> 
     </span>
    </p>
   </div>
   <div class='ocr_carea' id='block_1_100' title="bbox 318 5346 1920 5421">
    <p class='ocr_par' dir='ltr' id='par_1_100' title="bbox 318 5346 1920 5421">
     <span class='ocr_line' id='line_1_100' title="bbox 318 5346 1920 5421; baseline 0.006 -22"><span class='ocrx_word' id='word_1_709' title='bbox 318 5346 453 5408; x_wconf 76' lang='grc' dir='ltr'>τοὺς</span> <span class='ocrx_word' id='word_1_710' title='bbox 509 5347 612 5416; x_wconf 84' lang='grc' dir='ltr'>μὲν</span> <span class='ocrx_word' id='word_1_711' title='bbox 689 5347 843 5401; x_wconf 80' lang='grc' dir='ltr'>κάτω</span> <span class='ocrx_word' id='word_1_712' title='bbox 911 5349 1235 5412; x_wconf 82' lang='grc' dir='ltr'>νενευκότας</span> <span class='ocrx_word' id='word_1_713' title='bbox 1296 5349 1406 5401; x_wconf 85' lang='grc' dir='ltr'><strong>τῶν</strong></span> <span class='ocrx_word' id='word_1_714' title='bbox 1460 5351 1752 5421; x_wconf 81' lang='grc' dir='ltr'>ἀσταχύων</span> <span class='ocrx_word' id='word_1_715' title='bbox 1825 5355 1920 5408; x_wconf 84' lang='grc' dir='ltr'>καὶ</span> 
     </span>
    </p>
   </div>
   <div class='ocr_carea' id='block_1_101' title="bbox 324 5433 1915 5515">
    <p class='ocr_par' dir='ltr' id='par_1_101' title="bbox 324 5433 1915 5515">
     <span class='ocr_line' id='line_1_101' title="bbox 324 5433 1915 5515; baseline 0.005 -24"><span class='ocrx_word' id='word_1_716' title='bbox 324 5438 618 5509; x_wconf 79' lang='grc' dir='ltr'>βρίθοντας</span> <span class='ocrx_word' id='word_1_717' title='bbox 653 5440 827 5493; x_wconf 82' lang='grc' dir='ltr'>πολὺν</span> <span class='ocrx_word' id='word_1_718' title='bbox 858 5439 951 5492; x_wconf 79' lang='grc' dir='ltr'>τὸν</span> <span class='ocrx_word' id='word_1_719' title='bbox 983 5442 1199 5512; x_wconf 83' lang='grc' dir='ltr'>καρπὸν</span> <span class='ocrx_word' id='word_1_720' title='bbox 1235 5433 1432 5513; x_wconf 83' lang='grc' dir='ltr'>φέρειν</span> <span class='ocrx_word' id='word_1_721' title='bbox 1472 5443 1872 5515; x_wconf 85' lang='grc' dir='ltr'>τεκμαίρονται</span> <span class='ocrx_word' id='word_1_722' title='bbox 1902 5463 1915 5478; x_wconf 89' lang='grc'><strong>·</strong></span> 
     </span>
    </p>
   </div>
   <div class='ocr_carea' id='block_1_102' title="bbox 320 5528 1919 5604">
    <p class='ocr_par' dir='ltr' id='par_1_102' title="bbox 320 5528 1919 5604">
     <span class='ocr_line' id='line_1_102' title="bbox 320 5528 1919 5604; baseline 0.006 -22"><span class='ocrx_word' id='word_1_723' title='bbox 320 5528 453 5593; x_wconf 74' lang='grc' dir='ltr'>τοὺς</span> <span class='ocrx_word' id='word_1_724' title='bbox 495 5529 551 5582; x_wconf 78' lang='grc' dir='ltr'>δὲ</span> <span class='ocrx_word' id='word_1_725' title='bbox 611 5529 834 5602; x_wconf 83' lang='grc' dir='ltr'>ὀρθίους</span> <span class='ocrx_word' id='word_1_726' title='bbox 908 5531 1003 5585; x_wconf 78' lang='grc' dir='ltr'>καὶ</span> <span class='ocrx_word' id='word_1_727' title='bbox 1059 5532 1362 5604; x_wconf 87' lang='grc' dir='ltr'>ἀνεμώδεις</span> <span class='ocrx_word' id='word_1_728' title='bbox 1401 5573 1416 5597; x_wconf 91' lang='grc'><strong>,</strong></span> <span class='ocrx_word' id='word_1_729' title='bbox 1481 5533 1752 5598; x_wconf 78' lang='grc' dir='ltr'>ἀλαζόνας</span> <span class='ocrx_word' id='word_1_730' title='bbox 1824 5537 1919 5591; x_wconf 72' lang='grc' dir='ltr'><strong>καὶ</strong></span> 
     </span>
    </p>
   </div>
   <div class='ocr_carea' id='block_1_103' title="bbox 324 5621 1921 5698">
    <p class='ocr_par' dir='ltr' id='par_1_103' title="bbox 324 5621 1921 5698">
     <span class='ocr_line' id='line_1_103' title="bbox 324 5621 1921 5698; baseline 0.004 -24"><span class='ocrx_word' id='word_1_731' title='bbox 324 5622 523 5686; x_wconf 76' lang='grc' dir='ltr'>κενοὺς</span> <span class='ocrx_word' id='word_1_732' title='bbox 581 5621 944 5693; x_wconf 76' lang='grc' dir='ltr'>ὀνομάζουσι.</span> <span class='ocrx_word' id='word_1_733' title='bbox 1015 5624 1125 5677; x_wconf 74' lang='grc' dir='ltr'>Καὶ</span> <span class='ocrx_word' id='word_1_734' title='bbox 1180 5622 1293 5689; x_wconf 83' lang='grc' dir='ltr'><strong>τῶν</strong></span> <span class='ocrx_word' id='word_1_735' title='bbox 1342 5622 1652 5694; x_wconf 89' lang='grc' dir='ltr'>ἀνθρώπων</span> <span class='ocrx_word' id='word_1_736' title='bbox 1705 5627 1756 5679; x_wconf 86' lang='grc' dir='ltr'><strong>οί</strong></span> <span class='ocrx_word' id='word_1_737' title='bbox 1819 5627 1921 5698; x_wconf 84' lang='grc' dir='ltr'><strong>μὲν</strong></span> 
     </span>
    </p>
   </div>
   <div class='ocr_carea' id='block_1_104' title="bbox 387 5802 1460 5877">
    <p class='ocr_par' dir='ltr' id='par_1_104' title="bbox 387 5802 1460 5877">
     <span class='ocr_line' id='line_1_104' title="bbox 387 5802 1460 5877; baseline -0.002 -12"><span class='ocrx_word' id='word_1_738' title='bbox 387 5807 438 5843; x_wconf 89' lang='grc'><strong><em>⁸³</em></strong></span> <span class='ocrx_word' id='word_1_739' title='bbox 472 5805 584 5865; x_wconf 73' lang='lat' dir='ltr'><strong>lea.</strong></span> <span class='ocrx_word' id='word_1_740' title='bbox 632 5821 715 5874; x_wconf 69' lang='grc' dir='ltr'>γι,</span> <span class='ocrx_word' id='word_1_741' title='bbox 761 5802 822 5858; x_wconf 85' lang='lat'><strong>5.</strong></span> <span class='ocrx_word' id='word_1_742' title='bbox 937 5804 982 5837; x_wconf 78' lang='lat'><strong>“</strong></span> <span class='ocrx_word' id='word_1_743' title='bbox 1022 5805 1164 5862; x_wconf 84' lang='lat' dir='ltr'><strong>Psal.</strong></span> <span class='ocrx_word' id='word_1_744' title='bbox 1205 5822 1365 5877; x_wconf 84' lang='lat' dir='ltr'><strong>cxut,</strong></span> <span class='ocrx_word' id='word_1_745' title='bbox 1411 5807 1460 5863; x_wconf 84' lang='grc'><strong>1.</strong></span> 
     </span>
    </p>
   </div>
   <div class='ocr_carea' id='block_1_105' title="bbox 2031 4608 3622 4678">
    <p class='ocr_par' dir='ltr' id='par_1_105' title="bbox 2031 4608 3622 4678">
     <span class='ocr_line' id='line_1_105' title="bbox 2031 4608 3622 4678; baseline 0.002 -16"><span class='ocrx_word' id='word_1_746' title='bbox 2031 4608 2237 4678; x_wconf 89' lang='lat' dir='ltr'><strong>aliquid</strong></span> <span class='ocrx_word' id='word_1_747' title='bbox 2282 4608 2418 4664; x_wconf 89' lang='lat' dir='ltr'><strong>bene</strong></span> <span class='ocrx_word' id='word_1_748' title='bbox 2465 4620 2520 4663; x_wconf 90' lang='lat' dir='ltr'><strong>et</strong></span> <span class='ocrx_word' id='word_1_749' title='bbox 2563 4625 2626 4664; x_wconf 82' lang='lat' dir='ltr'><strong>ex</strong></span> <span class='ocrx_word' id='word_1_750' title='bbox 2675 4608 2877 4663; x_wconf 86' lang='lat' dir='ltr'><strong>virtute</strong></span> <span class='ocrx_word' id='word_1_751' title='bbox 2922 4619 3098 4664; x_wconf 90' lang='lat' dir='ltr'><strong>actum</strong></span> <span class='ocrx_word' id='word_1_752' title='bbox 3137 4627 3164 4662; x_wconf 86' lang='lat' dir='ltr'><strong>a</strong></span> <span class='ocrx_word' id='word_1_753' title='bbox 3199 4610 3352 4664; x_wconf 89' lang='lat' dir='ltr'><strong>nobis</strong></span> <span class='ocrx_word' id='word_1_754' title='bbox 3382 4609 3504 4678; x_wconf 89' lang='lat' dir='ltr'><strong>crit,</strong></span> <span class='ocrx_word' id='word_1_755' title='bbox 3533 4625 3622 4665; x_wconf 83' lang='lat' dir='ltr'><strong>as-</strong></span> 
     </span>
    </p>
   </div>
   <div class='ocr_carea' id='block_1_106' title="bbox 2031 4700 3626 4767">
    <p class='ocr_par' dir='ltr' id='par_1_106' title="bbox 2031 4700 3626 4767">
     <span class='ocr_line' id='line_1_106' title="bbox 2031 4700 3626 4767; baseline 0 -10"><span class='ocrx_word' id='word_1_756' title='bbox 2031 4715 2347 4757; x_wconf 84' lang='lat' dir='ltr'><strong>suescamus</strong></span> <span class='ocrx_word' id='word_1_757' title='bbox 2370 4716 2564 4756; x_wconf 89' lang='lat' dir='ltr'><strong>canere</strong></span> <span class='ocrx_word' id='word_1_758' title='bbox 2595 4717 2718 4754; x_wconf 90' lang='lat' dir='ltr'><strong>cum</strong></span> <span class='ocrx_word' id='word_1_759' title='bbox 2747 4701 2947 4755; x_wconf 83' lang='lat' dir='ltr'><strong>David:</strong></span> <span class='ocrx_word' id='word_1_760' title='bbox 2975 4721 2992 4752; x_wconf 88' lang='grc'><strong><em>‹</em></strong></span> <span class='ocrx_word' id='word_1_761' title='bbox 3027 4700 3143 4755; x_wconf 85' lang='lat' dir='ltr'><strong>Non</strong></span> <span class='ocrx_word' id='word_1_762' title='bbox 3169 4702 3345 4767; x_wconf 91' lang='lat' dir='ltr'><strong>nobis,</strong></span> <span class='ocrx_word' id='word_1_763' title='bbox 3372 4701 3626 4766; x_wconf 71' lang='lat' dir='ltr'><strong>Domine,</strong></span> 
     </span>
    </p>
   </div>
   <div class='ocr_carea' id='block_1_107' title="bbox 2032 4793 3621 4866">
    <p class='ocr_par' dir='ltr' id='par_1_107' title="bbox 2032 4793 3621 4866">
     <span class='ocr_line' id='line_1_107' title="bbox 2032 4793 3621 4866; baseline -0.001 -15"><span class='ocrx_word' id='word_1_764' title='bbox 2032 4811 2138 4851; x_wconf 92' lang='lat' dir='ltr'><strong>non</strong></span> <span class='ocrx_word' id='word_1_765' title='bbox 2173 4795 2349 4861; x_wconf 83' lang='lat' dir='ltr'><strong>nobis,</strong></span> <span class='ocrx_word' id='word_1_766' title='bbox 2388 4795 2480 4850; x_wconf 85' lang='lat' dir='ltr'><strong>sed</strong></span> <span class='ocrx_word' id='word_1_767' title='bbox 2513 4796 2718 4852; x_wconf 86' lang='lat' dir='ltr'><strong>nomini</strong></span> <span class='ocrx_word' id='word_1_768' title='bbox 2769 4804 2860 4849; x_wconf 86' lang='lat' dir='ltr'><strong>tuo</strong></span> <span class='ocrx_word' id='word_1_769' title='bbox 2911 4796 2977 4850; x_wconf 86' lang='lat' dir='ltr'><strong>da</strong></span> <span class='ocrx_word' id='word_1_770' title='bbox 3027 4795 3252 4863; x_wconf 83' lang='lat' dir='ltr'><strong>gloriam</strong></span> <span class='ocrx_word' id='word_1_771' title='bbox 3289 4793 3378 4863; x_wconf 70' lang='grc'><strong>⁸⁶;</strong></span> <span class='ocrx_word' id='word_1_772' title='bbox 3421 4814 3443 4847; x_wconf 68' lang='grc' dir='ltr'><strong>ι</strong></span> <span class='ocrx_word' id='word_1_773' title='bbox 3482 4800 3621 4866; x_wconf 85' lang='lat' dir='ltr'><strong>apud</strong></span> 
     </span>
    </p>
   </div>
   <div class='ocr_carea' id='block_1_108' title="bbox 2032 4886 3638 4958">
    <p class='ocr_par' dir='ltr' id='par_1_108' title="bbox 2032 4886 3638 4958">
     <span class='ocr_line' id='line_1_108' title="bbox 2032 4886 3638 4958; baseline 0.002 -16"><span class='ocrx_word' id='word_1_774' title='bbox 2032 4897 2084 4942; x_wconf 90' lang='lat' dir='ltr'><strong>te</strong></span> <span class='ocrx_word' id='word_1_775' title='bbox 2116 4887 2258 4941; x_wconf 90' lang='lat' dir='ltr'><strong>enim</strong></span> <span class='ocrx_word' id='word_1_776' title='bbox 2288 4926 2303 4953; x_wconf 94' lang='lat'><strong>,</strong></span> <span class='ocrx_word' id='word_1_777' title='bbox 2331 4905 2348 4937; x_wconf 84' lang='grc' dir='ltr'><strong>ι</strong></span> <span class='ocrx_word' id='word_1_778' title='bbox 2375 4886 2518 4942; x_wconf 89' lang='lat' dir='ltr'><strong>Laus</strong></span> <span class='ocrx_word' id='word_1_779' title='bbox 2541 4897 2726 4941; x_wconf 87' lang='lat' dir='ltr'><strong>nostra</strong></span> <span class='ocrx_word' id='word_1_780' title='bbox 2755 4886 2808 4943; x_wconf 90' lang='lat' dir='ltr'><strong>in</strong></span> <span class='ocrx_word' id='word_1_781' title='bbox 2829 4887 3062 4942; x_wconf 88' lang='lat' dir='ltr'><strong>ecclesia</strong></span> <span class='ocrx_word' id='word_1_782' title='bbox 3087 4902 3280 4958; x_wconf 78' lang='lat' dir='ltr'><strong>magna</strong></span> <span class='ocrx_word' id='word_1_783' title='bbox 3302 4887 3376 4953; x_wconf 81' lang='grc'>⁸⁸,</span> <span class='ocrx_word' id='word_1_784' title='bbox 3413 4908 3432 4941; x_wconf 84' lang='grc'><strong>›</strong></span> <span class='ocrx_word' id='word_1_785' title='bbox 3455 4889 3638 4947; x_wconf 86' lang='lat' dir='ltr'><strong>futuri.</strong></span> 
     </span>
    </p>
   </div>
   <div class='ocr_carea' id='block_1_109' title="bbox 2033 4976 3623 5033">
    <p class='ocr_par' dir='ltr' id='par_1_109' title="bbox 2033 4976 3623 5033">
     <span class='ocr_line' id='line_1_109' title="bbox 2033 4976 3623 5033; baseline 0 0"><span class='ocrx_word' id='word_1_786' title='bbox 2033 4978 2244 5033; x_wconf 88' lang='lat' dir='ltr'><strong>scilicet</strong></span> <span class='ocrx_word' id='word_1_787' title='bbox 2297 4977 2501 5032; x_wconf 83' lang='lat' dir='ltr'><strong>saeculi.</strong></span> <span class='ocrx_word' id='word_1_788' title='bbox 2557 4976 2699 5033; x_wconf 84' lang='lat' dir='ltr'><strong>Vere</strong></span> <span class='ocrx_word' id='word_1_789' title='bbox 2774 4979 2916 5032; x_wconf 91' lang='lat' dir='ltr'><strong>enim</strong></span> <span class='ocrx_word' id='word_1_790' title='bbox 2981 4997 3000 5030; x_wconf 71' lang='grc' dir='ltr'><strong>ε</strong></span> <span class='ocrx_word' id='word_1_791' title='bbox 3061 4977 3166 5032; x_wconf 85' lang='lat' dir='ltr'><strong>Cor</strong></span> <span class='ocrx_word' id='word_1_792' title='bbox 3218 4979 3512 5033; x_wconf 90' lang='lat' dir='ltr'><strong>contritum</strong></span> <span class='ocrx_word' id='word_1_793' title='bbox 3568 4989 3623 5033; x_wconf 86' lang='lat' dir='ltr'><strong>et</strong></span> 
     </span>
    </p>
   </div>
   <div class='ocr_carea' id='block_1_110' title="bbox 2034 5069 3621 5139">
    <p class='ocr_par' dir='ltr' id='par_1_110' title="bbox 2034 5069 3621 5139">
     <span class='ocr_line' id='line_1_110' title="bbox 2034 5069 3621 5139; baseline 0 -15"><span class='ocrx_word' id='word_1_794' title='bbox 2034 5069 2376 5124; x_wconf 89' lang='lat' dir='ltr'><strong>humiliatum</strong></span> <span class='ocrx_word' id='word_1_795' title='bbox 2423 5085 2532 5123; x_wconf 89' lang='lat' dir='ltr'><strong>non</strong></span> <span class='ocrx_word' id='word_1_796' title='bbox 2570 5069 2833 5139; x_wconf 86' lang='lat' dir='ltr'><strong>despiciet</strong></span> <span class='ocrx_word' id='word_1_797' title='bbox 2871 5069 3014 5126; x_wconf 86' lang='lat' dir='ltr'><strong>Deus</strong></span> <span class='ocrx_word' id='word_1_798' title='bbox 3047 5069 3126 5135; x_wconf 67' lang='lat'><strong>8‘;</strong></span> <span class='ocrx_word' id='word_1_799' title='bbox 3161 5070 3254 5125; x_wconf 90' lang='lat' dir='ltr'><strong>sed</strong></span> <span class='ocrx_word' id='word_1_800' title='bbox 3295 5088 3312 5121; x_wconf 84' lang='grc' dir='ltr'><strong>ι</strong></span> <span class='ocrx_word' id='word_1_801' title='bbox 3345 5071 3406 5124; x_wconf 84' lang='lat' dir='ltr'><strong>In</strong></span> <span class='ocrx_word' id='word_1_802' title='bbox 3439 5072 3621 5125; x_wconf 88' lang='lat' dir='ltr'><strong>humi-</strong></span> 
     </span>
    </p>
   </div>
   <div class='ocr_carea' id='block_1_111' title="bbox 2033 5163 3619 5220">
    <p class='ocr_par' dir='ltr' id='par_1_111' title="bbox 2033 5163 3619 5220">
     <span class='ocr_line' id='line_1_111' title="bbox 2033 5163 3619 5220; baseline 0.001 -2"><span class='ocrx_word' id='word_1_803' title='bbox 2033 5163 2184 5219; x_wconf 88' lang='lat' dir='ltr'><strong>litate</strong></span> <span class='ocrx_word' id='word_1_804' title='bbox 2222 5163 2482 5218; x_wconf 84' lang='lat' dir='ltr'><strong>Dominus</strong></span> <span class='ocrx_word' id='word_1_805' title='bbox 2515 5179 2724 5217; x_wconf 89' lang='lat' dir='ltr'><strong>memor</strong></span> <span class='ocrx_word' id='word_1_806' title='bbox 2776 5163 2877 5216; x_wconf 91' lang='lat' dir='ltr'><strong>fuit</strong></span> <span class='ocrx_word' id='word_1_807' title='bbox 2927 5163 3098 5218; x_wconf 85' lang='lat' dir='ltr'><strong>nostri</strong></span> <span class='ocrx_word' id='word_1_808' title='bbox 3148 5164 3219 5220; x_wconf 83' lang='lat'><strong>&quot;.</strong></span> <span class='ocrx_word' id='word_1_809' title='bbox 3257 5183 3275 5215; x_wconf 78' lang='grc' dir='ltr'><strong>ι</strong></span> <span class='ocrx_word' id='word_1_810' title='bbox 3309 5164 3619 5220; x_wconf 87' lang='lat' dir='ltr'><strong>Jucundum</strong></span> 
     </span>
    </p>
   </div>
   <div class='ocr_carea' id='block_1_112' title="bbox 2034 5253 3622 5327">
    <p class='ocr_par' dir='ltr' id='par_1_112' title="bbox 2034 5253 3622 5327">
     <span class='ocr_line' id='line_1_112' title="bbox 2034 5253 3622 5327; baseline 0.001 -19"><span class='ocrx_word' id='word_1_811' title='bbox 2034 5269 2196 5325; x_wconf 88' lang='lat' dir='ltr'><strong>porro</strong></span> <span class='ocrx_word' id='word_1_812' title='bbox 2224 5254 2351 5318; x_wconf 89' lang='lat' dir='ltr'><strong>erit,</strong></span> <span class='ocrx_word' id='word_1_813' title='bbox 2382 5264 2436 5309; x_wconf 89' lang='lat' dir='ltr'><strong>et</strong></span> <span class='ocrx_word' id='word_1_814' title='bbox 2467 5253 2597 5309; x_wconf 93' lang='lat' dir='ltr'><strong>illud</strong></span> <span class='ocrx_word' id='word_1_815' title='bbox 2635 5254 2795 5308; x_wconf 91' lang='lat' dir='ltr'><strong>dictis</strong></span> <span class='ocrx_word' id='word_1_816' title='bbox 2826 5255 3147 5324; x_wconf 79' lang='lat' dir='ltr'><strong>adjungere,</strong></span> <span class='ocrx_word' id='word_1_817' title='bbox 3191 5256 3334 5324; x_wconf 93' lang='lat' dir='ltr'><strong>quod</strong></span> <span class='ocrx_word' id='word_1_818' title='bbox 3371 5258 3622 5327; x_wconf 75' lang='lat' dir='ltr'><strong>agricola:</strong></span> 
     </span>
    </p>
   </div>
   <div class='ocr_carea' id='block_1_113' title="bbox 2029 5347 3619 5419">
    <p class='ocr_par' dir='ltr' id='par_1_113' title="bbox 2029 5347 3619 5419">
     <span class='ocr_line' id='line_1_113' title="bbox 2029 5347 3619 5419; baseline -0.002 -18"><span class='ocrx_word' id='word_1_819' title='bbox 2029 5362 2168 5418; x_wconf 90' lang='lat' dir='ltr'><strong>quas</strong></span> <span class='ocrx_word' id='word_1_820' title='bbox 2195 5347 2374 5416; x_wconf 83' lang='lat' dir='ltr'><strong>spicas</strong></span> <span class='ocrx_word' id='word_1_821' title='bbox 2396 5363 2507 5416; x_wconf 64' lang='lat' dir='ltr'><strong>prae</strong></span> <span class='ocrx_word' id='word_1_822' title='bbox 2529 5361 2695 5401; x_wconf 89' lang='lat' dir='ltr'><strong>onere</strong></span> <span class='ocrx_word' id='word_1_823' title='bbox 2727 5347 2966 5402; x_wconf 86' lang='lat' dir='ltr'><strong>viderint</strong></span> <span class='ocrx_word' id='word_1_824' title='bbox 2990 5357 3276 5419; x_wconf 77' lang='lat' dir='ltr'><strong>vergentes</strong></span> <span class='ocrx_word' id='word_1_825' title='bbox 3301 5350 3355 5404; x_wconf 86' lang='lat' dir='ltr'><strong>in</strong></span> <span class='ocrx_word' id='word_1_826' title='bbox 3393 5362 3619 5416; x_wconf 76' lang='lat' dir='ltr'><strong>terram,</strong></span> 
     </span>
    </p>
   </div>
   <div class='ocr_carea' id='block_1_114' title="bbox 2030 5439 3616 5510">
    <p class='ocr_par' dir='ltr' id='par_1_114' title="bbox 2030 5439 3616 5510">
     <span class='ocr_line' id='line_1_114' title="bbox 2030 5439 3616 5510; baseline -0.001 -14"><span class='ocrx_word' id='word_1_827' title='bbox 2030 5441 2254 5497; x_wconf 90' lang='lat' dir='ltr'><strong>uberem</strong></span> <span class='ocrx_word' id='word_1_828' title='bbox 2307 5439 2545 5494; x_wconf 86' lang='lat' dir='ltr'><strong>fructum</strong></span> <span class='ocrx_word' id='word_1_829' title='bbox 2597 5440 2858 5496; x_wconf 85' lang='lat' dir='ltr'><strong>allaturas</strong></span> <span class='ocrx_word' id='word_1_830' title='bbox 2912 5457 3034 5496; x_wconf 90' lang='lat' dir='ltr'><strong>esse</strong></span> <span class='ocrx_word' id='word_1_831' title='bbox 3088 5445 3420 5509; x_wconf 82' lang='lat' dir='ltr'><strong>coniiciunt;</strong></span> <span class='ocrx_word' id='word_1_832' title='bbox 3481 5457 3616 5510; x_wconf 88' lang='lat' dir='ltr'><strong>quas</strong></span> 
     </span>
    </p>
   </div>
   <div class='ocr_carea' id='block_1_115' title="bbox 2029 5533 3614 5608">
    <p class='ocr_par' dir='ltr' id='par_1_115' title="bbox 2029 5533 3614 5608">
     <span class='ocr_line' id='line_1_115' title="bbox 2029 5533 3614 5608; baseline -0.003 -21"><span class='ocrx_word' id='word_1_833' title='bbox 2029 5547 2162 5589; x_wconf 90' lang='lat' dir='ltr'><strong>vero</strong></span> <span class='ocrx_word' id='word_1_834' title='bbox 2204 5542 2383 5588; x_wconf 87' lang='lat' dir='ltr'><strong>rectas</strong></span> <span class='ocrx_word' id='word_1_835' title='bbox 2415 5539 2561 5587; x_wconf 87' lang='lat' dir='ltr'><strong>stare</strong></span> <span class='ocrx_word' id='word_1_836' title='bbox 2594 5546 2657 5587; x_wconf 88' lang='lat' dir='ltr'><strong>ac</strong></span> <span class='ocrx_word' id='word_1_837' title='bbox 2695 5533 2854 5608; x_wconf 77' lang='lat'><strong>100</strong></span> <span class='ocrx_word' id='word_1_838' title='bbox 2886 5535 3061 5588; x_wconf 89' lang='lat' dir='ltr'><strong>ventis</strong></span> <span class='ocrx_word' id='word_1_839' title='bbox 3093 5533 3376 5597; x_wconf 83' lang='lat' dir='ltr'><strong>obnoxias,</strong></span> <span class='ocrx_word' id='word_1_840' title='bbox 3427 5545 3614 5600; x_wconf 85' lang='lat' dir='ltr'><strong>super-</strong></span> 
     </span>
    </p>
   </div>
   <div class='ocr_carea' id='block_1_116' title="bbox 2031 5607 3612 5695">
    <p class='ocr_par' dir='ltr' id='par_1_116' title="bbox 2031 5607 3612 5695">
     <span class='ocr_line' id='line_1_116' title="bbox 2031 5607 3612 5695; baseline -0.004 -13"><span class='ocrx_word' id='word_1_841' title='bbox 2031 5626 2126 5682; x_wconf 87' lang='lat' dir='ltr'><strong>bas</strong></span> <span class='ocrx_word' id='word_1_842' title='bbox 2156 5634 2210 5681; x_wconf 88' lang='lat' dir='ltr'><strong>et</strong></span> <span class='ocrx_word' id='word_1_843' title='bbox 2264 5626 2455 5681; x_wconf 84' lang='lat' dir='ltr'><strong>inanes</strong></span> <span class='ocrx_word' id='word_1_844' title='bbox 2503 5634 2718 5681; x_wconf 82' lang='lat' dir='ltr'><strong>vocant.</strong></span> <span class='ocrx_word' id='word_1_845' title='bbox 2755 5607 2847 5682; x_wconf 64' lang='lat' dir='ltr'><strong>sui</strong></span> <span class='ocrx_word' id='word_1_846' title='bbox 2890 5635 2942 5682; x_wconf 90' lang='lat' dir='ltr'><strong>et</strong></span> <span class='ocrx_word' id='word_1_847' title='bbox 2982 5625 3260 5680; x_wconf 86' lang='lat' dir='ltr'><strong>hominum</strong></span> <span class='ocrx_word' id='word_1_848' title='bbox 3299 5623 3612 5695; x_wconf 83' lang='lat' dir='ltr'><strong>quicunque</strong></span> 
     </span>
    </p>
   </div>
   <div class='ocr_carea' id='block_1_117' title="bbox 1537 5809 3286 5882">
    <p class='ocr_par' dir='ltr' id='par_1_117' title="bbox 1537 5809 3286 5882">
     <span class='ocr_line' id='line_1_117' title="bbox 1537 5809 3286 5882; baseline 0.002 -16"><span class='ocrx_word' id='word_1_849' title='bbox 1537 5809 1584 5842; x_wconf 82' lang='grc'><strong>⁸⁸</strong></span> <span class='ocrx_word' id='word_1_850' title='bbox 1624 5809 1768 5868; x_wconf 84' lang='lat' dir='ltr'><strong>Psal.</strong></span> <span class='ocrx_word' id='word_1_851' title='bbox 1813 5825 1927 5878; x_wconf 75' lang='lat' dir='ltr'><strong>xu,</strong></span> <span class='ocrx_word' id='word_1_852' title='bbox 1963 5809 2054 5868; x_wconf 77' lang='lat'><strong>26.</strong></span> <span class='ocrx_word' id='word_1_853' title='bbox 2132 5810 2180 5844; x_wconf 81' lang='grc'><strong>⁸⁸</strong></span> <span class='ocrx_word' id='word_1_854' title='bbox 2220 5809 2365 5869; x_wconf 78' lang='lat' dir='ltr'><strong>Psal.</strong></span> <span class='ocrx_word' id='word_1_855' title='bbox 2407 5829 2460 5882; x_wconf 82' lang='grc' dir='ltr'><strong>ι,</strong></span> <span class='ocrx_word' id='word_1_856' title='bbox 2505 5812 2593 5869; x_wconf 69' lang='lat' dir='ltr'><strong>t9.</strong></span> <span class='ocrx_word' id='word_1_857' title='bbox 2673 5812 2718 5846; x_wconf 80' lang='grc'>⁸⁷</span> <span class='ocrx_word' id='word_1_858' title='bbox 2756 5809 2904 5868; x_wconf 82' lang='lat' dir='ltr'><strong>Psal.</strong></span> <span class='ocrx_word' id='word_1_859' title='bbox 2944 5821 3148 5876; x_wconf 79' lang='lat' dir='ltr'><strong>cxxxv,</strong></span> <span class='ocrx_word' id='word_1_860' title='bbox 3186 5809 3286 5869; x_wconf 73' lang='lat'><strong>27.</strong></span> 
     </span>
    </p>
   </div>
  </div>
