4024 6452
348 352 451 415 3Π

1742 347 2081 410 HOMlLlA
2121 348 2311 410 XVII.

3527 354 3637 420 378

357 460 566 527 Ἠλιοῦ,
612 461 720 517 κᾶν
751 459 958 528 Πέτρος
989 475 1100 512 των
1155 457 1418 530 μαθητῶν
1469 460 1502 532 ἡ
1556 459 1805 532 κρηπίς;
1843 460 1932 524 Τίς

2045 455 2388 528 praeteririt;
2425 475 2444 510 ι
2502 455 2625 526 quis
2686 457 2883 514 audeat
2919 456 3123 523 dicere,
3173 458 3338 514 etiam
3373 461 3419 516 si
3465 461 3638 518 Abra-

342 553 523 618 οὗτως
561 552 772 623 ὑψηλὸς
827 550 924 605 καὶ
961 551 1321 623 μεγαλοφυὴς
1356 553 1436 621 τῷ
1479 555 1821 625 φρονήματι,
1860 552 1936 616 ὡς

347 646 499 700 κατᾶ
535 630 596 698 τε
642 645 901 714 αἴσθησιν
953 644 1051 698 καὶ
1123 645 1364 699 διάνοιαν
1409 645 1516 712 ἔξω
1552 646 1810 714 γενέσθαι
1841 647 1935 700 τοῦ

345 737 494 790 κατᾶ
521 735 725 789 κακίαν
749 734 1131 804 μολύσματοςς
1163 735 1258 798 Τίς
1281 737 1638 807 καυχήσεται.
1675 735 1814 791 κατὰ
1837 737 1937 806 τὴν

344 827 678 896 παροιμίαν,
714 826 880 888 ἁγίαν
913 825 1058 896 ἔχειν
1109 826 1372 896 καρδίαν;
1421 827 1516 890 Τίς
1557 827 1797 898 καθαρὸς
1831 829 1937 882 ἀπὸ

349 918 559 988 ῥύπου,
589 918 666 980 ὡς
722 915 1066 987 μαρτύρεται
1111 917 1268 983 Ἰὡ6;
1309 919 1424 971 Οὐκ
1461 919 1609 972 ἴσασι
1656 919 1839 986 λέγειν
1887 919 1935 972 οξ

341 1010 550 1062 δὲκαιοι
588 1022 602 1036 ·
646 1026 664 1059 t
699 1006 834 1060 Οὺδέ
872 1007 1003 1060 ποτέ
1036 1004 1128 1060 σου
1166 1007 1392 1078 ἐντολὴν
1427 1007 1698 1078 παρέϐην.
1731 1025 1748 1058 ι
1794 1007 1935 1060 Ἀλλ’

338 1104 368 1152 ὁ
416 1101 518 1170 μὲν
563 1099 848 1169 Ἀϐραάμ·
892 1117 911 1150 ι
971 1099 1114 1163 Ἐγὼ
1143 1099 1201 1153 δέ
1232 1101 1346 1168 εἰμι
1396 1103 1468 1170 γῆ
1521 1099 1619 1152 καὶ
1656 1099 1868 1162 σποδός.
1912 1117 1930 1150 1

353 1193 417 1245 Ὅ
452 1193 510 1246 δὲ
539 1192 701 1246 Δαῦίδ
743 1207 758 1222 ·
811 1210 829 1242 t
879 1193 947 1246 Ai
992 1192 1218 1263 ἀνομίαι
1255 1210 1357 1262 μου
1395 1192 1810 1263 ὑπερῆρανίτὴν
1841 1209 1938 1244 κε-

341 1286 529 1356 φαλήν
555 1301 678 1354 μου.
717 1303 736 1336 ι
774 1283 976 1349 Ἰσαῖας
1005 1301 1021 1316 ο
1065 1303 1083 1336 t
1121 1285 1187 1336 Ὢ
1213 1284 1382 1347 τάλας
1410 1282 1544 1352 ἐγὼ,
1575 1285 1657 1337 ὅτι
1690 1283 1936 1353 ἀκάθαρ-

338 1397 410 1432 τα
447 1377 604 1450 χείλη
637 1379 766 1447 ἔχω.
800 1395 819 1429 s
862 1378 925 1430 Οἱ
959 1377 1088 1448 περὶ
1122 1376 1216 1430 τὸν
1254 1376 1518 1447 Ἀζαρίαν
1540 1377 1687 1445 ἂγιοι
1723 1377 1932 1438 παῖδες

349 1489 368 1522 s
418 1470 561 1525 Οὐδὲ
629 1469 1115 1542 συνετηρήσαμεν,
1170 1469 1293 1524 οὐδὲ
1347 1470 1692 1540 ἐποιήσαμεν
1754 1470 1937 1533 καθὼς

341 1561 600 1615 ἔνετείλω
632 1561 786 1630 ἡμῖν.
832 1577 850 1611 ι
903 1559 1164 1630 Ἰωάννης
1195 1559 1254 1613 δὲ
1283 1559 1312 1612 ὁ
1346 1559 1620 1632 παρθένος
1670 1561 1763 1614 καὶ
1802 1560 1932 1612 θεο-

342 1653 529 1721 λόγος,
565 1653 594 1706 ὁ
621 1652 876 1716 τοσοῦτος
907 1653 1008 1722 τὴν
1061 1653 1416 1724 καθαρότητα
1459 1653 1556 1707 καὶ
1599 1653 1700 1720 τὴν
1739 1653 1935 1720 λοιπὴν

346 1746 560 1816 ἀρετὴν
584 1787 599 1811 ,
635 1747 937 1819 διαῤῥήδην
969 1745 1116 1800 οὕτω
1146 1739 1247 1817 βοᾷ
1279 1763 1294 1776 ·
1337 1765 1357 1799 ‹
1396 1748 1497 1799 Ἀν
1532 1747 1800 1816 εἴπωμεν,
1851 1745 1934 1822 ὅτι

2048 551 2196 616 llam,
2237 551 2477 606 etiamsi
2520 549 2768 616 Samuel,
2815 552 2901 606 vel
2927 551 3094 616 Elius,
3133 552 3212 606 vel
3239 551 3432 608 Petrus
3475 556 3642 609 disci-

2047 644 2298 716 pulorum
2351 644 2650 713 princeps?
2685 643 2820 710 Quis
2862 653 2972 697 tam
3013 645 3230 700 excelsa
3263 647 3378 715 (88)
3415 663 3641 716 magna.

2047 751 2154 804 que
2190 745 2413 798 mente,
2469 747 2634 800 atque
2695 735 2926 789 (cnsilio
2978 744 3142 789 natus
3192 747 3316 799 est,
3362 739 3516 807 cujus
3587 748 3642 792 et

2048 843 2243 882 sensus
2274 870 2288 893 ,
2329 838 2381 879 et.
2429 807 2689 896 cogitatio
2721 831 2788 880 ab
2815 829 2962 881 omni
3013 828 3220 881 macula
3258 830 3428 898 culpa:
3461 831 3530 883 sit
3576 830 3641 884 li-

2048 920 2229 974 bera?
2264 919 2420 987 Quis,
2449 919 2604 989 juxta
2639 921 2985 988 proverbium
3018 922 3065 952 ’⁸
3092 959 3108 985 ,
3145 921 3366 988 gloriari
3418 924 3639 990 poterit,

2056 1013 2318 1066 tuundttm
2357 1027 2414 1066 se
2440 1028 2537 1065 cor
2564 1011 2806 1066 habere?
2841 1011 2962 1080 quis
2999 1013 3231 1066 mundus
3261 1028 3290 1066 a
3344 1014 3508 1066 sorde
3535 1054 3547 1073 ,
3584 1023 3644 1066 ut

2048 1112 2280 1159 testatur
2310 1103 2413 1158 Job
2469 1105 2514 1137 θ’
2547 1105 2570 1159 ?
2607 1104 2724 1158 Non
2775 1105 2858 1157 sic
2878 1103 3025 1172 loqui
3075 1103 3204 1170 justi
3257 1105 3431 1157 sciunt
3480 1103 3638 1176 (89):

2053 1215 2071 1248 ‹
2135 1195 2422 1266 Nunquam
2479 1196 2792 1249 mandatum
2851 1203 3000 1248 tuum
3063 1198 3389 1264 praeteriri;
3451 1215 3470 1248 ι
3545 1198 3640 1251 sed

2044 1287 2319 1342 Abraham
2352 1287 2614 1357 quidem:
2652 1305 2671 1338 ι
2711 1286 2822 1355 Ego
2846 1286 3022 1355 pulvis
3079 1296 3132 1341 et
3169 1287 3303 1340 ciuis
3343 1303 3461 1340 sum
3496 1289 3574 1354 ⁹⁸;
3613 1308 3632 1341 ι

2046 1379 2218 1434 David
2251 1395 2384 1435 vero
2425 1397 2446 1451 ε
2487 1397 2505 1432 ι
2548 1379 2872 1447 lniquitates
2921 1394 3055 1433 mea:
3101 1394 3466 1448 supergressa!
3515 1387 3644 1432 sunt

2043 1481 2204 1540 caput
2235 1486 2414 1526 meum
2445 1473 2529 1536 ”;
2569 1490 2585 1522 ι
2620 1471 2784 1525 Isaias
2839 1471 3004 1524 ctiam
3035 1487 3047 1523 :
3092 1489 3110 1521 ι
3143 1470 3330 1523 Infelix
3364 1484 3484 1538 ego,
3513 1470 3641 1537 quia

2043 1565 2285 1635 pollutus
2315 1563 2474 1618 labiis
2529 1578 2649 1618 sum
2682 1563 2696 1593 ¹
2727 1578 2741 1626 ;
2784 1581 2801 1614 ι
2837 1572 2892 1616 et
2926 1561 3097 1616 sancti
3133 1576 3254 1615 cum
3288 1561 3480 1614 Azaria
3525 1558 3636 1626 (90)

2045 1657 2199 1724 pueri
2226 1657 2247 1688 ²
2287 1676 2299 1712 :
2352 1675 2370 1707 ι
2409 1655 2521 1710 Nec
2553 1655 2971 1710 observavimus
2996 1694 3010 1718 ,
3069 1669 3170 1708 nec
3225 1653 3458 1707 fecimus
3489 1652 3636 1716 juxta

2045 1765 2109 1804 ac
2158 1748 2463 1817 przecepisti
2513 1748 2694 1802 nobis.
2735 1765 2752 1798 ι
2811 1744 3052 1800 Joannes
3105 1761 3234 1798 vero
3275 1755 3329 1799 et
3380 1739 3556 1814 virgo,
3588 1753 3644 1799 et

344 1837 632 1910 ἁμαρτίαν
666 1839 767 1892 οὐκ
796 1838 1019 1909 ἔχομεν,
1055 1839 1286 1901 ἑαυτοὺς
1312 1839 1640 1910 ἀπατῶμεν,
1677 1844 1772 1891 καὶ
1803 1838 1932 1907 ἀλή-

2043 1846 2346 1917 tlteolngus,
2373 1845 2462 1913 qui
2493 1852 2543 1898 et
2574 1844 2836 1910 puritate,
2860 1852 2913 1896 et
2958 1841 3172 1896 caeteris
3197 1841 3490 1895 virtutibus
3519 1852 3642 1892 tan-

345 1931 470 1986 θεια
521 1933 580 1986 ὲν
625 1933 759 2001 ἡμῖν
801 1931 903 1984 οὐκ
955 1930 1124 1984 ἔστιν·
1169 1950 1187 1983 1
1234 1931 1356 1983 Ὅτι
1389 1932 1443 1983 δὲ
1481 1932 1576 1984 κα)⁸
1625 1930 1695 1983 δι’
1735 1929 1932 1984 ἑαυτοῦ

344 2022 524 2076 ταῦτα
567 2023 740 2092 λέγει,
799 2023 895 2077 καὶ
945 2022 1008 2075 οὐ
1065 2022 1517 2093 ταπεινοφρονῶν
1572 2023 1734 2092 μόνον
1762 2064 1777 2085 ,
1812 2022 1931 2075 ἀλλ’

344 2113 658 2202 ἀληρεύων,
679 2114 878 2179 ἔδειξεν
905 2118 938 2186 ὴ
964 2115 1362 2187 ὲνΚαρθαγένῃ
1382 2116 1512 2184 ἁγία
1538 2115 1774 2182 σύνοδος,
1795 2118 1934 2169 ἀνα·

345 2206 553 2277 θέματι
578 2207 928 2262 ὑποϐαλοῦσα
957 2209 1084 2271 τοὺς
1109 2209 1184 2278 μὴ
1215 2209 1389 2270 οὕτως
1417 2208 1936 2278 ὲκλαμὸανομένους

341 2301 448 2365 τὰς
486 2300 599 2355 τῶν
635 2302 806 2370 ἁγίων
838 2301 1046 2371 φωνὰς,
1079 2302 1195 2357 ἀλλ’
1229 2303 1513 2371 οἰομένους
1546 2304 1610 2355 ὲκ
1645 2302 1816 2372 μόνης
1838 2319 1936 2355 τα-

343 2394 786 2468 πεινοφροσύνης
823 2394 996 2450 ταῦτα
1052 2394 1255 2449 λαλεῖν.
1306 2395 1450 2447 Ἀλλ’
1496 2395 1529 2464 ἡ
1577 2395 1728 2467 φωνὴ
1768 2395 1932 2465 αὕτη,

418 2557 468 2589 ’⁸
497 2553 658 2609 Prov.
702 2570 754 2611 ι.
790 2554 845 2610 9.

346 2626 370 2656 '
403 2627 546 2682 Dan.
591 2625 782 2691 111,30.
860 2627 880 2659 ³
915 2623 1117 2681 lJoau.
1152 2643 1205 2691 1,
1238 2624 1292 2680 8.

958 2557 1004 2588 "
1041 2554 1137 2610 Job
1181 2557 1270 2616 Η,
1323 2555 1388 2624 4;
1423 2571 1550 2623 xxv,
1588 2557 1656 2614 ’4.
1733 2557 1780 2591 ’⁸
1825 2558 1964 2613 Gen.
2011 2572 2185 2623 XVIII,
2226 2556 2318 2611 ‘27.

2043 1948 2156 1994 tum
2186 1948 2432 2007 praestat,
2463 1939 2534 1991 ita
2587 1937 2872 1991 manifeste
2898 1936 3097 1989 clamat
3125 1953 3138 1992 :
3171 1953 3189 1986 ι
3231 1933 3287 1988 Si
3316 1935 3638 1997 dixerimus,

2042 2030 2304 2100 quoniam
2332 2037 2612 2096 peccatum
2641 2044 2742 2080 nou
2771 2027 3054 2091 habemus,
3075 2025 3178 2095 ipsi
3201 2038 3300 2078 nos
3327 2025 3642 2077 seducimus

2036 2129 2090 2177 et
2112 2121 2318 2174 veritas
2343 2122 2394 2174 in
2423 2119 2583 2176 nobis
2603 2136 2710 2174 non
2744 2128 2829 2174 est
2856 2120 2897 2172 ³.
2931 2138 2949 2171 ι
2981 2118 3132 2184 Quod
3166 2132 3295 2171 vero
3341 2117 3406 2170 dc
3430 2131 3488 2169 se
3525 2115 3643 2183 ipso

2043 2213 2199 2284 103
2231 2215 2393 2269 etiam
2415 2215 2516 2268 hoc
2546 2214 2711 2277 dicat,
2737 2227 2914 2282 neque
2941 2212 3115 2266 solum
3150 2226 3215 2265 ex
3245 2209 3409 2264 animi
3443 2209 3645 2262 demis-

2038 2307 2211 2374 sioue,
2233 2307 2326 2362 sed
2346 2307 2508 2361 etiam
2534 2321 2599 2360 ex
2631 2307 2860 2360 veritate
2885 2315 3073 2359 sancta
3096 2302 3332 2372 synodus
3358 2300 3644 2370 Carthagi-

2042 2399 2248 2453 niensis
2285 2396 2400 2469 (9|)
2424 2396 2686 2462 ostendit,
2713 2395 3048 2451 anathemati
3086 2394 3387 2464 subjiciens
3428 2407 3522 2448 eos
3548 2393 3642 2463 qui

2395 2556 2441 2590 ”
2477 2555 2621 2614 Psal.
2663 2573 2885 2624 xxxv",
2916 2553 2973 2610 5.
3053 2555 3068 2586 '
3100 2553 3210 2610 lsa.
3253 2569 3341 2619 v1,
3371 2552 3427 2608 5.

1594 2747 1922 2810 Francisei
1960 2744 2171 2810 Scorsi
2197 2755 2388 2808 notae.

421 2874 701 2952 (88)st
733 2889 839 2930 tam
886 2880 1114 2934 excelsa.
1139 2876 1270 2952 litae
1316 2877 1504 2952 eadem
1554 2875 1717 2928 verba
1742 2885 1931 2952 aucto-

351 2947 600 3012 ris‘legis
636 2949 782 3002 hom.
846 2952 1091 3018 proxima
1122 2950 1186 3004 de
1249 2948 1560 3018 publicano,
1621 2954 1676 3018 et
1715 2947 1930 3018 quidem

351 3025 407 3076 in
436 3019 702 3076 'eamdem
748 3016 882 3082 rem,
913 3031 1091 3073 tamen
1117 3020 1170 3073 in
1204 3016 1326 3074 cod.
1365 3019 1418 3079 5,
1479 3017 1651 3083 reperi
1689 3020 1788 3071 hoc
1815 3016 1936 3072 loco

352 3094 474 3148 aliis
522 3088 704 3143 verbis
732 3092 978 3144 eumdem
1008 3106 1226 3144 sensum
1252 3087 1430 3142 all'erri
1455 3107 1468 3143 :
1493 3087 1589 3149 Τίς
1617 3087 1726 3158 γὰρ
1760 3085 1935 3150 οὕτως

2042 2886 2172 2943 para
2213 2880 2457 2940 excepta,
2492 2879 2657 2942 prout
2703 2887 2850 2929 nunc
2909 2883 2992 2929 est
3053 2872 3120 2928 de
3171 2889 3278 2929 uno
3325 2883 3526 2940 certus,
3575 2876 3645 2932 de

2045 2944 2221 2998 altero
2250 2945 2414 2998 etiam
2451 2953 2706 3010 receptus
2759 2953 2812 2999 et
2847 2946 3156 3000 cmumuuis
3201 2945 3456 2999 Ecclesiae
3509 2961 3640 3000 sen-

2044 3029 2158 3078 sns,
2189 3029 2312 3083 quae
2343 3023 2522 3067 tamen
2557 3016 2625 3068 ab
2657 3015 2757 3069 hoc
2792 3016 2984 3069 ordine
3014 3032 3107 3070 seu
3154 3014 3326 3069 classe
3356 3015 3637 3071 hominum

2046 3085 2112 3156 de
2147 3086 2342 3156 quibus
2390 3083 2753 3155 Theophanes
2788 3085 3048 3155 loquitur,
3112 3102 3330 3156 semper
3382 3098 3636 3156 exempta

353 3161 579 3233 ἰσχυρὸς
605 3163 715 3248 καὶ,
741 3160 1054 3248 ἀνένδοτοςκ
1079 3161 1220 3247 (bona
1252 3159 1482 3248 xardn'ra
1539 3154 1794 3248 αἴσθησιν
1842 3159 1932 3212 καὶ

2047 3154 2406 3223 intelligatur.

2118 3224 2228 3248 IOﬂ\
2285 3225 2398 3248 ιτ---

347 3228 594 3289 διᾶνοιαν
622 3231 962 3303 φυλαχθῆναι
992 3231 1351 3303 oppdum”.
1377 3228 1475 3284 llic
1493 3231 1655 3303 etiam
1675 3231 1936 3303 laeterem

351 3306 479 3358 nolo
513 3299 642 3356 esse
686 3299 931 3356 nescium
976 3299 1115 3356 hanc
1167 3301 1447 3356 bomiliam
1497 3301 1550 3352 in
1586 3301 1706 3354 cod.
1737 3299 1796 3352 P.
1854 3299 1937 3352 la-

349 3389 560 3436 ceram,
590 3380 647 3424 et
678 3387 783 3428 non
824 3371 1068 3440 pauculis
1115 3371 1400 3426 sententiis
1456 3371 1792 3424 decurtatam
1854 3385 1938 3423 me

349 3443 616 3500 habuisse
647 3459 662 3495 :
721 3443 818 3497 sed
860 3443 1101 3498 subsidio
1132 3442 1252 3496 cod.
1279 3441 1416 3496 Gall.
1449 3445 1746 3495 accedente
1771 3440 1934 3493 etiam

346 3515 383 3572 5
444 3513 794 3575 auctoritate,
826 3515 915 3580 qui
955 3529 1076 3566 cum
1103 3510 1241 3568 Gali.
1291 3511 1607 3581 plerumque
1663 3511 1937 3565 consentit

344 3601 470 3640 esse
509 3585 565 3639 in
609 3585 710 3637 hac
741 3596 858 3637 mea
891 3583 1131 3637 editione
1185 3581 1478 3649 integritati
1529 3597 1750 3634 suarum
1810 3596 1935 3648 ινιτ-

351 3664 492 3709 tium
527 3655 862 3708 restitutam.
898 3654 1037 3720 Quin
1071 3655 1234 3708 etiam
1262 3653 1474 3722 aliquas
1497 3653 1795 3722 sententias
1818 3667 1936 3719 qua:

344 3729 550 3780 tandem
585 3731 716 3778 sunt
765 3725 817 3777 in
879 3734 1110 3793 utroque
1159 3726 1277 3778 cod.
1315 3721 1376 3778 Ρ.
1410 3733 1458 3775 et
1495 3721 1560 3776 ϐ.
1595 3723 1703 3776 alio
1735 3721 1931 3793 locoin

349 3811 458 3852 uno
491 3811 654 3864 quant
687 3795 740 3849 in
785 3794 892 3849 alio
925 3790 1222 3849 collocatas
1259 3793 1564 3864 composui,
1607 3802 1763 3862 prout
1800 3790 1930 3844 mihi

347 3863 675 3922 eoncinnius
715 3866 891 3918 visum
923 3872 1008 3917 est
1054 3881 1118 3918 ex
1157 3875 1388 3934 utroque
1417 3863 1538 3918 cod.
1581 3865 1675 3918 sed
1702 3877 1934 3932 prmer-

348 3941 442 3992 tim
491 3936 758 3992 Gallicani
817 3934 1145 3989 ἀκολουθίαν
1172 3936 1399 3990 servari.
1441 3935 1746 3990 Contextus
1771 3947 1933 4000 porro

347 4011 452 4064 hoc
489 4007 677 4068 modo,
714 4021 874 4073 quem
906 4008 1040 4072 dixi,
1071 4006 1368 4060 intercisus
1394 4015 1450 4059 et
1487 4005 1817 4070 transjecms
1847 4014 1932 4056 est

345 4081 416 4133 ab
455 4079 566 4133 illis
618 4077 840 4132 verbis:
896 4076 1050 4142 Quod
1086 4086 1264 4130 autem
1304 4077 1571 4130 aseniore
1605 4077 1802 4130 dictum
1832 4082 1928 4138 est,

345 4149 643 4219 Nunquam
669 4147 978 4201 mandatum
1004 4155 1152 4219 tuum
1183 4147 1466 4214 praeterivi,
1495 4162 1664 4219 usque
1697 4147 1762 4200 ad
1798 4145 1883 4198 illa
1913 4161 1928 4198 :

348 4217 638 4286 Oportebat
695 4221 834 4271 enim
890 4227 1006 4270 orta
1064 4217 1225 4286 fame,
1277 4220 1368 4284 qui
1407 4234 1537 4271 sane
1571 4218 1762 4286 longus
1802 4225 1926 4279 est;

345 4302 400 4344 et
459 4298 658 4359 praeter
732 4288 900 4342 multa
953 4288 1212 4342 salutaria
1263 4289 1610 4359 documenta,
1680 4301 1926 4351 magnam

342 4358 470 4414 vim
492 4359 819 4429 eloquentiae
843 4359 1106 4422 continet,
1137 4373 1243 4429 qua
1274 4358 1360 4412 hic
1391 4358 1745 4411 Ecclesiastes
1774 4365 1929 4424 urget

345 4433 594 4498 palmare
637 4444 794 4482 suum
837 4429 969 4482 illud
1000 4439 1376 4495 argumentum
1434 4444 1540 4498 quo
1573 4439 1753 4482 tuetur
1773 4440 1926 4498 suam

343 4497 786 4592 allegorjatnhab
811 4499 1145 4592 inuocentiaJ
1164 4497 1460 4592 sumptam,
1498 4498 1824 4592 illis_ve_rltis
1855 4497 1928 4548 si-
1963 4537 2006 4592 Β

341 4573 632 4636 gnilicata:
669 4568 957 4640 Nunquam
984 4571 1299 4624 mandatum
1334 4582 1481 4623 tuum
1504 4568 1787 4633 prteterivi,
1809 4582 1928 4635 quae

344 4642 564 4695 nonnisi
613 4641 815 4694 sanctis
872 4640 1078 4709 angelis
1159 4641 1452 4694 convenire
1492 4653 1649 4706 posse
1701 4647 1929 4709 conten-

341 4712 445 4765 dit.
510 4711 896 4780 Iutelligendus
931 4707 1112 4764 tamen
1145 4721 1334 4765 auctor
1364 4710 1509 4779 loqui
1551 4709 1619 4763 de
1643 4707 1932 4780 perlectis-

340 4784 481 4834 sima
514 4778 848 4844 innocentia,
878 4791 930 4836 et
968 4781 1204 4850 puritate
1245 4781 1318 4836 ab
1359 4778 1505 4834 omni
1531 4778 1742 4834 maeula
1768 4778 1927 4834 etiam

339 4852 599 4922 originali
676 4862 728 4906 et
774 4851 970 4906 actuali
1027 4851 1130 4905 levi
1159 4851 1651 4922 labecula;_atque
1703 4850 1757 4903 iu
1825 4851 1930 4902 hoc

344 4919 598 4992 rigoroso
630 4937 792 4978 sensu
827 4923 1082 4989 accipere
1101 4923 1261 4990 verba
1288 4923 1418 4976 illa:
1453 4919 1928 4992 Nunquamrman-

339 4991 533 5046 datum
572 5003 722 5046 tuum
752 4993 1042 5062 praeterivi,
1076 4991 1128 5046 in
1163 4993 1465 5060 eodemque
1508 5002 1614 5044 tam
1674 4991 1930 5045 universe

287 5059 411 5116 ~de
468 5064 723 5117 omnibus
750 5059 915 5132 justis
955 5063 1132 5132 loqui;
1181 5059 1484 5132 eodemque
1541 5077 1650 5132 quo
1708 5071 1928 5116 sanctus

338 5132 587 5188 Joannes
610 5131 772 5202 epist.
802 5135 1000 5201 prima,
1027 5131 1090 5187 iv.
1123 5133 1176 5196 8,
1210 5149 1332 5190 cum
1362 5131 1438 5186 ait
1469 5149 1488 5186 :
1530 5131 1592 5188 Si
1637 5133 1926 5185 dixerimus

338 5203 591 5274 quoniam
611 5215 881 5271 peccatum
906 5220 1006 5258 non
1029 5203 1302 5267 habemus,
1327 5205 1428 5274 ipsi
1453 5219 1546 5258 nos
1605 5202 1922 5274 seducimus.

339 5276 516 5340 Quem
570 5273 744 5329 locum
770 5275 1098 5341 explicatum
1149 5277 1317 5330 habes
1353 5277 1405 5328 in
1433 5274 1638 5330 concil.
1662 5273 1924 5342 Cartltag.

340 5345 489 5412 quod
523 5359 710 5398 IIOSlel‘
765 5344 905 5398 infra
942 5345 1095 5399 citat.
1155 5347 1295 5413 Lege
1345 5345 1532 5399 itidem
1594 5346 1925 5398 luculentam

343 5418 767 5484 dtsptttatiOuem
820 5414 1099 5470 Benedicti
1132 5415 1422 5471 Justiuiani
1461 5417 1510 5467 iu
1566 5420 1707 5469 hunc
1751 5415 1924 5466 locuut

341 5485 401 5540 3.
436 5483 700 5546 Joannis,
749 5489 836 5539 ubi
889 5487 1039 5539 illum
1073 5488 1403 5541 deleviculis
1453 5486 1626 5553 culpis
1666 5497 1720 5538 ιιι
1771 5486 1927 5538 venia

341 5556 521 5626 dignis
561 5555 803 5625 peccatis
835 5557 980 5625 loqui
1014 5558 1273 5612 ostendit.
1308 5555 1469 5628 (Vide
1503 5567 1613 5611 not.
1635 5555 1752 5627 91.)
1783 5556 1928 5628 Alio-

344 5625 434 5694 qui
483 5632 626 5681 enim
681 5628 974 5682 nonnullos
1013 5635 1231 5682 sanctos
1272 5625 1519 5682 humines
1570 5630 1637 5682 ab
1677 5625 1825 5682 omni
1855 5625 1930 5678 le-

344 5699 474 5750 thali
497 5709 720 5769 peccato
751 5697 937 5753 divino
959 5708 1291 5769 congruente
1312 5709 1366 5753 et
1393 5697 1700 5769 abundante
1724 5695 1929 5769 auxilio

343 5767 583 5836 integros
623 5767 796 5824 fuiSse
845 5767 1092 5822 servatos
1140 5779 1347 5824 certum
1401 5777 1483 5821 est
1527 5767 1580 5821 in
1635 5767 1924 5823 Ecclesia:

344 5838 544 5898 nullum
585 5855 715 5898 vero
740 5838 1081 5910 aboriginali
1115 5839 1196 5896 vel
1229 5839 1446 5906 veniali,
1477 5838 1538 5897 Β.
1562 5838 1781 5914 Virgine
1803 5836 1926 5893 Dei-

2116 3224 2231 3296 (89)
2278 3225 2400 3308 Non
2439 3227 2514 3280 sic
2541 3228 2684 3308 loqui
2707 3227 2844 3308 justi
2877 3229 3075 3282 sciunt.
3097 3227 3254 3308 _Lege
3287 3242 3405 3296 qum
3427 3225 3638 3284 adverti

2047 3309 2174 3352 nota
2209 3299 2456 3366 proxime
2488 3299 2756 3364 superiori
2780 3308 2834 3352 et
2862 3301 3132 3366 sequenti.

2114 3369 2227 3440 (9Q)
2270 3367 2334 3420 Et
2365 3371 2536 3422 sancti
2567 3384 2684 3421 cum
2728 3369 2946 3440 Asaria.
2982 3373 3236 3426 Mendosc
3274 3368 3363 3424 hic
3399 3368 3551 3426 locus
3579 3370 3630 3424 in

2041 3439 2143 3510 111s.
2175 3439 2238 3494 G.
2275 3449 2530 3492 exaratus
2583 3440 2645 3492 Οἱ
2681 3439 2810 3509 περὶ
2843 3439 2938 3492 τὸν
2979 3440 3266 3510 Ἀὅαρίαν,
3303 3441 3586 3495 emendavi
3617 3458 3633 3496 :

2051 3509 2408 3582 ’ACapia.v_et
2449 3511 2880 3582 σννεστήσαμεν.
2939 3509 3332 3579 Corrigendum
3369 3527 3636 3582 συνετηρ-

2040 3582 2278 3702 quas“.
2317 3579 2390 3633 ita
2423 3582 2466 3631 si
2503 3579 2713 3643 legatur
2754 3592 2974 3648 apertus
3003 3592 3087 3637 est
3120 3597 3338 3644 sensus,
3375 3592 3430 3634 et
3480 3579 3636 3636 locus

2040 3666 2102 3702 ex
2204 3652 2378 3702 article
2405 3666 2524 3702 can.
2565 3666 2649 3702 Ill.
2678 3650 3044 3702 Maaisautetn
3081 3653 3636 3702 annaruitmendum.

2039 3666 2102 3705 ex
2158 3666 2228 3702 υὲὶ

2039 3731 2094 3774 ut
2135 3720 2238 3790 legi
2271 3720 2553 3786 exemplar
2577 3722 2631 3780 5,
2689 3723 2833 3790 quod
2875 3736 3059 3774 verum
3089 3720 3311 3776 sensum
3359 3722 3486 3775 licet
3513 3723 3638 3777 aliis

2039 3793 2218 3844 verbis
2239 3792 2514 3845 05teudit:
2555 3793 2620 3844 Οἱ
2653 3791 2709 3844 δὲ
2741 3793 2893 3861 τρεῖς
2926 3793 3061 3861 ἱεροὶ
3089 3792 3301 3856 παῖδες,
3336 3791 3458 3844 οὐδὲ
3498 3810 3642 3845 συν-

2036 3863 2392 3931 ετηρήσαμεν
2441 3861 2550 3913 ὅτι
2616 3863 2868 3914 ὲνετείλω
2928 3863 3087 3931 ἡμῖν.
3174 3863 3230 3915 ltt
3289 3864 3390 3917 hoc
3450 3863 3638 3916 itidem

2036 3933 2270 3995 exempl.
2322 3931 2466 3984 aliud
2497 3942 2582 3986 est
2618 3932 3236 3996 praetcrea‘exemplum
3302 3948 3366 3985 ex
3415 3932 3639 3986 Itaniele

2037 4003 2177 4069 quod
2218 4003 2268 4055 iu
2314 4001 2456 4056 Gali.
2508 4003 2661 4057 dcest
2700 4020 2713 4056 :
2772 4003 2976 4070 Δανιὴλ
3028 4002 3086 4055 δὲ
3136 4005 3162 4056 ὁ
3209 4001 3378 4066 πολὺς
3426 4003 3639 4072 ἡμαρτ.

2036 4073 2095 4143 ἐν
2113 4075 2230 4134 ταῖς
2265 4073 2501 4135 ἁδικιαῖς
2534 4073 2713 4143 ὑμῶν,
2747 4085 2855 4128 etc.
2886 4072 3018 4128 V.de
3050 4073 3216 4127 dehis
3239 4075 3404 4128 etiam
3428 4073 3636 4128 Justin.

2035 4141 2310 4196 laudatum
2348 4159 2529 4209 supra.

2109 4214 2220 4283 (9|)
2263 4214 2466 4270 Sancta
2516 4217 2751 4283 synodus
2779 4215 3258 4284 Carthaginiensis.
3301 4212 3438 4268 Can.
3485 4213 3634 4268 H6:

2037 4284 2162 4356 Ὀτι
2205 4287 2266 4338 οὐ
2304 4286 2465 4354 μόνον
2503 4286 2763 4351 ταπεινὴ,
2817 4287 2954 4339 ἀλλὰ
3004 4289 3098 4338 καὶ
3134 4285 3363 4356 ἀληθινὴ
3416 4285 3449 4355 ἡ
3482 4284 3638 4355 φωνὴ

2032 4355 2140 4426 τῶν
2189 4357 2362 4416 ἁγίων
2393 4357 2542 4409 ἐστὶν
2575 4357 2716 4426 αῦτη
2742 4375 2756 4388 ·
2793 4377 2810 4408 ι
2867 4358 2993 4408 Ἐὰν
3031 4356 3264 4426 εἴπομεν
3293 4394 3306 4414 ,
3340 4357 3423 4409 ὅτι
3452 4357 3640 4426 ἁμαρ-

2031 4424 2156 4478 τίαν
2183 4427 2281 4479 οὐκ
2310 4428 2528 4496 ἔχομεν,
2558 4424 2788 4486 ἑαυτοὺς
2818 4427 3131 4494 πλανῶμεν.
3167 4424 3194 4479 “›
3241 4428 3477 4496 Ὁμοίως
3504 4424 3636 4495 ἤρε-

2039 4497 2259 4568 σενᾲῖνα
2291 4495 2429 4568 ὅπερ
2490 4495 2647 4551 εἶπεν
2675 4500 2702 4550 ὁ
2737 4497 2893 4565 ἅγιος
2934 4497 3187 4568 Ἰωάννης
3222 4498 3249 4549 ὁ
3285 4495 3592 4568 ἀπόστολος
3621 4511 3640 4528 ο

2042 4583 2086 4639 t_
2113 4566 2242 4639 Ἐὰν
2268 4567 2519 4639 εἴπομεν,
2553 4571 2636 4621 ὅτι
2692 4569 2968 4639 ἁμαρτίαν
2999 4568 3100 4639 οὐκ
3147 4566 3351 4637 ἔχομεν
3405 4567 3638 4639 ἑαυτοὺς

2035 4637 2352 4709 πλανῶμεν.
2399 4637 2496 4694 καὶ
2529 4639 2758 4709 ἀλήθεια
2788 4637 2843 4692 ὲν
2880 4641 3017 4708 ἡμῖν
3054 4638 3154 4690 οὐκ
3184 4641 3353 4709 ἐστιν.
3388 4656 3406 4686 ι
3440 4637 3637 4709 Ὅστις

2031 4705 2233 4776 δήποτε
2291 4709 2466 4773 οὕτως
2523 4705 2935 4779 παραληπτέον
2971 4709 3194 4777 νομίσῃ,
3228 4708 3303 4770 ὡς
3340 4711 3518 4761 εἰπεῖν
3547 4708 3638 4761 διὰ

2031 4781 2542 4850 ταπεινοφροσύνης
2594 4781 2670 4849 μὴ
2732 4779 2972 4850 ὀφείλειν
3031 4779 3292 4850 λέγεσθαι
3351 4781 3505 4848 ἡμᾶς
3543 4780 3636 4850 μὴ

2032 4847 2179 4922 ἔχειν
2231 4847 2714 4922 (innocuum—015x
2769 4853 2852 4904 ὅτι
2921 4847 3411 4922 ἀληθῶς-ρῦτωρ
3443 4847 3633 4915 ὲστὶνζ

2032 4919 2521 4990 ἀνάθεμαοριιοιί
2585 4919 2712 4976 νιοιῖ
2764 4922 2936 4976 solum
2993 4919 3258 4985 Immitis,
3322 4920 3412 4973 sed
3472 4935 3636 4974 etiam

2033 5005 2151 5043 vera
2219 5001 2297 5046 est
2353 4993 2462 5047 lucc
2530 5009 2631 5047 vox
2714 5003 3016 5048 sanctorum
3071 5005 3090 5044 :
3149 5003 3173 5040 ἶ
3241 4991 3300 5046 Si
3349 4992 3638 5045 dixerimus

2029 5061 2170 5127 quod
2244 5074 2514 5128 peccatum
2603 5081 2708 5118 non
2778 5063 3075 5126 habemus,
3114 5077 3207 5113 nos
3263 5063 3407 5126 ipsas
3476 5063 3638 5116 sedu-

2031 5131 2219 5186 cimus.
2274 5131 2487 5187 Placuit
2565 5135 2850 5198 similiter,
2898 5142 2955 5186 ut
2998 5133 3137 5201 quod
3195 5133 3326 5186 diJit
3399 5132 3636 5187 Joannes

2039 5204 2314 5272 apostolus
2369 5220 2390 5257 :
2431 5222 2450 5255 ι
2509 5204 2568 5260 Si
2628 5207 2921 5258 dixerimus
2992 5201 3132 5272 quod
3201 5211 3470 5267 peccatum
3529 5219 3632 5256 non

2031 5271 2306 5339 habemus,
2338 5277 2442 5344 ipsi
2468 5292 2562 5330 nos
2588 5278 2906 5334 seducimus,
2939 5271 3223 5326 et’veritas
3248 5275 3300 5326 in
3334 5275 3502 5326 nobis.
3528 5289 3632 5344 non

2031 5353 2107 5396 est
2133 5359 2151 5406 ;
2191 5363 2209 5396 ι
2239 5343 2535 5416 quicunque
2557 5347 2631 5399 sic
2663 5346 3023 5412 acripiendnm
3064 5344 3409 5416 emistimarit,
3457 5343 3637 5416 ttt_di-

2032 5424 2116 5466 cat
2171 5411 2262 5482 per
2315 5411 2674 5471 humilitatem
2706 5411 2891 5469 debere
2943 5430 3038 5467 nos
3069 5414 3244 5466 dicere
3297 5430 3398 5466 non
3443 5411 3634 5482 habere

2032 5480 2327 5546 peccatum,
2362 5503 2462 5540 non
2484 5487 2648 5558 anod
2680 5503 2796 5540 vere
2828 5490 2902 5540 ita
2946 5495 3044 5545 est,
3078 5486 3147 5537 sit
3191 5485 3496 5558 auat/terna,
3525 5480 3632 5558 _St-d

2032 5563 2088 5609 et
2137 5559 2430 5612 concilium
2480 5551 2856 5611 Tridentinnm
2893 5571 3029 5609 sess.
3064 5569 3137 5614 γι,
3190 5569 3312 5604 can.
3342 5552 3432 5609 22.
3465 5551 3630 5604 ctiam

2033 5629 2366 5681 anathemati
2419 5630 2650 5698 subjecit
2700 5643 2822 5680 eum
2882 5626 2980 5698 qui
3038 5623 3366 5698 existimarit
3413 5621 3628 5688 justum

2033 5710 2198 5764 posse
2252 5698 2304 5751 in
2368 5705 2480 5752 tota
2513 5691 2621 5752 iita
2683 5700 2863 5751 omnia
2899 5691 3075 5764 etiam
3122 5691 3350 5745 venialia
3386 5701 3630 5764 precata

2034 5761 2228 5837 vitare,
2248 5769 2351 5822 nisi
2379 5783 2444 5822 ex
2476 5769 2695 5837 speciali
2725 5769 2813 5821 Dei
2836 5763 3141 5834 privilegio,
3163 5761 3627 5831 quemadmodum

2036 5836 2102 5892 de
2130 5836 2191 5894 Β.
2230 5837 2450 5909 Virgine
2474 5836 2619 5896 tenet
2659 5837 2925 5894 Ecclesia.

2240 3652 2378 3703 uiele
2405 3666 2524 3721 cap.
2565 3666 2649 3706 tu.
2678 3650 3044 3719 Magisauteut
3081 3653 3636 3721 apparuitmendum,
3718 3665 3722 3672 '
