4024 6474
334 340 442 405 379

1546 338 2048 401 THEOPHANIS
2087 337 2429 397 CERAMEI

3495 331 3598 395 330

337 475 445 515 non
481 458 560 515 ita
590 467 906 541 sanctorum
951 459 1119 513 verba
1170 456 1483 526 accipiunt,
1515 456 1609 509 sed
1641 471 1708 509 ex
1744 455 1921 509 humi-

2035 470 2048 504 t
2091 451 2361 505 Οὐδέποτε
2395 449 2619 520 ἐντολήν
2654 466 2746 501 σου
2774 447 3072 518 παρῆλθον,
3107 466 3125 499 ι
3177 447 3272 515 τῆς
3302 444 3597 513 ἀτγελικῆ;

334 553 489 608 litate
522 552 788 608 duntaxat
836 554 978 607 dicta
1014 563 1136 606 esse
1183 549 1537 603 arbitrantur.
1575 548 1769 602 Verum
1803 548 1916 602 haec

336 661 445 701 vox
488 660 504 700 :
561 664 581 698 ι
619 644 907 714 Nunquam
961 643 1280 699 mandatum
1339 652 1486 695 tuum
1539 640 1851 710 praeterivi,
1893 658 1912 691 ι

341 740 393 790 in
453 737 756 807 angelicum
784 736 1030 791 ordinem
1063 735 1237 789 solum
1271 732 1564 796 convenit,
1602 732 1689 801 qui
1725 730 1919 786 immu-

336 827 428 881 nis
459 826 608 882 omni
650 826 806 895 culpa
861 836 1107 880 servatus
1154 834 1257 880 est.
1293 824 1433 891 Quid
1479 838 1609 879 vero
1644 822 1710 879 de
1745 822 1918 891 prima

339 914 483 967 stola
521 912 801 980 dixerint,
841 930 944 981 qua
978 929 1262 969 servorum
1310 929 1475 982 opera
1519 913 1918 969 adolescentem

341 1004 518 1059 induit
563 1004 740 1066 Pater,
773 1021 893 1075 qua:
923 1006 1253 1074 baptismum
1291 1006 1495 1076 liquido
1530 1012 1879 1075 repraesentat
1904 1046 1919 1070 ,

340 1112 406 1149 an
457 1096 689 1164 improbi
734 1098 888 1164 juxta
945 1114 1068 1153 cum
1104 1099 1290 1166 probis
1332 1109 1393 1151 ea
1434 1095 1548 1159 non
1580 1097 1923 1152 vcstiuntur?

345 1186 511 1253 Atqui
544 1187 598 1241 in
630 1202 886 1242 sermone
932 1188 1206 1258 parabolae
1235 1188 1382 1243 solus
1429 1187 1823 1243 adolescentior
1857 1202 1918 1243 ea

339 1276 619 1341 induitur;
657 1279 815 1346 quasi
844 1292 906 1331 ea
943 1293 1222 1348 nunquam
1268 1277 1451 1333 senior
1483 1278 1669 1333 luisset
1704 1288 1919 1334 exutus.

339 1367 487 1422 Idem
537 1370 603 1422 de
664 1370 886 1435 annulo,
943 1371 1250 1441 calceisque
1303 1371 1732 1442 intelligendum.
1780 1372 1920 1437 Quin

338 1460 500 1513 etiam
535 1461 734 1516 vitulus
789 1462 899 1529 pro'
927 1463 1081 1519 nobis
1112 1462 1177 1517 ad
1208 1461 1537 1518 sacriﬁcium
1585 1464 1774 1519 ductus
1817 1479 1922 1518 non

343 1567 443 1619 pro
475 1555 853 1623 peccatoribus
877 1556 1073 1618 solum,
1108 1557 1203 1612 sed
1237 1557 1400 1612 etiam
1426 1553 1701 1626 projustlﬁ
1726 1557 1923 1611 immo-

342 1642 490 1698 latus
525 1653 632 1709 est,
655 1660 776 1699 cum
807 1660 954 1701 esset
981 1648 1216 1716 pretium
1244 1647 1629 1718 redemptionis
1657 1648 1926 1704 universae

348 1742 577 1787 naturae.
601 1733 718 1799 Qua
750 1735 913 1804 igitur
936 1736 1149 1793 ratione
1178 1739 1244 1791 de
1270 1737 1416 1791 caule
1439 1736 1591 1793 vituli
1618 1737 1927 1807 indignatur

339 1822 560 1889 justus,
597 1838 701 1893 qua
734 1823 837 1879 fuit
886 1826 1052 1882 etiam
1106 1826 1223 1895 ipse
1272 1828 1580 1884 liberatus?
1633 1829 1750 1895 Quo
1795 1844 1924 1883 vero

344 1915 511 1970 modo
539 1915 685 1970 dicat
727 1917 831 1987 ipsi
864 1916 1066 1974 Pater:
1105 1938 1123 1972 ο
1159 1918 1237 1974 Tu
1265 1935 1482 1990 semper
1512 1936 1721 1977 meeum
1765 1924 1868 1976 es?
1899 1941 1919 1975 ι

345 2008 465 2065 Non
502 2010 649 2065 enim
678 2026 900 2082 semper
928 2029 1053 2068 cum
1092 2015 1202 2070 Deo
1227 2014 1359 2084 justi
1405 2015 1643 2071 fuerunt.
1674 2014 1730 2071 Si
1757 2016 1923 2080 enim,

348 2114 407 2158 ut
433 2104 511 2158 ait
535 2105 833 2175 Apostolus
860 2106 904 2172 ",
938 2106 992 2161 in
1025 2108 1236 2163 Artamo
1266 2123 1458 2164 omnes
1506 2111 1707 2164 mortui
1739 2125 1927 2165 sumus

348 2203 404 2250 et
437 2210 630 2252 omnes
687 2198 739 2251 in
787 2197 1012 2255 Christo
1062 2200 1471 2277 vitaexrcstituti
1499 2242 1516 2267 ,
1567 2215 1762 2257 omnes
1796 2216 1927 2257 sane

346 2286 440 2357 qui
468 2287 660 2344 Adami
698 2298 905 2348 natura;
936 2278 1229 2361 participes
1257 2307 1466 2358 sumus.
1493 2292 1727 2362 lapsum'
1759 2296 1926 2351 etiam

345 2391 472 2434 cum
524 2378 617 2434 illo
669 2395 1017 2437 communem
1056 2382 1169 2456 (92)
1206 2384 1472 2441 habemus
1498 2424 1515 2450 ,
1553 2395 1606 2440 et
1643 2400 1738 2456 per
1765 2386 1927 2442 Chri-

345 2480 490 2525 Stnm
515 2475 876 2529 communiter
900 2476 1111 2531 liberati
1146 2493 1358 2533 sumus.
1382 2478 1498 2533 Non
1534 2480 1695 2549 igitur
1714 2494 1927 2549 semper

355 2575 480 2615 cum
516 2562 626 2618 Deo
649 2563 782 2634 justi
815 2564 1081 2632 fuerunt,
1109 2568 1203 2623 sed
1236 2568 1580 2625 intellectivae
1610 2572 1924 2641 angelorum

352 2658 559 2706 natura;
588 2670 602 2706 :
638 2670 759 2724 quae
785 2672 1063 2725 nunquam
1094 2673 1123 2712 a
1154 2655 1264 2712 Deo
1303 2659 1593 2728 disjunetae
1619 2669 1765 2727 sunt,
1793 2675 1929 2731 quo-

349 2757 686 2801 rum-eausa
744 2762 812 2800 ue
859 2747 1046 2803 haedus
1107 2750 1326 2819 quidem
1384 2768 1620 2821 unquam
1661 2763 1930 2809 mactatus

350 2842 470 2901 est;
504 2850 601 2905 pro
627 2839 835 2908 angelis
865 2843 1007 2894 enim
1036 2857 1211 2911 neque
1243 2853 1495 2912 peccator
1530 2844 1731 2915 aliquis
1766 2847 1925 2902 morti

354 2927 588 2985 traditus
614 2942 734 2998 est;
775 2942 830 2988 at
866 2948 966 3004 pro
995 2934 1276 2991 hominum
1327 2936 1506 2991 salute
1552 2937 1668 3006 ipse
1704 2935 1798 2992 Dei
1834 2935 1927 2991 Fi-

352 3020 460 3077 lius
517 3021 571 3076 in
614 3025 943 3082 sacriﬁcium
977 3028 1212 3084 oblatus.
1265 3028 1371 3084 Sed
1428 3028 1655 3085 nimium
1709 3044 1738 3083 a
1779 3038 1928 3085 recta

2021 540 2233 606 τάξεως
2265 541 2427 611 μόνον
2482 540 2762 610 ἁρμόδιος,
2819 540 2943 610 ἥτις
2999 539 3300 608 τετήρηται
3352 537 3487 607 πρὸς
3539 538 3598 589 τὸ

2023 633 2198 688 κακὸν
2240 633 2627 701 ἀνεπίμικτος.
2675 632 2741 684 Ti
2773 633 2819 684 δ’
2860 632 2926 686 ἂν
2960 632 3169 685 εἴποιεν
3204 632 3300 685 καὶ
3334 631 3465 698 περὶ
3504 635 3600 702 τῆξ

2024 726 2252 796 πρώτης
2285 724 2500 794 στολῆς,
2556 725 2623 795 ἢν
2678 723 2767 778 διὰ
2820 723 2931 777 τῶν
2975 722 3179 775 δούλων
3215 724 3243 774 6
3274 722 3461 791 πατὴρ
3508 720 3600 774 τὸν

2022 816 2145 871 νέον
2177 815 2426 880 ἀνέδυσε,
2477 815 2540 868 τὸ
2579 815 2863 886 βάπτισμα
2905 814 3162 885 καθαρῶς
3191 814 3600 878 είκονίζουσανς

2024 905 2113 981 ἆρ’
2170 910 2232 962 οὐ
2280 908 2457 962 δίκαοι
2514 909 2608 962 καὶ
2646 908 2963 980 ἁμαρτωλοὶ¹
3012 907 3219 978 ταύτην
3264 906 3602 977 περιχλαινί-

2024 1001 2241 1067 ζονται;
2289 1000 2432 1054 Ἀλλ’
2459 1003 2519 1055 ἑν
2539 1001 2619 1070 τῷ
2645 1004 2745 1072 τῆς
2771 1000 3088 1071 παραϐολῆς
3117 1000 3263 1069 λόγῳ
3295 999 3456 1068 μόνος
3497 1000 3611 1057 af».

2022 1095 2123 1165 τὴν
2163 1096 2191 1148 6
2238 1094 2506 1164 νεώτερος
2522 1082 2911 1148 ’ἐνδιδύσκεται
2935 1135 2949 1158 ,
2982 1093 3058 1155 ὡς
3088 1094 3184 1146 τοῦ
3222 1091 3599 1164 πρεσϐυτέρου

2030 1189 2298 1259 μηδέποτε
2344 1188 2725 1258 γυμνωθέντος
2776 1189 2968 1258 αὐτῆς.
3021 1186 3193 1240 Τοῦτο
3230 1186 3289 1240 δὲ
3340 1184 3471 1256 περὶ
3504 1185 3602 1238 τοῦ

2023 1278 2336 1345 δακτυλίου,
2399 1280 2496 1332 καὶ
2557 1278 2687 1347 περὶ
2734 1278 2842 1331 τῶν
2891 1278 3259 1347 ὑποδημάτων
3294 1280 3602 1347 νοήσωμεν.

2027 1370 2138 1425 Καὶ
2171 1371 2282 1441 μὴν
2313 1371 2408 1425 καὶ
2436 1374 2464 1425 6
2492 1371 2633 1438 ὑπὲρ
2671 1371 2831 1442 ἡμῶν
2864 1371 3052 1441 ἀχθεὶς
3084 1372 3163 1434 είς
3183 1369 3377 1424 θυσίαν
3404 1370 3605 1440 μόσχος

2026 1464 2124 1534 οὐχ
2161 1463 2301 1534 ὑπὲρ
2338 1462 2682 1534 ἁμαρτωλῶν
2717 1462 2899 1531 μόνον,
2924 1464 3059 1516 ἀλλὰ
3090 1463 3182 1515 καὶ
3213 1462 3352 1533 ὑπὲρ
3376 1463 3607 1515 δικαῐων

2025 1553 2283 1618 τέθυται,
2320 1554 2518 1625 λύτρον
2546 1551 2794 1621 γεγονὼς
2839 1553 3019 1622 πάσης
3056 1554 3155 1623 τῆς
3191 1551 3428 1621 φύσεως.
3481 1552 3609 1613 Πῶς

2028 1640 2122 1699 οὖν
2158 1646 2185 1698 6
2211 1645 2447 1710 δίκαιοις
2481 1646 2624 1717 ὑπὲρ
2653 1645 2749 1699 τοῦ
2785 1648 2986 1715 μόσχου
3005 1647 3104 1714 τῆς
3140 1647 3356 1714 σφαγῆς
3382 1645 3611 1713 ἐδυσχέ-

2034 1755 2240 1809 ραινεν,
2280 1739 2372 1808 ὑφ’
2407 1733 2468 1793 οὗ
2502 1740 2596 1792 καὶ
2621 1737 2785 1801 αὐτὸς
2826 1738 3194 1808 ἑλελύτρωτος
3235 1736 3360 1800 Πῶς
3401 1735 3457 1790 δὲ
3511 1737 3610 1788 καὶ

2029 1830 2165 1900 πρὸς
2202 1830 2366 1884 αὐτόν
2397 1847 2564 1900 φησιν
2589 1832 2616 1884 6
2644 1832 2835 1902 Πατήρ
2864 1847 2877 1861 ·
2907 1848 2925 1881 ι
2964 1830 3036 1882 Σὺ
3069 1830 3301 1884 πάντοτε
3330 1829 3448 1898 μετ’
3471 1826 3610 1896 ἐμοῦ

2029 1917 2121 1988 εἷς
2160 1942 2179 1974 ι
2215 1923 2290 1976 Οὐ
2324 1921 2434 1992 γάρ
2464 1923 2699 1977 πάντοτε
2737 1924 2875 1993 μετὰ
2921 1920 3059 1974 Θεοῦ
3102 1917 3245 1991 ἦσαν
3293 1922 3343 1973 οἱ
3383 1920 3607 1973 δίκαιοι.

2029 2014 2094 2070 Ei
2129 2015 2270 2086 γάρ,
2320 2013 2508 2077 καθώς
2542 2031 2707 2084 φησιν
2739 2016 2768 2068 6
2810 2013 3161 2079 Ἀπόστο).ος,
3206 2013 3265 2066 ὲν
3308 2010 3388 2081 τῷ
3436 2011 3614 2079 Ἀδάμ

2031 2107 2237 2169 πάντες
2289 2106 2753 2178 ἀποθνήσκομεν,
2848 2106 2945 2160 καὶ
3008 2106 3213 2163 πάντες
3270 2105 3330 2158 ὲν
3384 2103 3613 2173 Χριστῷ

2029 2197 2519 2269 ἑζωοποιήθημεν.
2559 2199 2763 2261 πάντες
2817 2194 2914 2252 οὖν
2975 2199 3026 2251 οι
3077 2196 3462 2258 κοινωνοῦντες
3508 2194 3610 2258 τῆς

2031 2288 2249 2360 φύσεως
2270 2293 2371 2361 τῆς
2408 2290 2584 2361 Ἀδάμ
2603 2331 2618 2354 ,
2662 2291 2758 2344 καὶ
2786 2293 2889 2360 τῆς
2920 2290 3132 2344 ἐκείνου
3167 2288 3431 2352 πτώσεως
3458 2288 3612 2340 ἐκοι-

2028 2382 2302 2454 νώνησαν.
2335 2384 2431 2438 καὶ
2461 2386 2561 2454 τῆς
2595 2382 2686 2437 διὰ
2714 2383 2958 2454 Χριστοῦ
2989 2381 3453 2453 ἀπολυτρώσεως.
3496 2379 3613 2433 Οὐκ

2029 2470 2123 2530 οὗν
2163 2474 2581 2546 πάντοτέμετά
2633 2475 2770 2529 Θεοῦ
2815 2471 2960 2546 ἦσαν
3016 2478 3066 2529 οἱ
3122 2476 3355 2539 δίκαιοι,
3399 2473 3512 2528 ἀλλ’
3552 2472 3610 2526 αἱ

2028 2569 2217 2639 νοεραὶ
2244 2569 2353 2622 τῶν
2404 2568 2657 2636 ἀγγέλων
2710 2567 2916 2631 οὐσίαι,
2965 2568 3021 2621 αἱ
3074 2567 3342 2637 μηδέποτε
3388 2567 3607 2637 διακρι-

2031 2658 2208 2714 θεῖσαι
2243 2661 2379 2714 Θεοῦ
2410 2676 2425 2693 ’
2461 2660 2602 2732 ὑπὲρ
2640 2653 2729 2719 ,ὧν
2789 2660 2911 2713 οὐδὲ
2969 2658 3158 2730 ἔριφος
3232 2659 3397 2730 ὲούθη
3450 2658 3606 2712 ποτέ.

2043 2749 2217 2821 Ὑπὲρ
2246 2752 2357 2822 γὰρ
2382 2750 2492 2804 τῶν
2526 2752 2777 2820 ἀγγέλων
2819 2752 2941 2805 οὐδὲ
2968 2752 3297 2822 ἁμαρτωλὸς
3331 2754 3411 2815 εἰς
3439 2751 3610 2805 Θάνα-

2032 2859 2125 2896 τον
2157 2842 2370 2897 δέδοται
2396 2860 2412 2874 ο
2434 2843 2575 2914 ὑπὲρ
2605 2844 2660 2897 δὲ
2692 2846 2790 2916 τῆς
2827 2843 2938 2898 τῶν
2981 2844 3287 2917 ἀνθρώπιον
3334 2844 3612 2914 σωτηρίας

2031 2933 2197 2996 αὐτὸς
2229 2935 2258 2987 6
2296 2933 2393 2988 τοῦ
2448 2934 2586 2988 Θεοῦ
2636 2935 2767 2999 Υἱὸς
2801 2935 3042 2991 τέθυται.
3112 2934 3276 2990 Ἀλλά
3320 2936 3456 2989 πολὺ
3498 2934 3611 3003 τῆς

2032 3026 2252 3093 εὐθείας
2293 3029 2787 3100 ἀπεπλανήθημεν.
2824 3030 2960 3100 Φέρε
3001 3027 3093 3081 οὖν
3146 3027 3240 3081 τὸν
3292 3027 3451 3094 λόγον
3501 3023 3613 3080 ὦσ-

359 3110 443 3166 via
494 3114 709 3183 evagati
745 3130 957 3173 sumus.
1019 3117 1131 3189 Age
1183 3119 1348 3189 igitur
1396 3132 1703 3175 sermonem
1755 3118 1930 3175 instar

2035 3135 2141 3191 περ
2186 3120 2355 3175 ἵππον
2399 3121 2504 3187 ἔξω
2534 3123 2635 3190 τῆς
2677 3122 2881 3190 νύσσης
2912 3120 3297 3193 ἀφηνιάσαντα
3331 3121 3615 3191 ἡνιοστρο-

354 3203 502 3273 equi,
526 3206 768 3263 remissis
810 3208 1063 3272 habenis.
1099 3221 1255 3267 extra
1298 3213 1530 3267 orbitam
1580 3210 1929 3279 exsultantis,

355 3292 429 3351 iis
447 3297 697 3353 adductis
726 3299 922 3355 iterum
960 3315 1368 3363 convertamus.

416 3406 457 3478 ,ι
494 3386 664 3443 Homo
697 3392 919 3459 quidam
946 3392 1132 3447 habuit
1164 3395 1302 3450 duos
1335 3394 1507 3461 ﬁlios;
1541 3403 1596 3450 et
1631 3394 1765 3451 dixit
1802 3392 1933 3450 ado-

356 3478 653 3537 lescentior
705 3498 771 3538 ex
828 3484 936 3540 illis
968 3485 1109 3555 patri
1138 3504 1152 3541 :
1194 3484 1268 3541 Da
1299 3485 1431 3542 mihi
1466 3487 1766 3556 portionem
1802 3485 1933 3542 sub-

357 3573 574 3628 stantia:
632 3590 753 3645 quas
805 3591 892 3630 me
949 3577 1236 3647 contingit.
1289 3595 1310 3629 ι
1381 3576 1690 3643 Quoniam,
1734 3577 1933 3646 inquit,

358 3667 497 3720 liber
546 3676 764 3723 creatus
816 3683 977 3734 snm,
1017 3669 1140 3723 uolo
1189 3686 1252 3724 ex
1310 3670 1633 3724 necessitate
1681 3671 1931 3727 servire:

358 3759 614 3827 permitte
664 3774 750 3823 me
784 3775 902 3815 mea
945 3772 1091 3816 sorte
1139 3761 1221 3817 uti
1267 3762 1530 3816 arbitratu
1583 3777 1723 3816 meo.
1768 3761 1936 3817 Seeus

362 3851 510 3905 enim
549 3853 823 3920 quomodo
875 3854 978 3910 ruei
1037 3855 1208 3924 ipsius
1242 3854 1503 3910 Dominus
1550 3854 1719 3909 videri
1749 3866 1937 3923 potero

357 3945 643 4015 praeceptis
679 3946 999 4017 legibusque
1023 3947 1331 4016 subjectus.

438 4054 457 4086 ι
506 4035 574 4089 Et
602 4037 788 4090 divisit
821 4038 928 4091 illis
977 4039 1365 4101 substantiam,
1402 4058 1423 4093 ι
1461 4040 1795 4110 ineorporeis
1824 4039 1941 4108 qui-

362 4122 483 4183 dem
516 4128 798 4184 caelestem
825 4131 1126 4197 regionem,
1166 4132 1476 4187 hominibus
1512 4148 1639 4187 vero
1666 4140 1939 4186 terrenam

360 4221 631 4276 attribuit.
664 4220 791 4278 Haec.
822 4224 967 4277 enim
1007 4226 1110 4279 duo
1137 4234 1265 4280 sunt
1292 4224 1556 4279 elementa
1586 4226 1701 4297 (93)
1736 4226 1789 4280 in
1821 4226 1943 4279 uni-

359 4329 517 4369 versa
548 4330 608 4371 re
637 4324 839 4381 creata,
868 4315 1027 4389 105.
1060 4318 1113 4371 in
1145 4318 1342 4387 quibus
1396 4328 1602 4372 naturae.
1648 4318 1941 4390 participes

363 4408 590 4464 rationis
644 4408 885 4478 degant,
931 4409 1128 4465 ctelum
1155 4450 1171 4477 ,
1216 4418 1272 4464 et
1323 4417 1491 4465 terra.
1528 4410 1706 4466 Locus
1749 4422 1940 4465 eorum

2034 3213 2321 3286 φήσωμεν.

2110 3410 2130 3446 ι
2163 3390 2482 3462 Ἄνθρωπός
2519 3408 2604 3455 τις
2632 3385 2745 3461 εἷχε
2781 3390 2876 3444 δύο
2905 3388 3058 3453 υἱούς
3082 3405 3097 3422 σ
3141 3386 3239 3441 καὶ
3273 3378 3429 3439 εἶπεν
3459 3381 3610 3454 αὗτῷ

2033 3486 2061 3539 6
2087 3483 2352 3554 νεώτερος
2373 3500 2387 3515 ⁸
2420 3485 2625 3554 Πάτερ,
2653 3484 2739 3547 δός
2775 3500 2863 3553 μοι
2897 3482 2959 3535 τὸ
2981 3478 3272 3535 ἐπιϐάλλον
3315 3477 3483 3547 μέρος
3513 3473 3615 3544 τῆς

2033 3578 2244 3638 οὐσίας.
2283 3595 2301 3629 ι
2350 3577 2590 3646 Ἐπειδὴ,
2626 3577 2813 3644 φησὶν,
2843 3573 3191 3639 αύτεξούσιος
3235 3572 3516 3638 ἑκτισμαι,
3554 3569 3617 3621 οὐ

2037 3670 2177 3723 Θέλω
2223 3669 2498 3722 δουλεύειν
2546 3668 2797 3738 ἀνάγκῃ·
2851 3664 3261 3737 παραχώρησον
3310 3660 3619 3735 χρήσασθαί

2040 3778 2109 3829 με
2157 3760 2236 3828 τῷ
2281 3760 2489 3830 κλήρῳ,
2541 3759 2617 3823 ὡς
2681 3758 2985 3828 βούλομαι·
3033 3758 3067 3829 ἦ
3117 3756 3233 3821 πῶς
3279 3755 3345 3808 ἀν
3391 3752 3617 3823 φανείην

2038 3853 2459 3915 αὐτοδέσποτος,
2509 3850 2752 3915 εντολαίς
2817 3850 2915 3905 καὶ
2984 3851 3170 3920 νόμοις
3233 3844 3619 3915 δουλαγωγού-

2042 3964 2203 4017 μενος
2231 3963 2245 4011 ;
2522 4010 2523 4023 χ

2116 4058 2135 4091 ι
2171 4040 2283 4092 Καὶ
2324 4039 2519 4092 διεῖλεν
2569 4036 2753 4099 αὐτοῖς
2797 4035 2889 4088 τὸν
2920 4033 3059 4103 βίον,
3097 4050 3117 4083 ι
3161 4032 3274 4093 τοῖς
3308 4028 3623 4097 ἀσωμάτοις

2041 4133 2308 4201 ἀπένειμε
2337 4130 2708 4199 τδνςούρὰνιον
2729 4127 2928 4198 χῶρον,
2960 4127 3072 4187 τοῖς
3106 4121 3417 4193 ἀνθρώποις
3446 4120 3505 4173 δὲ
3527 4118 3622 4173 τὸν

2041 4223 2346 4295 περίγειον.
2376 4221 2480 4273 Δύο
2505 4221 2614 4290 γὰρ
2642 4219 2816 4274 ταῦτα
2846 4218 3089 4286 στοιχεῖα
3115 4214 3173 4266 ὲν
3205 4216 3271 4284 τῇ
3313 4212 3422 4265 τῶν
3451 4210 3624 4264 ὄντων

2042 4314 2222 4369 κτίσει
2253 4313 2393 4384 πρὸς
2418 4311 2694 4382 διαγωγὴν
2722 4310 2823 4380 τῆς
2849 4307 3078 4377 λογικῆς
3106 4305 3342 4375 φύσεως,
3372 4301 3624 4371 οὐρανὸς,

2043 4407 2140 4460 καὶ
2173 4407 2207 4478 ἡ
2241 4406 2334 4475 γῆ.
2382 4406 2558 4466 Τόπος
2589 4404 2698 4456 τῶν
2729 4402 2819 4456 διὰ
2850 4399 3054 4471 σαρκὸς
3089 4397 3188 4468 τὴν
3231 4395 3377 4466 ζωὴν
3407 4393 3629 4464 εἰληχό-

362 4500 455 4566 qui
499 4501 665 4555 vitam
718 4502 773 4556 in
819 4516 1048 4572 corpore
1109 4503 1288 4558 sortiti
1322 4513 1470 4564 sunt,
1502 4512 1642 4557 terra
1680 4518 1696 4567 ;
1735 4501 1930 4556 coelum

2038 4515 2147 4553 των
2176 4501 2209 4568 ἡ
2241 4499 2313 4567 γῆ
2333 4514 2348 4529 ⁸
2380 4498 2407 4550 6
2436 4498 2494 4550 δὲ
2523 4496 2776 4567 οὐράνιος
2806 4494 2914 4547 τῶν
2944 4491 3255 4561 ἀσωμάτων
3286 4491 3455 4551 ἐστὶν,
3490 4489 3548 4539 ἐν

363 4606 493 4647 vero
542 4593 788 4661 corporis
821 4594 1124 4664 expertium
1164 4602 1245 4649 est
1271 4637 1287 4662 ,
1334 4593 1387 4648 in
1437 4608 1545 4662 quo
1576 4592 1937 4648 sanctissimae

363 4691 577 4740 mentes
617 4693 939 4753 versantes,
990 4685 1188 4742 divinas
1248 4684 1611 4755 perfeetzeque
1678 4684 1823 4739 omni
1876 4697 1939 4737 ex

364 4779 518 4840 parte
562 4772 889 4830 beatitudini
937 4774 1160 4844 propius
1206 4775 1494 4829 accedunt.
1552 4772 1725 4828 Homo
1778 4773 1943 4843 igitur

363 4864 522 4933 quasi
566 4865 969 4923 adolescentior
1003 4865 1146 4923 ﬁlius
1189 4853 1332 4923 hunc
1378 4866 1638 4921 mundum
1685 4856 1936 4922 sensibus

439 5022 515 5082 ⁵1
548 5023 674 5081 Cor.
708 5038 799 5090 xv,
828 5024 923 5084 22.

441 5244 552 5315 (92)
588 5241 818 5311 Lapsum
847 5244 1010 5301 etiam
1038 5260 1157 5299 cum
1180 5242 1273 5298 illo
1302 5257 1651 5300 communem.
1688 5237 1825 5296 Vide
1850 5255 1947 5294 uo-

363 5325 479 5372 .lam
506 5316 861 5378 superiorem.

444 5387 554 5455 (95)
592 5386 707 5440 Duo
741 5393 863 5439 sunt
891 5389 1161 5440 elementa.
1198 5381 1312 5455 Non
1348 5383 1523 5455 solum
1557 5390 1790 5455 quatuor
1816 5379 1950 5434 sub-

369 5451 580 5513 lunaria
611 5471 860 5519 comora,
895 5456 985 5509 sed
1007 5456 1171 5509 etiam
1197 5454 1392 5509 cmlum
1425 5451 1582 5509 vides:
1599 5451 1778 5507 vocari
1809 5467 1954 5502 στοι-

366 5534 515 5598 χεῖον
537 5528 673 5598 apud
706 5525 942 5598 Graecos.
971 5526 1136 5579 Arist.
1175 5525 1268 5598 lib.
1299 5523 1372 5577 De
1411 5527 1606 5598 munda
1632 5521 1953 5598 :_Ztor.xsioy

368 5589 541 5651 οὖσαν
570 5589 582 5597 ’
612 5597 802 5665 ἕτερον
869 5596 978 5648 τῶν
1032 5594 1350 5663 τεσσάρων,
1433 5593 1710 5665 ἀκήρατόν
1756 5589 1956 5665 τεκαὶ

365 5665 545 5716 θεῖον·
588 5662 738 5731 Quod
778 5666 926 5719 aliud
968 5675 1041 5719 est
1066 5683 1094 5719 (ι
1125 5662 1378 5732 quatuor.
1416 5662 1728 5732 elementum
1770 5662 1954 5732 puris-

370 5734 565 5802 {iratum
614 5730 669 5787 et
725 5736 998 5797 divinum;
1047 5738 1113 5789 de
1138 5730 1278 5787 cmlo
1342 5733 1596 5802 loquitur.
1660 5730 1954 5796 Gregorius

375 5797 541 5867 3y5s.
587 5803 801 5871 υε-αυυο
830 5806 889 5859 de
915 5807 1090 5860 anima
1123 5815 1167 5859 et
1205 5820 1370 5859 rcsttr.
1402 5797 1424 5859 ε’
1448 5802 1612 5873 Atque
1632 5803 1791 5855 etiam
1816 5801 1954 5853 luna:

2048 4590 2298 4660 πανίεροι
2346 4589 2464 4651 νόες
2498 4586 2924 4659 περιπολοῦντες
2966 4581 3268 4654 γειτονοῦσι
3312 4583 3377 4650 τῇ
3425 4595 3631 4633 πανευο

2046 4680 2264 4751 δαίμονι
2295 4680 2389 4735 καὶ
2423 4679 2545 4750 Θείᾳ
2593 4677 2985 4750 μακαριότητι.
3038 4675 3099 4729 '0
3128 4674 3311 4730 τοίνυν
3343 4672 3634 4743 ἄνθρωπος

2047 4768 2136 4828 οἷα
2171 4773 2432 4844 νεώτερος
2475 4776 2628 4837 παῖς,
2672 4772 2749 4835 ὡς
2780 4772 2986 4842 κλῆρον
3020 4771 3111 4824 τὸν
3142 4767 3400 4837 αἰσθητὸν
3439 4763 3634 4817 τοῦτον

2048 4867 2252 4936 κόσμον
2310 4865 2401 4918 καὶ
2451 4866 2545 4918 τὸν
2593 4863 2923 4934 παράδεισον
2979 4863 3059 4926 είς
3107 4860 3317 4914 δίαιταν
3366 4854 3631 4927 εἰληφὼς,

1590 5117 1913 5179 Frencisci
1953 5113 2161 5177 Scorsi
2205 5121 2395 5175 notas.

2055 5237 2460 5293 diminutionem
2523 5251 2570 5294 et
2605 5241 2979 5294 incrementum
3023 5256 3140 5293 cum
3169 5239 3333 5301 vides,
3367 5252 3632 5307 per_eam,

2057 5324 2172 5376 qua:
2205 5320 2421 5373 apparet
2457 5311 2509 5363 in
2542 5309 2814 5368 elementa.
2841 5310 3087 5378 ﬁguram,
3124 5310 3234 5362 alia
3256 5305 3638 5378 discis.Chr_y-

2058 5387 2189 5431 sost.
2228 5380 2329 5448 hac
2381 5380 2493 5448 ipsa
2532 5381 2750 5432 humilia
2782 5376 2847 5433 de
2882 5376 3005 5433 tilio
3048 5382 3271 5446 prodigo
3297 5395 3311 5432 :
3339 5376 3442 5442 Qui
3488 5376 3632 5448 enim

2052 5450 2102 5502 iu
2164 5446 2567 5514 cwlttntpeccat,
2612 5451 2751 5515 quod
2809 5449 2905 5502 etsi
2933 5466 3256 5516 supremum,
3296 5459 3469 5505 tamen
3500 5446 3632 5497 risi-

2055 5518 2154 5571 bife
2188 5519 2497 5571 elementum
2530 5528 2629 5572 est.
2665 5518 2849 5573 Graeca
2915 5521 3201 5587 Chrysost.
3257 5533 3361 5571 non
3411 5526 3531 5571 sunt
3579 5516 3632 5568 iu

2054 5598 2325 5655 promptu.
2356 5588 2432 5641 Ex
2460 5588 2667 5643 Latinis
2702 5603 2831 5643 vero
2872 5590 2927 5643 S.
2968 5586 3285 5642 Ambrosius
3318 5590 3381 5639 tle
3416 5586 3632 5639 defectu

2055 5658 2215 5719 hunc.
2278 5658 2381 5712 nisi
2443 5675 2630 5709 ηιμ-(ιη’
2689 5662 2752 5713 sit
2815 5660 2871 5713 S.
2937 5659 3201 5713 Maximus
3274 5655 3636 5710 Tuurinensis

2053 5729 2370 5795 euiscerms:
2404 5726 2730 5783 Clumabatfs
2753 5729 2885 5783 επὶ-η
2918 5747 2976 5783 ne
3004 5728 3294 5783 («tuentibus
3323 5726 3465 5781 vobis
3516 5741 3638 5794 per-

2054 5799 2198 5851 deret
2225 5797 2557 5854 elementum.
