4024 6452
348 359 457 423 383

1538 352 1639 412 ΤΗ
1652 345 2031 410 EOPHANIS
2066 348 2415 409 CERAMEI

3500 344 3608 409 3S4

324 472 443 526 'riis
475 465 714 539 praefecti
748 476 878 523 sunt
920 466 1067 523 vitiis
1102 464 1215 537 (95)
1254 481 1267 519 :
1304 469 1365 517 ut
1421 462 1559 517 alius
1593 460 1812 531 quidem
1854 458 1924 515 sit

2035 459 2321 521 συνέσεως,
2365 458 2460 512 καὶ
2517 456 2619 511 ὅσα
2675 459 2704 511 6
2760 455 2933 527 μέγας
2969 453 3194 511 Ἡσαΐας
3262 453 3605 526 ἠρίθμησεν,

339 561 552 617 daemon
605 561 721 627 irae,
771 559 908 614 alius
973 557 1152 612 inanis
1214 557 1418 627 gloriae,
1471 554 1609 609 alius
1660 551 1924 619 avaritiae,

340 655 480 707 alius
533 652 774 715 invidiae,
829 659 880 707 et
912 650 1054 705 alius
1090 650 1178 704 alii
1242 649 1446 720 prmsit,
1478 649 1604 704 odio
1654 647 1928 714 intempe-

341 744 555 809 rantixe,
586 743 806 812 probro,
836 742 1069 810 pigritiae
1103 760 1117 796 :
1145 751 1193 795 et
1239 741 1447 812 singula
1481 741 1610 794 vitia
1644 748 1924 794 auctorem

341 835 644 902 proprium,
682 843 735 887 et
776 831 1139 901 perniciosum
1195 831 1504 884 hominibus
1549 830 1923 884 consiliarium

343 935 500 979 nacta
533 927 672 990 sint;
722 925 792 977 ita
828 933 883 977 ut
920 924 1065 977 cives
1096 923 1353 978 dicantur
1400 923 1707 993 hujusmodi
1760 923 1925 978 animi

342 1014 810 1082 perturbationum
886 1013 1226 1069 conditores.
1317 1014 1453 1068 Cum
1511 1014 1674 1084 igitur
1734 1014 1926 1068 audias

344 1106 714 1159 lascivientem
748 1106 896 1158 illum
945 1102 1351 1159 adulescentem'
1380 1106 1468 1157 uni
1503 1105 1701 1158 civium
1743 1106 1925 1158 adhte-

343 1200 500 1258 sisse.
553 1199 654 1252 hoc
709 1199 1007 1266 signiﬁcari
1054 1200 1222 1262 scias,
1252 1199 1396 1269 quod
1439 1200 1600 1254 unius
1637 1212 1704 1253 ex
1758 1198 1926 1265 vitiis,

342 1293 409 1343 ad
445 1307 564 1361 qua:
600 1291 874 1346 daemones
906 1294 1186 1364 instigant,
1225 1308 1441 1359 servus,
1484 1308 1549 1348 ac
1593 1293 1925 1364 mancipium

340 1381 521 1439 factus
561 1385 665 1443 ‘sit.
729 1382 786 1440 Si
839 1401 972 1440 vero
1023 1388 1187 1440 etiam
1242 1388 1308 1441 de
1359 1388 1579 1441 civitate
1630 1388 1928 1442 sciscitaris

343 1475 500 1541 cujus
531 1484 668 1543 erat,
696 1486 876 1533 custos
902 1485 953 1531 et
987 1493 1186 1547 praeses
1207 1479 1297 1548 qui
1328 1479 1688 1534 adolescentis
1707 1494 1925 1549 operam

343 1582 536 1637 porcos
567 1569 823 1637 pascendi
857 1570 1141 1634 conduxit,
1173 1571 1388 1627 docebit
1416 1582 1465 1627 te
1501 1572 1773 1640 Psalmus,
1804 1588 1925 1627 cum

345 1660 617 1714 civitatem
679 1670 840 1716 vocat
899 1663 1161 1717 malarum
1224 1662 1572 1719 aﬂ‘ectionum
1633 1667 1927 1721 contuber-

344 1751 518 1806 nium.
569 1771 589 1805 ι
624 1750 747 1808 Vidi
832 1754 1176 1826 iniquitatem
1225 1766 1280 1812 et
1330 1757 1820 1814 contradictionem
1874 1759 1926 1813 in

345 1844 589 1913 civitate,
615 1857 670 1901 et
699 1845 852 1901 labor
883 1845 936 1901 in
978 1846 1159 1902 medio
1192 1848 1396 1917 ejus,et
1427 1847 1716 1915 iniustitia,
1744 1858 1798 1903 et
1827 1851 1929 1902 ini-
1964 1844 1983 1868 ε

344 1939 552 2005 quitas,
586 1945 638 1991 et
663 1953 851 2003 usura,
882 1947 936 1992 et
966 1938 1124 1993 dolus
1159 1940 1211 1993 in
1248 1939 1444 2010 plateis
1485 1943 1730 1996 eorum'.
1770 1961 1786 1994 ι
1824 1941 1926 2008 Qui

348 2027 515 2096 igitur
547 2028 686 2082 hanc
713 2029 990 2084 civitatem
1028 2029 1283 2094 habebat,
1323 2031 1508 2087 emisit
1551 2033 1822 2089 hominem
1874 2036 1927 2089 in

345 2121 529 2174 villam
580 2135 730 2176 suam
792 2129 853 2176 ut.
934 2131 1181 2192 pasceret
1237 2138 1452 2192 porcos.
1521 2123 1775 2180 Fortasse
1836 2143 1932 2196 per

348 2226 550 2282 porcos
588 2213 966 2268 abominanda:
1012 2222 1066 2268 et
1124 2214 1323 2269 rabidae
1363 2214 1591 2270 luxuriae
1622 2218 1806 2285 passio
1842 2218 1925 2272 in.

347 2304 543 2358 nuitur
574 2320 590 2358 :
619 2305 673 2358 in
702 2319 806 2374 qua
839 2319 1126 2372 porcorum
1156 2321 1307 2363 more
1323 2307 1655 2374 volutantur,
1685 2310 1777 2380 qui
1805 2312 1930 2367 huic

346 2410 548 2463 spurco
581 2398 808 2452 daemoni
839 2405 1049 2468 parent.
1089 2398 1262 2470 Hujus
1309 2416 1436 2456 vero
1467 2402 1640 2471 turpis
1671 2404 1930 2459 daemonis

347 2502 510 2556 agros
559 2487 803 2559 intellige
855 2489 1104 2545 homines
1152 2491 1340 2547 carnis
1390 2507 1500 2546 sua:
1532 2501 1826 2555 amatores.
1878 2503 1931 2551 et

346 2580 717 2652 voluptatibus
751 2581 983 2638 deditos.
1019 2579 1233 2653 Optime
1263 2598 1429 2653 porro
1471 2583 1707 2641 lasciviae
1736 2586 1927 2641 vitium

347 2672 705 2728 similitudine
748 2687 1037 2743 porcorum
1079 2676 1445 2731 adumbravit.
1483 2676 1742 2748 Voluptas
1783 2682 1927 2733 enim

348 2766 522 2821 velut‘i
559 2766 757 2821 circato
803 2767 856 2822 in
899 2768 1094 2838 poeulo
1133 2769 1371 2824 miscens
1424 2772 1697 2839 potionem
1751 2787 1928 2839 suam,

350 2867 407 2911 et
435 2855 730 2912 stultorum
761 2867 994 2913 mentem
1027 2858 1093 2914 ad
1154 2860 1317 2915 vitam
1363 2861 1594 2918 similem
1646 2865 1769 2919 vita:
1807 2842 1932 2934 por-

348 2962 539 3002 corum
573 2949 884 3017 traducens,
919 2964 1011 3005 eos
1059 2951 1112 3006 in
1148 2953 1468 3008 servitutem
1519 2955 1714 3024 redigit
1750 2971 1928 3012 suam.

351 3036 419 3094 Et
448 3040 605 3095 sicuti
637 3056 921 3110 porcorum
949 3042 1089 3099 oculi
1118 3044 1183 3098 ad
1213 3045 1319 3100 ima
1347 3055 1538 3117 suapte
1577 3056 1768 3102 natura
1799 3063 1931 3103 con-

2027 547 2202 611 οῢτως
2234 550 2284 602 οί
2310 547 2405 600 τοῦ
2437 545 2575 600 Θεοῦ
2609 546 2900 600 ἀντίπαλοι
2932 549 3044 607 τοῖς
3082 544 3345 607 ἐναντίοις
3374 547 3610 616 τετάχαο

2027 658 2138 701 ται.
2170 641 2245 706 ὡς
2275 640 2437 695 ἄλλον
2466 640 2567 711 μὲν
2596 636 2741 694 εἶναι
2768 639 2860 692 τὸν
2887 638 3116 708 δαίμονα
3147 638 3240 690 τοῦ
3283 638 3480 709 θυμοῦ,
3513 641 3610 692 ἄλ-

2026 735 2119 788 λον
2155 735 2212 787 δὲ
2264 734 2367 804 τῆς
2428 732 2758 804 φιλοδοξίας,
2818 733 3006 803 ἕτερον
3059 731 3158 801 τῆς
3212 732 3609 802 φιλαργυρίας,

2026 828 2122 879 καὶ
2148 825 2307 881 ἀλλον
2338 824 2433 879 τοῦ
2471 825 2696 894 φθόνου,
2722 825 2818 878 καὶ
2872 824 3031 879 ἄλλον
3052 823 3233 886 ἄλλου,
3279 824 3373 876 τοῦ
3417 825 3611 894 μίσους

2025 920 2128 988 τῆς
2154 919 2473 983 ἀκολασίας,
2501 918 2603 987 τῆς
2648 917 2886 987 ὕϐρεως,
2934 915 3034 987 τῆς
3086 916 3335 987 ἀκηδίας,
3373 917 3469 969 καὶ
3501 917 3612 969 τῶν

2029 1011 2218 1066 παθῶν
2252 1012 2480 1065 ἕκαστον
2528 1010 2830 1082 ἐφευρετὴν
2862 1009 2995 1064 ἴδιον
3048 1009 3312 1080 κέκτηκε,
3365 1010 3459 1062 καὶ
3496 1011 3612 1071 τοῖς

2027 1103 2340 1176 ἀνθρώποις
2402 1102 2709 1172 σύμϐουλον
2762 1101 3020 1171 πονηρὸν,
3073 1100 3147 1165 ὡς
3189 1100 3416 1163 πολίτας
3450 1100 3610 1168 λέγε-
3670 1112 3677 1117 ’

2029 1196 2155 1251 σθαι
2218 1195 2328 1248 τῶν
2387 1195 2580 1248 παθῶν
2615 1196 2742 1259 τοὺς
2770 1194 2977 1273 τούτων
3015 1192 3407 1263 δημιουργούς.
3443 1194 3614 1246 ’Ὀταν

2030 1288 2124 1342 οῦν
2183 1288 2446 1360 ἀκούσῃς,
2480 1287 2556 1350 ὡς
2587 1288 3004 1357 ἀποσκιρτήσας
3050 1287 3259 1343 ἐκεῖνος
3309 1287 3336 1338 ό
3367 1284 3487 1347 νέος
3524 1286 3613 1339 ἐνίΙ

2027 1382 2295 1454 ἐκολλήθη
2332 1386 2441 1435 τῶν
2482 1380 2739 1445 πολιτῶν,
2764 1380 2926 1433 τοῦτο
2954 1377 3249 1448 δηλοῦσθαι
3297 1376 3611 1447 κατάμαθε,

2025 1476 2101 1539 ὡς
2126 1477 2206 1529 ἐνὶ
2239 1476 2349 1528 τῶν
2379 1473 2749 1544 δαιμονιωδῶν
2775 1473 2963 1527 παθῶν
2997 1471 3204 1542 λάτρης
3267 1471 3363 1524 καὶ
3395 1468 3618 1539 ὑποχεί-

2031 1587 2144 1641 ριος
2173 1569 2416 1637 γέγονεν.
2449 1568 2512 1621 Εἰ
2536 1567 2594 1620 δὲ
2633 1568 2729 1621 καὶ
2756 1566 2853 1636 τὴν
2886 1565 3042 1618 πόλιν
3076 1563 3261 1635 ζητεῖς
3304 1562 3521 1635 μαθεῖν,
3544 1558 3617 1634 ἧς

2028 1662 2318 1733 πολιοῦχος
2360 1657 2429 1733 ἦν
2466 1663 2494 1714 6
2532 1659 2956 1731 μισθωσάμενος
2993 1659 3086 1712 τὸν
3137 1658 3258 1711 νέον
3291 1656 3614 1720 συοϐωτεῖν,

2029 1753 2232 1819 διδάξει
2274 1769 2333 1805 σε
2366 1754 2394 1805 6
2427 1751 2669 1821 ψαλμδς,
2708 1751 2806 1817 τὴν
2852 1750 3009 1804 πόλιν
3053 1750 3226 1819 λέγων
3275 1750 3492 1817 ἐκείνην
3515 1747 3618 1821 τὴν

2031 1845 2096 1898 ἐκ
2148 1845 2258 1898 τῶν
2313 1844 2569 1917 πονηρῶν
2650 1842 3108 1913 ἐπιτηδευμάτων
3169 1841 3614 1913 συνῳκισμένην.

2034 1956 2054 1989 ι
2093 1934 2249 1991 Εἶδον
2314 1938 2544 2007 ἀνομίαν
2599 1937 2661 1991 ἐν
2710 1938 2777 2008 τῇ
2812 1937 2965 1989 πόλει
3027 1936 3123 1989 καὶ
3147 1934 3482 2002 ἀντιλογίαν,
3521 1934 3620 1986 καὶ

2030 2032 2229 2099 ἀνομία
2281 2015 2378 2085 καὶ
2406 2031 2578 2094 κόπος
2622 2032 2681 2084 ἐν
2733 2031 2886 2101 μέσῳ
2935 2029 3126 2097 αὐτῆς,
3158 2030 3252 2083 καὶ
3280 2027 3485 2089 ἀδικία,
3518 2025 3619 2079 καὶ

2028 2122 2213 2185 τόκος,
2256 2122 2349 2175 καὶ
2387 2121 2539 2183 δόλος
2608 2121 2667 2173 ἐν
2729 2122 2853 2183 ταῖς
2913 2118 3202 2182 πλατείαις
3262 2118 3455 2186 αὐτῆς.
3490 2135 3509 2168 ι
3555 2114 3619 2169 Ὀ

2029 2214 2163 2284 γοῦν
2184 2213 2282 2283 τὴν
2311 2216 2571 2280 τοιαύτην
2618 2212 2774 2265 πόλιν
2818 2211 2988 2264 οίκῶν
3040 2208 3290 2279 ἔπεμψεν
3340 2208 3504 2262 αὑτὸν
3534 2206 3619 2263 είς

2028 2311 2120 2365 τὸν
2146 2312 2317 2381 ἀγρόν
2344 2308 2509 2362 αὑτοῦ
2539 2309 2757 2379 βόσκειν
2787 2307 3029 2378 χοίρους.
3063 2306 3219 2377 Τάχα
3252 2304 3340 2359 διὰ
3368 2304 3478 2357 τῶν
3502 2303 3621 2374 χοί-

2033 2421 2143 2475 ρων
2170 2402 2233 2455 ab
2264 2401 2364 2471 τῆς
2402 2400 2666 2471 βδελυρᾶς
2696 2402 2792 2452 καὶ
2830 2398 3139 2461 λυσσώδους
3178 2396 3480 2459 ἀκολασίας
3508 2395 3621 2449 πά·

2032 2497 2125 2558 θος
2153 2494 2398 2568 ⁴ᾐνίξατο,
2424 2487 2467 2560 ᾧ
2502 2494 2756 2564 χοιρηδὸν
2779 2490 3226 2560 ἐγκαλινδοῦνται
3257 2490 3306 2541 οἱ
3333 2487 3410 2557 τῷ
3432 2485 3619 2558 μιαρῷ

2031 2589 2345 2659 πειθόμενοι
2397 2587 2637 2656 δαίμονι.
2682 2585 2918 2655 Ἀγροὺς
2958 2584 3021 2655 ,δὲ
3053 2584 3269 2654 νοήσεις
3299 2580 3394 2634 τοῦ
3432 2580 3621 2651 βδελυ-

2032 2679 2129 2750 ροῦ
2160 2680 2349 2734 τούτου
2381 2679 2637 2748 δαίμονος
2668 2676 2797 2740 τοὺς
2826 2675 3214 2747 φιλοσάρκους,
3242 2674 3338 2727 καὶ
3392 2671 3620 2743 φιληδό-

2031 2790 2179 2837 νους.
2223 2770 2463 2844 Ἀριστα
2488 2771 2545 2826 δὲ
2575 2771 2635 2824 τὸ
2666 2769 2765 2839 τῆς
2793 2769 3092 2831 ἀκολασίας
3137 2766 3313 2831 πάθος
3346 2767 3462 2828 τοῖς
3502 2765 3619 2830 χοί-

2034 2882 2149 2935 ροις
2176 2863 2514 2935 παρείκασεν
2540 2876 2555 2891 ο
2583 2861 2617 2931 ἡ
2636 2859 2742 2931 γὰρ
2763 2859 2924 2930 ἡδονὴ
2949 2857 3203 2929 καθάπερ
3230 2856 3467 2926 κιρκαίῳ
3489 2871 3623 2924 κρα-

2032 2957 2164 3026 τῆρι
2200 2954 2295 3008 τὸν
2354 2952 2553 3008 ἐαυτοῦ
2587 2952 2842 3006 κυκεῶνα
2883 2952 3188 3024 κεράσασα,
3221 2950 3317 3002 καὶ
3376 2948 3469 3001 τὸν
3508 2947 3621 3001 τῶν

2033 3051 2291 3120 ἀφρόνων
2315 3046 2441 3103 νοῦν
2470 3047 2604 3119 πρὸς
2633 3046 2731 3115 τὴν
2756 3043 2992 3116 χοιρώδη
3012 3043 3157 3114 ζωὴν
3175 3041 3615 3113 μεταμείεῖουσα,

352 3131 493 3187 versi
527 3132 661 3188 nihil
696 3134 1120 3201 admirabilium,
1163 3135 1465 3191 cmleStium
1519 3152 1696 3192 rerum
1747 3137 1930 3208 perci-

2035 3144 2241 3213 λάτρας
2273 3141 2480 3210 ἑαυτῆς
2524 3140 2713 3210 τίθησι
2738 3155 2752 3170 ’
2793 3139 2887 3191 καὶ
2911 3136 3102 3207 ὥσπερ
3132 3137 3183 3189 οί
3212 3136 3322 3189 τῶν
3351 3134 3493 3188 συῶν
3520 3135 3624 3204 όφ-

351 3221 530 3291 piunt,
560 3222 636 3278 ita
667 3224 734 3279 ad
759 3224 875 3280 haec
898 3225 1028 3281 vitia
1072 3225 1352 3284 detractus
1388 3228 1604 3284 animus
1636 3244 1818 3286 rerum
1849 3230 1933 3287 in-

353 3312 710 3385 telligibilium
743 3316 1196 3385 pulchritudinem
1248 3334 1354 3374 non
1403 3322 1588 3377 sentit.
1625 3320 1759 3378 Cum
1802 3339 1934 3380 vero

352 3408 537 3463 multa!
563 3408 672 3463 sint
698 3409 859 3481 106
878 3411 1178 3479 passiones,
1204 3426 1324 3482 qua:
1351 3414 1616 3470 rationem
1640 3415 1932 3471 humanam

354 3508 690 3569 oppugnant,
725 3499 929 3555 nullam
962 3502 1206 3572 profecto
1239 3513 1446 3559 tantam
1478 3506 1584 3560 vim
1616 3507 1778 3564 habet
1806 3509 1929 3573 alia,

354 3598 414 3640 ut
444 3603 570 3644 cum
624 3590 726 3646 hoc
778 3591 1073 3662 voluptatis
1133 3595 1323 3650 morbo
1368 3596 1698 3665 tequiparari
1749 3608 1934 3670 queat.

356 3678 603 3737 Pecudes
632 3683 778 3737 enim
831 3698 1023 3739 revera
1075 3684 1325 3741 homines
1371 3686 1518 3753 facit,
1568 3702 1729 3744 suum
1764 3707 1933 3758 more,

354 3772 600 3830 fmditate
645 3774 734 3830 illa
779 3776 1110 3847 gloriantes;
1184 3787 1245 3833 ut
1295 3780 1458 3835 etiam
1509 3783 1764 3840 sordibus
1803 3785 1934 3857 ipsis

361 3865 552 3923 satiari
579 3881 754 3939 usque
785 3870 1200 3941 concupiscant.

437 4166 459 4204 ι
499 4149 766 4222 Cupiebat
801 4154 947 4210 enim
981 4192 998 4219 ,
1021 4155 1217 4226 inquit,
1250 4160 1436 4215 satiari
1485 4171 1729 4218 ventrem
1783 4179 1938 4221 snmn

362 4240 430 4297 de
480 4242 692 4313 siliquis
753 4258 892 4314 quas
937 4247 1088 4317 porci
1136 4250 1516 4320 couzedebant,
1548 4268 1612 4308 ac
1658 4270 1819 4310 nemo
1863 4255 1939 4310 illi

360 4335 588 4403 dabatj.)
621 4334 716 4393 Ille
765 4336 930 4408 igitur
956 4353 1024 4394 ex
1062 4348 1220 4395 actate
1251 4351 1303 4397 et
1333 4358 1496 4399 sensu
1542 4346 1942 4404 adolescentior

360 4435 570 4482 tantum
594 4435 649 4483 et
679 4428 888 4485 subulci
935 4430 1238 4488 ministerio
1285 4433 1525 4492 lucratus
1569 4445 1675 4503 est,
1709 4448 1769 4492 ut
1801 4437 1939 4495 fame

361 4529 673 4590 angeretur,
704 4529 759 4577 et
791 4536 1078 4590 porcorum
1111 4525 1307 4594 pabulo
1331 4526 1535 4596 expleri
1578 4540 1920 4600 percuperet.

1964 4479 2021 4540 D

2037 3233 2234 3306 θαλμοὶ
2256 3235 2337 3297 είς
2362 3232 2424 3285 τὸ
2451 3232 2604 3286 κάτω
2642 3230 2795 3301 παρὰ
2835 3228 2936 3297 τῆς
2972 3226 3190 3297 φύσεως
3247 3224 3623 3296 ἐστραμμένοι

2033 3327 2145 3383 τῶν
2170 3325 2438 3400 οὐρανίων
2489 3323 2787 3394 θαυμάτων
2827 3320 3075 3390 ἀπείρως
3104 3319 3347 3391 ἔχουσιν,
3383 3319 3554 3382 οὕτως
3587 3319 3622 3387 ἡ

2035 3422 2174 3492 πρὸς
2206 3421 2273 3475 τά
2296 3419 2443 3484 πάθη
2469 3413 2926 3473 κατασπασθεῖσα
2964 3414 3113 3487 ψυχὴ
3147 3415 3286 3486 πρὸς
3326 3413 3388 3467 τὸ
3431 3411 3626 3482 νοητὸν

2037 3514 2234 3578 κάλλος
2255 3511 2598 3581 ἀναισθητεῖ.
2632 3510 2851 3564 Πολλῶν
2885 3508 2944 3562 δὲ
2993 3508 3165 3562 ὄντων
3191 3505 3403 3572 παθῶν,
3431 3504 3466 3559 8t
3494 3505 3627 3567 τοὺς

2034 3606 2335 3678 λογισμοὺς
2361 3604 2472 3659 τῶν
2513 3603 2823 3675 ἀνθρώπων
2867 3600 3330 3669 καταγωνίζεται,
3366 3596 3624 3668 οὐδεμίαν

2037 3700 2161 3755 καθ’
2196 3698 2356 3771 ἡμῶν
2414 3698 2570 3768 ἰσχὺν
2617 3697 2808 3765 ἕτερον
2867 3695 3038 3759 πάθος
3084 3695 3219 3766 ἔχει,
3244 3695 3322 3759 ώς
3356 3696 3493 3764 πρὸς
3528 3692 3627 3764 τὴν

2036 3794 2193 3847 νόσον
2221 3791 2323 3861 τῆς
2357 3789 2550 3861 ἡδονῆς
2584 3787 2955 3854 ἐξισάξεσθαι.
2990 3786 3325 3858 Βοσκήματα
3352 3785 3462 3857 γὰρ
3492 3786 3629 3855 ἀληο

2038 3883 2146 3947 θῶς
2195 3882 2321 3945 τοὺς
2345 3930 2355 3938 ,
2379 3868 2708 3951 ἀνθρώπους
2751 3879 2903 3932 ποιεῖ
2962 3880 3030 3949 τῇ
3065 3877 3263 3949 ἀτιμίᾳ
3294 3877 3453 3946 δίκην
3479 3877 3628 3929 συῶν

2038 3971 2519 4042 ἐκπομπεύοντας,
2564 3969 2640 4035 ὡς
2676 3970 2765 4023 ἀεὶ
2827 3969 3118 4041 ἐπιθυμεῖν
3149 3967 3506 4041 κορέννυσθαι
3529 3966 3627 4021 τοῦ

2044 4067 2383 4138 μιάσματος.

2101 4178 2120 4211 ι
2142 4157 2451 4227 Ἐπεθύμειι
2471 4156 2605 4226 γὰρ,
2639 4154 2794 4227 φησὶ,
2823 4156 3055 4227 γεμίσαι
3090 4154 3190 4226 τὴν
3214 4153 3425 4213 κοιλίαν
3458 4152 3626 4208 αὑτοῦ

2040 4253 2150 4307 ἀπὸ
2182 4251 2292 4305 τῶν
2321 4251 2615 4322 κερατίων,
2647 4243 2721 4304 ὧν
2745 4250 2932 4319 ἢσθιον
2963 4249 3013 4301 oi
3067 4250 3264 4319 χοῖροι,
3316 4248 3412 4302 καὶ
3452 4248 3630 4311 οὐδεὶς

2043 4344 2217 4398 ἐδίδου
2241 4342 2413 4414 αὐτῷ.
2456 4360 2475 4394 ι
2524 4341 2583 4397 ’0
2618 4341 2718 4412 μὲν
2761 4338 2857 4394 οὖν
2892 4338 3161 4411 νεώτερος
3221 4337 3366 4393 κατά
3417 4337 3516 4410 τὴν
3543 4338 3631 4407 γέ-

2047 4454 2198 4491 νεσιν
2250 4436 2347 4490 καὶ
2372 4433 2471 4506 τὴν
2506 4434 2772 4506 φρόνησιν
2826 4432 3083 4488 τοσοῦτον
3135 4430 3395 4487 ἀπώνατο
3441 4432 3506 4484 ἐκ
3534 4430 3629 4484 τοῦ

2046 4529 2303 4599 συϐώτης
2351 4526 2632 4597 γενέσθαι,
2688 4527 2814 4581 ὅσον
2870 4524 3140 4596 ἄγχεσθαι
3191 4524 3284 4578 τοῦ
3314 4524 3499 4596 λιμοῦ,
3535 4522 3633 4577 καὶ

359 4610 488 4668 Haec
520 4621 647 4669 sunt
684 4624 986 4671 amatorum
1021 4618 1279 4687 nequitiae
1303 4623 1524 4689 praemia
1551 4639 1566 4677 :
1605 4622 1758 4679 hisce
1787 4624 1932 4682 doni:

2043 4621 2356 4692 ίμείρεσθαι
2427 4619 2528 4687 τῆς
2570 4617 2869 4691 χοιρώδους
2935 4617 3325 4689 ἐμπλησθῆναι
3377 4617 3619 4686 τροφῆς.

361 4713 726 4761 assectatores
754 4722 884 4763 suos
926 4720 1307 4765 remuneratur
1339 4711 1623 4782 voluptas;
1661 4715 1798 4771 tales
1839 4717 1932 4772 ιιο-

2038 4713 2284 4770 Τοιαῦτα
2308 4712 2418 4767 τῶν
2452 4712 2701 4785 ἐραστῶν
2727 4712 2826 4782 τῆς
2858 4711 3058 4775 κακίας
3088 4711 3159 4764 τὰ
3195 4710 3426 4764 ἔπαθλαο
3451 4708 3636 4764 τοιού-

361 4811 525 4854 nores
566 4797 871 4856 daemonum
906 4800 1086 4861 solent
1120 4818 1264 4861 esse.
1312 4802 1414 4871 Qui
1449 4806 1596 4862 enim
1644 4818 1932 4880 temperate

2036 4826 2155 4874 τοις
2179 4806 2375 4880 δώροις
2399 4804 2671 4872 δεξιοῦται
2697 4805 2732 4876 ἠ
2763 4804 2929 4877 ἡδονὴ
2955 4805 3085 4870 τοὺς
3109 4804 3414 4878 ἑπομένους
3440 4803 3584 4877 αὐτῇ
3615 4816 3629 4834 ·

434 4954 456 4988 '
484 4952 629 5014 Psal.
660 4973 769 5028 ων,
805 4960 896 5029 10,
922 4961 1010 5030 Η,
1037 4961 1123 5019 12.

1599 5049 1927 5114 Francisci
1962 5051 2176 5115 Scorsi
2215 5055 2408 5114 notae.

436 5175 550 5249 (95)
595 5175 845 5249 Praefecti
895 5186 1019 5231 sunt
1051 5178 1213 5232 vitiis.
1251 5176 1405 5249 Quod
1451 5176 1725 5233 dmmones
1756 5176 1944 5232 distri-

365 5247 495 5307 buta
552 5247 785 5303 habeant
838 5249 1141 5303 ministeria
1220 5248 1428 5302 ratione
1488 5260 1843 5307 personarum
1889 5257 1946 5303 et

367 5319 644 5375 nationum
697 5318 892 5386 quibus
936 5317 1318 5386 impugnandis
1366 5316 1607 5387 praefecti
1644 5318 1777 5381 sint,
1814 5326 1945 5387 p‘ro-

367 5387 547 5447 babile
573 5387 783 5442 videtur
821 5388 1086 5458 theologis
1115 5388 1282 5441 etiam
1315 5386 1657 5458 scholasticis
1682 5402 1803 5458 cum
1829 5386 1944 5440 Ma-

369 5459 539 5529 giSlt‘O
579 5458 631 5511 in
658 5473 720 5522 tt,
758 5457 888 5511 dist.
933 5456 1267 5529 6,'etillud
1313 5459 1576 5529 insinuat_
1601 5456 1663 5510 D.
1700 5457 1942 5512 Thomas

371 5526 549 5594 ipart.
587 5537 779 5597 quaest.
811 5528 937 5590 106,
978 5537 1081 5582 art.
1105 5528 1155 5594 Ι,
1182 5529 1265 5582 his
1296 5527 1509 5582 verbis:
1540 5526 1805 5593 Deputant
1839 5529 1942 5581 sibi

371 5601 640 5668 ministros
698 5599 769 5652 ad
798 5600 1062 5652 hominum
1092 5600 1576 5668 impugnationem,
1594 5598 1751 5651 sicuti
1768 5606 1819 5668 et
1844 5613 1943 5668 ang

375 5667 475 5736 geli
537 5667 647 5722 Deo
700 5670 1005 5723 ministrant
1045 5671 1114 5721 ad
1171 5665 1445 5722 hominum
1496 5665 1740 5721 salutent.
1789 5666 1944 5733 Quod

377 5747 504 5789 νιτο
545 5738 709 5806 etiam
741 5738 1022 5806 dispertita
1077 5738 1308 5792 habeant
1337 5738 1486 5801 vitia,
1520 5747 1574 5792 et
1605 5745 1825 5806 peccata
1847 5805 1853 5806 γ
1877 5736 1943 5790 ad

376 5815 498 5874 qtae
524 5804 841 5864 sollicitent
864 5809 1137 5875 homines,
1177 5817 1237 5863 ut
1289 5807 1429 5866 alius
1468 5804 1677 5864 daemon
1713 5806 1786 5864 sit
1807 5805 1946 5861 alius

2041 5175 2387 5247 potissimum
2425 5173 2710 5247 impulsor.
2749 5174 2803 5231 id
2858 5174 3023 5232 etiam
3079 5175 3461 5245 probabilitate
3520 5191 3633 5232 non

2040 5245 2213 5311 caret,
2260 5254 2317 5300 et
2346 5245 2499 5315 gravi
2565 5247 2788 5299 Patrum
2823 5248 3151 5301 auctoritate
3184 5248 3395 5307 nititur,
3452 5257 3511 5302 ut
3558 5249 3638 5300 ait

2041 5316 2295 5382 Suarius,
2333 5316 2428 5369 lib.
2473 5328 2567 5384 vni
2589 5315 2668 5370 De
2695 5317 2913 5384 angelis,
2951 5331 3068 5383 cap.
3102 5316 3193 5379 21,
3228 5317 3394 5371 n.28.
3443 5316 3636 5372 Patres

2040 5401 2208 5454 porro
2236 5388 2352 5452 ipse
2381 5384 2512 5454 citat
2538 5383 2855 5454 Origenem,
2904 5385 3152 5440 abbatem
3191 5386 3452 5442 Serenum
3482 5388 3628 5453 apud

2042 5452 2381 5517 Cassianum,
2409 5452 2799 5525 ﬂicronyinum
2825 5455 3161 5525 multislocis
3188 5456 3242 5513 id
3269 5452 3630 5521 asserentem,

2049 5528 2368 5596 magistrum
2410 5521 2769 5596 _Guillel'tnum
2818 5524 3023 5592 Paris.,
3066 5536 3122 5580 et
3147 5527 3301 5590 alios
3327 5543 3466 5594 quos
3519 5527 3637 5596 lege

2049 5592 2189 5664 apu‘d
2209 5610 2384 5666 ipsum
2406 5592 2595 5661 Suam,
2626 5594 2677 5649 in
2701 5610 2930 5664 quorum
2958 5610 3241 5651 numerum
3274 5592 3636 5665 Tlieophanés

2052 5665 2241 5721 noster
2264 5665 2410 5736 venit
2438 5666 2531 5736 qui
2568 5667 2868 5723 daemonem
2895 5665 3183 5724 aemulandi
3223 5666 3314 5725 Dei
3367 5669 3548 5724 studio
3581 5666 3635 5721 id

2052 5737 2235 5793 conari
2271 5735 2423 5792 dicit.

2634 5826 2645 5853 \
