4024 6402
319 373 423 438 389

1689 368 2023 430 HOMILIA
2064 368 2255 432 XVII.
2303 355 2342 368 κ

3487 374 3592 436 390

315 490 449 558 τογῇ
471 502 580 539 των
606 483 880 555 οὐρανίων
929 483 1151 554 ἀγαθῶν
1179 498 1192 513 ⁸
1221 485 1253 555 ἡ
1287 483 1393 555 γὰρ
1453 482 1699 554 οὐρανῶν
1741 482 1901 553 βασι-

2022 495 2128 534 isse
2163 479 2490 535 crediderat.
2549 479 2624 533 lta
2659 482 2858 550 quippe
2909 480 3154 536 dicturus
3186 491 3265 536 est
3315 481 3478 552 judt-x
3539 490 3591 540 in

314 575 438 627 λεία
467 572 544 642 τῷ
581 574 860 645 ἀνθρώπῳ
894 575 1260 645 ἡτοίμασται·
1289 574 1463 638 οὕτως
1509 573 1763 636 εἰπόντος
1811 571 1902 625 τοῦ

317 667 416 718 ἐπὶ
446 665 640 736 Θρόνου
697 665 857 734 δόξης
891 665 1116 736 κριτοῦ·
1157 685 1174 718 ι
1214 666 1400 730 Δεῦτε,
1433 666 1483 718 oi
1543 663 1902 732 εὐλογημένοι

317 756 416 809 τοῦ
442 757 656 827 Πατρός
689 773 814 826 μου,
849 757 1294 826 κληρονομήσατε
1344 758 1442 827 τὴν
1487 755 1904 826 ἡτοιμασμένην

319 850 452 918 ἡμῖν
502 847 820 915 βασιλείαν,’
862 868 880 900 ›
921 848 1016 902 ἆτε
1044 845 1137 903 οὖν
1169 851 1532 918 πεπεισμένος
1559 892 1571 914 ,
1601 848 1675 912 ὼς
1704 849 1905 918 κλῆρος

320 941 488 991 αὑτοῦ
517 935 584 1010 ἦν
619 943 645 993 ὁ
679 941 934 1012 οὐρανὸς,
968 942 1029 995 δν
1057 942 1382 995 καταλιπὼν
1449 941 1903 1013 ἐπλημμέλησεν,

317 1034 403 1094 εἰς
429 1031 522 1083 τὸν
553 1033 784 1102 οὐρανὸν
811 1033 1132 1104 αμαρτῆσαί
1162 1033 1349 1104 quam.

405 1143 421 1174 ι
458 1120 592 1176 Εἵπε
627 1125 683 1176 δὲ
712 1127 740 1178 ὁ
779 1125 962 1195 πατὴρ
995 1125 1132 1194 πρὸς
1153 1127 1281 1188 τοὺς
1309 1123 1530 1184 δούλους
1559 1122 1724 1176 αὑτοῦ
1750 1140 1764 1153 ο
1789 1124 1908 1191 Ἐξ-

317 1213 588 1279 ενέγκατε
619 1212 719 1283 τὴν
755 1215 950 1282 στολὴν
976 1214 1076 1283 τὴν
1109 1213 1355 1284 πρώτην,
1393 1214 1487 1267 καὶ
1513 1213 1905 1268 ἐνδύσατε-αύ-

316 1307 436 1368 τὺν,
472 1306 570 1358 καὶ
627 1305 746 1358 δότε
799 1305 1088 1359 δακτύλιον
1146 1309 1226 1370 είς
1273 1306 1372 1378 τὴν
1402 1310 1563 1378 χεῖρα
1589 1307 1778 1374 αὐτοῦ,
1813 1310 1909 1361 καὶ

318 1400 658 1469 ὑποδήματα
709 1401 789 1464 είς
846 1401 972 1462 τοὺς
1006 1400 1173 1464 πόδας
1219 1400 1410 1455 αὐτοῦ.
1444 1420 1462 1453 i
1501 1402 1690 1456 Δοῦλοι
1729 1404 1777 1456 oi
1813 1403 1907 1456 τοῦ

323 1495 637 1563 μυστηρίου
663 1493 760 1561 τῆς
788 1493 1014 1563 χάριτος
1041 1495 1282 1564 κήρυκες
1331 1493 1426 1547 καὶ
1446 1494 1711 1561 διάκονοι,
1741 1497 1788 1548 οἱ
1820 1496 1909 1550 διὰ

318 1585 419 1638 τοῦ
453 1587 614 1654 ἁγίου
655 1584 1033 1655 βαπτίσματος
1091 1586 1190 1657 τὴν
1243 1587 1440 1657 στολὴν
1485 1587 1907 1659 ἁμφιεννῦντες,

320 1682 427 1730 οὒκ
485 1676 678 1748 ἄλλην,
729 1677 870 1731 ἀλλὰ
927 1676 1026 1749 τὴν
1092 1676 1340 1751 πρώτην,
1377 1673 1446 1752 ἦς
1493 1680 1581 1734 διὰ
1620 1681 1908 1751 παρακοῆς

322 1768 624 1838 ἐγυμνώθη
646 1771 674 1822 ὁ
696 1769 1010 1840 ἄνθρωπος,
1042 1771 1158 1841 ἅμα
1183 1774 1248 1842 τῇ
1273 1772 1461 1841 γεύσει
1479 1775 1686 1843 γυμνὸν
1716 1773 1909 1826 ἑαυτὸν

2009 571 2196 642 gloria:
2226 573 2514 628 considens
2547 574 2743 627 throno
2771 589 2786 627 ε
2823 591 2840 624 ι
2885 572 3094 635 Venite,
3119 574 3384 629 ίιρηυώριι
3415 574 3594 631 Patris

2011 663 2140 728 mei,
2171 665 2435 734 percipite
2462 677 2824 736 prreparatnm
2858 667 3012 720 vobis
3064 670 3355 737 regnum’.
3395 687 3410 719 ι
3453 669 3590 723 Cum

2011 755 2177 825 igitur
2201 770 2522 824 persuasum
2555 758 2800 825 haberet,
2835 760 3030 812 malum
3067 775 3186 814 esse
3221 762 3592 815 hu'rcditatcm

2010 861 2187 912 suam,
2237 862 2467 917 eamque
2502 847 2804 904 deserendo
2854 865 3140 919 perperam
3191 867 3248 903 sc
3295 849 3511 917 fecisse,
3537 851 3592 904 in

2011 941 2207 994 coelum
2242 954 2500 1008 peccasse
2539 954 2599 994 se
2637 942 2796 996 dixit.

2087 1142 2105 1174 ι
2142 1123 2284 1178 Dixit
2317 1139 2446 1180 vero
2475 1135 2630 1196 pater
2663 1128 2728 1179 ad
2763 1141 2952 1181 servos
2985 1141 3114 1181 suos
3147 1143 3162 1181 :
3199 1125 3447 1181 Proferte
3474 1135 3594 1181 ste-

2009 1217 2114 1272 lam
2156 1222 2405 1288 primam,
2439 1230 2493 1275 et
2535 1209 2738 1275 induite
2771 1220 2919 1274 illum
2959 1238 2972 1278 :
3007 1231 3059 1276 et
3089 1221 3212 1275 date
3245 1222 3502 1274 annulum
3538 1221 3592 1275 in

2013 1326 2228 1365 manum
2263 1313 2402 1382 ejus,
2431 1321 2484 1366 et
2516 1312 2885 1368 calceamenta
2937 1313 2988 1367 in
3025 1313 3188 1382 pedes
3219 1313 3353 1380 ejus.
3383 1331 3402 1364 ι
3435 1313 3592 1368 Servi

2013 1411 2141 1456 sunt
2189 1418 2464 1472 praecones
2511 1403 2753 1474 mysterii
2803 1405 3015 1472 gratiae,
3050 1413 3103 1459 et
3135 1405 3462 1463 administri,
3498 1406 3590 1474 qui

2013 1508 2108 1562 per
2143 1503 2390 1548 sanctum
2422 1494 2751 1564 baptismum
2790 1496 2983 1551 stolam
3029 1496 3184 1550 nobis
3215 1494 3464 1564 injiciunt
3487 1511 3592 1550 non

1980 1579 2171 1638 ‘aliam
2219 1602 2381 1655 quam
2439 1588 2670 1655 primam
2715 1587 2860 1642 illam
2899 1603 3003 1658 qua
3041 1604 3136 1656 per
3175 1588 3592 1642 inobedientiam

2013 1674 2274 1742 spoliatus
2303 1687 2383 1729 est
2419 1677 2598 1742 homo,
2631 1692 2778 1744 cum,
2813 1678 2972 1732 simul
3002 1693 3063 1731 ac
3099 1678 3335 1747 gustavit
3364 1679 3594 1732 vetitum

2014 1767 2214 1832 cibum,
2245 1768 2444 1822 nudum
2474 1783 2533 1824 se
2559 1784 2681 1824 esse
2711 1771 2983 1840 cognovit.
3032 1771 3095 1824 Et
3143 1771 3196 1824 in
3245 1785 3463 1824 manum
3514 1769 3600 1822 in-

322 1861 686 1927 9εσσάμενος.
726 1863 835 1913 Καὶ
871 1863 1001 1930 περὶ
1031 1861 1132 1932 τὴν
1163 1865 1324 1933 χεῖρα
1357 1864 1538 1934 τίθησι
1578 1866 1673 1918 τὸν
1705 1865 1909 1919 δακτύ-

2022 1855 2160 1906 serit
2195 1856 2451 1908 annulum
2483 1873 2548 1911 ex
2581 1859 2842 1913 servitute
2885 1860 3090 1914 scilicet
3138 1859 3270 1914 civis
3299 1861 3465 1926 illius,
3498 1860 3600 1913 hoc

323 1953 468 2014 λιον,
504 1950 808 2020 ἐλευθερῶν
855 1955 1019 2007 αὑτὸν
1047 1954 1144 2023 τῆς
1174 1955 1419 2021 δουλείας
1451 1957 1544 2010 τοῦ
1592 1959 1690 2028 τῆς
1727 1959 1914 2029 ἀμαρ-

321 2043 450 2104 τίας
478 2043 722 2107 πολίτου,
752 2046 848 2098 καὶ
901 2047 990 2100 διὰ
1040 2048 1142 2118 τῆς
1194 2051 1253 2102 ὲν
1287 2052 1352 2121 τῇ
1396 2053 1654 2125 σφενδόνῃ
1701 2055 1914 2126 γλυφῆς

323 2136 427 2203 τὴν
453 2135 798 2204 ἐπανάληψιν
824 2139 921 2206 τῆς
947 2139 1156 2201 εἰκόνος
1180 2138 1377 2210 δηλῶν,
1414 2144 1481 2214 ἢν
1531 2143 1816 2216 ύπέκρυψε
1848 2150 1912 2217 τῇ

327 2226 545 2297 κόπρῳ,
571 2229 636 2296 τῇ
669 2226 767 2295 τῆς
805 2229 1008 2296 σαρκός
1041 2245 1185 2299 φημι
1222 2233 1488 2303 ῥυπαρία.
1528 2233 1912 2304 ’Δσφαλίζεται

323 2317 382 2369 δὲ
424 2318 674 2380 καὶτοὺς
705 2319 870 2382 πόδας
899 2323 1014 2384 τοῖς
1076 2323 1448 2393 ὑποδήμασιν,
1481 2326 1557 2390 ὡς
1590 2327 1657 2381 ἂν
1707 2329 1781 2400 μὴ
1813 2347 1912 2398 γυ-

328 2414 441 2482 μνῇ
476 2414 542 2483 τῇ
568 2413 774 2485 πτέρνῃ
801 2416 867 2484 τῇ
909 2415 1119 2486 κεφαλῇ
1160 2417 1255 2470 τοῦ
1293 2417 1474 2486 ὄφεως
1510 2421 1674 2474 πάλιν
1715 2422 1914 2476 ἁλώσι-

330 2521 436 2575 μος
468 2504 716 2573 γένηται.
745 2500 871 2559 Εῐεν
891 2506 936 2560 δ’
967 2508 1034 2561 ἂν
1065 2509 1398 2580 ὑποδήματα
1419 2514 1446 2565 ό
1480 2512 1584 2583 τῆς
1626 2515 1914 2584 εὐαγγελι·

326 2598 435 2666 κῆς
471 2597 752 2664 πολιτείας
788 2601 1087 2671 ἐγκρατὴς,
1131 2603 1229 2656 καὶ
1269 2605 1664 2676 κατεσκληκὼς
1713 2607 1846 2678 βίος,
1885 2611 1913 2662 ὁ

325 2691 556 2759 θραύων
581 2690 648 2743 δι’
675 2691 874 2744 ἑαυτοῦ
943 2694 1039 2746 καὶ
1086 2695 1365 2766 περικλῶν
1387 2698 1484 2761 τὰς
1516 2699 1616 2769 τῆς
1667 2701 1913 2769 ἀκάνθης

325 2785 543 2854 ἀκμὰς,
608 2785 702 2836 καὶ
737 2785 960 2839 κωλύων
991 2788 1049 2851 ἐξ
1083 2789 1324 2856 ἀφανοῦς
1369 2793 1462 2843 καὶ
1497 2791 1700 2862 λεπτῆς
1741 2795 1915 2866 ἀρχῆς

321 2878 428 2945 τὴν
457 2876 739 2946 ἁμαρτίαν
771 2881 828 2931 ἐν
862 2882 926 2949 τῇ
953 2882 1098 2952 ψυχῇ
1140 2885 1594 2953 παρεισδύεσοαι.

402 2988 421 3021 ι
455 2971 567 3024 Καὶ
606 2969 847 3025 θύειτδν
887 2975 1093 3044 μόσχον
1129 2975 1220 3028 τὸν
1256 2979 1522 3046 σιτευτὸν,
1562 2997 1581 3032 ι
1617 2981 1709 3035 τὸν
1747 2981 1915 3037 ἄσπι-

326 3063 420 3114 λον
448 3061 624 3124 ὅντως
673 3064 769 3116 καὶ
823 3067 1086 3136 καθαρὸν,
1124 3065 1183 3118 ὃν
1224 3069 1256 3140 ἡ
1290 3069 1518 3139 ἄμωμος
1541 3070 1696 3127 ἔτεκε
1730 3073 1911 3146 δάμα-

2014 1956 2099 1999 est
2131 1948 2363 2015 peccati,
2389 1957 2635 2016 ereptum
2666 1947 2919 2003 asserens
2955 1949 3008 2002 in
3038 1948 3367 2012 libertatem,
3397 1963 3603 2019 perque

2014 2037 2227 2106 signum
2271 2039 2324 2092 in
2353 2041 2472 2109 pale
2530 2040 2715 2094 annuli
2772 2043 3038 2108 sculptum
3067 2041 3144 2112 (5)
3196 2041 3595 2095 restitutionem

2015 2131 2280 2201 signiﬁcat
2315 2132 2458 2186 illius
2488 2133 2762 2204 imaginis,
2807 2150 2966 2203 quam
3003 2133 3053 2187 in
3093 2124 3241 2196 timo,
3269 2134 3451 2188 carnis
3477 2133 3600 2188 dico

2015 2225 2289 2290 sordibus,
2336 2226 2733 2280 occultaverat.
2769 2224 2943 2281 Pedes
2969 2242 3099 2281 vero
3145 2227 3346 2281 Calceis
3403 2228 3600 2294 munit,

2017 2329 2084 2367 ne
2140 2314 2335 2368 iterum
2393 2315 2664 2384 serpentis
2712 2318 2874 2382 capiti
2928 2319 3070 2371 nuda
3105 2318 3287 2385 planta
3329 2319 3601 2371 obnoxius

2015 2406 2105 2458 sit.
2173 2405 2493 2472 Signillcare
2534 2421 2663 2462 vero
2694 2408 2864 2461 calcei
2894 2410 2970 2478 (4)
3006 2419 3230 2477 possunt
3273 2409 3602 2480 evangelicae

2014 2496 2447 2551 conversationis
2481 2500 2852 2553 continentem
2904 2510 2958 2553 et
2985 2515 3232 2567 asperam
3259 2501 3424 2554 vitam
3482 2515 3602 2570 qua:

2016 2603 2112 2656 per
2161 2603 2222 2644 se
2275 2589 2444 2656 ipsam
2513 2591 2680 2659 spinae
2731 2591 2952 2646 aculeos
2988 2591 3214 2645 inflectit
3256 2603 3419 2661 atque
3467 2607 3604 2646 con-

2016 2676 2242 2749 fringit,
2303 2680 2678 2749 impeditque,
2746 2681 3040 2750 quominus
3113 2697 3178 2734 ex
3259 2681 3600 2751 improviso,

2018 2771 2275 2840 tenuique
2297 2769 2564 2840 principio
2595 2771 2647 2823 in
2677 2773 2912 2824 animam
2942 2785 3003 2825 se
3027 2781 3304 2842 peccatum
3339 2772 3600 2826 insinuet.

2095 2985 2113 3020 t
2148 2966 2216 3022 Et
2242 2966 2441 3023 occidit
2473 2965 2698 3020 vitulum
2733 2965 3064 3036 saginatum,
3095 2983 3116 3018 ι
3158 2965 3308 3020 illum
3351 2979 3477 3020 vere
3519 2965 3604 3020 in-

2016 3059 2445 3113 contaminatum
2507 3073 2572 3112 ac
2605 3072 2819 3125 purum,
2853 3073 3011 3127 quem
3042 3058 3388 3112 immaculata
3412 3056 3600 3125 juven-

326 3156 431 3220 λις,
487 3155 580 3208 τὸν
636 3157 840 3227 μόσχον
892 3157 981 3210 τὸν
1031 3162 1211 3230 πρᾶον
1259 3163 1352 3216 καὶ
1397 3158 1764 3236 ἥμερονξτδν
1788 3171 1911 3233 τοὺς

2027 3153 2147 3207 cula
2189 3151 2434 3223 peperit;
2471 3150 2697 3205 vitulum
2737 3151 2884 3204 illum
2953 3150 3141 3205 mitem
3195 3166 3257 3204 ac
3305 3150 3602 3221 placidum,

326 3250 653 3314 κτείναντας
687 3251 853 3304 αὑτὸν
889 3253 1122 3323 ταύρους
1179 3257 1271 3308 καὶ
1322 3256 1492 3321 κύνας
1565 3259 1641 3330 μὴ
1691 3264 1914 3332 κερατί-

327 3361 507 3398 σαντα
529 3361 542 3374 °
574 3344 738 3398 τοῦτο
781 3347 863 3410 είς
899 3346 1090 3401 ουσίαν
1123 3347 1342 3403 δίδωσιν
1377 3351 1407 3402 ὁ
1467 3355 1681 3424 πατήρ·
1724 3373 1744 3406 ‹
1779 3357 1916 3410 Τοσ-

324 3437 488 3491 οὖτον
519 3439 626 3506 γὰρ
654 3439 946 3508 ἠγάπησεν
980 3441 1008 3492 ὁ
1057 3439 1190 3503 Θεὸς
1220 3441 1313 3493 τὸν
1371 3441 1597 3512 κόσμον,
1639 3443 1780 3497 ὥστε
1824 3447 1917 3501 τὸν

325 3531 461 3585 Υίὸν
500 3531 666 3585 αὑτοῦ
698 3534 790 3586 τὸν
823 3533 1094 3603 μονογενῆ
1148 3533 1336 3589 δοῦναι
1381 3534 1576 3605 λύτρον
1605 3536 1728 3590 ἀντὶ
1787 3539 1917 3592 πολ-

323 3624 460 3678 λῶν.
511 3641 530 3676 ι

406 3736 426 3768 c
459 3717 574 3773 Καὶ
606 3715 843 3788 ἤρξαντο
875 3718 1288 3788 εὐφραίνεσθαι.
1317 3737 1338 3773 ι
1369 3718 1514 3792 Αὕτη
1547 3714 1614 3790 ἦν
1658 3721 1690 3792 ἡ
1723 3722 1920 3793 εὐφρο-

331 3811 491 3882 σύνη,
521 3811 589 3880 ἢν
620 3810 858 3884 ἀλλαχοῦ
899 3811 1116 3864 δεῖπνον
1167 3812 1265 3865 καὶ
1311 3813 1489 3883 γάμον
1542 3813 1801 3882 ὀνομάζει
1855 3816 1918 3868 τὸ

331 3899 688 3970 Εὑαγγέλιον.
718 3901 916 3971 Γέγονε
944 3901 1074 3970 γὰρ,
1099 3902 1174 3967 ὡς
1201 3903 1440 3975 ἀληθῶς,
1476 3905 1556 3976 τῷ
1584 3905 1703 3976 Θεῷ
1749 3909 1781 3977 ἡ
1808 3908 1918 3962 τῶν

327 3993 637 4064 ἀνθρώπων
670 3994 920 4064 σωτηρία
953 3993 1301 4064 εὐφροσύνης
1355 3995 1652 4058 ὑπόθεσις*
1679 3998 1775 4050 καὶ
1809 3999 1916 4069 γὰρ

325 4086 665 4156 ὲνενέκρωτο
690 4089 755 4158 τῇ
790 4087 1040 4158 ἁμαρτία
1070 4089 1104 4159 ἡ
1135 4087 1298 4157 φύσις
1326 4087 1508 4159 ἡμῶν,
1534 4088 1833 4162 ἀνεζωὼθη
1858 4092 1916 4146 δὲ

324 4180 405 4250 τῷ
431 4179 676 4250 Χριστῷ.

409 4273 472 4327 '0
496 4273 611 4336 υἱός
659 4290 762 4341 μου
821 4288 953 4342 γαρ,
1009 4271 1198 4344 φησὶν,
1237 4265 1396 4338 οὗτος
1455 4275 1650 4348 νεκρὸς
1696 4273 1786 4348 ἦν,
1821 4277 1916 4332 καὶ

327 4367 588 4437 ἀνέζησε,
629 4367 724 4418 καὶ
751 4365 1057 4428 ἀπολωλὼς
1085 4361 1176 4438 ἦν,
1204 4367 1301 4420 καὶ
1323 4367 1546 4438 εὑρέθη.
1577 4387 1595 4420 ι
1625 4369 1783 4423 Τοῦτ’
1803 4371 1918 4440 ἀρι-

324 4460 506 4530 δήλως
539 4457 791 4524 ὑπέδειξε
817 4457 918 4511 κᾶν
958 4459 1017 4509 ἐν
1039 4461 1104 4529 τῇ
1135 4458 1419 4530 παραϐολῇ
1456 4459 1551 4513 τοῦ
1582 4462 1929 4532 ἐμπεσόντος

2021 3261 2194 3314 neque
2225 3260 2393 3299 cornu
2425 3254 2695 3313 petentem
2741 3255 2926 3296 tauros
2980 3252 3034 3296 et
3068 3258 3232 3299 canes
3281 3244 3373 3312 qui
3429 3243 3604 3311 ipsum

2020 3335 2448 3390 interimebant:
2490 3333 2638 3389 hunc
2672 3334 2724 3387 in
2755 3333 3081 3388 sacriﬁcium
3116 3345 3270 3404 pater
3295 3337 3384 3388 dat
3414 3351 3427 3389 :
3461 3353 3479 3387 ι
3517 3335 3608 3390 Sic

2019 3430 2164 3483 enim
2198 3428 2340 3482 Deus
2371 3427 2560 3481 dilexit
2596 3427 2879 3491 mundum,
2924 3437 2981 3479 ut
3028 3427 3224 3482 Filium
3272 3445 3427 3482 suum
3480 3428 3605 3484 uni-

2019 3521 2262 3592 genitum
2293 3519 2470 3587 daret,
2523 3519 2956 3589 redemptionem
2997 3536 3095 3590 pro
3128 3521 3395 3578 multis“.
3439 3539 3458 3572 ι

2095 3711 2258 3782 ιοθ
2297 3728 2315 3762 ι
2353 3709 2418 3762 Ει
2461 3721 2746 3780 πωροι-ποι
2786 3713 3016 3781 epulari.
3060 3731 3077 3764 ι
3117 3713 3242 3769 Haec
3285 3715 3368 3768 illa
3418 3714 3606 3771 laetitia

2022 3817 2128 3870 est,
2183 3821 2346 3872 quam
2381 3804 2506 3858 alibi
2538 3819 2750 3859 cmnant
2779 3813 2833 3860 et
2865 3807 3080 3875 unptias
3118 3807 3472 3875 Evangelium
3509 3824 3607 3864 voc

2021 3909 2110 3953 cat
2140 3899 2204 3952 ¹¹.
2239 3897 2360 3952 Fuit
2394 3898 2538 3951 enim
2573 3899 2682 3953 Deo
2714 3913 2840 3952 vere
2872 3898 3075 3953 laetitia:
3123 3915 3283 3955 causa
3318 3901 3464 3957 salus
3497 3903 3603 3957 hu-
3677 3914 3686 3930 '

2022 4008 2206 4046 mana.
2245 3990 2456 4046 Etenim
2495 4001 2706 4047 mortua
2755 4008 2850 4060 per
2884 4003 3160 4062 peceatum
3207 3993 3387 4051 fuerat
3415 4006 3605 4052 nostra

2022 4099 2252 4154 natura;
2284 4088 2378 4142 sed
2411 4087 2465 4140 in
2494 4087 2714 4140 Christo
2751 4086 2968 4140 revixit.

2099 4301 2119 4334 ‹
2168 4279 2302 4348 Quia
2353 4280 2443 4335 hic
2479 4281 2621 4335 (ilius
2673 4296 2844 4346 meus,
2873 4281 3067 4352 inquit,
3105 4296 3353 4339 mortuus
3381 4297 3520 4351 erat,
3552 4295 3608 4341 et

2020 4373 2238 4437 revixit,
2294 4373 2548 4442 perierat,
2595 4385 2647 4427 et
2701 4373 2954 4427 inventus
3000 4384 3101 4429 est.
3141 4393 3160 4428 ι
3214 4374 3325 4430 Hoc
3353 4378 3512 4431 etiam
3550 4379 3604 4432 in

2024 4467 2276 4536 parabola
2327 4467 2444 4531 ejus
2497 4467 2590 4536 qui
2642 4465 2834 4521 incidit
2887 4467 2940 4520 in
2979 4467 3240 4533 latrones,
3292 4471 3604 4537 planissime

327 4557 410 4614 εἱς
444 4553 574 4615 τοὺς
601 4551 826 4624 λῃστάς.
856 4551 967 4604 Καὶ
994 4550 1158 4604 αὑτὸν
1183 4551 1290 4621 γὰρ
1317 4556 1381 4605 ὲκ
1410 4552 1515 4604 τῶν
1541 4530 1764 4622 πλήγῶν
1791 4557 1913 4625 ἡμι-

2022 4561 2262 4616 ostendit
2289 4577 2302 4626 ;
2335 4560 2476 4614 hunc
2510 4560 2652 4614 enim
2687 4561 2852 4614 etiam
2885 4559 3104 4615 inﬂictis
3132 4563 3300 4631 plagis
3322 4565 3607 4618 semimor-

328 4645 504 4716 θνῆτπ
562 4646 858 4713 γενόμενον
918 4643 1234 4707 ἁνεζώωσε.
1285 4645 1358 4696 Τὸ
1385 4645 1476 4697 δέ·
1515 4665 1532 4695 ι
1589 4647 1912 4712 Ἀπολωλὼς

329 4739 425 4792 καὶ
452 4737 676 4808 εὑρέθη,
719 4755 736 4788 ι
778 4736 997 4806 συνᾴδει
1026 4739 1096 4806 τῇ
1133 4738 1416 4807 παραϐολῇ
1453 4737 1546 4790 τοῦ
1581 4740 1925 4805 ἀπολωλότος

330 4828 633 4900 προὸἀτου,
664 4827 757 4882 καὶ
781 4827 880 4897 τῆς
906 4827 1287 4897 ἀπολλυμένης
1307 4828 1580 4900 δραχμῆς,
1606 4834 1670 4900 ἢν
1690 4832 1926 4901 εὑροῦσα

329 4924 365 4993 ὴ
394 4924 490 4976 τοῦ
524 4922 660 4975 Θεοῦ
724 4921 891 4990 σοφία
931 4922 1114 4992 χαίρει
1163 4922 1258 4975 καὶ
1309 4922 1536 4992 γέγηθε.
1574 4925 1672 4978 Διὰ
1719 4926 1774 4980 δὲ
1833 4927 1927 4981 τοῦ

403 5067 426 5100 ⁹
455 5064 646 5118 Matth.
687 5078 814 5128 xxv,
858 5061 948 5116 3-5.
1026 5063 1069 5095 "
1104 5059 1265 5126 Joan,
1299 5076 1384 5128 Ill,
1415 5061 1498 5117 16.

1582 5064 1626 5097 ¹¹
1668 5065 1799 5121 Luc.
1847 5083 1956 5138 τιν,
2001 5071 2066 5125 16
2110 5089 2124 5138 ;
2171 5071 2362 5126 Matth.
2404 5071 2498 5137 22,
2538 5072 2595 5128 2.

2027 4663 2176 4708 tuum
2205 4653 2480 4708 revocavit
2514 4654 2578 4706 ad
2615 4654 2803 4706 vitam.
2851 4651 3004 4718 Quod
3055 4663 3233 4707 autem
3267 4657 3340 4708 ait
3370 4672 3383 4708 :
3425 4674 3444 4707 ι
3501 4655 3606 4712 Pe-

2027 4747 2216 4812 rierat,
2256 4756 2309 4801 et
2341 4749 2593 4800 inventus
2625 4755 2706 4800 est
2741 4746 2809 4810 ¹²,
2851 4765 2870 4797 ι
2925 4747 3161 4800 concinit
3192 4764 3314 4800 cum
3353 4751 3606 4817 paraliola

2029 4841 2252 4908 perdita:
2282 4839 2420 4903 ovis,
2473 4849 2522 4892 et
2556 4838 2851 4902 drachmae,
2901 4853 3006 4906 qua
3054 4853 3293 4906 reperta,
3350 4841 3604 4910 gaudium

2032 4935 2473 5003 hilaritate-mque
2501 4933 2683 4988 divina
2715 4931 2990 5003 Sapientia
3034 4936 3290 4989 ostendit.
3325 4935 3478 5001 Quod
3509 4949 3609 4988 au-

2676 5073 2718 5104 “
2762 5069 2896 5126 Luc.
2937 5087 3027 5137 xv,
3071 5071 3126 5137 6,
3160 5071 3215 5127 9.
3298 5057 3300 5066 ’

1572 5210 1901 5273 Franeisci
1939 5213 2154 5274 Scorsi
2189 5220 2382 5275 notio.

405 5339 484 5408 (3)
525 5334 589 5388 In
623 5335 748 5404 palo
791 5336 977 5408 annuli
1027 5335 1310 5408 scalptum.
1359 5333 1492 5392 Vide
1541 5353 1658 5404 quae
1683 5338 1912 5394 adhunc

335 5407 524 5464 itidem
568 5410 742 5460 lorum
789 5407 1014 5471 faciunt,
1062 5411 1202 5462 dicta
1271 5407 1418 5461 hom.
1488 5408 1577 5469 H,
1643 5419 1757 5462 nol.
1821 5410 1912 5464 48.

408 5481 488 5548 (4)
520 5477 839 5548 Signiﬁcare
879 5494 997 5531 vero
1045 5479 1227 5530 calcei.
1256 5477 1460 5548 Similis
1495 5494 1588 5530 seu
1629 5481 1805 5547 potius
1823 5496 1915 5532 ea-

337 5547 457 5618 dem
503 5547 800 5618 tropologm
832 5549 1076 5616 Gregorii
1111 5549 1274 5616 Nyss.
1318 5547 1440 5601 libr.
1475 5549 1549 5600 De
1581 5549 1685 5601 vita
1716 5548 1918 5604 Mosae:

337 5615 417 5676 Ne
453 5615 637 5689 igitui,
672 5615 870 5686 ili—quit,
903 5615 1064 5684 spinis
1097 5615 1274 5672 in’hoc
1309 5622 1475 5671 arduo
1514 5623 1714 5672 virendi
1739 5622 1923 5672 ilinere

334 5701 486 5758 pedes
537 5694 828 5751 (ceduntur,
863 5706 961 5740 non
1013 5693 1168 5742 nudis
1205 5690 1437 5756 pedibus,
1475 5695 1568 5742 sed
1613 5690 1919 5743 clarioribus

335 5766 524 5816 caiceis
571 5761 885 5816 communiti
928 5761 1181 5813 ilinerare
1216 5759 1480 5813 debemus.
1533 5760 1715 5826 Spinw
1741 5770 1918 5813 autent

333 5851 448 5900 φά*
485 5834 707 5905 pedibus
738 5832 918 5900 inﬁxa:
969 5848 1072 5885 non
1122 5832 1290 5884 solum
1345 5835 1569 5884 retinent
1619 5838 1918 5884 remrdnnt-

2021 5357 2140 5408 que,
2189 5357 2367 5394 verum
2430 5340 2589 5392 etiam
2631 5347 2870 5402 enecant,
2927 5349 3138 5405 peccata
3167 5348 3291 5392 sunt
3335 5355 3369 5392 a
3420 5337 3612 5407 quibus

2025 5412 2246 5465 durities
2286 5412 2582 5463 calceorum
2637 5412 2910 5477 defendit;
2968 5410 3424 5463 continentissima
3468 5409 3614 5460 ride-

2025 5484 2168 5542 licet,
2247 5483 2442 5544 tenuis,
2493 5496 2556 5532 ac
2612 5481 2751 5532 dura
2798 5482 2927 5542 t’ila,
2974 5497 3092 5550 quce
3153 5478 3393 5533 debilitat
3455 5489 3612 5550 atque

2023 5553 2222 5620 frangit
2256 5553 2531 5619 spinarum
2562 5551 2827 5614 acumina,
2851 5549 3040 5618 quibus
3091 5567 3122 5600 α
3166 5565 3326 5620 pravo
3366 5549 3610 5620 tenuique

2021 5617 2294 5690 principio
2329 5624 2395 5672 ad
2451 5623 2706 5675 interiora
2737 5617 2896 5690 usque
2919 5617 3255 5690 βροτοῖο-εἰσ
3308 5617 3612 5690 ingrediun-

2022 5687 2130 5752 tur,
2166 5687 2216 5744 ut
2270 5695 2476 5759 penitus
2527 5687 2819 5745 occidautf
2855 5687 3039 5744 Grieca
3110 5687 3338 5757 Nysseui
3396 5703 3610 5754 possem

2022 5762 2108 5816 hic
2142 5763 2363 5818 reddere
2395 5781 2408 5830 ;
2434 5763 2526 5818 sed
2551 5765 2677 5832 quia
2704 5761 3109 5832 longiusculaet
3141 5776 3246 5814 twn
3275 5773 3606 5822 necessaria,

2021 5844 2231 5887 οιιιιιῐο.
