4024 6416
433 373 459 434 4
470 379 531 437 l3?

1633 388 2127 448 THEOPHANIS
2163 389 2509 450 CERAMEI

3576 388 3685 450 λίθὸ

434 503 536 554 set,
568 490 676 559 jam
715 492 835 546 inde
868 493 934 545 ab
972 492 1124 547 initio
1162 494 1358 548 mentis
1394 494 1446 549 in
1489 510 1680 552 sensus
1725 498 2007 566 imperium

2121 499 2307 562 σοφίαν
2344 496 2749 566 κατωρθωκὼς,
2778 494 2913 565 πρὸς
2958 495 3374 565 ἡτοιμασμένην
3406 496 3552 558 αὐτῷ
3588 499 3687 567 βα-

434 586 720 649 sanciens;
754 596 810 638 ιιι
865 586 1092 645 scilicet.
1138 597 1414 655 postquam
1470 605 1654 645 eorum
1709 592 2008 646 ministerio

436 679 489 730 in
525 677 761 746 practica
798 694 888 732 sex
933 691 1322 748 prmceptorum
1372 682 1710 751 philosophia
1756 698 1814 738 se
1868 693 2010 737 recte

435 770 757 833 exercuerit,
791 772 1048 825 evehatur
1079 772 1143 824 ad
1195 788 1415 843 regnum
1467 774 1568 828 sibi
1620 785 1890 846 paratum.
1945 775 2007 827 Et

442 868 541 917 hoc
582 861 795 928 Moyses
827 864 876 917 in
912 864 1184 921 veteribus
1236 866 1605 923 sanctionibus
1646 869 2009 935 adumbravit,

438 974 557 1010 rttm
600 973 823 1025 puerum
879 957 1185 1023 Hebraeum,
1220 961 1311 1029 qui
1346 974 1442 1015 sex
1480 976 1650 1013 annos
1696 960 2009 1014 servitutem

435 1050 736 1111 serviisset,
766 1050 1011 1105 libertate
1037 1052 1290 1105 donatum
1315 1051 1380 1105 ad
1401 1060 1658 1121 cognatos
1680 1065 1807 1105 suos
1829 1052 2013 1104 dimit-

437 1140 655 1194 tendum
687 1140 867 1207 jussit.
924 1142 1101 1196 lnnuit
1148 1142 1291 1197 enim
1344 1151 1576 1196 mentem
1628 1152 1888 1205 nostram,
1923 1142 2011 1196 ubi

436 1230 625 1283 horum
658 1240 1049 1300 praeceptorum
1082 1230 1370 1287 observato
1412 1232 1651 1295 senario,
1684 1233 1820 1287 bene
1854 1231 2016 1284 fuerit

433 1322 713 1389 famulata,
746 1339 775 1376 a
810 1326 1305 1393 perturbationibus
1351 1325 1592 1391 liberari,
1625 1335 1785 1393 atque
1823 1325 1889 1379 ad
1932 1324 2014 1377 fc—

434 1412 590 1468 licem
627 1413 880 1482 patriam,
917 1424 971 1470 et
1018 1430 1138 1470 eam
1169 1432 1288 1486 quae
1339 1418 1438 1471 sub
1489 1416 1816 1472 intellectum
1849 1416 2012 1481 cadit,

433 1507 812 1576 cognationem
856 1506 1218 1562 laetabundam
1270 1508 1550 1563 accedere.
1595 1507 1856 1573 Quoniam
1887 1521 2015 1560 vero

435 1595 630 1664 duplex
682 1604 766 1651 est
817 1596 1001 1663 homo,
1051 1597 1290 1652 exterior
1331 1608 1386 1652 et
1422 1597 1668 1664 interior,
1701 1597 1841 1667 quod
1890 1612 2012 1651 cum

437 1688 605 1741 Paulo
658 1699 711 1745 et
748 1690 861 1759 ipsa
890 1691 1121 1744 veritate
1158 1691 1452 1753 consentit,
1487 1689 1678 1760 duplex
1717 1689 1875 1742 etiam
1911 1688 2018 1741 erit

435 1782 741 1837 observatio
771 1791 1185 1853 praeceptorum.
1222 1778 1339 1835 Non
1388 1782 1532 1836 enim
1567 1782 1617 1835 in
1648 1781 2015 1836 exterioribus

434 1874 660 1941 gradum
707 1873 863 1929 sistet
904 1874 971 1937 is,
1008 1872 1093 1927 cui
1138 1875 1374 1929 Charitas
1410 1872 1579 1929 facem
1629 1873 1799 1940 tollit;
1840 1888 2015 1940 neque

434 1960 611 2014 solum
641 1976 840 2030 corpus
874 1963 1165 2019 esurientis
1208 1965 1337 2030 alet,
1387 1964 1480 2019 sed
1529 1964 1693 2019 etiam
1754 1963 2012 2017 interiora

435 2066 596 2123 atque
637 2072 667 2111 a
719 2071 882 2113 sensu
929 2068 1135 2113 remota
1188 2059 1465 2129 pervadet,
1513 2068 1567 2115 et
1611 2059 1776 2113 animi
1825 2060 2015 2113 morbo

435 2149 758 2203 medicinam
818 2150 1146 2223 excogitabit
1190 2152 1586 2221 opportunam';
1642 2162 1695 2207 et
1745 2168 1867 2207 eum
1924 2154 2012 2218 qui

438 2257 545 2296 non
584 2244 738 2312 panis
765 2254 818 2297 et
850 2260 1024 2314 aquae,
1060 2247 1153 2301 sed
1196 2245 1342 2300 verbi
1375 2245 1541 2299 divini
1574 2245 1825 2299 audiendi
1873 2244 2015 2298 fante

436 2331 644 2386 laborat
716 2348 781 2389 ac
828 2335 939 2397 siti,
979 2336 1029 2388 in
1079 2335 1197 2389 luco
1244 2350 1458 2403 pascuae
1506 2344 1559 2390 et
1608 2350 1773 2404 super
1816 2351 2010 2403 aquam

438 2428 749 2485 refectionis
778 2429 1099 2493 collocabit;
1144 2438 1198 2482 et
1236 2428 1327 2497 qui
1362 2428 1542 2498 pravis
1575 2428 1828 2496 operibus
1857 2445 1887 2483 a
1919 2445 2015 2484 su-

436 2524 604 2589 perna
646 2522 819 2592 patria
864 2521 1101 2575 extorris
1149 2530 1204 2575 et
1239 2521 1439 2589 hospes
1474 2520 1667 2586 evasit,
1702 2521 1859 2590 117
1890 2536 2012 2576 eum

438 2616 592 2669 bonis
627 2616 866 2671 consiliis
917 2616 1185 2677 restituet,
1220 2623 1271 2667 et
1305 2612 1522 2667 domum
1557 2629 1709 2666 suam
1760 2615 2012 2680 reducet;

436 2706 598 2760 alium
634 2706 873 2774 paternis
902 2705 1097 2774 opibus
1128 2705 1296 2758 instar
1324 2704 1530 2773 prodigi
1566 2704 1657 2757 lilii
1701 2705 2012 2774 spoliatum,

437 2807 494 2851 et
543 2805 837 2866 temperate
874 2804 1127 2862 recteque
1175 2794 1391 2848 vivendi
1445 2798 1625 2861 modo,
1676 2795 1829 2864 quasi
1866 2804 2015 2851 reste

438 2896 683 2951 exutum,
718 2887 959 2942 docendo
1012 2888 1389 2954 hortandoque
1435 2887 1691 2941 virtutum
1737 2887 1872 2942 stola
1904 2889 2015 2941 cir-

436 2978 747 3045 cumdabit;
783 2978 853 3041 ei,
889 2979 977 3049 qui
1016 2980 1068 3032 in
1107 2977 1424 3045 ignorantiae
1470 2978 1725 3041 tenebris,
1761 2988 2014 3047 tanquam

436 3073 491 3127 in
523 3085 741 3126 carcere
775 3070 1069 3135 detinetur,
1118 3070 1483 3138 intelligentiae
1518 3070 1698 3124 lumen
1733 3074 2014 3137 ostendet;

2115 589 2319 640 σιλείαν
2349 590 2721 649 ἐπανασταίη.
2758 588 2866 642 Καὶ
2888 588 3044 641 τοῦτο
3076 588 3321 659 ᾐνίττετο
3368 590 3606 659 Μιυῦσῆς
3630 594 3691 643 ἐν

2113 683 2224 742 τοῖς
2261 681 2515 743 παλαιοῖς
2556 681 2946 750 διατάγμασιν,
2989 681 3241 748 Ἐϐραῐον
3292 680 3459 732 παῖδα
3515 681 3691 749 λέγων

2114 769 2172 835 ἒξ
2231 770 2326 841 ἐτη
2371 770 2737 823 δουλεύσαντα
2786 771 2923 839 πρὸς
2978 771 3075 839 τὴν
3121 772 3316 823 ἑαυτοῦ
3370 772 3691 839 συγγένειαν

2114 863 2485 930 ὲπανάγεσθαι
2516 863 2801 935 ἐλεύθερον
2824 879 2837 892 °
2873 863 3129 933 ὑποδηλοῖ
3158 864 3267 933 γὰρ
3307 865 3400 917 τὸν
3432 863 3554 916 νοῦν
3585 883 3693 918 xa-

2114 953 2220 1015 λῶς
2250 954 2637 1008 δεδουλευκότα
2678 957 2743 1025 τῇ
2779 956 3009 1025 τηρήσει
3056 958 3155 1020 τῆς
3188 957 3373 1021 ἑξάδος
3406 956 3515 1008 τῶν
3543 960 3695 1010 ἐντο-

2114 1046 2244 1107 λῶν,
2291 1045 2575 1118 ἐλεύθερον
2606 1048 2859 1116 γενέσθαι
2891 1049 3000 1101 τῶν
3050 1049 3263 1108 παθῶν,
3311 1049 3401 1099 καί
3430 1050 3695 1120 χαίροντα

2116 1140 2354 1209 βαδίζειν
2380 1142 2519 1211 πρὸς
2542 1142 2641 1212 τὴν
2674 1140 2954 1211 μακαρίαν
2984 1140 3239 1210 πατρίδα,
3284 1142 3377 1193 καὶ
3411 1142 3510 1210 τὴν
3535 1158 3695 1193 νοου-

2118 1235 2285 1303 μένην
2310 1233 2651 1302 συγγένειαν.
2670 1234 2887 1302 Ἐπειδὴ
2917 1233 2973 1285 δὲ
3003 1234 3222 1295 διπλοῦς
3258 1236 3284 1285 ὁ
3311 1232 3636 1303 ἄνθρωπος,
3661 1234 3691 1283 ὃ

2113 1344 2174 1377 τε
2210 1325 2511 1395 ὁρώμενος,
2543 1325 2640 1379 καὶ
2668 1327 2694 1377 ὁ
2732 1324 2956 1383 ἔσωθεν,
2982 1324 3057 1384 ὡς
3095 1324 3293 1393 Παύλῳ
3324 1323 3417 1375 καὶ
3456 1325 3519 1392 τῇ
3553 1322 3690 1388 ἀλη-

2117 1416 2238 1485 θείᾳ
2262 1417 2428 1479 δοκεῖ,
2456 1416 2619 1484 διπλῆ
2662 1415 2879 1478 πάντως
2929 1416 3024 1467 καὶ
3055 1416 3088 1484 ή
3121 1415 3231 1466 τῶν
3274 1414 3504 1466 ἐντολῶν
3538 1412 3696 1466 ἔσται

2114 1512 2368 1580 τήρησις.
2416 1512 2489 1563 Οὐ
2536 1511 2643 1579 γὰρ
2698 1510 2857 1579 μέχρι
2894 1508 3003 1562 τῶν
3048 1508 3395 1577 φαινομένων
3432 1509 3700 1576 στήσεται

2115 1604 2143 1656 ὁ
2173 1602 2247 1672 τῷ
2276 1602 2373 1672 τῆς
2404 1603 2625 1671 ἀγάπης
2661 1604 2797 1672 φωτί
2839 1599 3354 1670 φρυκτωρούμενος,
3387 1600 3505 1653 οὐδὲ
3535 1600 3701 1668 μόνον

2114 1694 2207 1747 τὸν
2241 1694 2513 1747 πεινῶντα
2540 1693 2730 1762 θρέψει
2756 1692 3105 1763 σωματικῶς,
3142 1692 3277 1745 ἀλλὰ
3307 1694 3403 1745 καὶ
3431 1691 3700 1760 ἐνδοτέρω

2118 1787 2355 1858 χωρήσει
2385 1786 2479 1839 τοῦ
2510 1786 2865 1856 φαινομένου,
2912 1787 3008 1839 καὶ
3040 1786 3140 1853 τῆς
3167 1785 3409 1854 ψυχικῆς
3454 1800 3702 1838 κακοπαο

2120 1879 2271 1942 θείας
2322 1879 2567 1949 ἰατρείαν
2596 1880 2878 1945 ἐπινοήσει
2923 1878 3020 1947 τὴν
3070 1877 3410 1947 πρέπουσαν,
3454 1878 3549 1928 καὶ
3590 1895 3693 1929 κα-

2117 1970 2465 2041 τασκηνώσει
2523 1969 2623 2039 μὲν
2675 1972 2731 2022 ὲν
2766 1969 2917 2038 τόπῳ
2965 1967 3153 2039 χλόης,
3203 1969 3295 2021 καὶ
3347 1967 3439 2019 ἐπὶ
3502 1967 3701 2025 ὓδατος

2118 2063 2481 2126 ἀναπαύσεως
2537 2062 2634 2114 τὸν
2689 2061 2961 2113 πεινῶντα
3016 2061 3076 2112 οὗ
3130 2060 3289 2128 λιμὸν
3340 2059 3528 2129 ἄρτου,
3572 2058 3700 2112 οὐδὲ

2117 2156 2272 2225 δίψαν
2300 2155 2511 2221 ὓδατος,
2536 2154 2670 2209 ἀλλὰ
2691 2153 2848 2221 λιμόν
2869 2152 2964 2205 τοῦ
2997 2152 3229 2206 ἀκοῦσαι
3263 2150 3421 2219 λόγον
3451 2151 3690 2223 Κυρίου,

2118 2249 2210 2299 καὶ
2242 2246 2455 2315 φυγάδα
2492 2246 2590 2315 τῆς
2636 2246 2749 2299 ἄνω
2792 2242 3079 2313 πατρίδος,
3112 2242 3209 2295 καὶ
3243 2242 3395 2308 ξένον
3420 2242 3488 2295 δι’
3518 2243 3701 2311 ἔργων

2122 2339 2345 2408 φαύλων
2379 2338 2673 2407 γενόμενον
2700 2337 2791 2389 ἐπὶ
2815 2336 2913 2405 τὴν
2952 2336 3090 2389 ἰδίαν
3109 2335 3294 2389 ἑστίαν
3321 2337 3558 2405 χωρήσει
3576 2337 3699 2397 ταῖς

2117 2433 2352 2499 ἀγαθαῖς
2397 2433 2740 2500 εἰσηγήσεσι,
2775 2431 2867 2482 καὶ
2901 2429 3059 2482 ἄλλον
3092 2427 3569 2497 ἀπογυμνωθέντα
3600 2428 3704 2494 τῆς

2118 2530 2394 2597 πατρικῆς
2418 2525 2628 2587 οὐσίας,
2663 2523 2851 2595 ὥσπερ
2876 2524 2965 2576 τὸν
2990 2522 3221 2585 ἄσωτον,
3252 2520 3347 2571 καὶ
3374 2518 3471 2587 τὴν
3503 2516 3704 2586 στολὴν

2117 2620 2409 2674 ἐκδοθέντα
2426 2617 2525 2687 τῆς
2558 2616 2835 2686 σώφρονος
2878 2614 3087 2683 βιοτῆς,
3110 2612 3197 2665 διὰ
3216 2612 3316 2681 τῆς
3344 2609 3705 2670 διδασκαλίας

2117 2715 2216 2781 τὴν
2243 2713 2501 2781 ἐνάρετον
2533 2709 2802 2779 ἀμφιάσει
2840 2706 3052 2772 στολὴν,
3091 2705 3185 2758 καὶ
3214 2702 3291 2773 τῷ
3314 2701 3706 2770 καθειργμὲνῳ

2121 2811 2178 2858 ὲν
2213 2805 2289 2874 τῷ
2316 2806 2415 2872 τῆς
2441 2803 2663 2870 ἀγνοίας
2703 2802 2852 2870 ζόφῳ
2885 2800 2947 2852 τὸ
2978 2799 3094 2866 φῶς
3126 2797 3397 2864 ὑποδείξει
3432 2796 3532 2864 τῆς
3559 2793 3707 2863 γνὼ·

2122 2915 2280 2960 σεως,
2327 2896 2417 2948 τὸν
2472 2896 2527 2948 δὲ
2578 2892 2912 2946 ἀσθενοῦντα
2954 2893 3019 2961 τῇ
3071 2891 3248 2943 πίστει
3298 2888 3701 2959 προσλήψεται,

2121 2991 2259 3043 κατὰ
2289 2990 2384 3059 τὴν
2406 2988 2499 3041 τοῦ
2537 2988 2859 3039 Ἀποστόλου
2896 2984 3245 3053 παραίνεσιν.
3280 2981 3437 3035 Οὕτω
3467 2983 3703 3050 ποιήσας

2127 3083 2413 3136 πλεονάσει
2450 3082 2693 3143 ἐντολὰς,
2736 3081 2833 3135 καὶ
2878 3082 2957 3143 είς
3004 3078 3210 3144 πλῆθος
3267 3076 3569 3144 ἑπαυξήσει
3602 3073 3706 3134 τὰς

435 3178 489 3219 et
527 3166 799 3222 inﬁrmum
834 3166 884 3219 iu
926 3165 1030 3221 [ide
1071 3174 1331 3228 assumet,
1370 3165 1521 3232 juxta
1569 3165 1717 3219 Pauli
1768 3168 2005 3222 admoni-

2121 3174 2194 3237 ἐξ.
2218 3172 2322 3227 Καί
2350 3190 2441 3241 μοι
2458 3172 2603 3224 δοκεῖ
2623 3171 2781 3226 τοῦτο
2808 3172 3119 3241 φιλοσοφεῖν
3138 3170 3199 3222 τὸ
3216 3165 3405 3240 τᾼσμα
3420 3167 3479 3219 τὸ
3511 3183 3709 3234 μυστι-

440 3261 640 3313 tionem
676 3258 741 3310 ’⁷.
774 3256 877 3312 Ubi
919 3258 999 3311 sic
1031 3258 1223 3326 egerit,
1263 3257 1644 3326 multiplicabit
1694 3259 2022 3313 cumulabit-

438 3368 542 3417 que
572 3352 843 3406 senarium
882 3360 1295 3419 praeceptorum.
1324 3351 1499 3417 Atque
1525 3348 1626 3404 hoc
1660 3352 1791 3405 mihi
1823 3350 2022 3407 docere

438 3446 651 3497 \idetur
701 3443 985 3513 mysticum
1054 3442 1180 3495 illud
1243 3440 1567 3505 Canticum,
1620 3442 1707 3496 ubi
1764 3444 1961 3498 dicitur
2006 3462 2021 3501 :

444 3556 460 3584 ι
496 3532 789 3599 Sexaginta
818 3540 941 3585 sunt
976 3528 1270 3600 reginae”;
1313 3550 1331 3582 ι
1363 3531 1583 3600 perinde
1617 3534 1768 3602 quasi
1798 3550 1892 3589 sex
1933 3536 2022 3590 illa

437 3630 729 3691 praecepta,
762 3621 1149 3676 exercitatione
1174 3622 1728 3691 accedente,decuplo
1758 3625 2022 3695 multipli-

2124 3266 2217 3316 κον
2261 3266 2317 3315 ἐν
2358 3264 2436 3333 τῷ
2466 3265 2644 3330 λέγειν
2677 3281 2688 3293 -
2742 3281 2759 3313 ι
2812 3262 3109 3331 Ἐξήκοντά
3157 3261 3263 3312 εἰσι
3300 3256 3637 3327 βασιλίσσαι,
3680 3273 3701 3305 ›

2123 3355 2197 3418 ὡς
2226 3355 2685 3425 δεκαπλουμένων
2714 3354 2802 3406 διὰ
2826 3355 2921 3423 τῆς
2946 3352 3209 3421 ἐργασίας
3232 3350 3339 3403 τῶν
3368 3348 3426 3413 ἒξ
3449 3346 3705 3412 ἐντολῶν,

2122 3450 2216 3502 καὶ
2250 3447 2550 3517 γινομένων
2582 3448 2867 3514 ἐξήκοντα,
2916 3446 2971 3497 αἳ
3004 3445 3068 3515 δὴ
3103 3447 3196 3496 καὶ
3224 3442 3535 3512 βασίλισσαι
3558 3439 3707 3491 είκό⁴

2119 3558 2230 3603 τως
2276 3540 2763 3609 κατονομάζονται,
2816 3537 2890 3601 ὡς
2936 3538 3014 3599 είς
3058 3537 3157 3606 τὴν
3207 3531 3572 3605 κληρονομίαν
3604 3532 3709 3598 τῆς

2124 3632 2403 3701 βασιλείας
2434 3633 2778 3698 εἰσάγουσαι.

444 3725 636 3769 rentur
680 3724 991 3785 augmento,
1024 3723 1079 3770 ct
1127 3716 1407 3785 sexaginta
1462 3718 1629 3784 liant;
1665 3732 1783 3787 quae
1832 3723 2026 3778 merito
2064 3729 2226 3780 etiam
2258 3730 2454 3797 l‘t'gina!
2482 3726 2843 3795 appellantur,
2871 3740 2993 3779 cum
3032 3737 3127 3775 nos
3188 3722 3240 3775 in
3294 3719 3529 3775 cmlestis
3555 3696 3713 3787 regni

439 3808 808 3863 hmreditatem
843 3807 1209 3862 introducam.

521 3924 539 3955 ι
576 3902 789 3965 Venite,
808 3901 1080 3955 benedicti
1112 3900 1289 3955 Patris
1318 3903 1445 3962 mei.
1467 3907 1737 3970 possidete
1768 3919 2013 3974 paratum

437 3995 597 4049 vobis
650 4008 877 4063 regnum
943 4007 971 4046 a
1026 3994 1422 4048 constitutione
1486 3998 1694 4054 mundi.
1734 4016 1751 4048 ι
1798 3982 1872 4051 Ε(
1935 4000 2018 4052 his

440 4087 621 4143 verbis
655 4085 910 4154 colligere
935 4087 1209 4152 convenit,
1259 4096 1484 4156 regnum
1528 4091 1743 4156 quidem
1794 4088 1886 4145 Dei
1921 4093 2015 4145 ho-

442 4178 680 4233 minibus
719 4174 887 4232 fuisse
917 4176 986 4233 ab
1020 4177 1176 4231 initio
1207 4190 1602 4249 praeparatum;
1660 4184 1837 4250 ignem
1892 4201 2018 4239 vero

438 4283 700 4327 aatcrnum
754 4285 861 4326 non
914 4270 1246 4335 hominibus,
1307 4274 1399 4326 sed
1448 4274 1661 4329 diabolo
1709 4284 1762 4329 et
1812 4279 2018 4347 angelis

440 4363 560 4429 ejus
584 4362 698 4435 (22)
724 4362 983 4429 asseclis;
1019 4364 1114 4416 sed
1147 4363 1237 4432 qui
1273 4364 1480 4433 peccati
1502 4365 1705 4421 aculeis
1729 4369 2017 4435 stimulati,

442 4442 684 4521 pravum
708 4463 887 4507 tamen
921 4453 1207 4507 consilium
1240 4453 1557 4522 pantitentia
1594 4474 1705 4510 non
1739 4459 2017 4529 corrigen-

2210 3925 2227 3956 ι
2272 3905 2458 3967 Δεῦτε,
2503 3906 2551 3956 ot
2586 3903 2942 3972 εὐλογημένοι
2977 3901 3070 3952 τοῦ
3103 3900 3315 3969 Πατρός
3353 3914 3476 3966 μου,
3510 3898 3717 3969 κληργ·

2130 4000 2404 4067 νομήσατε
2438 3998 2535 4067 τὴν
2566 3997 2978 4067 ἡτοιμασμένην
3010 3995 3136 4061 ύμῖν
3170 3992 3445 4060 βασιλείαν
3479 3992 3585 4043 ἀπὸ
3617 4010 3716 4044 κα-

2129 4090 2362 4156 ταϐολῆς
2393 4092 2622 4158 κόςμου·
2657 4108 2671 4139 ι
2710 4088 2809 4140 Διὰ
2839 4086 3046 4138 τούτων
3079 4080 3711 4151 προσήκειλογίσασθαι,

2127 4182 2201 4245 ὡς
2232 4184 2263 4251 ἡ
2291 4182 2387 4251 μὲν
2413 4181 2657 4251 βασιλεία
2681 4179 2774 4232 τοῦ
2806 4178 2940 4230 Θεοῦ
2966 4177 3233 4229 ἀνέκαθεν
3258 4176 3369 4237 τοῖς
3401 4172 3716 4241 ἀνθρώποις

2130 4276 2477 4343 ἡτοίμασται,
2515 4275 2576 4326 τὸ
2625 4274 2680 4328 δὲ
2725 4270 2834 4343 πῦρ
2863 4274 2923 4325 τδ
2951 4271 3191 4335 αίώνιον,
3235 4270 3297 4323 οὐ
3334 4271 3445 4331 τοῖς
3483 4266 3711 4335 ἀνθρώ-

2129 4388 2270 4431 ποις.
2296 4369 2430 4422 ἀλλὰ
2456 4366 2531 4437 τῷ
2560 4366 2789 4433 διαϐόλῳ
2820 4366 2913 4416 καὶ
2931 4366 3042 4423 τοῖς
3068 4359 3471 4420 ἀναποστάταις
3500 4356 3664 4411 αὑτοῦ
3691 4371 3709 4386 ο

2126 4461 2242 4515 ἁλλ’
2286 4464 2332 4515 oi
2363 4463 2481 4523 ταῖς
2533 4462 2682 4513 ἁκίσι
2725 4458 2823 4528 τῆς
2866 4456 3146 4527 ἁμαρτίας
3199 4452 3554 4524 ἀμυχθέντες,
3611 4451 3710 4501 καὶ

443 4557 549 4608 tes,
581 4564 607 4597 a
632 4544 810 4612 parati
834 4544 941 4600 sibi
972 4548 1123 4615 regni
1148 4544 1271 4612 jure
1291 4548 1637 4615 exciderunt,
1666 4549 1807 4622 ignis
1830 4555 2015 4606 a‘let'lti

2135 4552 2396 4623 μετανοίᾳ
2429 4551 2527 4622 τὴν
2564 4550 2823 4605 ἀδουλίαν
2868 4548 2941 4618 μὴ
2973 4545 3389 4617 διορθώσαντες,
3432 4540 3533 4610 τῆς
3564 4543 3710 4595 ἑτοι-

442 4638 569 4693 lacti
602 4648 731 4694 sunt
775 4637 853 4693 rei
896 4639 1272 4709 audiuntque:

518 4839 536 4871 ι
578 4817 890 4873 Disceditea
924 4834 1030 4882 me,
1088 4816 1382 4881 maledic”,
1416 4822 1466 4873 iu
1518 4821 1695 4889 ignem
1734 4834 2019 4885 aeternum,

441 4912 533 4977 qui
565 4920 785 4978 paratus
817 4919 899 4963 est
932 4908 1148 4963 diabolo
1205 4922 1260 4964 et
1292 4908 1501 4975 angelis
1531 4912 1668 4980 ejus.
1711 4933 1728 4966 ι
1768 4914 2022 4985 Expende

442 5014 648 5070 autem,
683 5006 758 5058 uti
782 5003 1029 5073 dejustis
1050 5003 1229 5057 dicat:
1265 5021 1283 5054 ι
1318 5002 1592 5059 Benedicti
1623 5004 1800 5061 Patris
1831 5010 1953 5070 mei,
1994 5030 2011 5059 ι

443 5111 537 5149 eos
569 5110 722 5160 vero,
763 5095 854 5164 qui
891 5110 923 5149 a
959 5095 1090 5149 laeva
1137 5104 1283 5159 sunt,
1339 5096 1656 5151 maledictos
1705 5100 2021 5168 Silltpiicilt'f

443 5187 711 5258 appellet,
766 5196 949 5256 utpote
1005 5188 1097 5257 qui
1148 5203 1254 5242 non
1318 5187 1493 5242 Patris
1547 5190 1854 5253 voluntate.
1926 5195 2019 5248 sed

443 5281 673 5336 suismet
708 5279 886 5349 pravis
920 5280 1174 5349 operibus
1207 5280 1259 5333 in
1280 5290 1337 5334 se
1372 5279 1803 5339 maledictiunetn
1833 5288 2023 5341 adver-

518 5421 561 5453 ⁸⁷
597 5419 753 5473 llum.
800 5436 913 5481 xw,
949 5422 999 5473 ἰ.
1077 5420 1123 5451 ’⁸
1150 5419 1308 5473 Cant.
1342 5432 1415 5484 τι,
1453 5420 1509 5473 7.

2134 4643 2437 4712 μασθείσης
2501 4643 2686 4705 αὐτοῖς
2738 4639 3016 4713 βασιλείας
3093 4636 3573 4707 ἁλλοτριούμενοι.
3630 4634 3713 4705 τῷ

2124 4738 2329 4807 αἰωνίῳ
2358 4738 2493 4806 πυρὶ
2519 4735 2723 4789 ἔκδοτοι
2754 4733 3015 4802 γίνονται,
3052 4730 3385 4790 ἀκούσαντες
3409 4744 3423 4757 ·

2203 4847 2222 4880 ι
2265 4825 2572 4897 Πορεύεσθε
2601 4825 2695 4879 ἀπ’
2724 4823 2881 4895 ἐμοῦ,
2907 4825 2953 4876 οἱ
2975 4820 3372 4890 κατηραμένοι,
3406 4819 3484 4880 είς
3505 4816 3565 4870 τὸ
3595 4815 3710 4887 πῦρ

2122 4919 2183 4972 τὸ
2202 4916 2417 4971 αἰώνιον
2438 4918 2500 4970 τὸ
2521 4914 2922 4986 ἡτοιμασμένον
2943 4913 3021 4985 τῷ
3041 4911 3271 4981 διαϐόλῳ
3289 4912 3384 4963 καὶ
3400 4910 3512 4972 τοῖς
3539 4908 3713 4975 ἁγγέ-

2124 5014 2235 5075 λοις
2271 5012 2461 5067 αὑτοῦ.
2491 5031 2509 5063 ι
2548 5011 2747 5064 Σκόπει
2768 5009 2823 5062 δὲ
2853 5010 3002 5070 ὅπως
3038 5007 3131 5059 ἐπὶ
3167 5005 3268 5075 μὲν
3298 5003 3409 5056 τῶν
3441 5001 3671 5053 δικαίων
3692 5016 3710 5033 ’

2133 5127 2152 5161 ι
2191 5106 2562 5176 Εὑλογημένοι
2605 5104 2698 5157 τοῦ
2740 5102 2953 5173 Πατρός
2984 5114 3109 5171 μου,
3143 5118 3162 5150 ι
3203 5096 3357 5167 φησὶ,
3405 5094 3530 5155 τοὺς
3559 5092 3616 5145 δὲ
3646 5094 3707 5144 ἐν

2126 5202 2239 5261 τοῖς
2289 5202 2497 5260 σκαιοῖς
2546 5194 2960 5268 κατηραμένους
3014 5190 3307 5251 ἀκωλύτως
3383 5184 3709 5255 ὠνόμασεν,

2130 5294 2229 5361 οὺχ
2258 5291 2364 5345 ὑπὸ
2394 5290 2487 5345 τοῦ
2516 5291 2754 5361 Πατρός,
2790 5287 2908 5343 ἀλλ’
2942 5286 3046 5341 ὑπὸ
3082 5284 3191 5337 τῶν
3238 5281 3383 5336 ἰδίων
3406 5279 3583 5349 ἔργων
3607 5277 3712 5347 τὴν

1683 5515 2006 5577 Francisci
2042 5515 2249 5577 Scorsi
2288 5523 2475 5574 noun.

519 5643 632 5711 (ἓέ)
674 5640 775 5695 Sed
833 5642 1040 5695 diabolo
1085 5651 1134 5694 et
1199 5642 1398 5712 angelis
1442 5642 1590 5712 ejus.
1641 5639 1904 5709 Supplicii
1935 5710 1942 5712 _
1969 5648 2023 5692 et

452 5715 591 5782 igui<
616 5710 807 5766 interni
844 5714 1043 5773 locum,
1074 5724 1235 5778 atque
1271 5710 1405 5782 adeo
1438 5711 1611 5778 ipsum
1649 5711 1824 5780 ignem
1869 5710 2021 5777 prin.

448 5784 718 5850 t-ipnliter,
767 5793 819 5835 et
859 5786 1013 5851 quasi
1065 5798 1159 5847 per
1196 5799 1253 5835 se
1290 5781 1464 5851 primo
1506 5796 1602 5848 pro
1656 5782 2017 5851 danuonibus,

449 5846 545 5920 pro
580 5846 891 5906 hominibus
936 5846 1074 5906 Vero,
1111 5852 1264 5919 quasi
1294 5846 1617 5904 accesserit:
1649 5846 1818 5904 fuisse
1851 5848 2017 5903 destiv

2130 5648 2339 5702 natum,
2390 5637 2585 5691 multos
2608 5652 2672 5689 ex
2710 5636 2961 5691 Patribus
2994 5637 3044 5689 in
3076 5635 3228 5691 hisce
3249 5636 3451 5692 Christi
3488 5636 3706 5692 Domini

2131 5709 2313 5762 verbis
2346 5709 2673 5775 ponderasse
2725 5718 2950 5762 testatur
2985 5707 3236 5767 Suarius.
3298 5709 3390 5763 lib.
3451 5724 3570 5771 \‘Ill,
3636 5708 3712 5762 De

2131 5778 2351 5846 angelis,
2381 5794 2500 5846 cap.
2534 5776 2618 5842 16,
2647 5793 2700 5832 n.
2729 5777 2820 5845 25,
2847 5778 2990 5833 inter
3020 5794 3159 5848 quos
3188 5779 3273 5834 hic
3302 5788 3484 5833 uoster
3509 5780 3714 5834 merito

2129 5849 2513 5904 recensendus.
