4024 6436
346 367 447 433 .11!
1558 376 2055 438 THEOPHANIS
2096 375 2442 437 CERAMEI

3521 376 3622 438 H9

351 484 503 539 mat?
557 480 671 536 "ett
709 482 956 537 acerbam
995 483 1356 537 sententiam!
1420 486 1713 552 pessimam
1758 502 1937 541 rerum

2059 486 2460 557 ἐκτραγῳδήσει
2487 484 2581 537 τὸν
2615 482 3034 552 ἁπαράκλητον,
3087 486 3184 536 καὶ
3221 484 3342 547 air;
3391 484 3621 543 ἕκαστος

349 576 848 642 permutationem!
908 577 990 631 0b
1050 578 1199 645 parvi
1227 579 1485 645 temporis
1532 581 1863 649 voluptatem
1907 598 1934 633 τι

360 668 470 723 Deo
499 666 806 738 disiunctus
837 683 980 730 sum,
1016 669 1088 722 ob
1134 669 1314 722 carnis
1341 669 1737 726 oblectamenta
1781 684 1941 727 aeter-

359 761 448 813 nis
497 759 730 812 ﬂammis
778 759 1035 826 addit-or;
1092 759 1161 811 ob
1224 764 1473 827 corporis
1526 762 1748 818 delicias
1789 766 1941 819 cibus

360 851 818 921 inexstingttibilis
846 851 987 920 ignis
1018 850 1245 907 cilicior.
1273 851 1485 909 Iustum
1518 855 1610 909 Dci
1640 857 1936 922 judicium:

356 946 566 1000 viscera
613 960 727 999 mea
794 947 1128 1014 pauperibus
1181 964 1287 1001 tton
1344 949 1552 1017 aperui,
1585 964 1761 1020 neque
1808 951 1941 1005 meis

361 1035 611 1088 lamentis
643 1033 878 1090 ﬂectitur
911 1035 1089 1103 Deus;
1144 1052 1247 1091 non
1300 1040 1552 1093 tniSertus
1593 1055 1711 1093 sum
1745 1056 1943 1109 egeno-

361 1146 505 1194 rum,
553 1145 730 1199 neque
781 1131 871 1199 qui
909 1131 1011 1184 mei
1065 1131 1412 1198 misereatur,
1471 1134 1708 1187 invenio.
1763 1134 1942 1188 Durus

357 1231 409 1273 et
431 1220 786 1276 inexorabilis
814 1221 889 1273 lui
918 1225 1180 1275 adversus
1203 1237 1296 1277 eos
1325 1223 1414 1290 qui
1447 1238 1534 1278 tne
1564 1222 1940 1290 offenderunt;

357 1316 597 1370 divinam
653 1332 782 1388 erga
834 1333 921 1373 me
975 1318 1316 1373 clementiam
1369 1320 1653 1375 obduravi.
1697 1320 1776 1374 lta
1824 1322 1944 1376 sine

358 1408 470 1461 ullo
520 1409 890 1465 emolumento
945 1410 1107 1481 119
1162 1410 1432 1481 ejttlantes
1493 1412 1562 1466 ab
1615 1413 1945 1468 immittibus

365 1497 578 1563 angelis
620 1498 826 1552 detrusi
862 1500 1217 1567 sempiternis
1262 1501 1543 1570 suppliciis
1572 1502 1942 1558 destinantur.

360 1587 511 1640 Diem
547 1586 723 1652 illutn,
748 1587 1112 1654 dilectissimi,
1150 1600 1330 1645 mente
1360 1601 1665 1659 versantes,
1688 1604 1743 1648 et
1770 1595 1946 1649 horri-

362 1676 526 1732 bilem
577 1677 724 1732 illam
781 1681 1111 1736 seutentiatn
1171 1683 1357 1740 animo
1410 1685 1703 1755 agitantes,
1753 1687 1945 1741 demus

363 1784 616 1841 operam,
667 1780 730 1827 ut
778 1788 875 1842 per
918 1773 1309 1845 benignitatem
1346 1777 1400 1831 in
1434 1793 1698 1848 pauperes
1724 1793 1942 1833 sacrum

2044 576 2488 645 ἐλεεινολογεῖται
2516 574 2734 645 φωνὰςς
2774 575 2879 627 Φεῦ
2934 574 3033 645 τῆς
3083 574 3351 645 όδυνηρᾶς
3405 577 3620 644 distaed-

2044 685 2183 729 σεως
2210 669 2221 721 l
2249 667 2294 720 ὣ
2325 669 2423 738 τῆς
2445 668 2716 733 κακίστης
2743 664 2949 737 ταύτης
2981 665 3333 733 ἀνταλλαγῆς
3358 668 3371 719 !
3404 667 3503 719 Διέι
3524 672 3622 736 τὴν

2045 760 2385 830 πρόσκαιρον
2441 758 2745 811 ἀπόλαυσιν
2796 757 2891 810 τοῦ
2924 756 3061 811 Θεοῦ
3092 756 3466 828 ἠλλοτρίωμαι
3485 775 3499 789 ·
3529 760 3622 815 διὰ

2042 853 2144 915 τὰς
2172 851 2271 920 τῆς
2297 851 2501 921 σαρκὸς
2531 850 2727 921 ἡδονὰς
2770 849 2849 920 τῷ
2898 849 3106 920 αἰωνίῳ
3157 849 3290 918 πυρὶ⁵
3332 849 3624 919 παραδίδο-

2046 959 2182 1014 μαι·
2213 943 2301 996 διὰ
2362 943 2684 1012 σωματικὴν
2742 940 2958 1012 τρυφὴν
3020 940 3201 1011 τροφὴ
3252 940 3477 1011 γίνομαι
3522 944 3621 1012 τῆς

2045 1037 2311 1091 ἀσϐέστου
2347 1037 2569 1106 φλογός.
2625 1037 2826 1092 Δικαία
2873 1039 2906 1109 ή
2963 1038 3150 1109 κρίσις
3192 1037 3288 1091 τοῦ
3322 1038 3489 1090 Θεοῦ·
3522 1040 3621 1093 οὐκ

2043 1128 2233 1197 ἧνοιξα
2281 1128 2568 1199 σπλάγχνα
2607 1127 2685 1198 τῷ
2751 1129 2969 1198 πένητι,
3015 1128 3139 1181 οὐδὲ
3164 1128 3298 1192 Θεὸς
3335 1132 3446 1192 τοῖς
3471 1133 3622 1200 ἐμοῖς

2045 1222 2267 1291 θρήνοις
2299 1222 2634 1288 κάμπτεται.
2666 1221 2781 1274 Οὐκ
2825 1221 3036 1291 ἠλέησα
3066 1222 3159 1276 τὸν
3202 1222 3479 1292 δεόμενον,
3511 1222 3623 1276 οὐδ’

2045 1313 2210 1377 αὐτὸς
2242 1313 2487 1384 εὑρίσκω
2538 1315 2633 1368 τὸν
2693 1313 2950 1368 ὲλεοῠντά
3009 1331 3100 1384 με.
3137 1314 3381 1383 Σκληρός
3402 1314 3629 1384 ὼράθην

2047 1406 2184 1475 πρὸς
2219 1406 2347 1469 τοὺς
2399 1407 2480 1470 είς
2530 1406 2632 1477 ἐμὲ
2662 1407 3123 1477 ἁμαρτήσαντας,
3162 1405 3476 1478 ἐσκλήρυνα
3502 1406 3625 1458 κατ’

2047 1499 2291 1569 ἐμαυτοῦ
2317 1497 2415 1569 τὴν
2448 1498 2543 1553 τοῦ
2593 1499 2734 1553 Θεοῦ
2778 1500 3120 1569 ἀγαθότητα.
3181 1498 3371 1560 Οὐτως
3419 1497 3633 1568 ἀκερδῆ

2047 1592 2143 1645 καί
2195 1590 2433 1660 ἀνόνητα
2485 1592 2829 1663 ὀδυρόμενοι,
2885 1593 2981 1646 καὶ⁸
3021 1592 3132 1645 ἀπὸ
3154 1590 3404 1660 ἀγγέλων
3430 1590 3630 1643 ἀποτόο

2052 1700 2170 1753 μων
2203 1682 2556 1753 ἐλαυνόμενοι
2585 1686 2707 1747 ταῖς
2735 1683 3123 1754 ἁτελευτήτοις
3150 1681 3406 1738 κολάσεσι
3446 1698 3630 1749 παρα-

2048 1776 2310 1831 δίδονται.
2346 1776 2616 1846 Ἐκείνην,
2644 1777 2944 1847 ἀγαπητοὶ,
2977 1775 3078 1848 τὴν
3120 1775 3337 1847 ἡμέραν
3381 1778 3461 1836 είς
3505 1773 3633 1826 νοῦν

364 1862 494 1917 illud
533 1876 927 1935 praeceptorum
964 1867 1244 1924 senarium
1281 1869 1641 1940 impleamus;
1674 1882 1839 1940 atque
1871 1871 1943 1925 ita

2059 1867 2445 1931 ἁνελίττοντες,
2482 1867 2580 1921 καὶ
2614 1866 2713 1939 τὴν
2737 1867 2988 1939 φρικώδη
3046 1867 3326 1937 ἀπόφασιν
3365 1863 3637 1935 ἐνθυμού-

363 1954 539 2011 locum
578 1957 631 2011 in
674 1957 924 2025 dextera,
954 1970 1009 2016 et
1035 1964 1328 2031 optabilem
1362 1963 1508 2018 illam
1537 1979 1725 2019 vocem
1759 1979 1951 2019 conse-

360 2064 639 2116 qnamttr:
678 2069 698 2102 ι
743 2050 956 2119 Venite,
983 2052 1256 2109 benedicti
1296 2053 1474 2109 Patris
1524 2056 1653 2122 mei,
1680 2056 1954 2125 possidete

366 2152 618 2209 paratum
675 2145 830 2199 vobis
884 2161 1132 2215 regnum,
1188 2163 1208 2200 ι
1265 2148 1428 2217 idque
1473 2147 1644 2217 gratia
1727 2149 1953 2203 vivilicae

366 2231 649 2302 beataeque
708 2232 1020 2302 Trinitatis,
1079 2252 1200 2305 qua:
1250 2237 1304 2293 in
1367 2237 1527 2293 Patre
1611 2248 1665 2292 et
1710 2238 1849 2293 Filio
1899 2248 1954 2294 et

365 2323 572 2394 Spiritu
627 2337 816 2383 sancto
851 2329 1180 2398 praedicatur
1235 2339 1289 2385 et
1319 2330 1683 2401 gloriﬁcatur,
1720 2346 1865 2387 nunc
1893 2340 1948 2387 et

363 2430 601 2486 semper,
637 2430 691 2475 et
720 2420 772 2475 in
802 2422 998 2477 saecula
1032 2422 1378 2481 saeculorum.
1416 2424 1611 2480 Amen.

2051 1977 2227 2030 μενοι,
2266 1959 2670 2030 σπουδάσωμεν
2709 1960 2798 2014 διὰ
2822 1961 2922 2029 τῆς
2970 1960 3051 2024 είς
3105 1961 3232 2023 τοὺς
3272 1959 3512 2029 πένητας
3542 1958 3635 2012 εὐ-

2050 2050 2236 2115 ποιίας
2264 2051 2554 2122 πληρωταὶ
2581 2049 2840 2120 γενέσθαι
2867 2051 2969 2122 τῆς
3008 2052 3161 2124 ἱερᾶς
3194 2050 3381 2116 ἑξάδος
3407 2048 3514 2104 τῶν
3544 2049 3636 2100 έν-

2049 2142 2242 2210 τολῶν,
2269 2143 2364 2198 καὶ
2388 2145 2576 2213 τυχεῖν
2601 2143 2701 2213 τῆς
2725 2143 2787 2196 ὲκ
2835 2142 3031 2209 δεξιῶν
3083 2141 3349 2203 στάσεως,
3412 2139 3509 2192 καὶ
3538 2138 3639 2207 τῆς

2054 2235 2319 2299 εὐκταίας
2357 2235 2577 2307 ἐκείνης
2617 2234 2807 2304 φωνῆς
2831 2250 2847 2267 ·
2882 2252 2901 2286 ι
2932 2232 3124 2297 Δεῦτε,
3170 2235 3221 2288 οἱ
3277 2230 3636 2301 εὐλογημένοι

2055 2330 2151 2385 τοῦ
2181 2330 2397 2400 Πατρός
2438 2346 2564 2400 μου,
2599 2327 3058 2398 κληρονομήσατε
3087 2326 3189 2399 τὴν
3229 2322 3641 2397 ἡτοιμασμένην

2058 2425 2188 2494 ὑμῖν
2215 2423 2502 2495 βασιλείαν
2536 2440 2554 2474 ι
2586 2423 2770 2492 χὰριτι
2796 2420 2898 2489 τῆς
2936 2420 3251 2491 ζωαρχικῆς
3315 2419 3409 2472 καὶ
3454 2433 3637 2486 μακα-

368 2510 490 2579 ρὲας
551 2513 801 2592 Τριάδρς,
843 2519 943 2587 τῆς
982 2517 1039 2569 ὲν
1071 2518 1269 2588 Πατρὶ,
1322 2519 1419 2573 καὶ
1474 2518 1610 2588 Υίῷ,
1661 2519 1757 2574 καὶ
1795 2520 1940 2592 ἁγίῳ
1976 2517 2261 2590 Πνεύματι
2316 2519 2731 2592 γνωριζομένης
2800 2502 2894 2573 καλι
2955 2518 3345 2587 δοξαζομένης,
3395 2512 3512 2578 νῦν,
3541 2509 3644 2566 καὶ

366 2608 474 2670 ἀεὶ,
504 2608 598 2661 καὶ
626 2609 708 2672 είς
743 2613 870 2675 τοὺς
899 2613 1104 2675 αἰῶνας
1134 2612 1244 2666 τῶν
1299 2612 1538 2668 αἰώνων.
1570 2613 1768 2686 Ἀμήν.

922 2725 1209 2782 llOMlLIA
1254 2725 1401 2783 XIX.

370 2839 437 2895 In
470 2840 566 2895 illa
599 2842 754 2896 verba
788 2856 808 2897 :
851 2859 870 2893 ι
913 2842 974 2896 Si
1014 2842 1320 2895 dimiseritis
1375 2839 1672 2896 hominibus
1737 2849 1952 2910 peccata

1031 2928 1233 2967 eorum.
1275 2931 1294 2966 1

448 3022 549 3088 Qui
610 3023 944 3078 contendunt
1009 3025 1062 3079 in
1119 3026 1467 3093 equestribus
1522 3028 1952 3092 certaminibus,

2552 2722 2818 2779 ΟΜΙΛΙΑ.
2874 2722 2975 2778 ΙΘ’.

2058 2839 2164 2902 Είς
2189 2838 2278 2903 τὸ,
2307 2857 2324 2889 ι
2348 2838 2490 2893 Ἐὰν
2508 2835 2698 2907 ἀφῆτε
2724 2838 2849 2904 τοῖς
2871 2838 3207 2905 ἀνθρώποις
3226 2836 3298 2891 τὰ
3322 2834 3645 2907 παρασιτῶ*

2375 2927 2536 2978 ματα
2556 2910 2776 2976 ιιύτὼν,
2823 2929 2842 2961 ι
2880 2908 2980 2963 καὶ
3008 2909 3080 2962 τὰ
3112 2907 3318 2963 λοιπά.

2133 3022 2198 3075 Ol
2227 3024 2287 3075 ὲν
2315 3026 2430 3086 τοῖς
2457 3024 2705 3087 ἱππικοῖς
2731 3021 2916 3086 ἄθλοις
2944 3022 3367 3092 ἀγωνιζόμενοι,
3416 3022 3645 3076 ἐπειδὰν

369 3116 533 3169 simul
566 3130 629 3170 ac
660 3116 874 3185 signum
925 3119 1184 3173 curriculi
1234 3120 1419 3173 datum
1453 3129 1555 3182 est,
1596 3120 1801 3190 apertis
1829 3135 1953 3172 car-

2059 3114 2245 3177 αὐτοῖς
2271 3112 2398 3184 δοῧῇ
2424 3114 2519 3168 τοῦ
2541 3114 2746 3186 δρόμου
2778 3115 2840 3167 τὸ
2872 3116 3205 3185 σήμαντρον,
3232 3113 3643 3184 διασχισθείσης

371 3205 588 3259 ceribus
622 3221 790 3275 equos
816 3206 1108 3262 identidem
1145 3210 1352 3264 scutica
1387 3211 1696 3264 verberatos
1727 3212 1792 3263 ad
1840 3225 1954 3264 nte-

375 3306 485 3351 tam
534 3298 780 3367 adigunt,
832 3309 889 3354 et
946 3302 1156 3355 crebris
1241 3303 1559 3371 levibusque
1612 3304 1839 3359 saltibus
1889 3304 1955 3358 ad

376 3407 496 3447 eam
533 3393 743 3448 incitati
790 3396 1059 3452 feruntur.
1096 3396 1283 3467 Neque
1325 3413 1456 3454 vero
1501 3414 1686 3453 eorum
1722 3399 1874 3453 labor
1904 3400 1955 3452 itt

376 3484 693 3553 attingenda
742 3498 881 3539 meta
922 3487 1139 3554 linitur;
1189 3491 1284 3545 sed
1321 3502 1545 3560 septeno
1584 3494 1819 3547 circuitu
1844 3492 1958 3563 (26)

373 3576 646 3630 coniicere
680 3593 899 3633 cursum
936 3594 1330 3651 apprOperant;
1369 3584 1455 3638 hic
1502 3584 1647 3639 cnim
1696 3587 1954 3641 victorem

377 3667 644 3722 decernit.
697 3667 807 3722 Nos
859 3686 988 3725 vero
1048 3672 1310 3727 hodierna
1365 3673 1452 3729 die
1496 3685 1797 3730 reseratum
1845 3675 1955 3743 jam

378 3758 718 3826 paenitentia;-
780 3762 1092 3831 repagulum
1148 3763 1213 3816 ad
1265 3765 1442 3833 ipsum
1493 3766 1755 3819 obeunda:
1805 3776 1961 3820 meta:

375 3851 635 3917 perduxit
687 3852 923 3906 initium.
968 3852 1091 3906 Fuit
1138 3854 1283 3908 enim
1349 3856 1505 3910 nobis
1549 3857 1700 3924 quasi
1756 3859 1962 3925 primus

378 3947 579 4014 gradus
628 3948 863 4016 suscepti
911 3948 1246 4015 pteuitentiaa
1293 3965 1489 4004 cttrsus
1533 3950 1778 4005 Zacchzei
1811 3951 1959 4019 priu-

378 4039 519 4107 cipis
565 4041 976 4107 pnblicanorum
1017 4040 1350 4112 exemplum,
1399 4045 1489 4112 qui
1525 4045 1786 4114 praeclaro
1835 4060 1966 4114 quo-

379 4132 503 4183 dam
537 4131 718 4185 studio
754 4147 851 4201 per
899 4133 1157 4201 pietatem
1202 4133 1478 4203 dispersit,
1522 4151 1644 4206 qua:
1686 4153 1809 4191 cum
1859 4139 1963 4190 im-

379 4223 583 4291 pietate
624 4234 992 4294 congesserat.
1050 4225 1335 4296 Proposita
1391 4228 1584 4283 deinde
1681 4231 1954 4301 publicani

381 4324 437 4368 et
488 4315 747 4371 Pharisaei
810 4319 1068 4386 parabola
1114 4320 1224 4374 vim
1273 4320 1599 4378 Christianae
1642 4324 1965 4379 humilitatis

381 4409 715 4476 ostendens;
771 4420 880 4463 tum
932 4412 1252 4469 adolescens
1305 4415 1437 4481 ille,
1496 4418 1587 4486 qui
1644 4416 1709 4469 ad
1751 4419 1963 4471 subulci

2059 3206 2160 3274 τῆς
2226 3205 2564 3275 ὕσπληγγος,
2622 3206 2830 3275 Θαμινὰ
2860 3206 2988 3269 τοὺς
3029 3205 3235 3268 ἵππους
3288 3205 3645 3275 μαστίζοντες

2062 3299 2199 3369 πρὸς
2229 3300 2328 3371 τὴν
2358 3297 2565 3351 νύσσαν
2591 3298 2904 3362 ἐλαύνουσι,
2939 3299 3156 3369 συχνοῖς
3192 3298 3489 3369 φερόμενοι
3548 3300 3646 3352 καὶ

2061 3388 2285 3460 κούφοις
2310 3393 2424 3454 τοῖς
2482 3391 2754 3461 ἅλμασιν*
2791 3392 2854 3444 οὐ
2883 3391 2990 3462 μὴν
3029 3389 3191 3462 μέχρι
3246 3391 3345 3459 τῆς
3377 3389 3581 3458 νύσσης
3613 3390 3651 3441 ὁ

2062 3487 2225 3551 πόνος
2251 3487 2457 3551 αὐτοῖς,
2484 3486 2619 3540 ἀλλὰ
2656 3486 2878 3538 τελέσαι
2913 3485 3008 3538 καὶ
3033 3483 3380 3537 ὲπτάκυκλον
3438 3482 3649 3554 δρόμον

2062 3581 2406 3646 ἐπείγονται·
2465 3572 2624 3644 οὗτος
2670 3580 2778 3650 γὰρ
2845 3577 3088 3631 δείκνυσι
3147 3576 3238 3630 τὸν
3314 3576 3644 3644 νικήσαντα.

2074 3673 2254 3743 Ἠμᾶς
2285 3673 2343 3727 δὲ
2377 3675 2617 3745 σήμερον
2649 3674 2678 3744 ἠ
2714 3672 2811 3741 τῆς
2846 3671 3139 3742 μετανοίας
3193 3670 3384 3741 βαλϐὶς
3430 3670 3507 3732 είς
3539 3667 3637 3721 αὐ-

2062 3767 2162 3838 τὴν
2199 3769 2373 3837 ἦγαγε
2394 3768 2494 3837 τὴν
2523 3768 2623 3836 τῆς
2699 3764 2907 3835 νύσσης
2946 3765 3143 3836 ἀρχὴν.
3167 3758 3279 3816 Ἠν
3300 3763 3357 3816 δὲ
3383 3765 3514 3834 ἡμῖν
3546 3760 3641 3814 τοῦ

2060 3858 2265 3930 δρόμου
2284 3859 2383 3927 τῆς
2416 3858 2708 3929 μετανοίας
2754 3859 2786 3927 ἠ
2820 3858 3010 3927 πρῦτη
3060 3855 3283 3927 βαθμῖς,
3324 3856 3357 3923 ἠ
3394 3854 3486 3908 τοῦ
3535 3855 3642 3925 ἀρ-

2063 3953 2355 4024 χιτελώνου
2407 3952 2682 4023 Ζακχαίου
2746 3951 3036 4013 ὑπόθεσις·
3096 3949 3154 4011 ὃς
3204 3949 3467 4020 καλλίστῃ
3503 3948 3654 4016 μάλα.

2065 4042 2269 4112 σπουδῇ
2294 4041 2533 4104 εὐσεϐῶς
2584 4041 2936 4109 ὲσκόρπισεν,
2971 4040 3116 4114 ἅπερ
3164 4041 3382 4104 ἀσεϐῶς
3440 4039 3638 4092 ὲτελώο

2065 4157 2250 4208 νησεν.
2286 4136 2480 4211 Εἴταή
2513 4140 2608 4193 τοῦ
2656 4140 2894 4193 τελώνου
2948 4143 3047 4195 καὶ⁸
3101 4141 3401 4212 Φαρισαίου
3461 4156 3652 4209 παρα-

2065 4234 2218 4306 ϐολὴ,
2260 4236 2294 4306 ἡ
2322 4235 2420 4304 τὴν
2459 4234 2615 4303 ἰσχὺν
2642 4236 2775 4306 ἡμῖν
2814 4234 2913 4302 τῆς
2953 4233 3395 4304 χριστομιμητοῦ
3445 4250 3650 4285 ταπει-

2064 4325 2286 4387 νώσεως
2343 4323 2698 4390 ύποδείξασα.
2745 4324 2903 4378 Merit
2960 4326 3135 4378 ταῦτα
3182 4327 3209 4379 ό
3241 4328 3359 4388 νέος
3395 4326 3630 4387 ἐκεῖνος.

2067 4419 2096 4470 ὁ
2122 4416 2310 4478 κακῶς
2348 4417 2447 4487 μὲν
2478 4417 2860 4487 αὐτομολήσας
2881 4419 3017 4485 πρδς
3048 4418 3147 4489 τὴν
3175 4417 3412 4490 χοιρώδη
3475 4417 3646 4489 ζωὴν,

1620 4574 1943 4636 Frencisci
1972 4574 2182 4636 Scorsi
2223 4582 2413 4637 notm.

457 4696 567 4763 (26)
611 4695 713 4750 Sed
764 4713 974 4763 septeno
1022 4700 1273 4752 circuitu.
1325 4697 1368 4763 Q
1396 4714 1498 4752 tam
1560 4698 1837 4766 eleganter
1918 4708 1971 4752 ιιι
2007 4706 2047 4758 ι)
2075 4709 2163 4753 tttr
2202 4703 2402 4768 septies
2427 4702 2569 4753 εἷται
2606 4710 2800 4749 metm
2848 4699 3050 4769 agitato
3083 4700 3256 4767 palma
3302 4699 3653 4769 obtinebatur

384 4772 668 4820 commode
722 4769 786 4820 nd
851 4771 1182 4822 curriculum
1242 4772 1580 4836 poenitentia:
1653 4771 1768 4837 jam
1839 4780 1965 4824 ante

381 4839 866 4904 Quadragesimam
919 4839 1096 4902 inita},
1152 4838 1243 4892 sed
1301 4850 1506 4903 septem
1559 4841 1957 4893 ltelnlumadttttt

385 4908 559 4976 Spatio
595 4908 770 4959 adhuc
801 4910 1063 4961 obeunda:
1087 4909 1498 4964 similitmlincm
1528 4911 1801 4975 equestris
1833 4927 1960 4963 cur-

385 4992 480 5030 sus
524 4986 670 5043 aptet
709 4977 1035 5049 bicorator,
1073 4996 1179 5033 non
1246 4981 1395 5047 prius
1441 4981 1729 5049 intelliges,
1801 4997 1961 5049 quam

386 5048 562 5119 ipsam
592 5048 915 5101 certaminis
945 5051 1329 5119 quadrigarum
1368 5048 1631 5103 rationem
1671 5053 1959 5118 percipias.

385 5117 525 5188 Non
557 5118 699 5171 enim
740 5133 931 5172 cursns
984 5117 1361 5173 tantummodo
1412 5132 1596 5174 rectus
1644 5136 1740 5188 per
1791 5117 1961 5174 totum

389 5187 663 5252 stadium,
704 5191 983 5243 cirCutttve
1024 5197 1406 5257 peragebatur,
1463 5193 1556 5245 sed
1619 5187 1782 5245 etiam
1837 5208 1959 5244 Cttttt

386 5268 709 5331 perventum
744 5261 807 5311 ad
834 5268 1061 5323 metam,
1079 5276 1139 5331 ea
1176 5262 1376 5324 septies
1406 5271 1527 5315 erat
1549 5261 1957 5331 circumeunda.

387 5328 530 5386 Audi
557 5328 863 5383 Cedrenttm
891 5346 907 5383 :
930 5331 1005 5382 Οὐ
1036 5330 1199 5383 πλέον
1232 5331 1288 5385 δὲ
1314 5332 1420 5384 τῶν
1446 5332 1584 5384 ἑπτὰ
1604 5331 1845 5394 κύκλων,
1869 5329 1963 5393 οὒς

390 5405 592 5457 σπάτια
620 5401 782 5455 οἱονεὶ
827 5400 1036 5461 στάδια,
1079 5403 1175 5453 καὶ
1214 5401 1438 5469 μίσσους
1472 5404 1592 5454 ἀντὶ
1633 5400 1724 5453 τοῦ
1762 5401 1958 5465 ἄθλους

390 5478 521 5544 περὶ
554 5472 654 5542 τὴν
685 5473 971 5542 πυραμίδα
1011 5473 1077 5542 ἣν
1108 5471 1201 5544 νῦν
1237 5472 1425 5524 δϐεὶον
1470 5472 1699 5544 καλοῦσι
1729 5472 1961 5542 διαπλη-

390 5538 636 5609 micam
666 5546 715 5597 οἱ
759 5538 1079 5611 ἀγὼνισταὶ,
1114 5541 1200 5593 διὰ
1232 5543 1291 5593 τὸ
1326 5542 1618 5607 τοσούτους
1651 5538 1791 5595 εἶναι
1828 5538 1965 5595 πλα-

391 5618 570 5683 νητῶν
596 5617 810 5675 πόλους.
835 5612 966 5677 Quae
998 5616 1077 5667 sic
1112 5614 1335 5681 interpr.
1361 5631 1373 5665 :
1399 5621 1519 5664 [\‘on
1550 5613 1774 5682 amplius
1807 5629 1964 5683 quam

396 5697 586 5749 septem
616 5686 893 5744 circuitus,
919 5699 1047 5752 quos
1078 5683 1248 5745 spatia
1294 5684 1423 5735 velut
1451 5683 1648 5745 stadia,
1679 5694 1725 5736 et
1770 5686 1963 5736 missus

394 5756 537 5806 circa
563 5764 754 5806 metam
791 5769 908 5823 qua:
935 5768 1070 5805 nunc
1095 5752 1351 5806 obeliscus
1379 5753 1593 5819 dicitur,
1617 5753 1962 5823 conﬁciebant

395 5826 621 5891 aurigae.
649 5825 787 5891 quod
830 5823 1046 5876 totidem
1076 5833 1242 5876 essent
1266 5837 1467 5876 errores
1500 5823 1634 5874 caeli.
1664 5822 1838 5877 Cursu
1872 5824 1964 5892 igi-

1364 6020 1374 6050 ὶ

2075 4772 2218 4838 quod
2248 4773 2333 4826 hic
2367 4782 2553 4840 aperte
2584 4768 2963 4838 'l‘heopbnnes,
2994 4769 3221 4828 Seneca.
3252 4768 3351 4823 lib.
3383 4784 3436 4823 tv
3471 4770 3643 4837 Epist.

2075 4845 2406 4910 agitatorum
2443 4842 2646 4903 laetitia,
2681 4856 2801 4892 cum
2852 4842 3084 4910 septimo
3124 4841 3304 4909 spatio
3333 4841 3524 4908 palma:
3554 4856 3653 4910 ap-

2068 4909 2462 4981 propinquant.
2489 4923 2543 4964 et
2571 4910 2905 4977 Propertius,
2936 4909 3026 4964 lib.
3073 4927 3109 4965 ll
3140 4929 3156 4967 :

2139 4980 2242 5033 Aut
2275 4982 2423 5049 prius
2457 4982 2646 5045 iri/esto
2675 4983 2901 5041 deposcit
2941 4983 3157 5048 praemia
3181 4997 3364 5046 cursu,

2212 5052 2449 5119 Septima
2486 5062 2649 5119 quam
2686 5062 2875 5104 metam
2907 5052 3108 5104 triverit
3138 5063 3259 5104 ante
3297 5058 3435 5106 rota.

2070 5123 2204 5176 Vide
2253 5123 2519 5175 Caesarem
2572 5122 2962 5186 Bttlengarium
3010 5122 3105 5176 lib.
3162 5121 3236 5174 De
3290 5124 3434 5177 circa
3492 5120 3646 5176 Rom:

2068 5193 2254 5257 Itaque
2289 5202 2459 5246 totum
2492 5192 2618 5244 illud
2653 5193 3230 5262 putttitentitejempus
3257 5205 3383 5246 ante
3416 5195 3650 5262 primam

2066 5262 2409 5331 Jejuniorum
2445 5262 2836 5316 hebdomadam
2866 5271 2949 5315 est
2989 5259 3307 5330 Theophani
3338 5259 3513 5316 instar
3541 5264 3649 5328 pri-

2069 5335 2141 5387 mi
2192 5334 2435 5402 rectique
2490 5331 2786 5395 curriculi;
2842 5340 3056 5399 septem
3086 5347 3216 5385 vero
3250 5332 3652 5386 hebdomadum

2068 5403 2515 5472 subsequentinm
2557 5402 2727 5472 spatia
2766 5412 2971 5468 septem
3030 5403 3176 5472 circa
3220 5412 3418 5456 metam
3456 5402 3653 5464 ﬂexus.

2068 5469 2267 5541 quibus
2316 5473 2454 5526 bene
2505 5470 2769 5541 conlectis
2822 5486 3032 5541 merces
3072 5469 3267 5541 jejunii
3326 5472 3506 5527 datur.
3556 5471 3656 5528 His

2070 5540 2368 5609 praemissis
2402 5542 2535 5596 nihil
2571 5543 2677 5593 erit
2707 5540 2944 5605 lacilius,
2991 5540 3157 5612 quam
3190 5552 3364 5597 totum
3410 5544 3657 5599 auctoris

2069 5614 2394 5680 procemium
2424 5611 2763 5678 intelligere;
2786 5611 2888 5665 nisi
2916 5614 3198 5680 praemissa
3226 5614 3482 5680 fuissent,
3518 5614 3659 5668 nihil

2067 5684 2359 5737 «liliicilius.
2395 5682 2500 5736 Sed
2530 5681 2817 5753 recolenda
2850 5693 2933 5736 est
2955 5683 3120 5737 etiam
3155 5691 3298 5753 ratto
3327 5683 3523 5753 jejttuii
3556 5700 3659 5738 seu

2066 5753 2507 5877 ggadragesima:
2544 5750 2883 5820 Graecorum,
2916 5755 2982 5809 de
3010 5768 3117 5824 qua
3149 5750 3362 5824 egimus
3386 5750 3458 5808 ad
3492 5756 3661 5808 hom.
