4024 6424
376 383 486 452 H3

603 606 684 667 De
714 610 1008 681 paralytico
1047 621 1237 667 sanato
1266 613 1320 666 in
1354 610 1748 682 Capharnaum.

452 725 680 784 Conanti
739 726 869 781 mihi
926 737 1243 782 consuetum
1299 727 1468 782 ordiri
1521 740 1862 791 sermonem,
1909 740 1991 785 eo.

1565 382 2064 446 THEOPHANIS
2102 375 2446 443 CERAMEI

939 497 1219 567 llOMlLlA
1251 495 1394 553 XXI.
1985 498 2040 557 Α

3539 370 3645 439 Μ

2655 486 2896 542 ΟΜΙΛΙΑ
2922 484 3052 541 KA'.

2232 606 2373 676 Περί
2401 603 2510 660 τοῦ
2543 603 2613 658 ἐν
2645 601 3045 672 Καπερναοὺμ
3070 598 3506 669 παραλυτικοῦ.

2149 715 2543 789 Ἐπειγόμενος
2607 718 2709 785 τῆς
2776 715 3040 786 συνήθους·
3101 712 3451 777 διδασκαλίας
3512 713 3649 782 ἐφά-

380 820 523 875 inter
582 820 1000 890 indignationem
1090 834 1491 889 mceroremque
1568 818 1807 873 versanti
1860 833 1959 872 vox

2099 810 2295 876 μασθαι,
2324 809 2709 878 ἀνακόπτομαι
2744 807 2844 879 τὴν
2879 806 3084 878 φωνήν,
3120 806 3295 875 θυμοῦ
3350 807 3446 858 καί
3473 805 3652 875 λύπης

382 910 745 967 lnterciditur.
774 911 915 965 Idem
947 911 1090 965 enim
1119 911 1249 965 mihi
1279 910 1563 979 contingit,
1596 910 1737 980 quod
1762 909 1964 964 homini

2099 922 2128 956 ν
2176 901 2488 972 μεταιχμίῳ
2528 902 2845 971 γενόμενος.
2902 899 3081 953 Ταύτό
3121 899 3234 968 γὰρ
3275 897 3470 968 πάσχω
3502 898 3656 968 ἀνδρὶ

382 1002 649 1072 agricolae,
680 1003 769 1072 qui
800 1019 918 1057 cum
952 1004 1147 1059 mullos
1168 1004 1221 1057 in
1249 1003 1542 1058 excolenda
1579 1014 1716 1057 terra
1743 1005 1969 1058 sudores

2099 992 2305 1065 ἐωργῷ
2331 991 2563 1056 πολλοὺς
2597 991 2698 1061 μὶν
2723 989 2959 1061 ἰδρῶτας
2985 988 3444 1059 καταϐαλλομένῳ
3467 991 3532 1059 τῇ
3559 991 3655 1059 γῇ,

380 1094 701 1165 profuderit,
753 1110 951 1164 paucas
983 1103 1163 1150 tamen
1217 1097 1394 1151 aetatis
1447 1104 1690 1165 tempore
1748 1097 1970 1152 demetit

2100 1106 2128 1140 ν
2156 1087 2213 1140 δὲ
2244 1084 2323 1157 τῷ
2358 1084 2535 1156 καιρῷ
2563 1083 2659 1138 τοῦ
2687 1084 2879 1155 θέρους
2921 1083 3139 1152 ὀλίγους
3169 1083 3489 1152 δρεπομένῳ
3532 1083 3660 1144 τοὺς

385 1188 583 1255 spicas.
645 1186 777 1241 Cum
841 1188 983 1241 enim
1037 1188 1088 1241 in
1143 1188 1367 1258 singulis
1444 1189 1797 1244 conventibus
1856 1188 1970 1257 (88)

2099 1178 2337 1247 ’τάχυας.
2371 1176 2736 1246 Καθεκάστην
2769 1177 2878 1246 γὰρ
2907 1175 3221 1229 συνέλευσιν
3254 1175 3661 1244 διαλεγόμενος,

383 1276 548 1331 verba
598 1275 810 1340 faciam,
876 1278 1076 1332 nullam
1131 1278 1386 1334 obvenire
1418 1280 1546 1334 mibi
1588 1279 1743 1335 video
1772 1280 1974 1334 utilita-

389 1376 519 1422 tem.
572 1365 756 1423 Toties
806 1368 1045 1425 laboravi
1098 1370 1377 1436 clamans,
1428 1387 1622 1427 raucus
1669 1372 1860 1438 factus,
1911 1387 1973 1427 ac

384 1457 584 1511 sudore
611 1460 862 1526 perfusus
897 1462 1143 1517 hortatus
1170 1478 1313 1527 sum,
1340 1473 1397 1515 ut
1422 1463 1702 1519 concionis
1733 1473 1976 1534 tempore

391 1546 587 1599 missas
632 1546 877 1603 faceretis
905 1549 1043 1614 lites,
1077 1558 1133 1603 et
1161 1550 1225 1603 ad
1258 1550 1411 1620 131
1443 1565 1747 1605 sermonem
1776 1564 1976 1605 conve-

387 1637 581 1692 niretis
600 1638 711 1707 (89)
742 1658 756 1694 :
788 1642 996 1707 quoties
1039 1642 1263 1710 praecepi
1307 1640 1441 1714 (90),
1479 1652 1534 1694 ut
1575 1641 1920 1697 abstineretis
1946 1656 1976 1695 ιι

385 1728 750 1795 iuramentis?
778 1735 869 1788 scd
902 1749 1052 1803 nugae
1097 1734 1250 1788 vobis
1283 1734 1678 1789 admonitiones
1725 1734 1980 1789 videntur

2073 1268 2333 1339 οὐδεμίαν
2388 1268 2503 1338 ὁρῶ
2563 1268 3006 1338 προσγινομένην
3061 1267 3351 1336 ὠφέλειαν.
3421 1266 3665 1328 Ποσάκις

2076 1362 2349 1415 ἐκοπίασα
2404 1360 2647 1431 κράζων,
2707 1360 2976 1431 ἐγενόμην
3041 1359 3419 1430 ὑπέρασθμος,
3477 1358 3664 1430 ἱδρῶτι

2077 1458 2422 1530 ῥαινόμενος,
2473 1456 2760 1528 παραινῶν
2792 1456 2890 1517 τὰς
2934 1455 3089 1520 δίκας
3141 1454 3664 1524 παραγκωνίζεσθαι

2079 1553 2139 1605 ἐν
2167 1552 2244 1622 τῷ
2278 1549 2458 1620 καιρῷ
2487 1550 2587 1619 τῆς
2619 1548 2919 1614 συνάξεως,
2960 1548 3057 1602 καί
3094 1547 3231 1618 πρὸς
3272 1547 3372 1616 τὴν
3408 1545 3670 1598 διδασκα-

2070 1631 2200 1698 ’λίαν
2229 1643 2633 1714 ἀθροίζεσθαις
2693 1641 2935 1704 Ποσάκις
2989 1640 3275 1709 ὑπεθέμην
3325 1637 3435 1691 τῶν
3488 1638 3673 1708 ὅρκων

2081 1737 2307 1805 φυγήν;
2357 1732 2522 1788 Ἀλλά
2568 1732 2737 1804 λῆρος
2791 1733 2923 1801 ὑμῖν
2974 1732 3008 1801 ή
3067 1729 3325 1784 νουθεσία
3367 1728 3537 1795 δοκεῖ,
3573 1730 3675 1782 καὶ

391 1832 450 1876 et
501 1822 792 1877 verborum
849 1839 1016 1880 sonus
1071 1826 1270 1881 inanis.
1324 1826 1392 1880 Et
1440 1841 1540 1895 ego
1598 1840 1980 1897 usquequaque

2099 1827 2259 1895 ιόγων
2285 1828 2478 1897 κρότος
2506 1826 2784 1895 διακενής.
2814 1825 2926 1879 Καὶ
2949 1826 2977 1878 ό
3002 1823 3234 1886 δείλαιος
3263 1822 3334 1875 τά
3358 1821 3538 1874 πάντα
3560 1818 3677 1888 ὲγὼ

396 1914 561 1968 miser
616 1916 669 1969 in
730 1932 867 1985 aqua
931 1933 1115 1973 serere
1172 1921 1376 1985 videor,
1432 1920 1514 1975 vel
1562 1920 1615 1976 in
1667 1930 1815 1989 petra
1876 1935 1980 1974 non

393 2004 627 2060 habente
688 2008 990 2064 humorem.
1054 2010 1231 2079 Aliqui
1297 2013 1439 2066 enim
1479 2011 1985 2081 exprobrationibtts

393 2099 576 2167 puncti
627 2100 981 2156 hortationem
1036 2102 1270 2174 fugiunt,
1322 2106 1476 2174 quasi
1522 2104 1771 2159 frenetici
1812 2104 1987 2158 medi-

395 2203 511 2256 cos,
548 2190 640 2245 sed
672 2207 801 2246 vero
835 2192 923 2248 hic
952 2207 1197 2249 meorum
1250 2204 1593 2264 peccatorum
1620 2205 1706 2251 est
1734 2193 1983 2264 fructus;

398 2282 448 2337 si
493 2283 637 2337 enim
688 2283 893 2350 felices,
934 2286 1024 2353 qui
1075 2285 1297 2342 auribus
1349 2288 1765 2343 anscultantium
1822 2290 1987 2342 verba

400 2372 626 2442 faciunt,
673 2375 854 2429 miseri
902 2376 1127 2443 scilicet,
1158 2378 1250 2448 qui
1284 2378 1575 2448 loquuntur
1601 2380 1666 2434 ad
1692 2393 1853 2434 aures
1881 2394 1987 2434 non

400 2468 703 2522 audientes.
744 2467 1119 2525 Verumtamen
1146 2486 1248 2541 ego
1280 2482 1524 2528 metuens
1548 2487 1636 2538 ne,
1670 2474 1714 2528 si
1744 2481 1989 2539 tacuere,

403 2573 620 2627 pmnam
680 2560 923 2625 subeam,
977 2576 1082 2615 non
1134 2563 1429 2617 cunctabor
1492 2574 1775 2633 argentum
1838 2566 1989 2621 verbi

405 2650 733 2720 dependere,
764 2668 829 2705 ne
859 2651 998 2706 idem
1058 2654 1252 2722 patiar,
1305 2661 1466 2724 atque
1496 2655 1582 2710 ille
1609 2657 1699 2725 qui
1731 2656 1992 2711 talentum

406 2741 707 2796 abscondit.
766 2742 1028 2796 Czeternm
1083 2745 1231 2799 vobis
1279 2746 1461 2807 timeo,
1510 2758 1577 2799 ne
1627 2745 1847 2815 majoris
1884 2747 1995 2801 haec

415 2833 646 2886 ltnrtat'o
703 2835 905 2901 peceati
968 2838 1181 2888 occasio
1244 2838 1455 2888 evadat.
1514 2856 1532 2887 ι
1582 2835 1637 2891 Si
1687 2838 1829 2892 enim
1891 2854 1993 2892 non

414 2925 706 2992 venissem,
743 2926 938 2994 inquit,
965 2937 1013 2981 et
1046 2927 1257 2983 locutus
1297 2928 1517 2984 fuissem
1566 2930 1665 2996 eis,
1715 2939 1995 3000 peceatum

413 3034 518 3071 non
573 3017 970 3074 haberent“.t
1014 3018 1138 3076 Huic
1200 3023 1365 3076 vestri
1426 3038 1639 3089 amore,
1698 3034 1994 3092 vestraeque

2100 3024 2378 3094 ἁμαρτίαν
2423 3026 2524 3076 οὐκ
2563 3020 2725 3092 εἶχον.
2766 3038 2787 3074 ι
2819 3020 3007 3076 Ταῦτά
3060 3039 3205 3093 φημι
3249 3020 3331 3093 τῷ
3362 3020 3497 3093 πρὸς
3545 3021 3700 3092 ὑμᾶς
3808 3026 3821 3033 “

2084 1922 2166 1984 εἰς
2194 1920 2341 1991 ὕδωρ
2368 1920 2523 1973 ἔοικα
2552 1918 2822 1988 σπείρειν,
2850 1917 2883 1987 ἢ
2922 1916 3131 1988 πέτραν
3166 1913 3369 1985 ἰκμάδα
3414 1914 3489 1985 μὴ
3523 1912 3682 1983 ἔχου-

2086 2028 2188 2069 σαν
2221 2030 2235 2043 ·
2291 2012 2610 2081 νυττόμενοι
2658 2010 2768 2081 γάρ
2832 2026 2981 2072 τινες
3042 2007 3147 2061 ὑπὸ
3198 2007 3306 2062 τῶν
3349 2006 3682 2077 ὀνειδισμῶν

2086 2105 2356 2175 φεύγουσι
2406 2104 2505 2174 τὴν
2545 2101 2919 2168 διδασκαλίαν,
2964 2100 3156 2171 ὥσπερ
3188 2099 3317 2163 τοὺς
3358 2098 3578 2170 ἰατροὺς
3628 2098 3685 2151 οἱ

2090 2199 2462 2269 παράφρονες.
2510 2196 2668 2249 Ἔστι
2703 2195 2760 2248 δὲ
2789 2196 2884 2248 καὶ
2915 2194 3075 2248 τοῦτο
3106 2192 3218 2247 τῶν
3257 2191 3410 2264 ὲμῶν
3456 2190 3689 2261 ἀμπλα-

2092 2291 2358 2362 κημάτων
2390 2290 2603 2361 καρπός
2630 2304 2643 2318 ⁸
2696 2290 2746 2341 εἰ
2778 2287 2888 2358 γὰρ
2918 2287 3183 2358 μακάριοι
3217 2286 3269 2339 οἰ
3301 2284 3556 2355 λέγοντες
3600 2285 3690 2349 εἰς

2090 2377 2208 2436 ὦτα
2254 2382 2587 2447 ἀκουόντων,
2631 2378 2809 2435 ἄθλιοι
2853 2377 3101 2448 δηλονότι
3143 2376 3197 2430 οἱ
3238 2375 3495 2444 λέγοντες
3544 2373 3692 2445 πρὸς

2092 2472 2208 2530 ὦτα
2247 2475 2320 2546 μὴ
2358 2474 2642 2528 ἐπαΐοντα.
2682 2471 2830 2542 Πλὴν
2861 2470 2973 2540 ἐγὼ
3016 2469 3118 2540 μὲν
3147 2467 3249 2541 τὴν
3284 2469 3353 2522 ὲκ
3383 2467 3480 2521 τοῦ
3524 2468 3693 2539 σιγᾷν

2093 2567 2420 2633 κατάκρισιν
2448 2560 2729 2627 δεδοικὼς,
2760 2560 2823 2615 ού
2861 2560 3190 2630 κατοκνήσω
3226 2556 3591 2615 καταϐάλλειν
3625 2556 3696 2609 τὸ

2093 2655 2187 2709 τοῦ
2239 2655 2402 2721 λόγου
2456 2652 2743 2725 ἀργύριον,
2801 2651 2889 2706 ἵνα
2930 2650 3005 2721 μὴ
3051 2648 3220 2704 ταὺτὸ
3278 2648 3437 2703 πάθω
3481 2649 3561 2717 τῷ
3625 2647 3697 2702 τὸ

2094 2748 2362 2800 τάλαντον
2405 2746 2850 2816 κατακρύψαντι.
2894 2742 3177 2814 Φοϐοῦμαι
3210 2741 3266 2795 δὲ
3316 2741 3393 2813 μὴ
3439 2740 3697 2812 μείζονος

2099 2838 2231 2907 ὑμῖν
2282 2836 2560 2907 ἁμαρτίας
2601 2836 2934 2907 ὑπόθεσιςή
2992 2833 3314 2889 διδασκαλία
3370 2834 3697 2903 γενήσεται.

2107 2947 2125 2981 ι
2161 2929 2224 2981 Εἰ
2279 2929 2389 2998 γάρ
2446 2928 2519 2999 μὴ
2567 2924 2756 2999 ἦλθον,
2806 2928 2965 2999 φησὶ,
3031 2928 3128 2982 καὶ
3180 2926 3421 2999 ἐλάλησα
3479 2926 3695 2992 αὐτοῖς,

413 3110 661 3164 utilitatis
721 3112 945 3166 ardente
1005 3112 1274 3167 desidet-in
1328 3115 1638 3170 stimulatus
1683 3115 1896 3185 loquor,
1944 3126 1994 3170 et

2101 3117 2312 3185 φίλτρῳ
2362 3115 2712 3183 νυττόμενος,
2762 3114 2863 3183 τῆς
2916 3112 3190 3184 ὠφελείας
3246 3111 3401 3182 ὑμῶν
3452 3111 3706 3176 διακαῶς

412 3205 557 3272 quod
605 3204 681 3257 ait
716 3206 931 3260 divinus
979 3203 1243 3260 Jeremias
1279 3226 1297 3259 ι
1339 3206 1532 3263 Cordis
1570 3210 1812 3263 sensoria
1863 3210 1994 3265 dilao

2104 3180 2470 3279 i‘ustpdvuevog
2526 3180 2622 3262 καί
2658 3209 2686 3261 ὅ
2723 3180 2892 3276 φησιν
2919 3208 2949 3260 ὁ
2979 3180 3148 3269 -θεῖος
3204 3180 3502 3275 Ἱερεμίας,
3575 3224 3593 3256 ι
3626 3206 3707 3259 τὰ

413 3296 719 3351 ceratns".
759 3318 774 3347 ι
832 3298 1086 3353 Sentiatis
1146 3300 1349 3369 igitur,
1398 3301 1543 3369 quod
1604 3304 1792 3366 decet;
1848 3311 1902 3355 et
1953 3301 1997 3355 si

417 3401 587 3456 usque
618 3389 682 3443 ad
715 3388 853 3444 hanc
885 3390 1023 3443 diem
1051 3392 1119 3445 ab
1149 3392 1323 3445 nllicio
1365 3392 1680 3459 deerrastis,
1713 3393 1998 3447 stultitiam

417 3481 738 3550 paenitentia
804 3483 1089 3538 emendate

2100 3301 2430 3371 αἰσθητήρια
2461 3300 2966 3370 σπαρασσόμενος.»
2986 3295 3207 3351 Γίνεσθε
3236 3292 3329 3350 οὖν
3360 3298 3419 3349 ὲν
3445 3295 3708 3366 αἰσθήσει

2102 3393 2198 3447 τοῦ
2241 3395 2572 3463 πρέποντος,
2608 3394 2704 3446 καλ⁵
2756 3394 2809 3445 εἴ
2848 3408 2903 3444 τι
2947 3390 3113 3462 μέχρι
3154 3388 3249 3443 τοῦ
3293 3388 3390 3443 νῦν
3424 3387 3520 3441 τοῦ
3553 3405 3706 3459 συμ-

1142 3501 1154 3536 :
1208 3484 1347 3539 unde
1404 3486 1569 3539 etiam
1624 3484 1748 3548 ﬁet,
1801 3493 1859 3539 ut
1904 3501 1994 3541 nos

2105 3486 2363 3557 φέροντος
2395 3485 2754 3569 διημάρτετε,
2803 3483 3064 3554 μετανοίᾳ
3104 3481 3204 3553 τὴν
3248 3480 3506 3535 ἀϐουλίαν
3534 3482 3713 3533 ἐπαν-

419 3572 686 3629 alacriore
738 3576 920 3630 animo
951 3591 1047 3633 vos
1078 3578 1449 3633 adhortemur.
1487 3580 1600 3647 Age
1647 3595 1777 3645 ergo
1814 3595 1994 3634 rursus

2105 3579 2413 3652 ορθώσατε,
2444 3580 2521 3643 ὼς
2561 3579 2627 3633 ἂν
2667 3578 2767 3632 καὶ
2806 3580 2970 3649 ἡμεῖς
3016 3581 3156 3648 πρὸς
3198 3576 3299 3647 τὴν
3352 3575 3710 3630 διδασκαλίαν

424 3665 699 3720 hodiernae
728 3665 968 3721 lectionis
1003 3669 1164 3724 verba
1199 3669 1377 3723 dit-ina
1405 3670 1737 3739 explicemus
1761 3670 1826 3724 “.

497 3852 555 3907 in
599 3853 689 3907 illo
731 3863 972 3923 tempore
1010 3874 1029 3905 ι
1062 3852 1287 3909 Intravit
1336 3853 1492 3911 Jesns
1524 3857 1575 3908 in
1603 3856 2004 3925 Capharnaum.

2108 3672 2515 3743 προθυμότεροι
2557 3669 2867 3741 γενώμεθα.
2903 3669 3043 3741 Φέρε
3077 3668 3144 3739 δὴ
3177 3667 3345 3722 πάλιν
3375 3664 3707 3731 ἀναπτύξω-

2113 3779 2213 3834 μεν
2249 3760 2320 3815 τὰ
2352 3762 2599 3832 σήμερον
2630 3758 3054 3829 ἀναγνωσθέντα
3082 3757 3348 3811 θεόλεκτα
3383 3758 3627 3829 ῥήματα.

2180 3853 2274 3925 Τῷ
2302 3853 2483 3926 καιρῷ
2537 3854 2733 3922 ἐκείνῳ
2790 3873 2807 3905 ι
2848 3852 3115 3922 Εἰσῆλθεν
3160 3854 3189 3906 ὁ
3235 3851 3444 3922 Ἰησοῦς
3470 3852 3550 3915 εἰς
3585 3853 3711 3906 Καε-

426 3944 496 4000 Et
536 3944 773 3999 auditum
816 3954 895 4000 est
942 3945 1085 4014 quod
1128 3945 1180 4000 in
1217 3946 1378 4001 domo
1428 3955 1607 4015 esset;
1640 3958 1694 4000 et
1722 3946 1994 4002 confestitr

2112 3947 2424 4018 περναοὺμ,
2476 3947 2575 4002 καί
2631 3945 2881 4017 ἠκούσθη
2934 3946 3017 4000 ὄτι
3074 3947 3156 4010 εἰς
3207 3941 3360 3999 οἶκόν
3410 3947 3549 4011 ἐστι,
3610 3946 3714 3998 καὶ

426 4044 796 4091 convenerunt
847 4037 1025 4102 multi,
1070 4037 1140 4091 ita
1189 4048 1250 4093 ut
1292 4054 1397 4094 non
1436 4049 1686 4105 caperent
1730 4054 1907 4109 neque
1947 4054 1994 4092 at

2113 4039 2317 4103 εὐθέως
2375 4038 2728 4110 συνήχθησαν
2788 4038 2999 4102 πολλοὶ,
3056 4038 3199 4092 ὥστε
3253 4038 3455 4109 μηκέτι
3507 4039 3715 4108 χωρεῖν

420 4130 669 4201 januam.
703 4148 721 4182 ι
759 4131 832 4185 Ex
857 4145 964 4200 quo
994 4131 1060 4186 ad
1092 4131 1390 4187 Geresenos
1430 4133 1542 4203 (91)
1576 4133 1797 4193 veniens
1826 4132 2011 4187 Domi-

429 4237 534 4276 nus
561 4222 627 4276 ad
668 4222 955 4277 sanitatem
1020 4223 1256 4278 restituit
1306 4223 1551 4281 homines
1594 4242 1687 4281 eos
1720 4227 1809 4296 qui
1839 4242 1868 4280 a
1901 4227 2013 4282 dae-

431 4313 683 4369 monibus
715 4312 1076 4384 agitabantur,
1101 4324 1157 4370 et
1186 4318 1239 4370 in
1271 4315 1504 4371 furorem
1537 4318 1713 4373 adacti
1739 4320 1792 4372 in
1820 4334 2014 4373 monu-

2117 4133 2253 4205 μηδὲ
2302 4133 2372 4187 τὰ
2421 4131 2558 4201 πρὸς
2589 4131 2688 4203 τὴν
2735 4130 2929 4202 θύραν.
2964 4150 2982 4184 ι
3027 4131 3148 4201 Ἀφ’
3181 4125 3355 4201 οὗπερ
3389 4131 3449 4183 ὲν
3500 4130 3716 4199 Γεργε-

2117 4227 2300 4297 σηνοῖς
2351 4224 2665 4295 προϐαίνων
2705 4224 2735 4276 ό
2778 4223 3004 4294 Κύριος,
3048 4225 3176 4286 τοὺς
3229 4221 3713 4291 κορυϐαντιῶντας

2120 4317 2309 4371 ἰάσατο
2347 4316 2476 4381 τοὺς
2507 4315 2906 4387 ἐλαυνομένους
2950 4316 3057 4369 ὑπὸ
3100 4314 3210 4369 τῶν
3264 4314 3560 4386 δαιμόνων,
3612 4314 3717 4367 καὶ

432 4406 632 4462 mentis
667 4406 779 4479 (92)
812 4406 1161 4476 habitabant;
1218 4424 1620 4480 porcornmque
1673 4427 1806 4482 grex
1857 4426 1993 4482 quas

2118 4408 2514 4470 κατοικοῦντας
2565 4410 2647 4472 εἰς
2699 4407 2771 4462 τὰ
2818 4408 3120 4480 χαρὼνεια,
3169 4408 3205 4479 ἦ
3256 4424 3316 4461 τε
3351 4406 3461 4460 τῶν
3510 4405 3716 4476 χοίρων

436 4508 605 4554 oestro
648 4499 908 4568 percitus,
938 4515 1003 4556 ac
1033 4500 1101 4555 de
1127 4515 1260 4571 rupe
1310 4502 1653 4572 prateipitans
1702 4504 1994 4558 submersu:

2122 4502 2294 4575 ἀγέλη
2347 4501 2791 4574 ὲξοιστρηθεῖσα,
2841 4500 3113 4555 καὶκατὰ
3147 4498 3399 4572 κρημνοῦ
3454 4497 3721 4569 κυϐιστή-

434 4599 522 4645 est
553 4591 709 4660 aquis
741 4590 786 4623 "
806 4629 822 4655 ,
878 4593 1026 4648 cives
1055 4592 1121 4648 de
1149 4607 1208 4647 re
1234 4604 1382 4663 gesta
1415 4609 1444 4649 a
1474 4594 1718 4650 subulcis
1755 4594 1994 4649 admonit

2129 4611 2293 4661 σασα,
2325 4595 2385 4649 ὲν
2424 4598 2493 4667 τῇ
2540 4595 2706 4666 λίμνῃ
2755 4593 2983 4663 γέγονεν
3032 4593 3389 4664 ὑποϐρύχιος,
3419 4592 3469 4645 οἱ
3498 4590 3719 4645 ἀστικοὶ

435 4693 765 4752 rogaverunt
802 4682 1115 4752 Dominum,
1150 4695 1209 4742 ut
1236 4685 1413 4741 abiret
1442 4702 1470 4741 a
1499 4686 1700 4743 ﬁnibus
1731 4687 1876 4756 suis;
1903 4688 1994 4744 idet

2130 4688 2287 4763 παρά
2314 4687 2425 4742 τῶν
2451 4685 2771 4760 συοφορϐῶν
2796 4684 3064 4757 μαθόντες
3089 4684 3152 4740 τὸ
3176 4682 3423 4755 γεγονὸς,
3455 4697 3721 4754 παρακαο

513 4867 564 4901 ⁸⁸
581 4868 739 4926 Joan.
767 4887 859 4937 xv,
889 4870 981 4926 22.
1059 4839 1328 4930 "let-em.
1356 4889 1432 4942 tv,
1466 4873 1557 4929 16.
1633 4873 1679 4906 ⁸⁸
1709 4872 1877 4927 Marc.
1913 4888 1972 4938 ιι,
2003 4872 2029 4928 1
2067 4887 2223 4945 seqq.
2298 4874 2344 4906 "
2369 4872 2691 4942 Matthxi",
2722 4872 2831 4941 28;
2869 4872 3002 4929 Luc.
3040 4885 3156 4936 Vttt,
3192 4867 3282 4924 26.

1677 5011 2004 5075 Francisci
2037 5013 2248 5077 Scorsi
2282 5020 2474 5078 notas.

521 5145 635 5217 (88)
658 5143 722 5198 In
745 5145 966 5216 singulis
993 5144 1349 5217 conventibus.
1376 5142 1446 5217 In
1463 5141 1763 5217 Panormit.
1790 5140 2025 5217 ettempl:

2134 5143 2357 5215 ἰατρούς
2386 5143 2438 5215 οἰ
2476 5142 2852 5214 παράφρονες,
2893 5138 3177 5215 mutilatos
3206 5145 3323 5192 erat
3353 5133 3448 5215 _bic_
3477 5133 3628 5215 locus
3664 5134 3718 5215 in

450 5204 667 5273 concisa
696 5224 815 5267 erat
831 5204 963 5269 "haec
1006 5215 1272 5270 sententia
1307 5211 1447 5284 Ka_0‘
1497 5213 1737 5283 ἑκάστην
1780 5213 1889 5284 γὰρ
1916 5204 1994 5282 όρι

2133 5204 2256 5270 τού.
2284 5204 2349 5269 P.
2380 5213 2521 5267 Sunt
2550 5204 2729 5284 autem
2766 5204 2948 5265 omnia
2983 5209 3037 5263 in
3075 5209 3224 5284 G._et
3250 5204 3492 5284 profecto
3525 5204 3719 5284 religio

455 5287 531 5359 μὴ
562 5285 1007 5359 προσγενομένην
1046 5285 1338 5359 ᾠφέλειαν.
1373 5281 1622 5359 Plenior.
1644 5276 1808 5359 etei
1852 5276 1994 5359 {nent

2134 5294 2255 5339 erat
2291 5300 2353 5339 ea
2395 5278 2832 5359 praetermittere,
2868 5296 2989 5333 cum
3026 5276 3339 5359 contineant
3376 5284 3431 5359 et
3461 5276 3719 5341 spiritum

455 5347 911 5412 att-ctoris'eadem
955 5347 1155 5421 scripta
1203 5356 1254 5408 in
1289 5354 1429 5408 Gali.
1470 5352 1608 5406 Καθ’
1639 5355 1878 5421 ἑκάστην
1922 5354 1994 5419 γὰ

2136 5347 2538 5410 οοηοίοηιιίοιίδ
2558 5352 2817 5420 episcopi,
2838 5359 2892 5403 et
2915 5351 3214 5421 sententias
3236 5347 3487 5421 murales,
3510 5356 3564 5421 et
3582 5361 3722 5421 παρ-

456 5426 767 5483 συνέλευσιν
813 5425 1197 5495 διαλεγόμενος
1226 5423 1488 5493 οὐδεμίαν
1518 5423 1631 5493 ὁρῶ
1662 5422 2035 5496 προσγινομέ-

454 5498 871 5570 νηνᾼὼιρέλειαν.

531 5563 655 5638 (89)
687 5568 1067 5622 Convenit-etis.
1114 5564 1355 5638 Tradnxi
1403 5567 1632 5638 verbum
1681 5563 2037 5638 ἁθροίζεσθαι

463 5635 717 5706 quodest
746 5641 797 5693 in
834 5639 897 5693 G.
933 5639 1092 5692 lectio
1126 5635 1186 5690 P.
1220 5635 1571 5703 ὲπείγεσθαι;
1605 5638 1697 5689 sed
1731 5635 1919 5689 eodem
1950 5647 2031 5687 re-

460 5710 612 5763 cidit.

2139 5425 2427 5506 ἀλλήλους,
2455 5423 2576 5478 aliis
2595 5414 2855 5485 homiliis,
2887 5422 2937 5474 in
2967 5420 3166 5490 quibus
3198 5416 3371 5487 agitur
3395 5417 3459 5469 de
3496 5414 3719 5469 vitando

2139 5510 2395 5565 periurio.

2236 5554 2327 5637 9i)
2353 5564 2438 5648 Εαξ
2456 5580 2557 5648 quo
2587 5566 2655 5648 ad
2679 5564 3015 5648 (iergesenos.
3045 5558 3177 5615 Vide
3199 5558 3346 5612 hum.
3374 5554 3427 5621 9,
3458 5563 3513 5609 et
3532 5555 3721 5608 obser-

2143 5646 2262 5692 vata
2292 5635 2321 5692 a
2354 5635 2509 5693 nobis
2542 5644 2667 5690 nota
2695 5635 2784 5688 64.

2215 5707 2328 5778 (92)
2379 5706 2445 5761 In
2485 5705 2872 5778 monumentis._
2906 5703 2964 5757 In
3011 5700 3220 5778 Graeco
3251 5706 3335 5753 est
3381 5697 3461 5778 εἰς
3504 5694 3574 5778 τά
3616 5710 3718 5778 χαι

544 5761 654 5851 (ξω)
703 5777 916 5842 Quoties
965 5780 1203 5851 praecepi.
1262 5774 1501 5851 Ποσάκις
1540 5774 1877 5851 -ύπεθέμηνς
1941 5771 1994 5851 lli

2147 5761 2367 5851 po‘iua.
2397 5779 2470 5834 De
2501 5793 2605 5849 qua
2634 5790 2766 5832 voce
2790 5775 2909 5830 vide
2929 5777 3173 5830 eamdem
3209 5770 3353 5823 hom.
3388 5766 3442 5832 9,
3482 5774 3597 5821 not.
3618 5761 3713 5829 ’65,

470 5843 671 5912 verbis,
724 5859 778 5903 et
823 5843 1173 5920 sequentibus
1217 5862 1385 5916 usque
1429 5849 1493 5901 ad
1539 5844 1626 5900 illa
1670 5843 1859 5914 ὥσπερ
1906 5845 2035 5905 τοὺς
