4024 6412
396 384 513 454 ὗ45

1784 389 2116 449 IIUMlLIA
2157 392 2317 455 ΧΧῘ.

3565 397 3672 462 446

390 506 548 558 λοῦσι
573 504 666 557 τὸν
703 503 911 576 Κύριον
945 507 1115 560 εἴκειν
1159 507 1222 560 ἐκ
1256 505 1366 558 τῶν
1405 505 1570 576 ὁρίων
1603 505 1806 568 αὐτῶν,
1846 509 1954 573 cei

2093 514 2256 575 quod,
2290 524 2342 565 ut
2384 529 2483 582 rgo
2536 516 2812 582 arbitror,
2867 517 3120 587 indignos
3164 531 3220 572 se
3267 515 3380 585 eius
3435 519 3670 586 hOSpitio

387 598 621 661 αὐτοὺς,
671 597 747 661 ὼς
806 598 916 666 ἐγὼ
973 594 1172 668 οἶμαι,
1229 599 1480 666 ἀναξίους
1537 599 1819 668 κρίνοντες
1876 599 1976 667 τῆς

384 690 600 743 ἐκείνου
635 689 929 759 ὑποδοχῆς.
977 689 1036 742 Ὁ
1081 691 1138 742 δέ
1175 689 1521 761 ἀναθρώσκει
1563 690 1662 759 τῆς
1716 690 1971 759 ⁴ἤπείίοου,

385 786 486 836 καὶ
525 783 752 837 είσεισιν
792 784 872 844 είς
900 783 1148 851 ἀκάτιον,
1179 785 1274 838 καὶ
1305 783 1645 852 διαπεράσας
1684 784 1778 852 τὴν
1813 784 1974 850 ὑγρτ,

385 877 668 938 κέλευθον.
714 873 848 950 ἧκεν
895 880 974 941 είς
1031 880 1131 948 τὴν
1191 876 1588 948 Καπερναούμ.
1641 877 1860 944 Ταύτην
1918 876 1974 928 δέ

382 968 666 1032 Ματθαῖος
695 969 852 1022 πόλιν
898 965 1020 1022 εἷπε
1053 969 1148 1022 τοῦ
1193 969 1368 1038 Ἰησοῦ
1403 986 1415 1000 ο
1451 969 1511 1022 ού
1553 968 1662 1038 γάρ
1699 969 1830 1038 περὶ
1874 967 1974 1037 τὴν

383 1061 581 1131 κλῆσιν
637 1062 1121 1131 άκριὸολογοῦνται
1174 1065 1221 1116 οί
1291 1063 1555 1131 μαθηταὶ,
1615 1062 1754 1132 πρὸς
1804 1063 1974 1131 μόνην

383 1154 737 1223 ἐπειγόμενοι
795 1154 890 1207 τοῦ
937 1155 1218 1223 θαύματος
1269 1154 1369 1224 τὴν
1409 1155 1712 1223 ἀφήγησιν.
1781 1155 1869 1215 Ὠς
1917 1154 1973 1206 δὲ

379 1245 588 1316 ᾔσθετο
619 1248 646 1298 ὁ
675 1245 803 1308 λαὸς
827 1244 924 1298 τοῦ
953 1246 1205 1316 Σωτῆρος
1239 1245 1338 1315 τὴν
1366 1245 1596 1310 ἕλευσιν,
1627 1245 1976 1314 συναγείρον-

378 1353 477 1390 ται
513 1337 860 1403 παμπληθεὶ,
900 1338 995 1389 καὶ
1019 1337 1363 1402 πυκάζονται
1404 1337 1566 1408 μέχρι
1611 1336 1720 1390 τῶν
1763 1354 1976 1406 προπυ-

378 1428 550 1482 λαίων
577 1430 754 1482 αὐτῶν
782 1429 1039 1501 βοτρυδὸν
1067 1431 1389 1500 ἐφεζόμενοι
1417 1445 1432 1461 ο
1461 1425 1609 1483 εἷλκε
1637 1429 1750 1500 γάρ¹
1777 1430 1974 1492 αὐτοὺς

378 1524 478 1574 καὶ
511 1522 766 1592 συῤῥέειν
790 1521 1045 1574 ἀνέπειθε
1068 1523 1137 1574 τά
1169 1522 1394 1576 ποικίλοι
1433 1521 1540 1574 τῶν
1574 1520 1762 1574 παθῶν
1793 1522 1976 1592 ἀρρω-

377 1613 659 1680 στήματα,
718 1612 828 1680 ἀφῇ
880 1611 1018 1684 μόνῃ
1071 1613 1163 1666 καὶ
1200 1612 1345 1682 λόγῳ
1389 1613 1829 1684 θεραπευόμενα,
1879 1613 1975 1664 καὶ

373 1705 480 1772 τῆς
529 1705 885 1768 διδασκαλίας
947 1707 980 1774 ἡ
1040 1706 1199 1776 χάρις
1260 1700 1349 1759 οἷά
1395 1724 1478 1769 τις
1536 1706 1734 1760 εὐωδία
1800 1705 1971 1777 μύρου

373 1798 586 1856 πάντας
620 1797 1006 1867 ἐπισπωμένη,
1046 1798 1189 1860 ὅσοις
1229 1799 1326 1860 τὰς
1361 1798 1532 1860 ἀκοὰς
1572 1801 1600 1852 ὁ
1643 1799 1837 1866 φθόνος
1871 1798 1972 1849 ούκ

371 1889 533 1941 εσυεν
559 1906 572 1919 ·
614 1891 942 1960 συνήρχοντο
971 1889 1029 1942 δὲ
1079 1891 1264 1942 πολλοὶ
1300 1889 1553 1959 φθονεροί
1597 1907 1656 1942 τε
1702 1889 1800 1943 κοιλ⁸
1859 1889 1960 1959 βα-

372 1981 692 2052 ρυμήνιδες,
744 1982 947 2052 ἥκιστα
1010 1983 1108 2052 μὲν
1161 1983 1666 2054 ὠφεληθησόμενςι,
1733 1983 1960 2054 ῥινηλα-

364 2073 594 2136 τοῦντες
643 2075 699 2126 δέ
746 2073 906 2143 δίκην
949 2074 1130 2128 κυνῶν
1181 2077 1248 2128 τὰ
1297 2076 1568 2146 λεγόμενα
1635 2078 1731 2130 καὶ
1787 2093 1958 2145 πρατ-

362 2166 596 2232 τόμενα,
629 2165 724 2216 καὶ
774 2164 1067 2235 ζητοῦντες
1114 2165 1472 2220 ἐπιλαϐέσθαι
1499 2206 1513 2228 ,
1556 2166 1651 2218 καὶ
1719 2165 1957 2234 σκῶψαι,

363 2258 462 2310 καὶ
515 2257 939 2327 ἐπιμέμψασθαι
968 2275 983 2289 ·
1019 2259 1102 2312 ὅτι
1147 2260 1204 2311 δὲ
1237 2257 1386 2312 τοῦτ’
1416 2255 1485 2330 ἦν
1531 2259 1780 2326 ἀτρεκὲς,
1825 2276 1959 2330 προ-

362 2348 612 2402 λαϐοῦσα
669 2351 701 2419 ή
767 2349 980 2422 ἱστορία
1035 2351 1277 2404 δείκνυσι
1329 2351 1538 2420 σαφῶς.
1590 2355 1652 2404 Οί
1713 2353 1820 2421 γὰρ
1883 2355 1960 2404 εί-

362 2439 565 2502 πόντες
626 2441 702 2502 ὡς
766 2439 1121 2511 βλασφημίαν
1176 2442 1361 2505 λαλεῖ,
1413 2443 1703 2514 ἁμαρτιῶν
1761 2443 1956 2512 ἄφεσιν

359 2531 562 2594 διδους,
594 2531 653 2596 ἐξ
685 2531 866 2584 αὐτῶν
897 2532 1171 2603 ἀριδήλως
1208 2533 1528 2603 ἐτύγχανον.

440 2643 460 2675 ι
494 2623 607 2677 Καὶ
640 2623 892 2694 ἔρχονται
923 2625 1060 2696 πρὸς
1093 2625 1255 2679 αὑτὸν
1290 2625 1667 2695 παραλυτικὸν
1698 2626 1958 2694 φέροντες

357 2716 662 2787 αἰρόμενον
694 2717 800 2770 ὑπὸ
831 2719 1137 2789 τεσσάρων,
1161 2718 1258 2772 καὶ
1291 2717 1367 2790 μὴ
1389 2719 1684 2788 δυνάμενοι
1719 2737 1958 2788 προσεγ-

355 2810 514 2877 γίσαι
547 2808 636 2863 διὰ
673 2809 768 2863 τὸν
815 2810 994 2881 ὄχλον,
1047 2811 1434 2880 ἀπεστέγασαν
1479 2813 1580 2883 τὴν
1611 2813 1790 2865 οίκίαν
1820 2815 1956 2866 ὅπου

353 2899 449 2974 ἦν,
483 2902 582 2956 καὶ
609 2902 908 2974 ὀρύξαντες
932 2902 1141 2973 χαλῶσι
1172 2903 1263 2956 τὸν
1289 2902 1623 2974 κράὸϐατον.
1669 2922 1687 2956 ι
1727 2898 1952 2966 τΗλθον,

356 2997 518 3068 φησι,
548 2997 642 3050 τὸν
673 2995 1126 3068 παραλελυμένον
1167 2996 1530 3067 βαστάζοντες
1561 3013 1577 3028 ⁶
1602 2998 1697 3052 καὶ
1726 2999 1848 3050 ἐπεὶ
1879 2998 1953 3070 μὴ

354 3083 546 3143 οἷοίτε
581 3084 723 3161 ἦσαν
752 3089 840 3142 διὰ
871 3091 970 3159 τῆς
1010 3088 1182 3160 θύρας
1216 3090 1316 3158 τὴν
1368 3089 1558 3159 κλίνην
1611 3090 1952 3158 εἰσαγαγεῖν,

354 3181 612 3250 καθῆκαν
670 3181 842 3246 αὐτὴν
887 3181 950 3234 ἐκ
994 3179 1089 3234 τοῦ
1133 3179 1408 3250 δώματος.
1475 3181 1793 3234 Ἐπίστευον
1821 3182 1954 3252 γὰρ,

354 3275 434 3336 ὡς
487 3276 536 3326 εί
574 3274 738 3345 μόνον
793 3272 987 3342 ὄψεται
1032 3272 1245 3337 τοῦτον,
1304 3273 1566 3338 ἐπιδείξει
1609 3273 1669 3327 τὸ
1721 3273 1954 3344 σύνηθες

356 3367 546 3431 ἔλεος·
598 3367 693 3420 καὶ
749 3368 850 3436 τῆς
909 3367 1126 3430 ἐλπίδος
1175 3368 1273 3438 ούχ
1333 3367 1605 3438 ἥμαρτον.
1662 3369 1726 3420 Τί
1788 3364 1882 3422 οὖν
1926 3370 1952 3420 ὁ

355 3461 592 3530 Σωτήρ;
626 3479 643 3508 σ
697 3459 864 3523 Ἰδὼν,
909 3465 1063 3530 φησι,
1096 3459 1197 3530 τὴν
1241 3459 1426 3514 πίστιν
1476 3460 1676 3524 αὐτῶν,
1696 3460 1844 3529 λέγει
1877 3460 1954 3532 τῷ

352 3553 756 3625 παραλυτικῷ·
820 3554 1046 3619 Τέκνον,
1101 3553 1380 3622 ἀφέωνταί
1445 3571 1526 3607 σοι
1565 3555 1620 3606 αί
1681 3555 1953 3626 ἁμαρτίαι

354 3665 474 3704 σου.
518 3667 539 3699 ι
590 3648 734 3719 Πρὸς
763 3647 873 3718 γὰρ
905 3647 1004 3718 τὴν
1044 3649 1230 3702 πίστιν
1259 3647 1371 3700 τῶν
1403 3647 1784 3719 βασταζόντων
1824 3648 1955 3702 ἁπέ-

352 3740 567 3793 6).επε’
631 3744 697 3811 τῇ
759 3757 819 3794 τε
887 3741 1268 3814 αίμορῤοούσῃ
1325 3741 1530 3812 φησίνο
1596 3757 1618 3794 ο
1667 3743 1730 3795 Ἥ
1769 3743 1954 3806 πίστις

355 3851 456 3887 σου
492 3833 709 3886 σέσωκέ
747 3851 806 3886 σε
836 3849 848 3862 ·
891 3853 907 3885 ι
968 3834 1065 3888 καὶ
1109 3835 1340 3888 πύθεται
1388 3835 1479 3888 τὸν
1518 3835 1719 3904 τυφλόν
1748 3853 1761 3867 ο
1806 3855 1823 3887 ι
1857 3837 1954 3889 Πι-

353 3928 570 3992 στεύεις
605 3929 687 3982 ὅτι
737 3928 974 3998 δύναμαι
1030 3929 1192 3982 τοῦτο
1250 3929 1478 3999 ποιῆσαι
1525 3947 1540 3996 ;
1580 3949 1598 3982 ι
1661 3932 1754 3984 καὶ
1808 3930 1953 4000 ἄλλῳ

351 4019 505 4087 λέγει
533 4037 547 4049 ·
585 4039 601 4072 ι
655 4021 744 4084 Ὠς
771 4021 1101 4086 ἐπίστευσας
1139 4022 1459 4093 γεννηθήτω
1497 4041 1599 4078 σοι.
1635 4043 1654 4075 ι
1701 4024 1826 4087 Πῶς
1859 4023 1952 4078 οὖν

353 4113 594 4168 ἐνταῦθα
653 4114 714 4166 ού
767 4113 907 4181 πρὸς
966 4115 1066 4185 τὴν
1102 4114 1288 4168 πίστιν
1351 4114 1444 4168 τοῦ
1508 4117 1948 4188 παρακειμένου,

351 4205 498 4259 ἀλλὰ
566 4205 706 4274 πρὸς
781 4206 880 4277 τὴν
943 4205 1051 4259 τῶν
1135 4205 1516 4277 βασταζόντων
1599 4209 1948 4279 ἀπέὅλεψεν;

350 4299 451 4352 καὶ
503 4297 612 4368 μὴν
649 4299 706 4350 ἐν
758 4301 870 4362 τοῖς
916 4298 1102 4362 ἄλλοις
1155 4299 1291 4368 πρὸς
1345 4299 1445 4370 τὴν
1494 4301 1603 4354 τῶν
1649 4302 1951 4357 νοσούντων

348 4393 539 4445 πίστιν
566 4393 899 4447 ἀπέϐλεπεν.
933 4393 1076 4446 Ἀλλ’
1110 4393 1348 4447 ἐνταῦθα
1380 4395 1652 4466 προσήκει
1683 4400 1845 4462 νοεῖν,
1874 4399 1950 4462 ὡς

346 4487 589 4555 ὁπηνίκα
625 4486 770 4549 σὼας
799 4487 902 4558 ὁρᾷ
934 4487 1032 4548 τὰς
1066 4489 1272 4556 φρένας
1323 4488 1416 4542 τοῦ
1463 4489 1789 4560 πάσχοντος,
1828 4491 1947 4545 τότε

2075 600 2412 668 judicabant.
2452 607 2540 662 llle
2575 626 2696 662 vero
2722 626 2752 664 e
2782 613 3090 664 continente
3125 625 3444 678 progressus
3475 627 3666 664 ascen-

2080 695 2160 750 dit
2204 697 2254 750 in
2307 699 2647 763 navimlmn,
2699 713 2754 754 et
2801 704 3025 771 trajecto
3085 701 3222 757 freto
3281 702 3663 771 Capharnaum

2079 792 2246 845 venit.
2302 791 2451 846 llanc
2507 793 2792 849 Matthtnus
2849 797 3119 852 civitatem
3179 797 3307 853 Jesu
3357 799 3567 851 vocavit
3588 798 3669 864 ui;

2080 899 2184 939 non
2207 887 2349 939 enim
2381 888 2638 941 vocabula
2667 889 2773 957 (93)
2800 891 3064 944 subtiliter
3092 891 3337 958 discipuli
3370 893 3668 959 exquirunt

2079 979 2133 1034 in
2182 981 2494 1033 narratione
2552 983 2793 1034 mirm-uli
2846 983 3017 1034 soltttn
3075 983 3342 1053 occupati.
3388 983 3487 1037 Ubi
3540 1001 3667 1039 vero

2077 1076 2247 1126 sensit
2316 1073 2538 1139 populus
2612 1075 2893 1127 Dominum
2976 1077 3295 1137 advenisse,
3362 1092 3667 1130 convenere

2076 1166 2483 1235 quanqtlurimi,
2521 1178 2572 1222 et
2602 1169 2668 1220 ad
2709 1169 3027 1222 vestibulum
3083 1186 3253 1238 usque
3291 1171 3664 1240 agglotnerati,

2077 1260 2420 1328 confertique
2458 1261 2741 1315 sedebant.
2806 1262 3106 1315 Traxcrant
3143 1263 3338 1328 quippe
3369 1277 3481 1327 eos,
3513 1271 3568 1315 et
3608 1273 3667 1316 ιιι

2077 1351 2428 1414 conﬂuerent,
2479 1362 2862 1420 persuaserant
2893 1351 3036 1405 fnum
3072 1353 3475 1415 miraculorum,
3515 1355 3662 1408 varia

2077 1439 2386 1494 morborum
2428 1457 2625 1512 geiiera
2681 1452 2827 1496 tactu
2863 1441 2998 1503 solo,
3037 1442 3114 1494 vel
3165 1445 3327 1496 verbo
3381 1444 3536 1513 132
3568 1460 3663 1497 cu-

2077 1544 2229 1598 rata;
2278 1544 2330 1588 et
2374 1535 2630 1588 doctrina:
2681 1535 2938 1600 suavitas,
2977 1537 3130 1603 quasi
3184 1535 3357 1590 bonus
3389 1539 3521 1589 odor
3566 1554 3665 1589 un-

2076 1621 2262 1690 guenti
2314 1623 2638 1688 pertrahens
2687 1639 2898 1688 omnes,
2947 1625 3145 1694 quibus
3198 1640 3302 1679 non
3355 1628 3669 1681 obstruebat

2077 1725 2235 1766 aures
2270 1713 2490 1767 invidia.
2541 1711 2691 1767 Multi
2725 1723 2849 1766 Vero
2879 1718 3041 1769 etiam
3076 1715 3494 1781 conveniebant,
3532 1732 3667 1784 quos

2077 1805 2303 1872 invidia,
2353 1817 2407 1862 et
2450 1809 2630 1877 gravis
2682 1807 2960 1861 iracundia
2999 1808 3328 1872 concitabat,
3366 1808 3499 1862 nihil
3535 1824 3666 1863 sane

2075 1901 2324 1955 utilitatis
2375 1901 2498 1956 inde
2553 1902 2796 1966 relaturi,
2849 1901 2945 1957 sed
2996 1918 3188 1956 canmn
3245 1917 3392 1956 tuore
3435 1918 3496 1955 ea
3547 1919 3666 1969 quae

2065 1995 2405 2060 dicebantur,
2431 2011 2657 2064 quaeque
2684 1997 2987 2064 agebantur
3007 1995 3174 2049 odore
3205 1995 3662 2062 pervestigantes,

2063 2089 2117 2134 et
2167 2092 2483 2151 qumrentcs
2541 2083 2778 2153 aliquam
2835 2084 3283 2152 reprehendendi,
3336 2085 3663 2150 cavillandi,

2064 2174 2402 2242 vituperandi
2457 2192 2697 2230 causam.
2755 2176 2906 2242 Quod
2961 2186 3138 2230 autem
3183 2176 3252 2229 ita
3301 2191 3387 2230 res
3429 2177 3662 2230 habean

2064 2265 2208 2319 clare
2257 2268 2491 2320 ostendit
2544 2281 2864 2337 progressus
2920 2267 3181 2322 historice.
3214 2267 3316 2332 Qui
3367 2267 3510 2320 enim
3549 2266 3664 2321 bla-

2063 2357 2362 2426 Sphemiam
2395 2375 2516 2412 eum
2548 2358 2694 2427 loqui
2729 2359 2980 2414 dixerunt
3011 2369 3228 2429 peccata
3270 2360 3659 2424 remittentem,

2063 2466 2128 2504 ex
2161 2452 2262 2505 hoc
2293 2467 2490 2521 genere
2523 2453 2767 2520 profecto
2795 2459 2972 2506 erant.

2139 2651 2158 2684 ι
2189 2631 2252 2686 Et
2281 2633 2504 2690 veniunt
2533 2631 2599 2684 ad
2644 2646 2766 2685 eum
2807 2632 3045 2686 ferentes
3091 2630 3469 2701 paralyticum,
3505 2629 3598 2700 qui
3628 2646 3657 2684 a

2061 2733 2296 2792 quatuor
2351 2723 2718 2790 portabatur:
2763 2733 2816 2776 et
2872 2736 2994 2775 cum
3041 2737 3148 2775 non
3200 2730 3421 2792 possent
3465 2721 3660 2777 olIerre

2060 2829 2182 2868 eum
2228 2814 2301 2868 illi
2355 2829 2464 2882 prae
2497 2815 2672 2878 turba,
2702 2815 3043 2866 nudaverunt
3094 2821 3317 2877 tectum,
3361 2813 3448 2866 ubi
3496 2822 3656 2878 erat,

2059 2917 2113 2965 et
2157 2908 2548 2976 patefacientes
2613 2907 2984 2961 sulmiisernnt
3041 2905 3383 2976 grabbatum.
3421 2924 3439 2956 ι
3480 2904 3655 2959 Vene-

2060 3013 2206 3067 runt,
2244 3003 2440 3070 inquit,
2501 3000 2859 3071 paralyticum
2918 2999 3264 3070 bajulantes:
3296 3009 3352 3052 et
3401 2999 3656 3066 quoniam

2058 3111 2155 3167 per
2182 3094 2402 3164 januam
2434 3093 2752 3164 grabbatnm
2795 3091 2995 3146 inferre
3031 3106 3136 3144 non
3169 3099 3442 3160 poterant,
3481 3088 3658 3143 demi-

1981 3221 2028 3285 ρ
2061 3197 2248 3244 serunt
2297 3187 2444 3242 illum
2488 3203 2517 3239 e
2565 3194 2727 3238 tecto.
2779 3183 3086 3238 Credebant
3142 3181 3290 3236 enim
3327 3180 3440 3235 fore
3487 3189 3564 3246 ut,
3611 3182 3655 3234 si

2063 3281 2220 3334 modo
2259 3295 2380 3334 emn
2441 3278 2728 3348 aspiceret,
2783 3292 2936 3332 suam
2987 3290 3114 3343 erga
3180 3273 3327 3328 illum
3380 3273 3447 3327 de
3503 3288 3654 3327 more

2058 3372 2488 3429 misericordiam
2520 3371 2836 3436 exhiberet;
2883 3382 2982 3422 nec
3009 3381 3134 3436 spes
3159 3380 3254 3420 eos
3283 3364 3488 3418 refellit.
3515 3364 3653 3430 Quid

2056 3484 2184 3538 ergo
2209 3463 2503 3521 Dominus?
2540 3462 2700 3518 «Cum
2721 3462 2968 3527 vidisset,
3001 3461 3195 3531 inquit,
3229 3459 3383 3512 ﬁdem
3414 3458 3649 3522 illormn,

2057 3566 2134 3618 ait
2163 3561 2456 3631 paralytico
2481 3577 2497 3617 :
2527 3558 2652 3624 Fili,
2690 3559 3040 3612 remittuntur
3091 3557 3183 3611 tibi
3230 3567 3451 3628 peccata
3488 3566 3595 3608 tua.
3630 3573 3649 3606 ›

2059 3656 2317 3724 Respexit
2361 3654 2504 3709 enim
2550 3653 2602 3706 in
2650 3652 2807 3704 ﬁdem
2860 3650 3185 3719 bajulorum.
3222 3651 3382 3719 Atqui
3426 3650 3658 3702 haemor-

2056 3749 2279 3805 rboissae
2309 3747 2522 3817 quidem
2549 3746 2714 3798 dixit:
2745 3743 2935 3797 «Fides
2967 3753 3053 3796 tua
3083 3755 3134 3797 te
3158 3745 3358 3798 salvam
3386 3743 3513 3798 fecit
3535 3743 3579 3774 δ’
3599 3759 3647 3807 ;ι

2056 3852 2109 3898 et
2171 3857 2371 3895 caecum
2433 3839 2816 3906 interrOgavit:
2860 3834 3123 3901 «Credis,
3186 3836 3328 3904 quod
3395 3837 3494 3892 hoc
3539 3837 3655 3890 tibi

2059 3935 2236 3990 facere
2292 3929 2555 3999 possum?
2588 3948 2606 3980 ι
2663 3939 2715 3982 et
2760 3929 2846 3981 alii
2883 3927 3014 3981 dixit
3049 3945 3062 3980 :
3103 3945 3123 3980 ι
3160 3926 3314 3982 Sicut
3353 3927 3654 3990 credidisti,

2057 4029 2149 4081 ﬁat
2185 4026 2276 4080 tibi
2298 4025 2366 4078 ⁸ο.
2402 4044 2420 4075 ι
2462 4022 2744 4088 Quomodo
2787 4021 2951 4090 igitur
2999 4019 3082 4074 hic
3115 4034 3220 4073 non
3255 4019 3652 4083 decumbentis,

2057 4120 2154 4176 sed
2184 4133 2369 4174 eorum
2405 4115 2496 4186 qui
2535 4115 2844 4182 portabant,
2904 4114 3060 4167 ﬁdem
3104 4112 3410 4182 spectavit?
3443 4121 3495 4166 et
3533 4111 3660 4188 qui-

2055 4218 2175 4268 dem
2223 4213 2274 4268 in
2323 4211 2442 4264 aliis
2496 4207 2774 4264 miraculis
2839 4222 3105 4278 agrorum
3164 4207 3426 4276 spectavit
3474 4205 3655 4258 ﬁdem.

2054 4305 2256 4361 Verum
2295 4305 2384 4358 hic
2423 4301 2722 4369 intelligere
2754 4310 2986 4369 oportet,
3016 4299 3160 4368 quod
3204 4299 3414 4368 quoties
3447 4297 3654 4350 incolu-

2055 4413 2195 4453 tnem
2256 4397 2629 4462 integramque
2689 4392 2836 4445 videt
2918 4402 3153 4445 mentem
3214 4393 3330 4458 ejus
3383 4390 3498 4459 (94)
3563 4390 3653 4457 qui

2056 4491 2244 4546 morbo
2303 4488 2535 4552 laborat,
2582 4497 2709 4539 tunc
2736 4483 2850 4551 ejus
2904 4484 3130 4553 requirit
3193 4483 3387 4546 (idern;
3443 4483 3657 4548 quoties

343 4579 451 4650 τὴν
477 4579 688 4631 ἐκείνου
733 4579 917 4630 πίστιν
959 4577 1153 4646 ζητεῖ·
1196 4579 1439 4649 ὁπηνίκα
1481 4579 1538 4632 δὲ
1586 4581 1825 4652 τοσαύτη
1867 4602 1946 4647 τις

2064 4600 2188 4639 vero
2223 4589 2371 4636 tanta
2407 4578 2532 4633 mali
2579 4579 2656 4630 vis
2690 4587 2772 4632 est
2809 4590 2866 4630 ut
2893 4577 3147 4630 tenebras
3189 4576 3354 4628 menti
3388 4573 3649 4638 oll‘undat,

343 4668 418 4742 ἦν
443 4675 476 4744 ἡ
501 4673 596 4726 τού
624 4671 796 4725 κακοῦ
831 4673 1221 4744 ἐπείσφρησις,
1263 4673 1337 4738 ὡς
1381 4673 1834 4746 ἐπισκοτισθῆναι
1858 4679 1946 4730 τὸν

422 4810 681 4864 “Mat'b.
715 4825 790 4873 Ix,
827 4809 873 4862 Ι.
950 4809 994 4842 ⁸ο
1023 4808 1214 4864 Matth.
1260 4809 1465 4877 tx,22;
1502 4808 1640 4866 Luc.
1677 4827 1794 4881 vm,
1830 4815 1918 4870 48.

2057 4689 2185 4733 tunc
2221 4677 2276 4729 in
2326 4688 2512 4728 eorum
2549 4671 2638 4742 qui
2675 4671 2947 4723 adducunt
3009 4667 3230 4734 respicit
3278 4666 3434 4720 {idem
3465 4680 3478 4717 :
3511 4672 3571 4718 ut
3597 4665 3655 4719 in

1995 4815 2042 4847 ⁸⁰
2068 4814 2258 4868 Matth.
2293 4827 2368 4877 tat,
2401 4809 2494 4865 '28.

1590 4936 1915 4997 Francisci
1959 4936 2169 5000 Scorsi
2203 4944 2392 4998 notae.

420 5033 536 5095 (9'5)
582 5033 703 5086 Non
747 5034 884 5085 enim
936 5033 1212 5087 vocabula.
1266 5033 1380 5088 lloe
1428 5035 1550 5089 ideo
1605 5035 1807 5090 dictum
1863 5049 1946 5092 est

345 5104 597 5170 Tlteoph.
634 5105 776 5170 quod
816 5104 1200 5169 Capharnaum
1251 5106 1482 5172 patriam
1529 5121 1622 5159 seu
1665 5108 1941 5161 civitatem

343 5174 550 5228 Christi
586 5175 918 5238 rwangelisla
962 5175 1178 5236 dixerit,
1208 5175 1386 5242 inqua
1417 5185 1593 5228 tamen
1627 5193 1726 5230 ttec
1760 5188 1940 5242 natus,

345 5257 405 5298 ut
447 5247 498 5297 in
546 5243 845 5306 Bethleem,
891 5259 987 5296 nec
1025 5245 1290 5298 educatus
1333 5259 1386 5296 ut
1437 5248 1487 5298 in
1540 5246 1830 5300 Nazareth.
1877 5247 1944 5300 Et

344 5331 478 5370 sane
531 5315 617 5366 hic
668 5313 862 5366 modus
913 5314 1165 5383 loquendi
1219 5317 1564 5382 evangelista
1621 5315 1764 5369 aliud
1819 5320 1943 5372 aliis

345 5383 604 5453 Opinandi
631 5385 974 5438 ot‘casionem
1005 5387 1186 5448 dedit;
1216 5395 1341 5438 sunt
1371 5387 1514 5439 enim
1546 5403 1610 5440 ex
1645 5387 1934 5452 interpret.

345 5457 436 5523 qui
477 5455 775 5514 Bethleem,
808 5456 1043 5522 suntqui
1072 5454 1386 5517 Nazareth.,
1415 5465 1544 5509 sunt
1573 5460 1662 5524 qui
1695 5459 1935 5524 Caphar-

345 5541 507 5580 naum
545 5524 850 5596 intelligant
881 5525 1016 5594 apud
1055 5524 1110 5578 S.
1148 5525 1338 5577 Matth.
1380 5543 1500 5596 cap.
1545 5543 1620 5593 Ix,
1657 5527 1928 5596 dicentem

344 5597 556 5650 veniSse
608 5594 889 5648 Christum
951 5596 1002 5646 in
1065 5599 1294 5661 patriam
1351 5594 1524 5660 strain,
1581 5613 1716 5665 quos
1765 5595 1933 5652 refert

345 5667 606 5728 Maldon.,
648 5669 699 5716 in
734 5665 833 5717 hoc
863 5681 981 5728 cap.
1029 5681 1100 5716 Ix.
1138 5667 1241 5717 Sed
1274 5669 1453 5719 verius
1479 5680 1558 5719 est
1591 5669 1640 5720 in
1679 5667 1931 5734 Caphar-

341 5753 503 5792 nanm
555 5735 792 5807 venisse,
827 5750 946 5802 quae
989 5735 1178 5807 civitas
1225 5735 1424 5790 Christi
1473 5742 1550 5799 ob,
1592 5739 1933 5807 frequentem

341 5808 409 5862 ibi
455 5805 948 5862 commorationem
997 5806 1114 5859 rudi
1154 5807 1418 5867 minerva,
1467 5808 1610 5861 dicta
1663 5805 1735 5862 sit
1766 5825 1832 5862 ex
1871 5809 1928 5863 S.

336 5877 529 5938 Matth.
585 5875 733 5945 quod
782 5875 1067 5946 ChrySOst.
1102 5875 1326 5947 ejusque
1359 5877 1602 5946 discipuli
1638 5877 1899 5950 τιιεοριιγ

2049 5040 2226 5091 Iactus
2283 5049 2335 5090 et
2396 5029 3172 5105 liuthymiusivolunt._Tres
3224 5029 3407 5105 itaque
3463 5029 3654 5084 dicunt

2045 5110 2326 5163 Christum
2355 5100 2611 5161 habuisse
2650 5104 2905 5157 civitates
2937 5121 2950 5155 :
2993 5100 3293 5164 Bethleem,
3328 5104 3378 5154 in
3409 5116 3513 5170 qua
3553 5115 3654 5152 na-

2049 5191 2176 5244 tus;
2212 5177 2504 5241 Nazaretb,
2557 5180 2606 5228 in
2646 5191 2749 5242 qua
2792 5174 3092 5236 educatus;
3134 5170 3534 5242 Capbarnaum,
3585 5171 3638 5224 in

2044 5266 2146 5317 qua
2184 5249 2526 5320 frequentius
2563 5256 2950 5320 commoratus.
3058 5312 3106 5320 Η
3547 5310 3557 5320 ⁸

2118 5320 2230 5386 (9t)
2272 5317 2596 5371 Incolumem
2628 5315 2985 5386 integrumque
3021 5312 3163 5386 videt
3247 5312 3645 5386 "tetatenrgjus.

2046 5379 2260 5443 Iu'r-oil.
2295 5388 2350 5441 Ρ.
2387 5399 2504 5440 erat
2542 5379 2925 5453 uitaui-ailtujus
2962 5383 3063 5436 loci
3097 5383 3368 5435 sententia
3409 5400 3422 5433 :
3471 5379 3648 5449 Ὀπη-

2046 5462 2173 5512 νίκα
2199 5459 2256 5512 δέ
2285 5457 2524 5526 τοσαύτη
2550 5451 2617 5526 ἦν
2645 5457 2676 5525 ἡ
2709 5454 2802 5507 τοῦ
2834 5451 3005 5507 κακοῦ
3030 5453 3422 5526 ὲπείσφρησιςς
3448 5460 3649 5526 etsane

2043 5531 2362 5600 eoiijunetio
2411 5529 2468 5600 δὲ
2513 5521 2755 5581 οέιοιιιὶι
2793 5527 3024 5600 deiicere
3059 5524 3361 5600 quidpiam,
3409 5521 3497 5572 cui
3553 5535 3643 5600 se-

2037 5589 2259 5665 qncittia
2313 5599 2736 5666 conjungantur,
2787 5597 2928 5662 quod
2985 5589 3344 5666 redintegrati
3393 5606 3460 5644 ex
3514 5589 3636 5666 cod.

2037 5660 2103 5724 Ο.
2141 5671 2235 5738 qui
2267 5660 2483 5736 semper
2509 5660 2699 5720 sensus
2734 5660 3007 5738 pleniores
3037 5665 3275 5738 exhibet,
3306 5661 3406 5713 hoc
3437 5660 3594 5738 modo
3621 5675 3634 5706 τ

2048 5739 2136 5803 Ὦς
2159 5729 2401 5809 δπηνίκοὶ
2438 5738 2584 5800 etin;
2605 5738 2704 5808 ὁρᾷ
2726 5729 2822 5799 τὰς
2841 5735 3045 5804 φρένας
3067 5729 3160 5783 τοῦ
3192 5731 3492 5799 πάσχοντος
3519 5729 3641 5782 τότε

2039 5813 2138 5881 την
2175 5811 2426 5877 ἐκείνων,
2462 5819 2566 5862 etc.

3491 5997 3574 6028 ,αξξ

3467 6023 3490 6036 δ’
