4024 6412
332 350 443 420 ιιίθ

330 563 521 636 χεῖρον
567 564 648 628 είς
693 565 758 617 οὲ
811 564 1068 634 γένηταιο
1104 585 1120 618 ι
1165 568 1257 620 καὶ
1291 569 1381 622 τὸν
1415 570 1660 640 παρόντα
1691 569 1920 640 ἰώμενος

329 643 612 726 πάρετον,
673 654 808 708 αὐτὸ
859 655 1015 709 τοῦτο
1069 657 1428 712 ἐνδείκνυται.
1488 660 1598 713 Καὶ
1653 661 1680 713 ὁ
1743 660 1920 729 μέγας

341 751 670 814 Ἀπόστολος
705 749 1125 820 καθαπτόμενος
1164 752 1274 804 τῶν
1318 754 1419 806 οὐκ
1462 754 1676 822 εὐαγῶς
1717 756 1781 824 τῇ
1817 772 1918 823 μυ-
1949 769 1958 779 ’

330 845 496 912 στικῇ
526 843 776 914 τραπέζῃ
820 845 1280 912 προσερχομένων
1309 859 1340 880 ἰ
1365 865 1383 897 ι
1415 847 1512 899 Διὰ
1542 845 1723 911 τοῦτο,
1757 847 1914 916 φησί,

329 935 524 986 πολλοί¹
556 937 614 986 ὲν
662 935 793 1004 ὑμῖν
847 934 1144 1006 ἄρρωστοι,
1176 938 1267 990 καὶ
1291 939 1593 1007 κοιμῶνται
1651 941 1844 993 ἱκανοί.
1892 960 1910 991 ι

331 1027 448 1078 Καὶ
493 1025 600 1096 μὴν
640 1025 880 1096 ὁρῶμεν,
931 1030 1120 1098 φησὶν,
1178 1031 1439 1102 ἀρτιγενῆ
1482 1033 1680 1103 βρέφη,
1738 1035 1914 1103 τυφλὰ

329 1116 618 1179 πολλάκις,
651 1118 684 1189 ἢ
722 1122 1198 1191 παρακεκομμένα
1241 1123 1338 1194 τὴν
1370 1124 1626 1196 αἴσθησιν
1669 1129 1768 1196 τῆς
1810 1145 1915 1197 μη·-

325 1211 526 1279 τρικῆς
572 1210 765 1280 νηδύος
818 1212 1297 1269 ἀπολισθαίνοντα.
1342 1216 1406 1270 Τί
1447 1218 1540 1271 οὖν
1586 1220 1799 1289 ἥμαρτε
1850 1223 1911 1274 τὸ

329 1304 505 1372 μήπω
534 1302 724 1371 τεχθέν
751 1321 766 1369 ;
811 1303 954 1356 Ἀλλ’
987 1307 1014 1359 ὁ
1047 1308 1145 1375 τῆς
1173 1310 1438 1378 Προνοίας
1472 1311 1681 1375 δίκαιος
1707 1313 1912 1382 ὀφθαλ-

329 1395 434 1458 μὺς
461 1390 522 1442 οὐ
559 1391 616 1443 τὸ
645 1392 820 1462 παρὸν
857 1395 1040 1464 μόνον,
1065 1397 1201 1451 ἀλλὰ
1224 1401 1394 1453 καὶτὸ
1427 1402 1620 1470 μέλλον
1643 1407 1746 1476 ὁρᾷ
1775 1423 1787 1438 ·
1816 1408 1911 1461 καὶ

326 1481 407 1550 τῷ
445 1482 546 1551 μὲν
576 1485 901 1547 ἀκολάστοις
949 1486 1249 1560 ὀφθαλμοῖς
1303 1493 1554 1562 μέλλοντι
1592 1499 1910 1566 παγιδεύειν

323 1575 530 1644 ψυχὰς,
592 1581 1029 1649 προαπήμόλυνε
1083 1582 1182 1648 τὰς
1237 1584 1390 1656 ὄψεις
1442 1589 1548 1660 πρὸ
1594 1591 1762 1661 αὐτῆς
1809 1595 1911 1663 τῆς

323 1671 638 1738 γεννήσεως
675 1686 690 1702 ·
748 1675 841 1725 καὶ
889 1677 917 1727 ὁ
978 1676 1177 1745 τυφλὸς
1234 1681 1538 1752 γεννηθεὶς,
1601 1686 1649 1737 εί
1700 1687 1908 1752 δίκαιος

325 1761 558 1828 γένοιτο,
586 1763 678 1816 καὶ
713 1764 808 1816 τοῦ
842 1767 1212 1838 μυθευομένου
1232 1772 1492 1839 Λυγκέως
1519 1774 1907 1849 ὀξυοπέστερος

320 1855 557 1923 γίνεται.
607 1857 710 1910 Τὸν
746 1859 803 1912 δὲ
848 1861 987 1932 πρὸς
1025 1863 1217 1932 ἡδονὰς
1267 1865 1395 1932 ὀξὺν
1435 1868 1530 1921 καὶ
1575 1839 1905 1943 κατάφοβονι
1939 1839 1982 1894 Β

322 1946 528 2017 θλίψει,
566 1950 661 2002 καὶ
703 1952 886 2022 πενίᾳ,
923 1953 955 2024 ἢ
1005 1954 1184 2025 μελῶν
1237 1958 1469 2028 παρέσει
1515 1963 1775 2028 πολλάκις
1807 1967 1905 2019 ἀν·

319 2040 557 2107 έστειλε,
615 2043 869 2116 καθάπερ
913 2046 1018 2099 ὑπὸ
1041 2048 1429 2120 μανδραγόρας
1484 2055 1755 2124 κοιμήσας
1808 2057 1906 2128 τὴν

319 2133 561 2187 ἄτακτον
620 2134 824 2206 ὄρεξιν,
855 2136 968 2192 οἷον
995 2140 1049 2194 εί
1086 2158 1170 2205 τις
1220 2144 1356 2212 πρὸς
1398 2145 1562 2212 φόνον
1614 2149 1905 2219 γενόμενος

319 2228 562 2296 ἕτοιμος,
587 2231 953 2302 ἁναινομένης
977 2233 1126 2303 αὑτῷ
1147 2235 1249 2304 τῆς
1275 2237 1477 2302 δεξιᾶς,
1502 2241 1729 2312 ἡσυχίαν
1764 2245 1905 2313 ἠγά-

319 2337 488 2387 πησε.
545 2322 611 2373 Τί
651 2322 766 2387 οὖν,
816 2324 1003 2394 φησὶν,
1052 2326 1113 2378 οὐ
1150 2328 1285 2381 πᾶσι
1333 2335 1446 2394 τοῖς
1495 2333 1905 2404 ἁμαρτάνουσιν

317 2405 476 2473 οὗτος
511 2413 541 2462 ὁ
575 2413 671 2481 τῆς
715 2413 1068 2488 δικαιοσύνης
1122 2417 1284 2485 ζυγὸς
1319 2421 1730 2493 ταλαντεύεται,
1768 2428 1904 2484 ἀλλὰ

319 2504 510 2558 πολλοὶ
560 2507 660 2576 μὲν
710 2508 1012 2580 ἀλλοτρέων
1069 2513 1261 2583 γάμων
1317 2515 1557 2582 κλοπεῖς,
1619 2519 1804 2574 πολλοὶ
1846 2523 1904 2577 δὲ

317 2597 651 2664 λωποδύται,
681 2600 773 2652 καὶ
806 2601 1178 2673 τοιχορύκται,
1205 2605 1300 2659 καὶ
1329 2607 1693 2680 τυμϐορύχοι,
1720 2613 1904 2667 πολλοὶ

316 2691 374 2743 δὲ
404 2691 682 2755 τοκισταὶ,
716 2695 808 2746 καὶ
843 2695 1060 2763 φαῦλοι,
1096 2697 1189 2751 καὶ
1225 2699 1632 2768 ῥυποκόνδυλοι,
1662 2707 1904 2776 αἰσχρῶν

317 2783 635 2856 λημμάτων
652 2787 962 2856 ἠττόμενοι,
991 2788 1340 2860 διαμένουσιν
1356 2793 1781 2864 εὐρωστούντες,
1807 2802 1902 2853 καὶ

317 2874 778 2948 ἁνιαρούπαντὸς
803 2881 1060 2948 ἄγευστοι
1088 2899 1100 2947 ;
1140 2883 1279 2938 Ἀλλ’
1307 2887 1409 2940 οὐκ
1439 2888 1527 2942 ἀεὶ
1567 2891 1598 2960 ἡ
1635 2892 1904 2960 μέλλουσα

317 2970 489 3024 κακία
545 2971 688 3042 νόσῳ
729 2974 1247 3042 προαναστέλλεται,
1299 2977 1385 3030 ἵνα
1442 2980 1515 3051 μὴ
1573 2983 1789 3056 κωλυθῇ
1842 2986 1903 3038 τὸ

315 3062 470 3116 δοθὲν
505 3065 640 3132 ἡμῖν
677 3065 916 3135 ἀρχῆθεν
969 3067 1304 3138 αὐτοκρατὲς
1352 3074 1448 3124 καὶ
1489 3073 1808 3129 ἀδέσποτον.
1841 3079 1900 3130 Ei

1707 365 2030 426 HOMILIA
2076 364 2235 424 XXI.

413 491 434 525 ι
476 472 583 527 Ἴδε
613 472 774 544 ὑγιὴς
819 473 1070 542 γέγονας,
1129 475 1327 546 μηκέτι
1378 477 1686 549 ἁμάρτανε,
1724 479 1810 530 ἵνα
1845 478 1920 548 μὴ
1952 484 1995 536 Λ

3505 378 3613 446 450

2103 494 2122 527 ι
2162 477 2338 542 Ecce,
2392 476 2598 547 inquit,
2648 492 2813 534 sanus
2859 478 3032 536 factus
3083 496 3170 545 es:
3222 487 3328 540 noli
3379 491 3614 560 amplius

2025 587 2268 638 peccare,
2303 586 2370 626 ne
2403 574 2644 628 deterius
2680 575 2775 630 tibi
2819 576 3024 646 aliquid
3061 581 3343 652 contingat
3368 587 3452 651 ⁵¹;
3491 604 3510 638 ι
3552 597 3609 642 ει

2024 674 2342 728 ριαδεεηιοιιι
2395 664 2538 717 hunc
2598 665 2954 734 paralyticum
3025 683 3225 724 sanans
3291 671 3395 727 hoc
3463 676 3604 730 idem

2021 757 2281 810 ostendit.
2344 755 2410 810 Et
2457 773 2687 826 magnus
2739 759 2828 814 ille
2878 761 3193 831 Apostolus,
3239 781 3361 820 cum
3395 783 3490 823 eos
3524 786 3610 824 re-

2022 847 2346 914 prehendit,
2396 848 2488 916 qui
2539 864 2644 901 non
2691 861 2883 905 sancte
2931 867 2995 905 ac
3044 871 3176 920 pure
3210 857 3276 911 ad
3320 862 3604 928 mysticam

2018 952 2228 990 cumam
2261 941 2564 1003 accedunt,
2599 959 2617 989 ι
2643 939 2787 1005 Ideo,
2819 942 3014 1010 inquit,
3038 946 3176 1000 inter
3197 964 3290 1002 vos
3325 953 3475 1004 mttlti
3506 954 3609 1004 im-

2019 1033 2260 1097 becilles,
2299 1043 2348 1088 et
2379 1035 2655 1090 dormiunt
2699 1038 2849 1090 multi
2887 1039 2955 1092 ".
2991 1059 3010 1092 ι
3049 1043 3233 1111 Atqui,
3278 1048 3475 1101 dixerit
3505 1049 3606 1102 ali-

2016 1124 2140 1193 quis
2167 1163 2182 1190 ,
2213 1126 2459 1181 videmus
2509 1142 2650 1196 sape
2694 1144 2881 1185 recens
2929 1144 3086 1188 natos
3139 1136 3371 1192 infantes
3403 1141 3600 1206 oculis,

2016 1220 2102 1271 vel
2127 1221 2234 1273 alio
2263 1235 2424 1274 sensu
2453 1232 2644 1288 captos
2674 1237 2738 1276 ex
2776 1234 2929 1278 utero
2961 1228 3152 1281 matris
3193 1232 3428 1297 prodire.
3461 1236 3600 1300 Quid

2016 1314 2179 1381 igitur
2212 1315 2459 1385 deliquit,
2495 1320 2586 1386 qui
2638 1320 2876 1372 nondum
2919 1322 3097 1376 editus
3145 1337 3228 1379 cst
3274 1327 3327 1380 in
3374 1328 3543 1382 lucem
3577 1332 3602 1384 ?

2016 1409 2120 1462 Sed
2154 1425 2340 1476 aaquns
2377 1409 2468 1462 ille
2504 1409 2860 1465 Providentia:
2897 1414 3086 1468 oculus
3126 1433 3228 1469 non
3265 1418 3314 1472 in
3365 1435 3601 1488 praesens

2013 1507 2226 1568 tempus
2256 1500 2427 1553 solum
2459 1501 2700 1568 respicit,
2739 1503 2832 1556 sed
2858 1502 3019 1557 etiam
3057 1506 3107 1558 in
3139 1505 3396 1562 futurum.
3430 1509 3492 1564 Et
3526 1512 3601 1566 illi

2012 1592 2266 1658 quidem,
2320 1593 2409 1659 qui
2464 1591 2755 1646 libidinoso
2797 1595 3077 1648 oculorum
3124 1599 3372 1667 conjectu
3421 1602 3602 1657 irrcti-

2015 1691 2166 1736 tnrus
2215 1692 2332 1736 erat
2392 1682 2644 1749 animas,
2697 1694 2988 1753 antequam
3043 1702 3400 1757 nasceretur,
3451 1693 3600 1750 risus

2013 1775 2182 1828 aciem
2213 1778 2502 1832 retundere
2531 1779 2840 1845 occupavit,
2876 1786 2929 1832 et
2963 1780 3054 1848 qni
3086 1796 3261 1836 caecus
3299 1795 3460 1839 natus
3490 1797 3594 1849 est,

2009 1865 2254 1933 sijustns
2297 1869 2539 1924 evadat:
2594 1867 2842 1924 fabuloso
2872 1872 3037 1926 etiam
3091 1873 3281 1944 lynceo
3327 1879 3600 1933 oculatior

2007 1960 2133 2014 erit.
2164 1958 2297 2012 Eum
2339 1976 2471 2015 vero
2503 1962 2592 2030 qui
2626 1972 2924 2032 promptus,
2961 1979 3024 2019 ac
3053 1980 3294 2036 pra‘ceps
3323 1971 3388 2021 ad
3443 1972 3600 2025 volu-

2009 2060 2188 2123 piates
2232 2054 2444 2109 futurus
2498 2065 2637 2122 erat,
2675 2073 2940 2122 atrumna,
2996 2060 3079 2112 vel
3125 2071 3462 2130 paupertate,
3513 2067 3597 2120 vel

2008 2145 2372 2200 membrorum
2407 2149 2762 2202 dissolutione
2796 2149 3058 2214 eohibuit,
3093 2151 3352 2207 etfrenem
3382 2157 3596 2225 cupidi-

2009 2249 2171 2293 tatem
2223 2239 2377 2307 quasi
2435 2241 2534 2294 sub
2584 2242 2940 2310 mandragora
2981 2242 3094 2314 (98)
3134 2246 3382 2314 sopiens.
3427 2250 3566 2305 velut

2006 2330 2048 2384 si
2071 2329 2192 2400 quis
2219 2330 2417 2384 caedem
2467 2328 2648 2385 facere
2691 2340 2938 2398 paratum
2973 2332 3181 2388 habens
3213 2334 3452 2389 arefacta
3484 2338 3592 2393 sibi

2006 2422 2190 2475 dextra
2243 2421 2510 2491 quiescat.
2561 2423 2701 2488 Quid
2737 2423 2923 2493 igitur,
2960 2423 3196 2494 inquies,
3253 2442 3358 2480 non
3397 2430 3589 2484 eadem

2005 2516 2255 2570 omnibus
2285 2515 2663 2584 pecnatoribns
2710 2516 2825 2569 hwe
2854 2516 3130 2584 atquitatis
3161 2518 3297 2572 libra
3329 2519 3590 2590 deprimi-

2007 2616 2113 2670 tur,
2149 2606 2242 2660 sed
2286 2606 2438 2659 multi
2478 2595 2649 2658 alieni
2701 2606 2804 2658 tori
2861 2607 3167 2673 iurasores,
3225 2609 3376 2662 multi
3423 2610 3588 2666 etiam

2005 2709 2373 2769 grassatores,
2422 2707 2478 2753 et
2528 2697 2675 2753 fures
2721 2707 2776 2752 et
2829 2700 3207 2766 sepulcrorum
3262 2716 3588 2769 eversores,

2005 2791 2159 2845 multi
2181 2805 2394 2860 quoque
2424 2790 2785 2853 feneratores,
2813 2799 2869 2844 et
2901 2792 3250 2855 fraudulenti,
3275 2803 3328 2847 ct
3357 2795 3590 2851 sordidae

2004 2883 2170 2938 nimis
2194 2882 2456 2946 avaritias,
2490 2890 2544 2936 et
2584 2882 2836 2951 turpibus
2887 2881 3054 2937 lueris
3099 2883 3364 2949 obstricti,
3422 2887 3586 2950 firmi.

2004 2975 2353 3043 valentesque
2384 2975 2675 3042 pervivunt
2725 2989 2826 3028 nec
2861 2975 3155 3044 quidquam
3194 2977 3455 3032 molestiae
3485 2997 3590 3050 gu-

2005 3077 2168 3121 stant.
2191 3065 2298 3120 Sed
2320 3081 2425 3120 non
2443 3079 2659 3135 semper
2683 3064 2865 3120 futura
2893 3066 3100 3121 malitia
3123 3071 3312 3122 morbo
3332 3080 3456 3123 ante
3483 3070 3586 3124 im-

322 3155 418 3224 μὲν
450 3155 561 3226 γὰρ
592 3152 661 3226 ἦν
690 3157 718 3208 ὁ
755 3157 988 3222 θάνατος
1017 3160 1308 3229 ἀπαλλαγὴ
1344 3161 1438 3214 τοῦ
1466 3165 1688 3228 παντὸς,
1717 3166 1900 3221 ἄδικον

2007 3158 2264 3227 peditur,
2335 3167 2396 3211 ut
2454 3155 2619 3210 libera
2695 3157 3032 3224 relinquatur
3093 3161 3356 3227 permissa
3428 3163 3588 3218 nobis

317 3248 498 3312 ἔδοξεν
547 3249 631 3314 ἂν,
691 3249 747 3302 εῐ
793 3268 877 3314 τις
927 3253 1162 3322 πονηρὸς
1208 3251 1304 3317 ὢν,
1348 3257 1409 3308 ὲν
1456 3257 1767 3330 δυναστείᾳ,
1802 3265 1895 3314 καὶ

316 3341 561 3408 πλούτῳ,
613 3341 710 3394 καὶ
762 3346 944 3414 τρυφῇ
1004 3343 1095 3397 τδν
1135 3344 1250 3414 βίον
1279 3349 1594 3404 κατέλυσεν.
1645 3352 1800 3406 Ἐπεὶ
1839 3355 1893 3408 δὲ

313 3434 582 3496 ἀθάνατος
613 3435 647 3504 ἡ
679 3433 844 3506 ψυχὴ,
871 3436 992 3489 οὐδὲ
1034 3440 1112 3501 εἰς
1155 3437 1280 3508 ᾅδου
1325 3443 1768 3514 μεταχωρήσασα
1796 3447 1895 3518 τὴν

314 3527 472 3596 δίκην
541 3526 821 3595 διέφυγεν,
871 3529 984 3582 ἀλλ’
1032 3532 1148 3585 ἐκεῖ
1191 3532 1430 3602 μάλιστα
1476 3538 1574 3606 τῆς
1619 3541 1894 3610 τιμωρίας

312 3620 662 3690 αἰσθήσεται,
692 3621 768 3684 ὡς
797 3623 854 3673 ὲν
885 3622 962 3692 τῷ
993 3623 1134 3677 κατὰ
1172 3625 1264 3678 τὸν
1297 3626 1552 3682 πλούσιον
1589 3630 1894 3702 διηγήματι

317 3712 722 3782 μεμαθήκαμεν
749 3728 762 3742 ·
797 3712 937 3766 ὥστε
965 3715 1194 3784 ἕρμαιον
1221 3718 1286 3770 ἂν
1311 3719 1395 3787 είη
1428 3720 1540 3781 τοῖς
1570 3722 1895 3791 κακοέργοις

315 3801 553 3854 ἐνταῦθα
587 3804 784 3866 νοσεῖν,
818 3803 1018 3872 μᾶλλον
1049 3804 1103 3870 δὲ
1129 3806 1222 3858 καὶ
1268 3807 1549 3871 πένεσθαι,
1598 3810 1632 3880 ἢ
1677 3815 1789 3873 τοῖς
1835 3813 1894 3865 ὲν

316 3895 448 3965 ᾅδου
504 3895 881 3965 δικαστηρίοις
925 3897 1186 3952 δίδοσθαι.
1245 3900 1369 3962 Πῶς
1413 3901 1542 3965 οὖν,
1594 3904 1749 3974 φησί,
1799 3906 1894 3958 καὶ

312 3988 516 4042 δίκαιοι
547 3988 811 4053 πολλάκις
846 3989 1050 4055 νόσοις,
1093 3993 1188 4044 καὶ
1216 3997 1569 4064 πειρασμοῖς,
1591 3998 1684 4050 καὶ
1712 3999 1894 4070 πενίᾳ,

315 4081 410 4134 καὶ
448 4083 563 4143 τοῖς
595 4082 778 4145 ἄλλοις
809 4085 1002 4146 κακοῖς
1035 4085 1548 4155 προσπελάζουσιν;
1602 4089 1761 4142 Ἀ).λά
1799 4107 1897 4143 πε-

315 4171 430 4230 νία,
465 4164 510 4223 ὦ
539 4166 714 4232 οὗτος,
760 4173 856 4224 καί
895 4172 1063 4238 νόσοι,
1102 4174 1196 4227 καὶ
1220 4174 1468 4239 θάνατος,
1509 4176 1624 4229 οὔτ’
1673 4180 1892 4249 αἰσχρὰ,

314 4258 441 4310 οὗτε
471 4259 639 4320 κακὰ,
665 4261 776 4323 τοῖς
807 4258 866 4312 εὖ
892 4261 1149 4329 φρονοῦσι
1178 4262 1476 4330 λογίζονται
1506 4281 1520 4296 ·
1553 4267 1894 4337 Χριστιανοίς

313 4349 371 4403 δὲ
420 4351 520 4404 καὶ
569 4352 802 4419 μεγίστη
840 4351 1069 4424 αἰσχύνη
1125 4354 1185 4406 τὸ
1228 4354 1398 4408 ταῦτα
1435 4358 1684 4426 ἡγεῖσθαι
1729 4363 1894 4426 κακὰ,

315 4441 452 4494 ὅπου
493 4445 592 4494 καὶ
633 4445 664 4511 ή
706 4442 810 4508 ἔξω
855 4446 1071 4499 παιδεία
1102 4447 1349 4520 φυλακὴν
1376 4451 1692 4522 φιλοσοφίας
1723 4455 1897 4510 ταῦτα

1997 3253 2064 3306 ab
2122 3251 2276 3306 initio
2354 3257 2592 3318 potestas
2674 3249 2926 3315 arbitrii,
3011 3261 3176 3319 atque
3256 3253 3583 3310 dominium.

1999 3343 2274 3412 Siquidem
2308 3343 2451 3396 enim
2495 3357 2615 3395 cum
2656 3354 2828 3395 morte
2855 3343 3039 3395 omnia
3076 3343 3410 3407 delerentur,
3463 3348 3576 3404 ini-

1996 3453 2163 3506 quum
2211 3435 2380 3490 videri
2429 3444 2628 3504 posset,
2675 3435 2720 3490 si
2755 3436 2876 3504 quis
2924 3435 3200 3505 improbus
3235 3454 3357 3492 cum
3394 3439 3486 3503 sit,
3528 3442 3583 3496 in

2001 3531 2340 3599 imperio,‘ae
2380 3529 2692 3582 divitiarum
2730 3527 3174 3598 voluptatumque
3211 3531 3366 3598 copia
3397 3539 3582 3588 trans-

1997 3626 2167 3692 igeret
2197 3624 2386 3676 vitam.
2431 3621 2696 3686 Quoniam
2723 3635 2854 3674 vero
2902 3622 3225 3676 immortalis
3264 3631 3346 3676 est
3373 3625 3580 3689 anima,

2000 3733 2103 3771 non
2136 3727 2349 3784 pmnam
2379 3711 2600 3781 effugiet
2629 3727 2748 3765 cum
2787 3712 2853 3764 ad
2885 3711 3089 3766 inferos
3114 3712 3461 3782 demigrabit,
3488 3719 3584 3771 sed

1998 3807 2069 3860 ibi
2106 3804 2341 3858 maxime
2373 3801 2673 3855 cruciatum
2713 3800 2932 3860 sentiet,
2961 3809 3016 3851 ιιι
3052 3815 3116 3854 ex
3147 3801 3370 3854 historia
3401 3803 3588 3860 divitis

1999 3895 2342 3964 intelligimus
2357 3892 2424 3946 ⁸³.
2448 3891 2522 3944 Ita
2547 3888 2774 3960 135m
2791 3889 3048 3958 przeclare
3066 3905 3186 3943 cum
3205 3892 3582 3959 peccatoribus

1997 4000 2268 4059 ageretur,
2317 3987 2408 4040 hic
2448 3993 2711 4053 aegrotare
2735 3982 2781 4036 si
2825 3982 3084 4046 daretur;
3118 3989 3171 4034 et
3221 3984 3394 4036 satius
3437 3991 3584 4039 esset

1999 4085 2162 4154 amigi
2193 4089 2535 4152 paupertate,
2567 4092 2728 4148 quam
2763 4075 2902 4144 apud
2951 4073 3155 4130 inferos
3203 4076 3415 4130 multari
3447 4092 3582 4146 sup-

1999 4177 2198 4249 pliciis.
2255 4173 2535 4240 Quomodo
2600 4169 2800 4238 igitur,
2872 4167 3126 4238 inquies,
3187 4168 3363 4236 justos
3417 4169 3580 4222 etiam

2002 4268 2196 4330 morbi,
2227 4265 2562 4319 calamitates
2590 4269 2642 4317 et
2671 4271 2980 4331 paupertas,
3019 4270 3074 4316 et
3117 4260 3233 4314 alia
3267 4261 3405 4314 mala
3439 4277 3582 4332 saepe

2001 4355 2470 4415 circumveniunt?
2499 4355 2628 4418 Sed,
2657 4354 2792 4409 heus
2821 4356 2834 4408 ί
2869 4364 2922 4407 ιιι
2957 4355 3134 4409 nescis
3157 4365 3209 4408 et
3239 4355 3481 4418 morbos,
3524 4365 3580 4408 et

2001 4461 2226 4508 mortem
2257 4465 2430 4520 neque
2455 4449 2507 4503 in
2545 4449 2845 4516 probrosis,
2896 4462 3068 4516 neque
3116 4449 3168 4501 in
3211 4447 3371 4502 malis
3416 4447 3581 4502 rebus

319 4534 525 4602 μᾶλλον
584 4535 855 4606 ὠνόμασε.
896 4539 1034 4592 Φασὶ
1081 4513 1190 4612 γὰρ
1242 4513 1335 4595 καὶ
1369 4513 1633 4599 Ιλλάτωνα
1664 4513 1894 4614 νοσῶδές

2007 4563 2030 4601 a
2085 4543 2416 4612 sapientibus
2470 4539 2782 4594 recenseri?
2837 4537 3168 4592 Christianis
3233 4553 3362 4592 vero
3413 4539 3576 4590 etiam

313 4641 368 4678 τι
389 4626 596 4695 χωρίον
618 4630 714 4696 τῆς
757 4629 1034 4700 Ἀττικῆς,
1068 4632 1166 4703 τὴν
1212 4631 1545 4706 Ἀκαδημίαν
1579 4638 1895 4709 ἐξεπίτηδες

313 4716 676 4788 ἀλλάξασθαι,
704 4722 1046 4792 ἀμϐλύνοντα
1081 4725 1181 4794 τὴν
1211 4724 1424 4791 εὐεξίαν
1471 4728 1566 4782 τοῦ
1608 4730 1858 4800 σώματος
1878 4749 1892 4762 ·

2003 4638 2241 4694 maxima
2295 4633 2620 4697 verecundia
2675 4641 2797 4696 est,
2857 4632 2969 4686 haec
3030 4631 3083 4684 in
3141 4631 3296 4686 malis
3354 4631 3577 4694 habere,

2005 4729 2224 4800 quando
2256 4727 2341 4782 vel
2385 4733 2612 4781 externa
2654 4723 2896 4778 doctrina
2929 4720 3042 4793 (99)
3088 4721 3441 4792 philosophize
3481 4735 3580 4776 cn-

390 4840 437 4896 έι
465 4858 626 4916 ιοαη,
657 4877 713 4927 γ,
745 4861 832 4915 14,
911 4861 955 4894 ³³
985 4857 1006 4914 1
1031 4860 1156 4918 Cor.
1196 4879 1270 4930 ιιι,
1299 4864 1353 4919 5.
1432 4865 1478 4898 ⁸³
1511 4863 1645 4921 Luc.
1694 4884 1808 4934 τινι,
1847 4869 1909 4926 19
1949 4883 2103 4940 seqq.

1551 4980 1872 5043 Francisci
1902 4980 2113 5046 Scorsi
2145 4983 2336 5041 nota.

384 5111 503 5184 (98)
546 5110 835 5184 Quaeisub
865 5108 1240 5184 inqndrngora.
1273 5105 1394 5161 Vim
1421 5107 1602 5184 inesse
1643 5111 1897 5184 mandra-

315 5177 491 5254 geras:
513 5181 870 5254 soporiferam
932 5178 1139 5254 Plinius
1173 5187 1401 5232 testatur
1461 5177 1605 5254 Hist.
1651 5180 1748 5254 lib.
1801 5195 1892 5254 ait,

317 5250 439 5323 cap.
465 5253 558 5314 11,
585 5250 912 5323 tantamque
941 5261 998 5323 ut
1027 5252 1189 5323 etiam
1217 5258 1427 5323 enecet,
1457 5252 1500 5303 si
1529 5250 1732 5318 largius
1770 5251 1893 5302 ebi‘

315 5320 498 5377 batur.
533 5323 665 5376 Inde
701 5320 900 5374 factum
930 5320 1201 5390 adagium,
1239 5330 1295 5372 ut
1332 5320 1648 5390 quisegnes
1680 5329 1803 5374 sunt
1838 5325 1888 5374 in

317 5394 558 5464 negotio,
588 5393 998 5464 dormitantque
1026 5391 1254 5464 multum
1288 5389 1660 5464 mandragorae
1686 5391 1888 5464 bibisse

315 5457 604 5529 dic'antur;
635 5478 698 5515 ea
733 5462 810 5514 sic
845 5457 974 5514 usus
1003 5471 1086 5515 est
1113 5457 1286 5513 Julius
1320 5457 1578 5528 Apostata
1611 5460 1780 5528 Epist.
1819 5460 1883 5512 ad

316 5534 583 5588 Callixen.
627 5534 703 5585 υὺ
759 5533 1010 5598 φανεῖται
1061 5530 1263 5599 πολλὴν
1314 5532 1456 5582 πάνυ
1506 5531 1889 5599 μανδραγόραν

318 5604 378 5655 ἐκ
453 5605 755 5666 πεπωκώς,
819 5601 1006 5654 Annon
1066 5602 1270 5652 videtur
1347 5601 1632 5663 plurimum
1683 5615 1891 5665 potasse

318 5679 687 5743 mandragorw
709 5673 735 5725 7
764 5669 989 5743 Lucian.
1030 5671 1192 5743 etiam
1236 5671 1289 5722 in
1320 5669 1576 5743 Timone:
1618 5671 1790 5743 Ὅπου
1823 5687 1884 5735 γε

316 5741 565 5814 καθάπερ
631 5744 741 5796 ὑπὸ
817 5741 1201 5811 μανδραγόρας
1259 5741 1567 5814 καθεύδεις.
1636 5741 1890 5806 Quando-

314 5812 710 5884 quidenrveluti
743 5819 840 5866 sub
871 5815 1223 5880 mandragora
1269 5812 1487 5865 dormis.

2079 5108 2190 5181 (99)
2244 5108 2336 5163 Vel
2387 5115 2606 5161 externa
2659 5104 2923 5181 doctrina.
2964 5103 3271 5181 Stoicorum
3333 5109 3578 5181 porticus

2007 5174 2111 5235 hoc
2141 5174 2392 5248 dogmate
2423 5184 2800 5248 resonuerunt.
2858 5174 3061 5248 Dogma
3117 5174 3574 5246 quippe—illorum

2001 5245 2346 5304 decantatum
2379 5248 2498 5319 ᾲὸτι
2543 5247 2723 5319 μόνον⁸
2758 5245 2964 5319 ἀγαθὸν
3016 5245 3076 5297 τὸ
3113 5245 3297 5302 καλόν.
3348 5249 3424 5303 De
3465 5267 3577 5319 quo

2001 5319 2238 5388 disputat
2267 5318 2336 5370 M.
2361 5317 2570 5371 Tullius
2599 5318 2650 5370 in
2687 5315 3060 5388 Paradox..et
3080 5321 3429 5388 contrauihil
3450 5315 3572 5374 esse

2000 5387 2222 5453 titulum,
2253 5389 2352 5442 nisi
2390 5398 2544 5454 turpe
2571 5387 2710 5454 quod
2744 5397 2826 5438 est
2874 5387 3241 5458 et_vitiosum.
3273 5387 3348 5442 De
3385 5405 3492 5458 quo
3516 5401 3575 5443 et

1997 5459 2047 5512 in
2090 5459 2305 5529 Tuscul.
2340 5467 2568 5529 ᾳιιιεδι.;
2601 5458 2807 5510 Seneca
2840 5455 3112 5529 perfectus
3163 5455 3569 5527 Stoicum—epist

1996 5531 2065 5584 96
2105 5548 2118 5584 :
2157 5528 2358 5582 Tamen
2395 5540 2450 5580 tu
2488 5529 2777 5596 indignaris
2834 5528 3056 5596 aliquid,
3102 5539 3150 5581 et
3195 5530 3463 5595 quereris,
3519 5538 3568 5578 et

1999 5616 2100 5654 non
2132 5600 2378 5668 intelligis
2413 5597 2540 5649 nihil
2568 5614 2677 5650 esse
2704 5597 2755 5649 in
2790 5596 2904 5650 istis
2948 5599 3097 5662 ntali,
3122 5597 3247 5668 nisi
3271 5597 3369 5648 hoc
3405 5613 3568 5649 unum

1996 5670 2136 5739 quod
2169 5669 2487 5736 indignaris,
2520 5679 2566 5739 et
2582 5669 2850 5739 quereris.
2877 5669 3009 5739 Agit
3030 5670 3093 5719 de
3120 5667 3218 5719 hoc
3245 5676 3570 5739 argumento

1997 5733 2152 5794 (loetc
2187 5753 2237 5793 et
2284 5733 2517 5791 'utihtcr
2553 5733 2790 5791 Hier-em.
2827 5733 3037 5789 Dresel.
3070 5750 3203 5803 opus
3245 5733 3316 5788 De
3355 5736 3568 5804 confor—

1997 5811 2189 5863 manda
2221 5809 2485 5864 voluntate
2514 5809 2745 5862 humana
2771 5823 2885 5861 cum
2913 5806 3110 5870 dit-ina,
3137 5806 3405 5877 praecipue
3438 5821 3566 5860 vero
