4024 6404
301 333 398 399 453

295 541 547 610 φημίας;
581 542 698 612 ΙΤίς
745 542 970 598 δύναται
1013 546 1230 616 ἀφιέναι
1272 548 1571 618 ἁμαρτίας,
1607 551 1654 604 εί
1689 550 1764 622 μὴ
1801 546 1881 614 εἷς

291 635 318 684 6
366 632 547 697 656g;
586 652 604 682 ι
659 633 803 706 Ὅρα
849 637 975 700 τοὺς
1028 638 1320 708 κηφῆνας·
1383 638 1528 692 οὕτω
1589 643 1699 712 γὰρ
1752 644 1877 706 τοὺς

290 724 650 794 Γραμματεῖς
725 727 969 792 ἐκείνους
1053 734 1324 800 προσήκει
1392 733 1599 786 καλεῖν.
1667 734 1879 804 Εἰσπη-

287 816 426 870 δῶσι
451 815 528 886 τῷ
554 819 780 888 ῥήματι,
817 820 894 889 μὴ
930 823 1288 892 προσέχοντες
1315 823 1393 894 τῷ
1421 825 1707 897 πράγματι
1735 843 1750 860 ο
1785 831 1879 882 καὶ

287 909 380 961 τὶν
411 908 623 961 ἔνδοθεν
649 910 1082 980 ὑποτυφώμενον
1131 916 1449 985 ἐρεύγονται
1511 920 1725 990 μῶμον,
1774 923 1878 989 μά-

286 1020 421 1056 ταια
448 1005 504 1056 ἐν
534 1007 656 1067 ταῖς
684 1005 937 1076 καρδίαις
972 1007 1152 1062 αὐτῶν
1184 1009 1618 1082 διαλογιζόμενοι
1647 1030 1660 1044 ·
1701 1014 1815 1068 ἀλλ’
1849 1015 1878 1066 6

288 1094 498 1165 Κύριος
532 1097 611 1158 εἰς
642 1099 953 1167 τούμφανὲς
990 1101 1111 1168 ἄγει
1151 1103 1251 1166 τὰς
1282 1105 1490 1168 ἐννοίας
1516 1106 1615 1175 τῆς
1650 1109 1878 1178 καρδίας

287 1190 494 1255 αὐτῶν,
533 1191 772 1261 ἐλέγχων
799 1195 924 1257 τοὺς
951 1193 1338 1264 διαλογισμοὺς
1375 1199 1574 1263 αὐτῶν,
1604 1203 1698 1254 καὶ
1733 1201 1878 1273 ἅπερ

287 1282 348 1332 ἐν
405 1281 483 1352 τῷ
542 1284 771 1355 κρυπτῷ
828 1286 926 1355 τῆς
975 1287 1215 1352 διανοίας
1244 1289 1527 1356 ἐλάνθανε,
1579 1296 1733 1366 παρὰ
1783 1296 1876 1349 τού

287 1375 588 1443 βλέποντος
638 1377 737 1441 τὰς
787 1380 1156 1452 ἐνθυμήσεις,
1201 1384 1422 1453 ἐλέγετο
1449 1401 1464 1418 ·
1505 1387 1639 1458 «Ml;
1684 1390 1795 1459 γὰρ
1851 1391 1880 1443 6

285 1469 568 1536 φυτεύσας
595 1471 655 1522 τὸ
693 1469 786 1534 οὓς
812 1472 935 1543 οὐχὶ
965 1474 1175 1539 ἀκούει,
1206 1476 1238 1547 ἢ
1271 1479 1299 1531 6
1327 1476 1536 1542 πλάσας
1562 1481 1652 1533 τὸν
1675 1481 1877 1548 ὀφθαλ-

288 1563 392 1630 μὸν
441 1563 566 1632 οὐχὶ
609 1567 904 1630 κατανοεῖ;
933 1585 951 1619 ι
990 1569 1163 1632 Αὐτὸς
1213 1571 1270 1623 δὲ
1300 1567 1368 1642 ἦν
1392 1574 1609 1637 πάντως
1642 1576 1772 1644 περὶ
1815 1571 1877 1629 οὗ

283 1652 464 1705 ταῦτα
524 1649 645 1707 εἷπε
708 1656 914 1725 Δασὶδ,
965 1659 1053 1713 διὰ
1103 1661 1204 1730 τῆς
1250 1663 1359 1715 τῶν
1411 1667 1613 1736 χειρῶν
1657 1667 1878 1738 ἐπαφῆς

282 1743 617 1810 ἐμφυτεύων
670 1747 872 1816 τρόπον
929 1749 1052 1801 τινὰ
1097 1750 1196 1813 τὰς
1249 1752 1358 1806 τῶν
1421 1757 1622 1824 κωφῶν
1683 1758 1875 1822 ἀκοὰς,
1913 1795 1952 1848 Β

286 1833 310 1848 .
338 1835 351 1848 .
390 1829 418 1848 τ
563 1838 572 1848 .
618 1837 630 1848 .
683 1837 707 1848 ,ι
753 1839 767 1848 .
855 1841 866 1848 .
914 1843 926 1848 -
984 1840 1043 1848 -.
1292 1843 1307 1848 ,
1352 1844 1361 1848 -
1502 1845 1524 1848 μ

282 1833 351 1885 δι’
383 1829 584 1914 (iw/xui.
607 1837 877 1910 ὀφθαλμοὶ
910 1840 1248 1897 ἐπλάσσοντο
1287 1843 1375 1898 διὰ
1433 1845 1527 1898 τοῦ
1561 1848 1876 1919 πτύσματος

284 1929 382 1980 καὶ
408 1929 508 1997 τῆς
544 1931 648 2000 γῆς
680 1933 1173 2006 πηλουργούμενοι.

365 2041 384 2072 ε
434 2025 546 2078 Καὶ
592 2027 798 2090 εὐθέως
842 2030 1105 2098 ἐπιγνοὺς
1158 2035 1186 2086 ὁ
1241 2033 1450 2104 Ἰησοῦς
1491 2036 1568 2107 τῷ
1602 2037 1876 2109 πνεύματι

283 2111 446 2168 εἶπεν
503 2118 688 2181 αὐτοῖς
723 2137 734 2150 ·
769 2122 834 2175 Τί
888 2123 1267 2192 διαλογίζεσθε
1329 2129 1388 2180 ἐν
1446 2133 1566 2194 ταῖς
1624 2134 1876 2203 καρδίαις

287 2212 485 2278 ὑμῶν;
531 2212 595 2265 Τί
625 2213 734 2284 γάρ
761 2216 912 2268 ἐστιν
945 2219 1347 2292 εὐκολώτερον,
1377 2225 1556 2277 εἰπεῖν
1586 2225 1663 2295 τῷ
1694 2244 1876 2298 παρα·

283 2302 498 2372 λυτικῷ
539 2319 554 2332 ⁸
596 2305 904 2372 Ἀφέωνταί
939 2327 1022 2362 σοι
1059 2312 1114 2364 αἱ
1147 2313 1421 2384 ἁμαρτίαι
1451 2332 1568 2381 σου,
1601 2316 1633 2386 ἢ
1673 2320 1872 2373 εἰπεῖν·

289 2395 545 2466 Ἔγειρε,
580 2399 674 2449 καὶ⁵
709 2393 843 2464 ἆρον
874 2400 966 2453 τὸν
995 2403 1332 2472 κράὸὅατον,
1359 2405 1457 2458 καὶ
1485 2410 1812 2478 περιπάτει;
1851 2429 1869 2463 ι

289 2491 404 2562 Τῆς
463 2490 574 2543 τῶν
627 2493 1011 2563 Γραμματέων
1065 2498 1340 2567 ἁμαθείας
1393 2502 1873 2573 κατειρωνεύεται,

288 2587 384 2636 καὶ
425 2585 529 2651 τῆς
570 2586 800 2658 ἐνούσης
850 2591 1036 2652 αὐτοῖς
1075 2591 1332 2656 ὑπονοίας
1377 2594 1474 2664 τὴν
1529 2595 1875 2665 ἀποπληξίαν

289 2678 624 2748 καθίστησιν
656 2682 889 2752 ἐναργῆ,
923 2683 984 2735 τὸ
1020 2685 1102 2746 εἰς
1139 2683 1268 2737 νοῦν
1320 2685 1450 2750 ἔσω,
1498 2689 1593 2740 καὶ
1638 2689 1875 2758 καρδιῶν

289 2771 689 2826 διαλευκαίνων
742 2775 931 2844 σαφῶς
968 2776 1029 2828 τὸ
1077 2777 1176 2846 μὲν
1211 2778 1319 2848 γὰρ
1357 2779 1556 2844 εἰπεῖν,
1586 2782 1743 2850 φησι,
1777 2782 1874 2844 τοῦ

290 2865 502 2934 πρᾶξαι
541 2865 792 2934 πέφυκεν
825 2867 1196 2939 εὐκολώτερον
1224 2887 1236 2901 ·
1273 2873 1397 2923 ἐπεὶ
1429 2871 1486 2925 δέ
1517 2873 1716 2944 ἄδηλον
1747 2875 1875 2944 ὑμῖν

289 2957 336 3007 εξ
358 2956 603 3026 τῷλόγῳ
632 2959 726 3010 καὶ
756 2960 789 3028 ἡ
808 2959 918 3013 τῶν
943 2961 1233 3032 ἁμαρτιῶν
1257 2963 1456 3032 ἄφεσις
1479 2965 1872 3036 ἠκολούθησεν,

287 3051 350 3101 ἐκ
411 3049 526 3101 τῶν
589 3051 982 3122 ἀναμφιϐόλων
1017 3054 1369 3126 πιστώσομαι
1422 3057 1483 3110 τὸ
1546 3058 1872 3129 ἀμφίϐολον.

1660 350 1986 409 ΗΟΜΙΙᾸΑ
2033 352 2190 412 XXI.

295 449 511 522 ζόμενοι
538 451 596 505 ἐν
630 452 750 515 ταῖς
767 453 1016 524 καρδίαις
1045 455 1247 522 αὐτῶν,
1270 457 1333 510 Τί
1356 449 1510 523 οὗτος
1534 457 1686 514 λαλεῖ
1713 461 1854 530 βλασ
1910 465 1955 520 Α
1985 460 2168 513 animo
2199 475 2296 516 suo
2341 477 2355 514 :

3462 358 3570 425 454

2407 460 2544 529 Quid
2588 462 2674 519 hic
2709 463 2948 534 loquitur
2994 465 3402 537 blaspliemias?
3444 477 3568 541 quis

1989 560 2165 620 potest
2183 553 2465 607 demittere
2488 566 2732 624 peccata,
2751 557 2851 611 nisi
2873 558 3022 612 solus
3039 558 3181 613 Deus
3199 559 3223 614 ?
3244 579 3262 610 ›
3299 560 3431 615 Vide
3446 561 3571 618 illos

1987 642 2140 697 fucos
2193 643 2308 715 (5M;
2354 645 2434 699 sic
2483 648 2626 699 enim
2684 646 2903 702 Scribas
2931 663 3029 716 par
3067 649 3224 719 135
3270 662 3354 706 est
3380 653 3570 722 appel-

1985 733 2119 792 lare.
2149 734 2396 789 lnsiliunt
2426 737 2477 790 in
2511 737 2699 805 verba,
2733 739 2868 794 facta
2899 741 3122 795 minime
3155 752 3484 810 reputantes;
3514 753 3570 799 et

1985 825 2420 895 sull'umigantcm
2456 827 2600 882 intus
2634 829 2964 884 calumniam
3006 843 3256 887 eructant
3295 836 3564 889 incassum

1987 918 2368 971 ratiocinantes

1985 1019 2231 1075 apertum
2271 1006 2480 1078 profert
2509 1008 2889 1078 cogitationes,
2938 1018 2993 1064 et
3040 1013 3216 1082 arguit
3272 1015 3568 1068 ratiocina-

1987 1105 2160 1156 tiones
2185 1101 2264 1172 (6)
2325 1115 2538 1165 corum,
2573 1109 2628 1154 et
2677 1114 2797 1168 quae
2853 1101 2905 1154 in
2965 1102 3332 1170 penetralibus
3371 1103 3570 1158 mentis

1929 1177 1938 1188 ’
1984 1191 2244 1256 latebant,
2277 1195 2344 1246 ab
2387 1207 2454 1248 eo
2501 1190 2592 1261 qui
2640 1191 2877 1259 cogitata
2915 1193 3111 1245 mentis
3157 1193 3395 1259 inspicit,
3426 1196 3569 1248 elata

1984 1293 2112 1340 sunt
2145 1300 2160 1339 :
2195 1304 2213 1336 ι
2248 1282 2519 1351 Numquid
2564 1282 2708 1336 enim
2757 1281 2848 1350 qui
2901 1281 3168 1351 plantavit
3216 1299 3402 1337 aurem
3461 1299 3566 1337 non

1985 1378 2188 1442 audiet,
2221 1386 2317 1430 aut
2345 1378 2434 1446 qui
2481 1376 2637 1430 finxit
2681 1376 2894 1430 oculum
2949 1390 3052 1429 non
3085 1378 3390 1432 considerat
3423 1377 3504 1430 l“i
3541 1395 3562 1428 ι

1987 1470 2102 1541 Ipse
2162 1469 2370 1524 scilicet
2415 1468 2575 1536 plane
2623 1477 2766 1532 erat,
2795 1467 2863 1521 de
2891 1482 3000 1536 quo
3042 1466 3210 1521 David
3255 1466 3368 1521 haec
3406 1467 3565 1532 dixit,

1984 1564 2075 1632 qui
2110 1572 2359 1617 contactu
2413 1576 2669 1614 manuum
2729 1575 2891 1614 aures
2933 1559 3328 1642 quodammodo
3379 1563 3569 1614 surdo-

1986 1670 2104 1719 rum
2157 1655 2463 1718 inseverat;
2519 1668 2615 1722 per
2664 1668 2798 1722 quas
2831 1653 2994 1705 etiam
3043 1651 3183 1706 oculi
3229 1652 3571 1722 fingebantur

1985 1762 2078 1815 per
2101 1753 2315 1815 sputum
2353 1752 2406 1798 et
2433 1747 2655 1796 humum
2688 1740 2853 1795 veluti
2883 1755 2947 1794 ex
2983 1739 3096 1794 luto
3121 1738 3268 1794 facti.

2056 2050 2073 2082 ι
2110 2030 2228 2096 Qun
2261 2027 2447 2082 statim
2482 2025 2697 2096 cognito
2729 2024 2888 2080 Jesus
2918 2026 3111 2096 spiritu
3136 2041 3234 2080 suo
3263 2024 3391 2079 dicit
3417 2025 3524 2080 illis
3551 2042 3565 2079 :

1975 2126 2113 2191 Quid
2149 2121 2400 2193 cogitatis
2437 2122 2488 2173 in
2514 2119 2770 2174 cordibus
2798 2119 3046 2174 vestris?
3075 2118 3206 2188 quid
3235 2129 3318 2171 est
3352 2119 3572 2177 facilius

1977 2220 2158 2272 dicere
2190 2213 2486 2284 paralytico
2514 2227 2528 2266 :
2563 2211 2920 2266 Dimittuntur
2953 2210 3047 2266 tibi
3077 2222 3296 2280 peccata
3328 2221 3442 2280 tua,
3478 2222 3572 2268 aut

1976 2310 2158 2363 dicere
2194 2325 2208 2361 :
2248 2307 2442 2374 Surge,
2481 2303 2605 2358 tolle
2644 2303 2929 2372 grabatum
2986 2311 3232 2370 tuum,et
3256 2304 3513 2359 ambula?
3541 2323 3562 2357 ι

1979 2399 2292 2455 Scribarum
2324 2397 2515 2452 irridet
2544 2396 2850 2450 inscitiam:
2883 2402 2938 2449 ct
2988 2404 3187 2464 quanta
3232 2396 3338 2450 illis
3368 2397 3572 2452 inesset

1977 2494 2223 2548 vecordia
2285 2505 2349 2545 ac
2391 2491 2658 2546 stoliditas
2696 2489 2913 2557 planum
2950 2487 3117 2553 facit;
3161 2504 3386 2558 qumque
3419 2490 3574 2558 peni-

1975 2594 2062 2640 tus
2098 2585 2172 2654 (7)
2206 2585 2256 2637 in
2285 2591 2464 2638 mente
2491 2593 2546 2636 et
2576 2581 2750 2636 corde,
2770 2581 3031 2644 latebant,
3057 2589 3246 2648 aperte
3273 2580 3566 2648 patefacit;

1977 2679 2161 2732 dicere
2211 2676 2381 2741 enim,
2417 2675 2614 2744 inquit.
2651 2689 2814 2743 quam
2865 2672 3049 2728 facere
3099 2673 3312 2728 facilius
3377 2681 3567 2727 natura

1977 2780 2081 2824 est.
2111 2768 2376 2834 Quoniam
2421 2780 2548 2820 vero
2580 2767 2873 2821 obscurum
2909 2766 3061 2820 vobis
3114 2775 3217 2830 est,
3252 2781 3318 2819 an
3370 2781 3568 2834 pecca-

1979 2870 2154 2916 torum
2191 2860 2442 2914 rcmissio
2465 2859 2628 2913 dictis
2656 2873 2713 2912 re
2748 2858 2860 2927 ipsa
2890 2857 3233 2927 respondeat,
3260 2858 3325 2911 ab
3358 2858 3425 2911 iis
3451 2872 3572 2926 quae

1977 2964 2126 3008 certa
2157 2961 2302 3018 sunt,
2348 2950 2573 3005 incertis
2604 2949 2796 3002 faciam
2837 2948 3020 3002 tidem.
3054 2947 3178 3000 Tria
3215 2963 3342 3001 vero
3377 2951 3567 3001 eadem

1977 3060 2140 3114 Opera
2166 3051 2406 3114 prtestat.
2429 3042 2713 3096 Condonat
2739 3049 2943 3110 aegroto
2967 3047 3214 3109 peccata,
3249 3038 3568 3094 Scribarum

289 3140 428 3209 Τρία
463 3142 521 3194 δὲ
551 3145 694 3197 κατὰ
724 3145 923 3199 ταύτὸν
954 3147 1171 3216 ἐνεργεῖ
1202 3164 1214 3176 '
1249 3149 1442 3220 ἀφίησι
1469 3151 1568 3214 τὰς
1594 3153 1874 3222 ἁμαρτίας

1985 3136 2339 3206 agitationes
2377 3134 2580 3204 arguit,
2619 3142 2675 3187 et
2727 3132 3021 3186 valetudini
3075 3131 3312 3186 restituit
3357 3132 3570 3202 paraly-

288 3235 381 3287 τ-.ὖ
422 3237 756 3306 πάσχοντος,
791 3237 1008 3310 ἐλέγχει
1047 3241 1156 3294 τῶν
1188 3241 1226 3292 Γ
1233 3243 1572 3312 ραμματέων
1600 3245 1726 3308 τοὺς
1757 3245 1878 3299 δια-

289 3330 613 3401 λογισμοὺς,
645 3334 899 3406 ἀνίστησι
919 3335 1012 3388 τὸν
1041 3337 1377 3407 παράλυτον.

365 3445 384 3477 ι
438 3425 561 3479 Ἰνα
587 3426 646 3480 δέ
679 3429 862 3496 εἰδῆτε
894 3429 978 3483 ὃτι
1006 3429 1260 3495 ἐξουσίαν
1284 3433 1401 3500 ἐχει
1430 3436 1458 3487 6
1487 3435 1614 3500 Υίδς
1665 3439 1760 3492 τοῦ
1783 3441 1878 3494 ἀνα

288 3520 518 3590 θρώπου
551 3522 646 3575 ἐπὶ
674 3522 775 3593 τῆς
803 3526 907 3594 γῆς
930 3525 1152 3594 ἀφιέναι
1178 3527 1480 3598 ἁμαρτίας.
1519 3548 1538 3582 ι
1580 3531 1881 3588 Ἐνδείκνυ-

287 3631 375 3666 ται
411 3617 504 3669 διὰ
547 3614 754 3669 τούτων
794 3616 855 3678 τὸ
905 3617 1220 3683 ἀδιαίρετον
1253 3621 1362 3673 τῶν
1395 3623 1452 3674 ἐν
1484 3623 1632 3695 αὐτῷ
1664 3627 1878 3694 φύσεων

290 3705 435 3773 μετὰ
465 3704 568 3772 τὴν
600 3705 820 3768 ἕνωσιν,
867 3707 963 3758 καὶ
1000 3707 1082 3760 ὃτι
1119 3708 1227 3761 τῶν
1266 3709 1428 3761 θείων
1469 3709 1881 3786 πλεονεκτημά-

288 3817 395 3852 των
422 3801 703 3869 μετέδωκε
721 3802 786 3870 τῇ
819 3800 1228 3872 προσληφθείσῃ
1262 3802 1452 3872 σαρκὶ,
1493 3806 1589 3858 καὶ
1615 3807 1682 3877 ἢν
1720 3807 1879 3878 ἔσχεν

290 3891 549 3956 ἐξουσίαν
579 3893 638 3943 ἐν
670 3891 888 3962 οὐρανῷ
909 3935 924 3959 ,
956 3893 1166 3962 ταύτην
1211 3897 1304 3946 καὶ
1339 3896 1433 3947 ἐπὶ
1483 3899 1587 3967 γῆς
1628 3897 1741 3968 ἔχει
1767 3915 1782 3930 ⁸
1819 3901 1880 3952 τὸ

289 3987 398 4056 γὰρ
450 3985 582 4038 Υἰὺν
629 3984 724 4037 τοῦ
790 3983 1084 4056 ἀνθρώπου
1131 3986 1389 4054 γενέσθαι
1437 3994 1559 4042 κατ’
1612 3993 1767 4046 οὐδὲν
1811 3997 1876 4064 τῇ

287 4076 524 4148 δυνάμει
552 4079 616 4147 τῇ
649 4079 804 4148 θεῐκῇ
841 4078 1168 4148 ἐλυμῄνατο.

367 4191 386 4224 ι
437 4172 607 4239 Λέγει
648 4171 725 4241 τῷ
756 4172 1119 4243 παραλυτικῴ
1149 4189 1162 4204 ο
1198 4176 1288 4228 Σοὶ
1314 4175 1494 4245 λέγω,
1534 4177 1750 4249 ἔγειρε,
1787 4179 1881 4233 καὶ

290 4258 427 4332 ἆρον
460 4262 556 4314 τὸν
584 4262 901 4332 κράὸὅατόν
933 4280 1053 4328 σου,
1099 4266 1195 4318 καὶ
1241 4265 1421 4335 ὕπαγε
1468 4269 1547 4332 είς
1598 4271 1689 4322 τὸν
1731 4269 1880 4325 οἶκόν

293 4371 414 4407 σου.
448 4354 562 4408 Καὶ
597 4354 810 4426 ἠγέρθη
848 4355 1074 4421 εὐθέως,
1111 4360 1207 4411 καὶ
1237 4359 1376 4430 ἄρας
1419 4360 1509 4412 τὸν
1543 4362 1877 4431 κράϐϐατον,

291 4447 521 4517 ἐξῆλθεν
545 4449 790 4501 ἐναντίον
829 4448 1074 4502 πάντων.
1116 4468 1134 4501 ι
1175 4450 1480 4520 Συσφίγγει
1508 4455 1691 4506 τοίνυν
1729 4455 1756 4506 6
1790 4456 1871 4508 λό-

290 4559 387 4611 γος
425 4543 527 4612 τὴν
567 4543 823 4612 πάρεσιν,
860 4541 1094 4612 ῥώννυσι
1122 4544 1232 4596 τῶν
1253 4543 1473 4615 ἄρθρων
1504 4545 1602 4617 τὴν
1633 4545 1874 4615 ἔκλυσιν,

290 4635 479 4688 δίδωσι
510 4637 625 4698 τοῖς
655 4635 871 4706 νεύροις
897 4634 995 4705 τὴν
1019 4635 1270 4701 τόνωσιν,
1307 4640 1405 4692 καὶ
1434 4642 1460 4691 6
1501 4641 1630 4708 πρὶν
1663 4641 1884 4697 ἐκλελυ-

296 4731 587 4800 μένοςικαὶ
617 4729 897 4799 κείμενος,
923 4728 1115 4798 ὥσπερ
1146 4731 1333 4783 πλοῖον
1379 4731 1731 4800 ἀγόμφωτον,
1757 4734 1884 4788 ἀνέ-

294 4824 426 4897 θορέ
464 4840 527 4876 τε
552 4823 646 4876 τοῦ
678 4823 1002 4894 σκίμποδος,
1039 4823 1137 4876 καὶ
1168 4823 1449 4894 τροχαλῶς
1485 4826 1728 4893 ἐϐάδιζε,
1759 4829 1885 4882 κού-

295 4937 423 4990 φοις
459 4919 768 4990 φερόμενος
804 4917 1035 4987 ἆλμασι,
1065 4916 1307 4982 δοξάζων
1334 4917 1426 4972 τὸν
1461 4918 1689 4988 θέμενον
1727 4921 1880 4991 ἄμω-

299 5031 400 5084 μον
428 5013 530 5083 τὴν
552 5013 675 5065 ὁδὸν
706 5011 898 5075 αὐτοῦ,
933 5012 1028 5064 καὶ⁸
1062 5011 1543 5082 καταρτισάμενον
1567 5012 1692 5076 τοὺς
1713 5014 1880 5077 πόδας

296 5105 466 5162 αὐτοῦ
511 5107 646 5160 deos}.
693 5105 922 5170 ἐλάφου.
961 5103 1150 5157 Ταῦτα
1183 5101 1248 5165 δὴ
1288 5103 1358 5156 τὰ
1390 5105 1731 5175 προφητικὰ,
1786 5108 1878 5159 καὶ

296 5199 437 5269 τάχα
462 5195 627 5249 τοῦτο
656 5195 983 5266 προὸλέπων
1012 5193 1302 5247 ἐθέσπισεν
1345 5195 1372 5245 ὁ
1406 5193 1550 5256 θεῖος
1583 5197 1834 5266 χρησμός
1865 5215 1876 5229 ·

303 5311 322 5342 ι
351 5292 490 5343 Τότε
523 5291 737 5344 ἁλεῖται
758 5288 833 5351 ib,
858 5286 1056 5350 ἔλαφος
1086 5288 1114 5340 6
1144 5284 1368 5357 χωλός.»
1413 5287 1580 5340 Ἀλλὰ
1611 5288 1669 5339 τὸ
1694 5286 1881 5359 θαῦμα

367 5412 416 5442 ⁸⁵
436 5409 579 5464 Psal.
617 5423 769 5472 xcm,
816 5407 870 5462 9.
945 5409 991 5439 ⁸⁵
1019 5405 1158 5462 Psal.
1197 5421 1338 5468 xvn,
1381 5404 1470 5471 55,
1513 5406 1602 5461 51.

1905 4497 1956 4557 ι)

1984 3229 2170 3283 licunt.

2057 3465 2074 3498 ι
2113 3444 2183 3500 Ut
2225 3452 2407 3499 autem
2460 3441 2647 3498 sciatis
2675 3484 2691 3509 ,
2745 3441 2869 3512 quia
2898 3441 3070 3496 Filius
3121 3440 3357 3496 hominis
3407 3441 3569 3494 habet

1981 3545 2303 3608 potestatem
2337 3535 2392 3590 in
2422 3542 2566 3589 terra
2613 3533 2922 3589 dimittendi
2973 3542 3215 3602 peccata.
3258 3551 3277 3586 ι
3317 3532 3412 3587 llis
3444 3549 3571 3586 ver-

1981 3629 2065 3684 bis
2091 3631 2319 3683 duarum
2359 3628 2410 3681 in
2451 3643 2510 3682 se
2545 3636 2860 3680 naturarum
2911 3639 3108 3678 nexum
3144 3623 3565 3693 inseparabilem

1982 3733 2104 3793 post
2150 3722 2403 3775 unionem
2439 3719 2716 3783 ostendit;
2755 3717 3007 3787 quodque
3043 3716 3258 3772 divinas
3293 3731 3573 3786 μείξει-θεει-

1985 3816 2125 3869 tivas
2158 3828 2280 3868 cum
2318 3820 2594 3880 assumpta
2647 3824 2813 3864 carne
2846 3807 3289 3872 communicarit,
3321 3819 3375 3861 et
3423 3809 3567 3875 quod

1981 3922 2097 3961 eam
2129 3913 2450 3974 potestatem
2490 3903 2716 3957 haberet
2749 3901 2800 3954 in
2838 3909 3005 3961 terra,
3035 3915 3196 3969 qnam
3241 3898 3473 3952 habebat
3514 3902 3563 3952 in

1982 3998 2142 4054 cmlo.
2175 3995 2305 4049 Nam
2349 3995 2545 4050 Filium
2580 3993 2819 4048 hominis
2852 3992 3049 4046 factum
3089 4006 3214 4047 esse
3241 3990 3438 4045 divina:
3471 4007 3568 4061 po-

1985 4090 2162 4146 tentiae
2196 4086 2329 4143 nihil
2356 4085 2537 4140 offecit
2569 4102 2583 4137 :

2058 4182 2177 4235 «Ait
2206 4177 2504 4250 paralytico
2533 4193 2549 4231 :
2576 4175 2694 4231 Tibi
2726 4176 2872 4238 dico,
2898 4174 3090 4244 Surge,
3119 4173 3247 4229 tolle
3279 4176 3564 4244 grabatum

1985 4286 2157 4342 tuum,
2197 4283 2252 4328 et
2283 4272 2418 4326 vade
2446 4271 2499 4325 in
2531 4270 2750 4324 domum
2789 4281 2932 4322 tuam
2968 4284 2982 4320 :
3015 4276 3069 4321 et
3099 4267 3280 4322 statim
3307 4268 3564 4332 surrexit,

1983 4376 2038 4424 et
2080 4369 2293 4422 sublato
2333 4364 2557 4435 grabato
2610 4361 2742 4416 abiit
2794 4374 2978 4414 coram
3021 4359 3294 4415 omnibus.
3335 4377 3353 4409 ι
3393 4358 3568 4414 Verbo

1984 4461 2148 4530 igitur
2225 4456 2482 4511 dissoluta
2528 4455 2770 4507 membra
2803 4460 3164 4521 coagmentat,
3199 4460 3256 4506 et
3298 4449 3564 4505 imbecilla

1985 4553 2326 4616 corroborat,
2360 4562 2414 4604 et
2443 4563 2638 4603 nervos
2674 4546 2924 4608 intendit,
2953 4553 3010 4599 et
3053 4543 3142 4613 qui
3192 4544 3342 4612 prius
3375 4543 3567 4598 solutis

1983 4645 2242 4704 membris
2279 4641 2433 4713 quasi
2471 4638 2762 4709 disiunctis
2803 4635 3154 4704 compagibus
3183 4636 3453 4706 navigium
3481 4635 3568 4703 ja-

1985 4743 2164 4801 cebat,
2216 4752 2246 4792 e
2303 4738 2529 4808 grabato
2569 4733 2823 4794 surrexit,
2852 4738 2903 4782 et
2939 4729 3147 4782 levibus
3183 4727 3414 4782 saltibus
3448 4741 3570 4794 per-

1985 4833 2180 4888 niciter
2210 4826 2546 4888 ambulabat,
2581 4823 2748 4893 gloria
2779 4820 3010 4876 efferens
3037 4835 3157 4875 eum
3191 4819 3281 4889 qui
3317 4827 3572 4888 posuerat

1988 4919 2386 4978 immaculatam
2439 4915 2574 4970 viam
2627 4914 2742 4981 ejus
2789 4921 2844 4967 et
2890 4909 3192 4981 perfecerat
3242 4914 3404 4981 pedes
3452 4910 3572 4980 ejus

1993 5013 2148 5086 quasi
2207 5023 2492 5065 cervorum
2538 5007 2608 5060 ".
2661 5004 2784 5059 Haec
2836 5019 2968 5059 vero
3019 5019 3048 5056 a
3102 5000 3373 5072 Propheta
3426 4996 3585 5059 dicta-

1994 5114 2138 5161 sunt.
2170 5103 2235 5156 Et
2266 5099 2515 5156 fortassis
2556 5099 2659 5153 hoc
2695 5097 2859 5152 etiam
2896 5095 3188 5166 providens
3223 5096 3573 5151 vaticinatum

1992 5207 2078 5254 est
2105 5196 2347 5250 divinum
2389 5190 2666 5248 oraculum
2697 5208 2710 5244 :
2775 5207 2794 5240 ι
2831 5187 2981 5242 Tunc
3015 5188 3170 5244 saliet
3199 5192 3351 5259 quasi
3379 5204 3575 5244 cervus

1997 5289 2157 5361 136
2197 5288 2423 5343 claudus
2465 5286 2532 5339 ⁸⁸.
2571 5301 2590 5336 ι
2628 5283 2733 5340 Sed
2777 5283 2921 5338 enim
2969 5297 3092 5338 cum
3125 5283 3285 5339 talem
3329 5282 3574 5338 habuerit

1703 5407 1750 5438 ⁸⁸
1779 5405 1883 5462 lsa.
1917 5423 2081 5472 xxxv,
2110 5405 2163 5460 6.

1543 5521 1869 5584 Francisci
1905 5519 2119 5585 Scorsi
2154 5526 2340 5581 notae.

371 5631 450 5705 (5)
499 5616 630 5686 Vide
659 5629 782 5683 illos
819 5626 990 5695 fucos.
1020 5623 1163 5694 Lege
1205 5623 1459 5678 adnotata
1493 5622 1556 5676 ad
1605 5623 1753 5677 hom.
1786 5640 1884 5689 xu,

306 5717 415 5759 nat.
447 5706 537 5759 94.

375 5776 450 5845 (6)
489 5774 557 5828 Et
587 5770 781 5845 arg_nit_
795 5768 1250 5845 ratiocinationes.
1289 5763 1560 5836 Ἐλέγχων
1601 5763 1728 5829 τοὺς
1773 5765 1888 5820 διας

311 5836 602 5918 λογισμοὺς
635 5836 847 5908 deum,
883 5847 1008 5896 sunt
1057 5853 1123 5895 ex
1150 5836 1214 5895 (ἶ.

2071 5622 2146 5692 ('1)
2178 5621 2410 5692 Ditisque
2435 5618 2664 5692 penitus.
2794 5614 3024 5692 algvafiv
3052 5611 3304 5692 Echxal.
3328 5608 3570 5692 καρδιῷν

1999 5683 2396 5746 διάλευκαίνων
2435 5683 2663 5759 σαφῶς.
2701 5686 2796 5740 His
2829 5687 3027 5759 additis
3061 5699 3130 5738 ex
3163 5683 3228 5759 G_.
3265 5697 3327 5759 ολ
3367 5688 3573 5751 quanto

1999 5765 2232 5834 plenior,
2264 5771 2320 5817 et
2354 5751 2566 5833 planior
2595 5751 2819 5826 sensus;
2865 5766 2922 5812 at
2949 5757 3176 5810 deerant
3205 5753 3259 5808 in
3291 5751 3353 5806 P.

2430 919 2481 970 in
2530 920 2786 974 cordibus
2838 923 2972 976 Suis.
3032 923 3138 977 Sed
3193 925 3455 980 Dominus
3513 929 3566 980 in
3645 904 3659 923 ’
