4024 6410
489 363 599 428 455

1701 359 2199 423 THEOPHANIS
2241 360 2586 422 CEBAMEI

3652 372 3749 439 456

491 480 696 534 exitum
730 478 833 531 hoc
866 473 1205 536 miraculum,
1239 488 1343 527 non
1378 484 1560 529 tamen
1608 473 1766 530 tinem
1800 475 1961 528 etiam
1992 490 2083 530 nos

2192 474 2353 529 τοῦτο
2386 474 2646 543 τοιαύτην
2674 472 2856 527 λαϐὼν
2883 470 2984 544 τὴν
3008 471 3340 544 περαίωσιν,
3363 474 3457 530 οὐκ
3483 478 3751 549 ἐπιτρέπει

494 573 776 640 imponere
801 568 1035 624 sermoni
1068 566 1366 637 permittit;
1401 568 1497 620 sed
1529 566 1641 619 vult
1680 567 1857 636 potius
1891 576 1947 619 ut
1973 566 2085 631 his,

398 662 403 665 ’
442 681 458 696 ·
495 678 614 732 qua:
645 663 902 715 hactenus
934 659 1076 711 dicta
1104 668 1251 722 sunt,
1281 667 1538 726 tanquam
1573 659 1840 713 vestibulo
1868 666 2085 711 utentes

495 752 562 804 ad
612 751 866 803 interiora
921 762 1081 802 sensa
1137 748 1527 817 ingrediantur.
1585 748 1736 815 Quod
1792 749 1835 802 si
1887 748 2087 802 talibus

392 896 399 905 ,
495 842 830 896 ornamentis
882 841 1135 895 decorata
1209 852 1334 896 sunt
1410 842 1720 913 propylaea,
1782 841 2085 911 cujusmodi

496 936 709 989 tandem
739 933 917 1002 templi
951 933 1246 999 penetralia
1277 948 1398 987 esse
1414 932 1610 987 decet?
1636 935 1713 987 Ad
1744 947 1862 1002 quae
1888 948 2085 1002 perva-

493 1027 621 1081 dere
673 1024 783 1079 Deo
834 1025 1082 1094 adjutore
1138 1025 1484 1079 conabimur.
1535 1023 1649 1080 Hoc
1693 1026 1947 1096 oppidum
1995 1026 2084 1079 tibi

495 1121 865 1187 supradicmm
898 1118 1115 1188 signum
1144 1127 1225 1172 est
1251 1117 1474 1184 factum,
1511 1118 1762 1187 quodque
1792 1120 2085 1172 secundum

494 1212 810 1266 Matthzenm
852 1210 929 1280 (8)
959 1209 1155 1264 civitas
1184 1207 1337 1273 Jesu,
1371 1212 1663 1263 secundum
1697 1209 1935 1264 Marcum
1973 1208 2082 1263 Ca-

494 1305 795 1374 pharnanm
839 1303 1072 1367 dicitur,
1121 1311 1281 1356 terra:
1328 1302 1486 1371 hujus
1530 1301 1794 1355 ambitum
1884 1301 2085 1372 signat.

493 1397 625 1464 Qum
678 1396 895 1465 quidem
934 1395 1131 1449 civitas
1186 1391 1310 1448 Jesu
1342 1404 1590 1459 vocatur,
1634 1402 1818 1459 utpote
1881 1406 2088 1449 naturae

498 1499 695 1546 nostrae
724 1486 1028 1558 participis,
1046 1494 1100 1540 et
1125 1485 1218 1555 qui
1243 1487 1456 1554 dempto
1481 1497 1723 1555 peccato,
1748 1501 2086 1540 communem

499 1582 779 1637 nobisrum
822 1579 949 1631 iniit
996 1577 1209 1632 vivendi
1248 1578 1534 1631 rationem.
1587 1577 1767 1644 Ipsam
1808 1591 1935 1631 vero
1982 1577 2088 1631 Ca—

497 1675 792 1744 pharnaum
845 1666 1305 1726 reconciliationis
1344 1669 1422 1739 (9)
1482 1669 1731 1739 Oppidum
1762 1669 1949 1726 Graeca
1983 1671 2086 1725 lin-

497 1783 597 1837 gua
652 1766 996 1839 interpretari
1048 1780 1362 1835 possumus,
1392 1780 1512 1834 quae
1542 1765 1819 1819 Christum
1874 1768 1940 1819 ad
1990 1780 2088 1820 no-

498 1868 667 1912 stram
704 1856 1197 1913 reconciliationem
1247 1857 1551 1911 venienth
1586 1856 1842 1926 excepit,
1884 1857 1952 1911 de
1981 1873 2088 1927 quo

498 1948 638 2005 [ilius
684 1948 907 2004 tonitrui
960 1948 1088 2003 dicit
1143 1965 1156 2003 :
1196 1964 1215 1999 ι
1251 1949 1585 2002 Advocatum
1637 1948 1900 2004 habemus
1947 1950 2087 2019 apud

492 2041 711 2097 Patrem
742 2040 926 2096 Jesum
957 2041 1233 2097 Christum
1258 2039 1467 2108 jusmm
1491 2041 1560 2095 ".
1599 2060 1618 2093 ι

571 2134 731 2191 Venit
754 2135 1039 2205 igiturhuc
1060 2134 1319 2190 Dominus
1344 2148 1573 2204 corpore
1589 2150 1719 2193 usus
1747 2136 1822 2191 uti
1851 2139 2086 2209 navigio;

495 2238 551 2283 et
584 2228 732 2282 venit
760 2227 985 2283 omnino
1014 2227 1081 2280 ad
1127 2229 1375 2281 humanae
1416 2239 1625 2284 natura:
1661 2227 1771 2297 jam
1815 2230 2091 2287 dissolutae

496 2320 725 2375 salutem
775 2337 788 2372 :
824 2334 946 2388 quae
982 2333 1115 2374 sane
1151 2318 1444 2387 aliquando
1482 2321 1749 2388 spirituali
1783 2321 2089 2377 valetudine

497 2414 767 2479 utebatur,
796 2427 917 2466 cum
950 2412 1116 2466 animi
1158 2421 1336 2466 motus
1367 2412 1434 2466 ad
1463 2414 1716 2467 virtutem
1746 2416 1901 2484 quasi
1935 2416 2086 2471 nervi

494 2506 685 2561 intenti
749 2514 941 2569 erant,
997 2515 1053 2560 et
1104 2514 1253 2559 recte
1321 2504 1634 2576 integreque
1682 2515 1738 2561 et
1787 2508 2086 2563 secundum

494 2608 745 2654 naturam
780 2599 1073 2653 habebant.
1105 2595 1208 2652 Ubi
1250 2613 1378 2653 vero
1410 2599 1865 2668 concupiscentia:
1909 2612 2089 2658 motus

498 2692 805 2746 dominatus
836 2700 917 2746 est
947 2694 1181 2757 cmteris,
1211 2704 1262 2747 et
1304 2693 1591 2747 exsatiavit
1637 2692 1948 2763 ingluviem,
1978 2706 2032 2749 et
2058 2709 2090 2749 ο

500 2788 645 2835 statu
682 2780 1011 2836 valetudinis
1038 2781 1262 2848 excidit,
1295 2781 1440 2837 hanc
1488 2782 1806 2838 morborum
1862 2784 2086 2840 mortis-

498 2889 605 2943 que
674 2873 950 2943 regionem
1016 2873 1253 2928 obtinuit
1302 2885 1356 2929 et
1414 2875 1839 2931 sollicitudinum
1895 2893 2087 2948 quam-

497 2964 621 3019 dam
656 2962 1018 3017 colluvionem
1075 2962 1140 3016 ad
1201 2978 1261 3019 se
1314 2967 1702 3036 congregavit:
1741 2967 1885 3024 unde
1916 2982 2087 3038 aegro-

499 3064 616 3111 tare
668 3057 852 3126 «epit,
899 3064 954 3111 et
1007 3056 1071 3108 ad
1123 3057 1428 3112 exercenda
1482 3058 1702 3114 virtutis
1760 3057 1936 3114 oﬂicia
2002 3077 2087 3115 re-

2123 1838 2161 1890 "
2192 1876 2359 1930 φησιν
2397 1861 2425 1912 ὁ
2457 1859 2575 1923 υίὸς
2604 1838 2705 1929 τῆς
2747 1859 2980 1931 βροντῆς
3018 1876 3033 1891 ·

2193 567 2291 621 καὶ
2329 568 2484 637 ἡμᾶς
2526 567 2622 635 τῆς
2678 564 3033 629 διδασκαλίας
3070 564 3258 618 δοῦναι
3306 567 3598 636 τελείωσιν,
3644 573 3749 627 ἀλλ’

2188 659 2264 723 ὡς
2296 658 2662 729 προπυλαίοις
2705 661 2819 722 τοῖς
2864 658 3217 728 λελεγμένοις
3268 659 3572 728 χρήσασθαι
3625 666 3752 735 πρὸς

2191 749 2290 818 τὴν
2341 748 2451 801 τῶν
2493 748 2787 817 νοημάτων
2828 746 3152 801 είσέλευσιν.
3202 747 3267 800 ΕΞ
3301 749 3355 800 δέ
3398 767 3475 802 τοι
3507 753 3752 819 τοιούτοις

2193 841 2261 893 τὰ
2299 839 2621 910 προπύλαια
2651 839 3084 903 καλλωπίζεται,
3121 839 3247 892 τίνα
3287 840 3353 893 ἂν
3377 836 3486 894 εἷεν
3515 845 3581 895 τὰ
3618 843 3755 899 ἔνδον

2189 931 2498 1001 ἀνάκτορας
2537 927 2620 993 οἷς
2670 931 2933 1001 ἐπιϐῆναι
2975 930 3074 983 σὺν
3115 930 3234 1001 Θεῷ
3267 932 3652 1002 πειρασόμεθα.
3692 936 3753 989 Ἢ

2190 1024 2352 1094 κώμη
2383 1025 2521 1094 αῦτη
2560 1027 2617 1078 ὲν
2730 1025 2793 1077 τὸ
2849 1025 3016 1094 ῥηθὲν
3059 1028 3287 1095 σημεῖον
3333 1026 3547 1093 ἐγένετο
3571 1066 3585 1089 ,
3625 1028 3756 1082 κατὰ

2193 1119 2290 1188 μὲν
2335 1117 2427 1170 τὸν
2474 1117 2758 1171 Ματθαῖον
2809 1118 2966 1181 πόλις
3016 1117 3113 1169 τοῦ
3161 1117 3338 1183 Ἰησοῦ
3366 1158 3381 1181 ,
3410 1118 3549 1174 κατὰ
3581 1120 3634 1172 δὲ
3670 1121 3755 1175 τὸν

2191 1210 2335 1263 θεῖον
2363 1209 2612 1279 Μάρκον,
2643 1210 2974 1281 Καπερναοῦ
2985 1228 3046 1279 μ,
3082 1209 3180 1279 τὴν
3219 1211 3494 1281 περίγειον
3525 1212 3671 1282 λῆξιν
3690 1215 3761 1266 εἰ-

2190 1303 2430 1369 κόνιζεν,
2461 1304 2586 1375 ἥτις
2611 1302 2769 1367 πόλις
2799 1302 2900 1374 μὲν
2933 1303 3155 1371 λέγεται
3182 1303 3278 1356 τοῦ
3326 1302 3527 1371 Ἰησοῦ,
3567 1304 3639 1368 ὡς
3667 1305 3760 1376 τῆς

2191 1396 2410 1467 φύσεως
2440 1395 2603 1467 ἡμῶν
2630 1398 3089 1466 κοινωνήσαντος,
3145 1395 3241 1449 καὶ
3287 1398 3458 1466 χωρὶς
3504 1397 3762 1468 ἁμαρτίας

2193 1488 2681 1562 συμμετασχόντος
2712 1492 2847 1562 ἡμῖν
2880 1489 2976 1543 τοῦ
3007 1489 3175 1543 αὐτοῦ
3223 1490 3642 1560 πολιτεύματος.
3702 1492 3762 1545 Ἥ

2190 1583 2331 1655 αὑτὴ
2389 1583 2447 1638 δὲ
2500 1585 2879 1655 Καπερναοὺμ
2955 1585 3054 1638 καὶ
3106 1584 3271 1653 κώμη
3333 1583 3765 1653 παρακλήσεως

2191 1676 2563 1749 ἑρμηνεύεται
2618 1679 2685 1747 τῇ
2744 1675 2956 1730 Ἐλλάδι
3012 1679 3186 1746 φωνῇ,
3227 1677 3262 1746 ἢ
3300 1675 3519 1741 ἐδέξατο
3565 1677 3653 1730 τὸν
3692 1679 3767 1740 είς

2191 1767 2548 1838 παράκλησιν
2596 1768 2759 1839 ἡμῶν
2810 1766 3200 1838 εἰσεληλυθότα
3244 1769 3509 1839 Χριστὸν,
3549 1769 3673 1840 περὶ
3708 1762 3764 1823 οῦ

3091 1878 3111 1911 ι
3149 1861 3287 1933 Ἐχο
3294 1878 3397 1931 μεν
3428 1861 3766 1932 παράκλητον

2192 1952 2329 2023 πρὸς
2365 1952 2457 2006 τὸν
2488 1952 2713 2024 Πατέρα
2746 1951 2961 2021 Ἰησοῦν
2991 1953 3083 2007 τὸν
3110 1955 3354 2025 Χριστὸν
3384 1954 3613 2010 δίκαιον.
3658 1974 3675 2007 ι

2262 2126 2409 2187 Ἧκε
2457 2132 2642 2187 τοίνυν
2693 2134 2930 2188 ἐνταῦθα
2974 2137 3004 2188 ὁ
3057 2135 3272 2207 Κύριος
3323 2136 3405 2208 τῷ
3451 2137 3659 2208 σώματι
3700 2138 3769 2202 ὡς

2193 2226 2365 2295 πλοίῳ
2394 2227 2744 2299 χρησάμενος
2776 2243 2792 2258 ·
2824 2222 2927 2300 ἧκε
2952 2228 3011 2282 δὲ
3039 2229 3263 2294 πάντως
3292 2232 3390 2283 ἐπὶ
3425 2231 3662 2301 σωτηρίᾳ
3676 2230 3769 2299 τῆς

2195 2324 2542 2395 παρειμένης
2592 2324 2703 2378 τῶν
2753 2324 3075 2396 ςὰνθρώπων
3128 2327 3375 2398 φύσεως,
3438 2330 3560 2401 ἥτις
3604 2324 3670 2401 ἦν
3716 2328 3769 2381 ἐν

2194 2417 2353 2490 ὑγεία
2387 2419 2516 2471 ποτὲ
2543 2421 2731 2488 νοητῇ,
2763 2413 2878 2472 οἷον
2908 2420 3021 2474 τῶν
3052 2422 3271 2492 νεύρων
3314 2421 3425 2475 τῶν
3474 2423 3570 2493 τῆς
3605 2422 3770 2493 ψυχῆς

2193 2510 2280 2563 ἐπ’
2335 2512 2544 2582 ἀρετῆς
2600 2514 2925 2582 κινημάτων
2977 2514 3151 2582 ὑγιῶς
3232 2517 3336 2570 καὶ
3413 2516 3556 2570 κατὰ
3620 2514 3770 2583 φύσιν

2195 2604 2458 2674 ἑχόντων.
2510 2604 2666 2659 Ἐπεὶ
2705 2604 2788 2671 δὲ,
2830 2604 2925 2659 τοῦ
2981 2606 3400 2678 ἐπιθυμητικοῦ
3456 2609 3565 2663 τῶν
3611 2607 3770 2662 ἄλλων

2193 2698 2596 2768 κρατήσαντος,
2634 2698 2734 2767 τῆς
2772 2697 3112 2769 λαιμαργίας
3143 2701 3488 2772 ἐνεφορήθη,
3546 2700 3635 2753 καὶ
3682 2698 3768 2770 τῆς

2191 2788 2382 2855 ὑγείας
2408 2788 2662 2855 ἐξέπεσε,
2712 2789 2777 2842 τὸ
2824 2791 3062 2867 νοσῶδες
3092 2791 3257 2845 τοῦτο
3292 2793 3493 2864 χωρίον
3541 2791 3633 2845 καὶ
3663 2793 3770 2843 ἐπι-

2188 2881 2446 2936 θανὰτιον
2509 2882 2871 2954 ἐκληρώσατο
2896 2924 2911 2948 ,
2963 2884 3278 2953 φροντίδων
3337 2888 3569 2956 φορυτὸν
3614 2883 3768 2953 ἑαυτῇ

2192 2976 2618 3049 συναγείρουσα,
2660 2977 2729 3031 δι’
2763 2975 2839 3033 ὧν
2890 2980 3157 3052 κλινήρης
3184 2982 3440 3050 ἐγένετο,
3486 2981 3771 3052 παρεθεῖσα

2189 3066 2260 3119 τὰ
2301 3065 2443 3136 μέλη
2478 3066 2582 3136 τῆς
2618 3068 2740 3121 κατ’
2775 3068 2981 3140 ἀρετὴν
3012 3070 3315 3140 ἐργασίας.
3361 3072 3449 3124 Ἐν
3478 3072 3534 3124 δὲ
3561 3069 3638 3141 τῷ
3677 3070 3771 3139 τῆς

496 3148 694 3203 missos
745 3158 893 3202 artus
943 3151 1167 3203 habere.
1217 3149 1293 3203 Ita
1329 3149 1381 3202 in
1415 3149 1626 3205 inertiae
1650 3152 1882 3221 grabato
1917 3154 2080 3209 decu-

2192 3159 2472 3229 ἀπραξίας
2514 3159 2779 3230 ἐϐέϐλητο
2824 3160 3112 3232 σκίμποδι,
3152 3162 3265 3217 ὑπὸ
3312 3164 3597 3235 τεσσάρων
3632 3162 3770 3232 αἰρο-

497 3239 648 3307 buit;
673 3251 724 3293 et
746 3256 772 3291 ιι
805 3249 1043 3309 quatuor
1069 3240 1406 3310 portabatur,
1433 3242 1538 3296 hoc
1568 3251 1652 3298 est
1679 3252 1931 3298 naturam
1955 3261 2088 3301 con-

498 3331 851 3387 stituentibus
878 3331 1184 3386 elementis.
1230 3332 1390 3388 Venit
1446 3335 1618 3406 igitur
1668 3336 2087 3406 benignissimus

498 3420 763 3477 Dominus
793 3423 846 3477 in
884 3423 1025 3478 hanc
1060 3435 1281 3490 terram,
1317 3426 1460 3480 velut
1489 3425 1542 3480 in
1569 3427 1843 3483 civitatem
1880 3445 2031 3485 suam
2067 3446 2083 3483 :

501 3528 680 3583 neque
717 3515 866 3568 enim
900 3514 952 3569 in
981 3516 1157 3570 alieno
1189 3526 1351 3572 natus
1390 3526 1471 3571 est
1508 3518 1729 3583 mundo,
1776 3519 1872 3575 sed
1905 3521 1956 3574 in
1995 3536 2082 3588 eo,

497 3621 659 3676 quem
695 3606 991 3661 fabricatus
1042 3617 1126 3663 est
1159 3607 1274 3677 ipse
1325 3625 1338 3662 :
1402 3627 1421 3660 ι
1462 3608 1530 3663 Et
1565 3612 1616 3664 in
1650 3614 1866 3682 prepria
1916 3617 2081 3678 venit,

498 3698 674 3768 inquit
720 3699 978 3765 Joannes,
1033 3707 1087 3753 et
1132 3699 1213 3753 sui
1259 3714 1381 3753 eum
1439 3716 1542 3754 non
1600 3715 1923 3771 receperunt
1951 3704 2018 3759 ⁸⁸.
2057 3724 2077 3758 ι

493 3792 655 3848 Venit
685 3792 1008 3860 praedicans,
1043 3791 1199 3862 juxta
1236 3789 1429 3847 Isaiam
1461 3793 1508 3826 ⁸³
1537 3795 1771 3864 captivis
1813 3797 2085 3854 remissio-

495 3899 622 3938 nem
672 3891 1043 3954 peccatorum,
1074 3894 1130 3939 et
1175 3900 1374 3940 sanare
1420 3887 1710 3953 contritas,
1756 3898 1868 3943 tum
1902 3892 2080 3960 quoad

495 3976 766 4044 corporis,
801 3985 913 4029 tum
943 3977 1122 4045 quoad
1152 3977 1347 4032 anima:
1371 3980 1612 4034 membra
1636 3998 1650 4034 :
1670 3984 1912 4038 concinit
1935 3985 2078 4039 enim

496 4066 725 4121 historia
759 4081 879 4120 cum
918 4068 1200 4136 prophetia
1252 4068 1556 4139 jubensque
1593 4074 1885 4130 humanam
1926 4084 2085 4130 natu-

493 4170 613 4211 ram
642 4169 740 4224 per
770 4170 1122 4227 peccatorum
1153 4162 1553 4226 remissionem.
1598 4169 2083 4239 purgationetnque

494 4247 748 4304 vitiorum
782 4249 895 4320 (10)
937 4267 964 4305 a
1009 4251 1160 4322 lapsu
1198 4269 1504 4323 resurgere,
1545 4267 1600 4312 et
1635 4274 1859 4330 propere
1889 4264 2083 4318 vadere

497 4340 551 4393 in
577 4339 792 4395 domum
821 4358 998 4409 suam,
1043 4347 1142 4399 hoc
1169 4356 1272 4412 est,
1316 4347 1473 4418 137
1508 4351 1560 4402 in
1596 4353 1904 4419 paradisum
1942 4355 2083 4409 unde

498 4431 794 4488 deciderat.
821 4434 998 4503 Atque
1032 4435 1105 4491 ita
1137 4439 1352 4507 quidem
1383 4442 1612 4496 historia
1637 4443 1803 4498 totius
1830 4445 2081 4501 humana:

2194 3250 2356 3320 μένη,
2387 3250 2498 3304 τῶν
2518 3251 2862 3306 συστατικῶν
2883 3252 3088 3325 δηλαδὴ
3113 3255 3410 3326 στοιχείων
3427 3255 3524 3326 τῆς
3546 3255 3769 3325 φύσεως.

2187 3339 2395 3397 *Ηλθεν
2425 3344 2519 3399 οῦν
2550 3348 2579 3399 ὀ
2620 3346 2940 3416 πανάγαθος
2973 3348 3259 3418 Δεσπότης
3317 3351 3402 3415 είς
3449 3351 3583 3403 ἰδίαν
3629 3347 3771 3401 πόλιν

2188 3435 2288 3506 τὴν
2315 3436 2443 3507 γῆνρ
2495 3439 2570 3492 Οὐ
2622 3439 2735 3510 γὰρ
2780 3441 2839 3492 ἐν
2880 3439 3155 3512 ἀλλοτρίῳ
3187 3441 3395 3511 γέγονε
3423 3443 3633 3512 κόσμῳ,
3665 3439 3768 3494 ἀλλ’

2185 3528 2248 3583 ὃν
2275 3530 2441 3595 αὐτὸς
2470 3533 2872 3604 συνεστήσατο.
2917 3551 2936 3585 t
2978 3534 3091 3587 Καὶ
3125 3536 3205 3597 είς
3235 3536 3319 3589 τὰ
3349 3535 3459 3590 tam
3494 3531 3674 3607 ἦλθεν,
3704 3534 3772 3598 ὥς

2190 3637 2360 3690 φησιν
2400 3621 2675 3690 Ἰωάννης,
2715 3622 2813 3675 καὶ
2844 3624 2894 3676 οί
2929 3625 3056 3677 ίδιοι
3092 3624 3269 3678 αὐτὸν
3312 3627 3418 3680 οὐκ
3448 3625 3713 3694 ἐδέξαντο.
3747 3643 3764 3676 ι

2185 3710 2361 3769 Ἦλθε
2423 3716 2687 3787 κηρύξαι,
2748 3717 2895 3771 κατὰ
2955 3718 3047 3772 τὸν
3093 3718 3362 3788 Ἡσαΐαν,
3415 3720 3772 3793 αἰχμαλώτοις

2185 3808 2476 3879 ἁμαρτιῶν
2515 3807 2734 3878 ἄφεσιν,
2772 3810 2868 3864 καὶ
2900 3810 3160 3865 ἰάσασθαι
3203 3813 3345 3877 τοὺς
3383 3811 3773 3885 συντετριμμέ-

2183 3920 2310 3968 νους
2336 3904 2406 3958 τά
2434 3922 2496 3959 τε
2524 3906 2817 3975 σωματικὰ
2865 3908 3004 3980 μέλη
3054 3912 3149 3964 καὶ
3174 3910 3245 3965 τὰ
3297 3913 3512 3985 ψυχικά
3544 3912 3770 3985 (συνᾴδει

2183 3994 2295 4065 γὰρ
2332 3995 2366 4065 ή
2421 3995 2638 4066 ἱστορία
2684 3999 2752 4069 τῇ
2794 4001 3130 4071 προφητείᾳ)
3181 4017 3197 4033 ο
3246 4005 3356 4059 καὶ
3407 4005 3495 4058 διὰ
3545 4008 3640 4074 τῆς
3672 4002 3770 4056 τῶν

2184 4086 2474 4156 ἁμαρτιῶν
2501 4088 2754 4158 ἀφέσεως
2801 4092 2897 4144 καὶ
2925 4092 3023 4163 τῆς
3054 4094 3164 4146 τῶν
3200 4099 3544 4168 νοσημάτων
3571 4096 3773 4165 καθάρ-

2187 4197 2329 4243 σεως
2364 4179 2570 4234 πείθων
2619 4182 2724 4255 τὴν
2760 4182 2927 4253 φύσιν
2959 4184 3069 4238 τῶν
3115 4185 3435 4257 ἀνθρώπων
3479 4189 3769 4258 ἀναστῆναι

2184 4272 2280 4326 τοῦ
2339 4274 2673 4342 πτώματος,
2731 4277 2826 4330 καί⁵
2868 4276 3109 4347 βαδίζειν
3155 4279 3330 4344 ὀξέως
3359 4283 3444 4344 είς
3489 4282 3583 4335 τὸν
3631 4276 3771 4332 οἷκον

2185 4363 2360 4435 αὐτῆς
2390 4364 2483 4419 τὸν
2518 4366 2857 4436 παράδεισον
2883 4366 2944 4433 ἐξ
2973 4364 3146 4439 οὗπερ
3180 4370 3577 4443 ἐκπέπτωκεν.
3624 4367 3769 4422 Οὕτω

2189 4456 2290 4528 μὲν
2312 4456 2412 4527 τὴν
2446 4456 2728 4529 σωτηρίαν
2750 4460 2782 4529 ἠ
2809 4459 3025 4531 ίστορία
3055 4464 3156 4531 τῆς
3182 4462 3315 4534 ὅλης
3342 4463 3456 4518 τῶν
3474 4465 3772 4536 ἀνθρώπων

496 4532 705 4579 naturae
733 4525 964 4581 salutem
998 4529 1307 4596 adumbrat,
1339 4532 1473 4587 nihil
1500 4550 1627 4589 vero
1663 4537 1909 4606 impedit.
1941 4553 2082 4606 quo-

2189 4525 2491 4603 αἰνίττεται
2522 4525 3009 4618 φύσεωςίΚωλύει
3035 4551 3092 4605 δὲ
3110 4525 3412 4608 ὀὐδὲνῗκαὶ
3441 4558 3522 4621 είς
3552 4525 3772 4615 ἑαυτοὺς

498 4613 678 4671 minus
708 4617 775 4672 ad
804 4618 1047 4688 singulos
1080 4630 1324 4678 nostrum
1354 4640 1474 4680 eam
1506 4629 1875 4685 traducamus.
1910 4628 2079 4686 Para-

494 4705 695 4778 iyticus
755 4712 901 4767 enim
949 4724 1034 4770 est
1076 4716 1451 4787 unusquisque
1502 4732 1782 4787 nostrum,
1836 4739 1958 4779 cum
2022 4726 2073 4780 in

495 4806 858 4875 exsequendis
937 4810 1206 4866 mandatis
1267 4812 1555 4867 remissum
1598 4815 1839 4869 animum
1892 4818 2072 4888 gerit:

568 4963 618 4996 ⁵⁷
637 4962 793 5022 Joan.
825 4980 885 5031 tt,
915 4968 968 5021 1.
1045 4968 1093 5002 ⁸⁸
1114 4966 1269 5025 Joan.
1307 4985 1348 5037 ι,
1388 4971 1476 5025 tl.
1553 4972 1598 5006 ”
1628 4973 1730 5030 lsa.
1765 4990 1874 5040 ut,
1901 4976 1958 5030 2.

2186 4639 2394 4710 ταύτην
2435 4644 2794 4711 μεταγαγεῖν.
2831 4643 3147 4715 Παραλυτος
3180 4651 3293 4719 γάρ
3345 4652 3501 4703 ἐστιν
3552 4650 3774 4707 ἕκαστος

2188 4729 2345 4799 ἡμῶν
2375 4733 2443 4801 τῇ
2479 4731 2587 4785 τῶν
2618 4733 2855 4786 ιντολῶν
2901 4735 3149 4808 ἀπραξία
3188 4738 3283 4790 τὸν
3319 4739 3454 4793 νοῦν
3491 4738 3771 4810 παρεθεὶς,

2184 4822 2280 4876 καὶ
2315 4824 2412 4877 ἐπὶ
2445 4823 2543 4883 τοῦ
2593 4826 2694 4896 τῆς
2740 4826 3104 4900 ἀναισθησίας
3143 4832 3409 4902 κείμενος
3449 4831 3772 4905 σκίμποδος.

1728 5116 2053 5180 Francisci
2087 5119 2299 5184 Scorsi
2330 5128 2519 5187 notas.

568 5254 652 5343 (82
688 5253 987 5343 ξεειιηάιιῃι
1009 5259 1360 5343 Alcumena.
1390 5262 1455 5321 C.
1488 5266 1549 5320 P.
1586 5267 1650 5343 ᾘ
1682 5270 1824 5324 κατὰ
1856 5272 1962 5343 μὲν»
1987 5273 2081 5330 τδν

495 5327 799 5409 ψατθαῖον,
864 5328 960 5383 καὶ
1009 5331 1250 5409 Μάρκον
1299 5336 1676 5409 Καπερναούμ
1733 5359 1747 5395 ι
1787 5327 1882 5396 sed
1932 5327 2078 5398 illam

498 5396 557 5451 S.
580 5396 876 5481 ilattl‘raaus
908 5396 1177 5481 ειμι-θετέα
1212 5396 1594 5481 Capharnaum
1637 5396 1763 5481 inou
1820 5396 2078 5481 appellat,

498 5468 595 5547 sed
642 5468 918 5547 civitatem
974 5471 1203 5547 Christi,
1236 5468 1421 5529 verior
1456 5485 1511 5531 et
1549 5468 1868 5547 scriptura,'
1893 5468 1955 5535 et
1989 5468 2080 5541 res

498 5538 702 5621 ipsa_c_-t
735 5554 898 5621 verax
930 5543 1173 5621 auctoris
1207 5557 1387 5621 sermo
1419 5561 1480 5621 es
1516 5563 1566 5601 c.
1602 5538 1675 5604 (Ξῖ
1708 5550 1773 5621 ῘΗ
1810 5538 1953 5604 κατὰ
1981 5538 2080 5621 μὲν

495 5607 588 5683 τον
617 5608 898 5683 Ματθαζον
950 5610 1123 5683 πόλις
1162 5611 1257 5664 τοῦ
1288 5614 1501 5683 Ἰησοῦ,
1528 5622 1672 5672 κατὰ
1701 5619 1758 5673 δὲ
1787 5622 1881 5673 τὸν
1936 5607 2079 5676 θὲίον

500 5676 725 5801 fatenti
769 5680 1197 5801 ιΚόιὸιεερνοιούμ.
1267 5676 1503 5742 Consule
1587 5705 1709 5758 qua:
1757 5692 1902 5747 dicta
1951 5705 2079 5748 sunt

500 5781 519 5795 ι
608 5761 660 5794 ra
693 5763 760 5797 “0
793 5787 808 5800 ο
914 5791 928 5801 .

500 5757 660 5803 supra
693 5756 808 5800 not.
838 5756 928 5804 00.

572 5812 647 5880 (9)
705 5813 1187 5877 Reconciliationis.
1251 5826 1629 5899 Καπερναοὺμ
1686 5830 1805 5887 sine
1862 5834 2073 5902 aspira-

2182 5279 2329 5332 tione
2371 5280 2559 5359 (ιπερὶ
2600 5283 2809 5359 dicunt,
2842 5300 3003 5354 quam
3033 5285 3262 5341 Latinus
3309 5289 3548 5359 apponit
3604 5289 3774 5343 inter-

2181 5363 2329 5416 pres,
2363 5350 2899 5427 eu_m_Capharnaut'n
2962 5360 3139 5422 vertit,
3192 5369 3245 5411 et
3296 5350 3572 5427 prii-terea
3600 5377 3625 5413 ε
3664 5364 3713 5415 in
3741 5376 3773 5411 at

2182 5431 2378 5499 mutat.
2426 5420 2693 5499 Hebraice
2728 5434 2955 5488 ΒΓΕ-ιε)
2995 5420 3357 5496 compositum
3411 5447 3439 5483 a
3478 5441 3599 5491 ηε)
3632 5431 3773 5499 quod

2182 5489 2390 5569 villam,
2426 5495 2752 5569 seu_vie_uut,
2782 5489 3132 5569 scuragrum,‘
3158 5508 3210 5553 et
3247 5509 3365 5561 Dn:
3407 5489 3558 5569 quod
3604 5489 3773 5569 poeni-

2181 5567 2294 5612 tere
2316 5563 2678 5638 et‘pmt‘nitndo
2708 5568 2927 5620 unitatis
2953 5563 3196 5636 punctis,
3223 5578 3395 5638 atque
3427 5563 3579 5625 adeo
3606 5563 3768 5624 etiam

2184 5633 2569 5708 reconciliatio,
2592 5643 2750 5708 prout
2776 5633 2968 5690 noster
2986 5633 3407 5708 interpretatum
3436 5643 3555 5695 vult

2255 5699 2366 5770 (l0)
2401 5699 2883 5780 l’utlgntt'onmnque
2908 5699 3174 5780 vitiorum.
3200 5708 3314 5764 Καὶ
3337 5712 3442 5780 τῆς
3469 5714 3582 5764 τῶν
3613 5727 3770 5779 νοση-

2183 5769 2370 5837 μάτων
2422 5772 2745 5843 καθάρσεως
2776 5769 2840 5832 ex
2874 5793 2924 5832 c.
2956 5778 3021 5834 ϐ.
3396 5769 3437 5780 ’ψ
3514 5804 3531 5815 ι
